4012 6180
464 382 607 444 1383

1410 369 1807 435 THIETMARI'
1831 366 2457 438 MERSEBURGENSiS
2489 369 2830 441 'EPISCOPI

3636 382 3749 442 mi

460 504 600 560 dere
644 501 986 575 aggravetur
1015 514 1031 568 ;
1075 497 1149 553 de
1206 513 1320 571 quo
1368 496 1651 553 Dominus
1699 512 1804 569 per
1851 494 2081 552 Esaiam
2104 501 2158 561 Α
2182 503 2324 570 tem,
2356 517 2559 558 omnes
2588 507 2677 558 ter
2702 511 2795 547 ισιι
2842 502 3166 558 clamabant
3188 517 3290 558 eos
3337 508 3428 545 ἰω
3454 517 3563 557 una
3597 504 3753 573 gladio

463 600 561 661 μοι
610 591 849 647 clamat:
913 586 1080 643 Filios
1128 588 1383 654 enutrivi,
1432 586 1690 658 exaltavi,
1752 588 1854 656 ipsi
1903 591 2082 640 autem

460 683 770 752 spreverunt
812 692 895 730 me
951 674 1087 737 (13a.
1141 692 1182 743 ι,
1211 675 1287 747 2).
1318 677 1430 730 Pro
1463 676 1623 746 cujus
1657 674 2084 729 consociorum-

459 783 571 840 que
597 766 719 837 ejus
747 763 1122 820 conversione
1144 766 1201 818 et
1226 763 1402 836 digna
1422 763 1837 818 emendaciune
1866 778 1934 817 ac
1958 777 2083 833 per-

457 854 784 912 severancia
811 853 1002 909 omnis
1029 853 1428 908 Christianitas
1450 855 1598 921 oret,
1628 855 1687 906 et
1712 868 1785 906 ne
1808 852 1921 905 tale
1945 848 2084 921 quid

460 942 524 999 in
550 942 834 998 membris
858 941 974 996 suis
993 940 1243 1012 amplius
1261 940 1544 1012 paciatur,
1575 941 1758 994 Deum
1788 939 2080 1010 imploret.

356 1050 363 1053 ·
464 1030 733 1097 Quamvis
783 1031 853 1085 de
902 1030 999 1085 ille
1042 1031 1152 1084 hoc
1210 1029 1399 1084 solum
1443 1028 1719 1094 dicerem,
1785 1029 1936 1093 sunt,
1978 1042 2081 1096 pro

461 1120 654 1178 dolori
677 1119 797 1189 alii,
828 1120 928 1192 qui
971 1119 1222 1174 similem
1273 1117 1500 1173 subiere
1538 1115 1912 1183 sententiam,
1942 1114 2084 1169 illud

462 1210 624 1267 Pauli
654 1226 772 1265 non
797 1209 1199 1264 attendentes:
1228 1205 1370 1273 Quia
1404 1204 1593 1261 melius
1618 1213 1711 1247 ίθοδ
1731 1210 1806 1260 est
1831 1206 1973 1259 viam
1994 1220 2081 1257 ve-

458 1300 640 1355 ritatis
666 1314 774 1353 non
819 1313 1146 1368 cognoscere,
1183 1312 1345 1368 quam
1381 1301 1505 1366 post
1532 1295 1780 1349 notitiam
1822 1291 2084 1347 declinare

462 1385 552 1456 (II
567 1386 721 1445 Petr.
754 1402 817 1455 ιι,
846 1385 960 1458 21).
1958 1436 1965 1439 .

534 1478 624 1531 28.
669 1474 783 1529 Sed
811 1473 947 1545 quia
989 1474 1177 1528 nullus
1206 1472 1282 1527 ad
1318 1468 1893 1542 comprehendendas
1920 1467 2086 1540 aqui-

462 1562 680 1620 lonaris
702 1561 957 1633 regionis
1002 1562 1325 1627 varietates,
1374 1577 1515 1631 quas
1570 1562 1778 1613 natura
1821 1574 1925 1629 pre
1972 1573 2088 1633 case

464 1650 604 1707 teris
633 1632 930 1705 mirabiles
954 1649 1171 1704 ibidem
1202 1653 1494 1720 operatur,
1523 1650 1579 1703 et
1598 1646 1856 1701 crudeles
1887 1632 2087 1716 populi

463 1739 627 1795 istius
654 1736 1019 1793 executiones
1055 1737 1286 1805 sufﬁcit,
1332 1736 1537 1791 omitto
1588 1744 1682 1778 1606
1729 1738 1786 1789 et
1822 1734 1893 1788 de
1922 1732 2087 1805 geni-

460 1826 641 1883 minis
683 1825 1010 1898 viperarum
1055 1825 1224 1895 (889),
1271 1824 1331 1879 id
1379 1829 1466 1880 est
1509 1824 1641 1879 ﬁliis
1680 1823 1901 1880 Suenni
1958 1840 2089 1895 per-

476 1914 773 1983 secutoris,
823 1930 1008 1986 pauca
1061 1913 1333 1969 edissero.
1378 1914 1492 1968 Hos
1560 1914 1786 1985 peperit
1837 1914 1888 1967 ei
1934 1912 2094 1967 Mise-

466 2002 627 2060 conis
677 2002 797 2057 ﬁlia
833 2001 1013 2069 ducis,
1040 2017 1204 2056 soror
1233 2000 1492 2056 Bolizlavi
1513 2000 1858 2056 successoris
1884 2001 2005 2071 ejus
2035 1999 2093 2055 et

463 2091 623 2158 nati;
653 2106 782 2163 qua:
813 2089 988 2146 aviro
1015 2088 1227 2144 suimet
1245 2089 1388 2161 (890)
1431 2089 1528 2143 diu
1568 2089 1803 2160 depulsa
1832 2105 1949 2144 non
1982 2088 2093 2142 mi-

464 2179 689 2235 nimam
717 2194 851 2234 cum
900 2178 1125 2233 caeteris
1174 2194 1446 2250 perpessa
1486 2181 1573 2232 est
1616 2176 2090 2237 controversiam.

2114 1786 2170 1847 B

2182 590 2490 661 perituros.
2525 592 2876 647 Venerabilis
2896 608 3026 646 vero
3059 600 3154 634 1609
3172 591 3379 663 regina
3400 607 3528 645 cum
3554 590 3655 646 suis
3669 593 3754 648 hac

2186 678 2477 748 legatione
2507 680 2823 735 admodum
2845 681 3094 747 turbata,
3122 684 3254 752 post
3266 681 3504 751 longam
3526 682 3756 735 estuantis

2186 767 2367 821 animi
2397 768 2896 836 deliberationem,
2929 786 2985 825 se
3011 770 3088 823 sic
3116 770 3401 823 facturam
3436 776 3527 810 1m
3549 784 3755 840 spopon-

2189 854 2271 908 dit
2300 863 2415 923 16η,
2439 860 2497 910 et
2520 856 2578 910 id
2598 864 2692 899 1608
2715 873 2849 912 cum
2871 866 2963 900 1°09
2981 857 3405 928 prenominatis
3428 855 3762 911 militibusﬁr-

2187 946 2329 998 mat.
2360 944 2421 1013 (f.
2459 946 2601 1015 160).
2632 945 2868 1000 Interim
2891 948 3207 1001 confratres
3229 946 3341 1000 duo
3370 946 3549 999 noctis
3571 944 3759 999 silentio

2191 1039 2307 1098 1617,
2353 1032 2413 1085 in
2469 1034 2729 1091 navicula
2756 1035 3097 1104 promissum
3128 1035 3438 1090 evadentes
3464 1034 3762 1106 periculum,

2189 1135 2581 1192 quoscumque
2620 1124 2888 1193 poterant
2932 1123 3005 1178 ad
3051 1123 3456 1179 defensionem
3496 1122 3676 1192 patria:
3718 1124 3764 1174 et

2189 1206 2550 1277 ereptionem
2562 1208 2783 1276 matris,
2806 1210 2966 1264 hoste
2979 1209 3163 1264 adhuc
3184 1210 3291 1263 hoc
3314 1208 3635 1279 ignorante,
3652 1225 3768 1263 con-

2190 1296 2531 1366 gregabant.
2566 1297 2680 1352 Sed
2708 1314 2839 1352 cum
2871 1298 2930 1352 in
2959 1314 3078 1352 una
3102 1297 3328 1352 dierum
3353 1299 3606 1369 Thurgut
3641 1296 3767 1368 pira-

2182 1382 2380 1436 tarum
2409 1383 2521 1437 dux
2546 1384 2618 1438 ad
2657 1384 3087 1456 depopulandos
3134 1386 3281 1440 fines
3327 1386 3615 1458 proximos
3659 1399 3770 1439 cum

2187 1470 2554 1526 multitudine
2582 1473 2972 1542 egrederetur,
3002 1490 3068 1528 ex
3091 1473 3405 1545 improviso
3427 1473 3667 1528 hostibus
3691 1489 3768 1527 oc-

2189 1574 2425 1615 currens
2455 1577 2553 1615 eos
2580 1561 2848 1618 offendit:
2878 1565 2934 1617 et
2954 1566 3016 1616 ut
3051 1563 3287 1617 eosdem
3309 1563 3539 1617 eminus
3567 1562 3770 1633 aspexit,

2190 1646 2373 1700 socios
2393 1650 2682 1717 exortans,
2708 1649 2943 1703 viriliter
2962 1650 3068 1704 hos
3085 1658 3180 1692 i609
3201 1650 3363 1716 adiit,
3394 1654 3453 1704 et
3480 1649 3775 1703 ceciderunt

2191 1735 2480 1807 utrimque
2503 1744 2595 1778 1⁸18
2616 1738 2892 1792 Aithmun
2921 1742 2979 1793 et
3004 1747 3098 1780 1M9
3115 1740 3380 1809 Thurgut
3407 1753 3537 1792 cum
3558 1736 3773 1791 maxime

2191 1823 2478 1879 sociorum
2506 1826 2891 1881 multitudine.
2916 1828 2982 1881 Et
3011 1843 3117 1881 nec
3148 1827 3259 1881 hiis
3312 1843 3510 1898 neque
3538 1826 3656 1879 aliis
3680 1825 3775 1878 ulla

2191 1927 2319 1983 spes
2350 1916 2558 1983 optatas
2571 1914 3118 1983 venitvictorias;sed
3142 1916 3433 1970 vulnerati
3455 1918 3648 1986 sponte
3673 1913 3767 1966 dis-

2192 2005 2509 2069 cescerunt,
2523 2002 2629 2056 hoc
2649 2003 2837 2057 solum
2854 2008 3174 2074 gementes,
3200 2004 3364 2076 quod
3383 2004 3463 2058 sic
3483 2002 3711 2058 fortuitis
3725 2000 3774 2054 id

2193 2089 2399 2143 accidit
2425 2090 2667 2145 casibus.
2694 2092 2869 2146 Nobis
2898 2095 3089 2146 autem
3117 2092 3407 2162 scriptura
3437 2090 3589 2162 (Sap.
3636 2106 3691 2155 n,
3716 2089 3778 2159 2.)

2196 2177 2464 2246 prohibet
2523 2179 2758 2235 credere
2802 2181 2986 2235 fatum
3033 2181 3120 2235 vel
3175 2196 3380 2234 casum
3426 2178 3635 2250 aliquid
3660 2193 3779 2243 esse,

465 2268 645 2339 Hujus
681 2267 873 2338 proles
914 2266 1164 2320 multum
1194 2266 1255 2319 in
1288 2265 1562 2320 omnibus
1581 2266 1975 2337 patrissantes,
2007 2264 2096 2320 di-
2195 2265 2342 2321 Dani
2390 2270 2525 2321 tunc
2557 2276 2670 2336 1609,
2712 2269 2969 2340 quamvis
3014 2269 3357 2333 imbecilles,
3400 2269 3580 2324 socias
3615 2271 3779 2321 tamen

464 2354 599 2411 lecti
611 2353 892 2428 genitoris
910 2369 1117 2424 corpus
1136 2353 1393 2407 delatum
1406 2352 1676 2407 ﬂebiliter
1695 2352 2009 2424 suscipiunt
2039 2355 2097 2406 et
2196 2369 2372 2409 naves
2399 2355 2657 2423 visitant;
2685 2361 2744 2410 et
2787 2357 3196 2429 intelligentes,
3254 2359 3389 2413 urbi
3434 2356 3687 2411 solatium
3725 2355 3782 2409 ab

467 2444 783 2510 tumulant,
828 2445 886 2497 et
906 2441 1181 2513 quicquid
1219 2441 1514 2496 dedecoris
1541 2442 1605 2513 (f.
1639 2441 1777 2513 159’)
1809 2441 1960 2513 patri
1980 2441 2095 2495 sui-
2183 2442 2550 2499 'Ethelsteno
2575 2446 2879 2516 superstite
2910 2450 2965 2499 et
2999 2445 3290 2500 Britannis
3330 2444 3687 2500 venientibus
3714 2442 3782 2496 af-

467 2532 593 2585 met
630 2528 821 2600 ingeri
847 2529 920 2583 ab
951 2528 1150 2599 Anglis
1202 2528 1564 2601 propositum
1614 2533 1719 2598 est,
1749 2528 1967 2601 paratis
1990 2545 2098 2583 na-
2195 2530 2356 2599 ferri,
2382 2532 2658 2587 truncatis
2693 2541 2787 2574 1680
2817 2533 3128 2600 obsidibus,
3156 2534 3416 2605 fugiunt.
3474 2535 3543 2588 Et
3568 2530 3787 2587 destruat

468 2617 632 2674 vibus
661 2616 854 2672 ulcisci
894 2616 1224 2672 studebant.
1268 2618 1485 2672 Eorum
1514 2617 1794 2686 facinora,
1825 2634 1955 2689 qua:
1984 2617 2095 2673 hiis
2195 2635 2296 2674 eos
2309 2623 2482 2692 atque
2495 2621 2786 2692 disperdat
2794 2626 3086 2693 protector
3102 2622 3160 2677 in
3183 2639 3245 2677 se
3268 2622 3628 2694 sperantium
3644 2622 3784 2686 Deus,

470 2705 718 2762 intulere
746 2706 1018 2777 plurima,
1062 2722 1156 2761 me
1177 2706 1317 2777 quia
1340 2706 1539 2774 latent,
1569 2706 1915 2779 preteriens,
1952 2706 2095 2761 illud
2194 2724 2270 2777 ne
2290 2725 2566 2779 umquam
2606 2709 2773 2763 solito
2806 2710 2913 2764 hiis
2940 2710 3027 2765 vel
3054 2710 3179 2765 aliis
3220 2715 3485 2773 noceant
3526 2707 3783 2774 ﬁdelibus;

469 2795 600 2851 stilo
628 2795 882 2850 breviter
909 2793 1131 2865 aperio,
1165 2794 1321 2867 quod
1357 2793 1501 2848 mihi
1539 2795 1776 2865 quidam
1810 2794 1956 2867 (981)
1986 2812 2092 2867 pro
2194 2794 2258 2849 In
2289 2799 2582 2868 ereptione
2601 2798 2840 2853 civitatis
2866 2798 3016 2854 illius
3040 2800 3428 2870 gaudeamus,
3458 2799 3787 2855 etincaatero

466 2883 705 2938 veritate
735 2882 845 2937 sibi
874 2882 1176 2953 cognitum
1205 2881 1513 2937 intimavit.
1536 2882 1833 2937 Ethelred
1856 2891 1972 2951 1607,
1994 2901 2095 2939 rex
2193 2883 2515 2955 lugeamus.

467 2971 813 3043 Anglorum,
841 2969 2090 3039 obiitannoDominicaeincarnationis1016,
2265 2975 2354 3028 29;
2403 2975 2639 3045 Percepi
2682 2991 2909 3046 quoque
2961 2991 2998 3029 a
3041 2976 3229 3031 relatu
3266 2976 3521 3049 predicti
3574 2972 3790 3031 hominis

470 3063 530 3114 et
550 3059 612 3115 in
643 3075 844 3114 mense
888 3058 1037 3116 Julio
1086 3057 1329 3129 predicti
1370 3059 1578 3113 fratres
1622 3058 1831 3114 Harald
1857 3063 1915 3114 et
1943 3055 2093 3114 Cnut
2113 3103 2158 3129 η
2193 3061 2434 3115 Sewaldi
2464 3063 2679 3116 factum
2709 3063 3040 3118 miserabile
3073 3080 3139 3118 ac
3168 3064 3393 3120 idcirco
3421 3062 3790 3126 memorabile,

470 3155 588 3219 “08,
610 3163 678 3204 ac
700 3156 793 3191 1°09
832 3164 964 3202 cum
993 3148 1135 3201 duce
1152 3147 1362 3200 suimet
1402 3147 1700 3219 Thurguto
1734 3148 1902 3220 (892))
1930 3164 2091 3202 cum-
2115 3147 2159 3163 ν
2193 3149 2350 3219 quod
2370 3150 2588 3221 perﬁda
2621 3152 3154 3207 Northmannorum
3176 3169 3416 3222 manus,
3438 3154 3583 3209 duce
3605 3152 3671 3207 ad
3687 3149 3791 3206 hoc!

469 3251 582 3309 que
602 3244 697 3279 101°
725 3238 828 3292 340
854 3244 946 3279 ιω
974 3235 1213 3290 navibus
1259 3235 1495 3306 egressi,
1542 3236 1749 3290 urbem
1798 3235 2093 3307 quandam
2186 3235 2484 3304 Thurkilo,
2525 3238 2829 3293 Cantuara:
2882 3248 2975 3281 16H
3017 3240 3262 3295 civitatis
3302 3243 3577 3313 egreium
3604 3237 3792 3295 antisti-

469 3324 707 3380 nomine
737 3324 1100 3391 Lundunam,
1154 3323 1253 3377 ubi
1297 3322 1520 3395 regina.
1574 3323 1750 3378 tristis
1804 3340 1943 3378 nece
1984 3323 2091 3378 viri

470 3411 683 3468 suimet
711 3414 771 3466 et
794 3410 1134 3479 defensoris,
1164 3427 1298 3464 cum
1317 3410 1451 3464 ﬁliis
1469 3411 1803 3466 Ethelsteno
1843 3428 1908 3466 ac
1956 3412 2090 3466 Eth-

474 3501 670 3567 nundo
700 3504 758 3554 et
787 3500 1010 3555 duobus
1053 3498 1333 3570 episcopis
1369 3499 1704 3571 casterisque
1747 3500 2090 3572 primatibus

470 3587 721 3660 presidio
745 3587 1001 3656 sedebat,
1029 3586 1410 3656 circumdant,
1441 3590 1500 3642 et
1528 3605 1698 3644 naves
1738 3588 1993 3661 singulas
2022 3593 2090 3647 80

470 3675 622 3732 viros
649 3676 949 3745 habentes,
980 3692 1085 3748 per
1113 3674 1354 3744 ﬂumen,
1400 3676 1555 3747 quod
1603 3677 1799 3731 Timisi
1828 3683 2088 3743 vocatur,

471 3765 762 3835 ducentes,
791 3769 824 3823 6
853 3764 1340 3821 meuseseandem
1360 3763 1724 3837 impugnant.
1741 3767 1967 3839 Regina
1992 3784 2091 3823 au-

2190 3325 2332 3393 tem,
2358 3327 2636 3382 Dunstem
2669 3335 2764 3368 im
2796 3328 3034 3383 nomine
3059 3328 3230 3401 (893),
3257 3346 3399 3385 cum
3416 3330 3638 3386 caeteris
3655 3342 3795 3399 cape-

2192 3417 2341 3481 rent;
2374 3417 2431 3469 et
2458 3415 2692 3469 vinculis
2720 3420 2779 3470 et
2819 3417 3013 3471 inedia
3047 3434 3111 3471 ac
3161 3417 3454 3474 ineffabili
3507 3434 3674 3490 pains
3699 3423 3791 3479 1⁸³³,

2190 3518 2355 3557 more
2386 3504 2445 3575 (f.
2483 3504 2623 3575 160’)
2653 3521 2756 3559 suo
2780 3506 3054 3574 nefando,
3076 3506 3569 3579 constringerent
3592 3503 3793 3559 Mallio

2190 3592 2429 3647 lumana
2457 3596 2648 3648 motus
2686 3594 3016 3665 fragilitate,
3048 3596 3365 3667 pecuniam
3398 3597 3485 3652 eis
3512 3592 3790 3669 promittit,

2192 3684 2250 3736 et
2273 3681 2348 3735 ad
2375 3682 2524 3736 hanc
2554 3683 2981 3753 impetrandam
3017 3692 3108 3725 ιω
3138 3684 3411 3739 inducias
3450 3685 3657 3756 posuit,
3682 3685 3737 3737 ut
3757 3679 3794 3735 si

2192 3769 2254 3824 in
2291 3770 2400 3825 hiis
2421 3771 2757 3842 acceptabili
2776 3772 3176 3844 redemptione
3210 3778 3480 3829 mortem
3510 3775 3793 3828 momenta-

473 3856 596 3911 tem
622 3858 760 3911 tunc
796 3855 947 3910 bello
970 3853 1287 3926 defatigata
1304 3852 1532 3909 assiduo
1554 3854 1790 3911 nuntios
1809 3855 2092 3928 misit,qui
2193 3874 2367 3914 neam
2399 3860 2638 3915 evadere
2681 3860 3045 3931 nequivisset,
3072 3864 3260 3915 semet
3284 3862 3491 3933 ipsum
3523 3859 3792 3934 gemitibus

474 3943 549 3999 ab
579 3943 661 4000 eis
688 3959 892 4016 pacem
916 3946 1202 4016 peterent,
1236 3946 1295 3999 et
1322 3943 1461 4016 quid
1497 3951 1594 3985 1m
1620 3944 1694 3999 ab
1719 3961 1788 3999 ea
1814 3953 1907 3988 1618
1929 3962 2095 4016 expe-
2195 3949 2411 4004 crebris
2425 3950 2659 4005 interim
2680 3954 2970 4022 purgaret,
2994 3952 3245 4005 hostiam
3269 3952 3535 4007 Domino
3558 3944 3791 4005 vivamad

474 4032 2096 4105 scerentdiligenterinquirerent.Respondeturprotinus
2196 4036 2644 4097 immolandum.
2674 4038 2989 4093 Transactis
3020 4051 3158 4093 tunc
3200 4041 3489 4095 omnibus
3521 4032 3790 4109 designatis

475 4121 586 4176 hiis
616 4121 692 4176 ub
711 4120 1070 4193 inexplendis
1088 4120 1370 4189 hostibus,
1394 4121 1442 4175 si
1461 4121 2094 4192 reginavoluissetdare
2198 4127 2576 4197 temporibus,
2608 4144 2779 4182 vorax
2815 4128 3073 4200 picarum
3118 4128 3376 4183 caribdis
3408 4129 3518 4183 Dei
3548 4126 3790 4183 famulum

473 4209 626 4265 ﬁlios
646 4227 777 4266 suos
812 4210 873 4265 in
924 4212 1197 4278 mortem,
1229 4226 1404 4281 seque
1444 4226 1576 4264 cum
1633 4214 1696 4265 15
1747 4210 1980 4265 milibus
2006 4226 2097 4265 ar-
2172 4218 2414 4289 evocat,
2441 4220 2499 4270 et
2524 4216 2632 4271 sibi
2659 4219 3007 4288 promissum
3056 4216 3327 4270 celeriter
3358 4216 3614 4289 persolvi
3638 4212 3787 4267 tribu-

476 4298 640 4370 genti
669 4299 1046 4373 ponderibus,
1077 4301 1137 4352 et
1174 4298 1475 4370 episcopos
1503 4314 1635 4354 cum
1684 4302 1750 4356 12
1779 4298 2011 4353 milibus
2042 4301 2100 4353 et
2198 4306 2345 4372 tum,
2377 4303 2681 4360 minaciter
2724 4307 2989 4377 postulat.
3039 4306 3110 4359 Et
3161 4304 3256 4359 ille
3307 4310 3377 4359 ut
3406 4305 3567 4360 mitis
3614 4313 3790 4373 agnus:

480 4387 750 4443 omnibus
778 4388 989 4455 loricis,
1019 4403 1266 4459 quarum
1297 4387 1460 4442 milia
1498 4391 1567 4443 24
1604 4405 1881 4443 numerus
1910 4388 2171 4463 incre-D
2198 4393 2386 4448 Presto
2435 4411 2574 4463 sum,
2626 4394 2829 4466 inquit,
2881 4400 3113 4466 paratus
3155 4394 3230 4448 ad
3274 4395 3475 4449 omnia
3513 4409 3629 4466 qua
3650 4392 3705 4445 in
3728 4400 3794 4442 tu

482 4476 673 4531 dibilis
702 4480 846 4544 erat,
875 4476 1188 4547 redimere,
1214 4480 1273 4530 et
1306 4477 1381 4531 ad
1429 4477 1551 4531 haec
1604 4478 1895 4549 speranda
1952 4474 2097 4533 300⁰⁹
2201 4499 2343 4537 nunc
2360 4484 2663 4555 presumitis
2699 4484 2907 4553 facere;
2937 4499 2997 4537 ac
3029 4481 3244 4538 Christi
3268 4499 3484 4550 amore,
3520 4490 3576 4536 ut
3613 4492 3793 4535 suorum

480 4564 707 4619 obsides
731 4565 942 4619 electos
974 4566 1109 4620 dare
1123 4566 1415 4634 voluisset,
1427 4566 1537 4621 sibi
1565 4570 1791 4621 tantum
1821 4566 2102 4639 sociisque
2204 4587 2409 4627 merear
2431 4573 2555 4640 ﬁeri
2579 4571 2875 4642 exemplum
2905 4586 3201 4639 servorum,
3234 4586 3348 4625 non
3370 4588 3499 4625 sum
3528 4568 3675 4624 hodie
3698 4572 3792 4618 tu-

475 4651 688 4707 suimet
706 4667 910 4723 pacem
934 4667 1069 4707 cum
1098 4652 1211 4707 vita
1231 4654 1467 4725 adipisci
1510 4654 1815 4726 potuisset;
1870 4654 1957 4709 sin
2001 4672 2102 4710 au-
2214 4659 2384 4715 battis.
2420 4658 2735 4733 Quodyobis
2767 4659 2994 4716 mendax
3024 4658 3233 4728 videor,
3260 4675 3374 4714 non
3406 4676 3530 4716 mea
3560 4657 3793 4713 voluntas:

771 4810 782 4821 ,
1098 4811 1193 4823 ,,
1341 4817 1351 4823 _
1690 4814 1725 4823 __
1805 4743 2040 4823 vARUE
2067 4747 2464 4823 LECTIONES.

550 4821 648 4857 Im
662 4813 885 4890 esaiam
914 4827 1052 4866 corr.
1093 4813 1305 4890 isaiar_n_
1332 4817 1406 4890 l._
1460 4821 1556 4857 ωσι
1592 4814 1801 4890 melior
1833 4818 1951 4890 la_.__
1997 4825 2090 4859 ίσοο
2119 4821 2303 4890 pmito
2344 4836 2483 4877 corr.
2526 4820 2707 4876 omito
2744 4826 2795 4877 1.
2909 4827 3003 4864 1°07
3034 4820 3153 4875 ath.
3191 4824 3273 4877 lc.
3397 4828 3501 4864 1°08
3538 4813 3718 4875 conuii
3742 4828 3786 4865 α.

480 4892 576 4964 μου
605 4883 735 4964 add.
774 4884 857 4937 ib.
935 4891 1169 4964 λίνω-ευρ
1197 4884 1320 4939 add.
1351 4885 1475 4964 ib.”
1513 4894 1606 4928 ιοιι
1648 4887 1778 4964 ccc
1804 4887 2047 4964 sexti.
2096 4883 2218 4964 _im
2250 4892 2401 4964 qdl.
2480 4900 2573 4964 ms
2604 4893 2686 4947 eis
2733 4897 2820 4948 ia.
2901 4901 2994 4935 mu
3019 4894 3118 4964 t.l
3203 4900 3300 4935 ms
3349 4893 3436 4946 ita
3482 4896 3541 4946 ιε
3571 4892 3790 4964 futuram

482 4962 568 5015 ia.
641 4962 739 5034 ξθξο
768 4954 1228 5034 ερφερρηάἱῌαη
1288 4964 1380 4998 ιδίτ
1417 4958 1736 5034 Etmundus
1779 4960 1837 5034 et
1864 4959 2222 5016 Edelsteinus
2266 4954 2438 5034 reges
2467 4963 2594 5019 add.
2632 4968 2711 5020 lc.
2795 4972 2889 5008 1018
2917 4963 3151 5034 utrique
3198 4966 3278 5018 1ο.
3363 4971 3468 5006 1m
3512 4956 3788 5015 etmundus

477 5044 577 5084 rex
601 5029 661 5082 et
688 5026 801 5080 dux
823 5026 904 5078 th.
940 5027 1018 5079 lc.
1096 5032 1190 5066 1°30
1215 5029 1524 5082 trunccatis
1552 5032 1600 5083 1.
1680 5037 1773 5071 1⁸³1
1800 5032 1879 5086 ita
1920 5034 1999 5086 1ο.
2032 5036 2265 5088 cantare
2300 5026 2367 5090 i."
2431 5042 2524 5077 1622
2550 5035 2797 5090 dunstan
2821 5040 2902 5095 lc.
2980 5026 3075 5077 1⁸ίῖ
3104 5050 3138 5088 o
3170 5050 3386 5089 erasum
3428 5038 3481 5089 1.
3562 5041 3652 5075 ίσιι
3674 5042 3788 5083 con-

479 5098 792 5172 stringeret
819 5100 870 5155 1.
946 5103 1042 5137 im
1073 5097 1418 5166 petrandam
1453 5103 1502 5153 1.

579 5189 583 5193 ’
2031 5175 2237 5233 ΝΟΤΛΕ

548 5259 699 5344 (889)
718 5256 1152 5344 Debebat‘esse:
1176 5254 1586 5344 geniminibus,
1600 5258 1707 5344 sed
1727 5260 2097 5344 desumptum

481 5329 823 5412 ex'Vul'gata‘
845 5329 1057 5412 blattis;
1075 5343 1232 5412 X‘X‘l'll,
1267 5329 1353 5399 33,
1380 5345 1488 5384 nec
1517 5329 1684 5384 aliter
1710 5333 1861 5403 apud
1893 5329 2098 5390 Hiero-
2203 5329 2422 5412 p.‘450'.
2452 5410 2479 5412 ᾼ
2663 5410 2675 5412 _
2936 5386 2939 5391 ν

482 5395 726 5474 ιιγωιιῐῦ
756 5402 830 5458 ad
851 5403 964 5483 les.
992 5403 1080 5456 30-
1111 5401 1269 5453 WAG-
1496 5469 1506 5479 ι
1744 5395 1763 5403 ’
2203 5395 2224 5412 ³
2269 5410 2406 5480 (893)
2450 5410 2529 5464 De
2557 5410 2813 5481 Elphego
2859 5409 3314 5481 archiepiscopo,
3356 5408 3461 5480 qui
3497 5421 3649 5463 anno
3676 5395 3786 5456 10Ιῖ

558 5476 704 5540 (890)
726 5475 817 5530 Sc.
839 5475 1001 5528 Erico
1022 5488 1162 5543 rege
1183 5471 1419 5526 Suecue.
1444 5470 1747 5527 Dicebatur
1774 5474 1874 5530 illa
1902 5475 2096 5543 Sigrid
2193 5481 2301 5535 hoc
2326 5481 2499 5535 modo
2532 5481 2694 5543 obiit,
2713 5497 2831 5534 non
2862 5498 2993 5536 vero
3016 5482 3088 5535 de
3112 5482 3439 5543 Dunstano,
3458 5481 3784 5543 δηιθςθεεριθ

558 5494 704 5540 (eam)
726 5494 817 5530 ac.
839 5494 1001 5528 [δι-ιαο
1022 5494 1162 5543 rege
1183 5494 1419 5526 DUBUIw.
1444 5494 1747 5527 urceuatur
1774 5494 1874 5530 illa
1902 5494 2096 5550 signa
2193 5494 2301 5535 hoc
2326 5494 2499 5535 moao
2532 5494 2694 5547 omit,
2713 5497 2831 5534 non
2862 5498 2993 5536 vero
3016 5494 3088 5535 de
3112 5494 3439 5546 Uunsumo,
3458 5494 3783 5533 antecessum

482 5544 779 5624 Storrada.
808 5545 974 5624 Cpnf.
1001 5544 1365 5624 adamslnn,
1392 5544 1570 5624 schol.
1602 5546 1671 5599 22
1695 5548 1752 5598 et
1778 5562 1904 5617 cap.
1925 5552 2019 5624 728.
2192 5552 2337 5624 ejus,
2367 5552 2556 5624 dicere
2584 5553 2760 5607 voluit
2796 5555 3010 5608 noster.
3039 5551 3206 5609 Conf.
3265 5567 3400 5623 quas
3436 5550 3550 5606 dixi
3579 5549 3637 5604 in
3661 5541 3783 5598 libro

558 5613 706 5689 (881)
726 5615 819 5671 Sc.
840 5615 1149 5685 Sewaldus,
1170 5617 1235 5671 ut
1252 5614 1439 5688 liquet
1462 5631 1534 5671 ex
1550 5631 1677 5689 cap.
1697 5613 2007 5691 sequenti,
2190 5613 2366 5697 supra
2388 5623 2620 5682 laudato
2649 5626 2696 5682 t.
2725 5625 2771 5696 Ι,
2810 5639 2870 5699 p.
2898 5626 3026 5683 444.

2270 5264 2422 5338 (892)
2442 5267 2660 5321 Nomen
2687 5265 2838 5322 illius
2857 5265 3114 5323 Thurkil.
3144 5264 3207 5321 V.
3232 5265 3441 5321 Gesch.
3478 5261 3671 5321 Grosb.
3691 5262 3727 5312 t.
3752 5253 3785 5317 Ιρ
