3994 6180
244 420 382 479 1385
1483 415 1905 473 CHRONICON.
1938 444 2009 457 -—
2038 415 2165 472 LIB.
2197 412 2313 472 VII.
3426 422 3564 479 I386

240 543 334 599 sed
360 540 480 596 dira
523 539 690 609 efﬁci;
731 537 870 592 mihi
894 544 989 579 me
1040 542 1255 607 egestas.
1293 535 1499 608 Corpus
1526 537 1621 591 hoc
1649 553 1846 603 meum,
1867 533 1924 593 Α
1952 538 1987 590 4-
2011 536 2352 603 confratres,
2371 550 2619 608 quorum
2649 535 2773 591 hinc
2802 537 2937 591 sunt
2961 536 3229 593 nomina:
3252 537 3406 607 Elii,
3426 540 3569 596 Bur-

242 629 387 702 quod
414 630 479 684 in
506 629 602 682 hoc
623 629 778 681 exilio
798 644 959 697 supra
986 626 1203 679 modum
1232 626 1414 691 ditem,
1433 626 1575 678 vobis
1592 624 1851 695 culpabile
1953 624 2153 686 chard,
2175 624 2440 679 Thiedric
2456 629 2516 679 et
2530 626 2748 696 Poppo,
2771 625 3074 697 aquodam
3095 626 3303 695 libero,
3330 628 3430 701 qui
3464 630 3573 686 Ber

239 721 422 790 e/l'ero,
453 724 503 773 et
541 717 676 789 quid
702 716 827 758 ιϐιδ*
857 716 921 769 de
950 731 1008 769 eo
1046 716 1291 784 faciatis,
1323 716 1379 768 in
1418 722 1589 768 vestra
1623 730 1727 768 esse
1745 728 1852 787 ρο·
1954 712 2273 779 dicebatur,
2304 712 2487 768 milite
2517 713 2696 781 bono,
2728 730 2861 787 sepe
2889 716 3212 791 contempti
3240 723 3357 785 1⁸³⁸,
3387 718 3571 774 colle-

242 813 452 875 testate,
484 822 773 875 cognosco;
812 806 1065 859 animam
1119 809 1298 859 autem
1347 807 1557 858 meimei
1583 803 1850 873 peccatri-
1954 801 2059 855 ctis
2080 800 2409 872 agminibus
2422 800 2706 856 irruentes
2727 801 2785 857 in
2816 817 2973 870 eum,
2996 820 3115 859 non
3136 803 3331 860 minus
3351 804 3411 871 (f.
3446 804 3573 879 161)

240 913 353 950 cem
397 893 649 949 Creatori
681 896 942 959 omnium,
977 910 1068 947 vos
1092 909 1200 947 non
1234 894 1606 962 respicientem,
1634 891 1855 960 supplex
1957 905 2133 961 quam
2172 889 2321 944 viros
2380 893 2479 945 100
2517 892 2767 945 scutatos
2815 891 3132 947 habentem
3190 893 3572 965 perimerunt,

242 992 339 1026 m7
362 983 657 1038 committo.
690 981 847 1036 Talia
871 982 1211 1053 loquentem
1240 981 1615 1051 profanarum
1639 993 1855 1048 agmen
1960 978 2255 1033 nonnullis
2268 978 2559 1049 utrimque
2576 986 2671 1021 im
2687 978 3124 1052 oppecientibus
3136 981 3290 1054 (896)
3304 981 3445 1050 (Jul.
3460 983 3575 1053 26).

242 1072 490 1135 vallavit,
523 1074 581 1123 et
636 1069 858 1123 diversa
911 1069 1064 1123 hunc
1094 1068 1166 1123 ad
1198 1067 1663 1122 interﬁciendum
1692 1082 1859 1120 arma
2033 1069 2121 1121 3l.
2154 1070 2215 1121 In
2248 1067 2653 1138 Longabardia
2699 1068 2971 1124 Saraceni
3027 1070 3254 1143 navigio
3280 1071 3579 1127 venientes

240 1159 528 1231 congerit.
561 1158 726 1222 Quod
754 1174 887 1211 cum
905 1173 1105 1211 eorum
1130 1156 1245 1211 dux
1272 1165 1364 1198 1628
1388 1154 1614 1210 Thurcil
1634 1156 1861 1226 alonge
1966 1154 2189 1210 Lunam
2210 1155 2502 1210 civitatem
2535 1158 2684 1225 (897)
2702 1156 2899 1229 fugato
2926 1162 3157 1231 pastore
3194 1159 3495 1229 invadunt,
3519 1163 3581 1216 et

240 1248 491 1313 vidisset,
523 1246 787 1301 celeriter
812 1262 1117 1300 accurrens
1144 1261 1159 1301 :
1187 1245 1294 1312 Ne,
1323 1261 1497 1317 queso,
1517 1246 1593 1300 sic
1609 1243 1864 1313 faciatis!
1965 1260 2098 1299 cum
2126 1244 2392 1314 potentia
2417 1260 2484 1299 ac
2510 1245 2814 1301 securitate
2852 1247 2996 1302 ﬁnes
3032 1247 3182 1304 illius
3210 1248 3465 1322 regionis
3484 1248 3584 1305 in-

240 1335 391 1390 inﬁt.
440 1334 659 1388 Aurum
697 1341 746 1388 et
780 1342 1079 1403 argentum,
1114 1341 1163 1388 et
1212 1350 1364 1389 omne
1392 1332 1533 1404 quod
1568 1333 1653 1386 hic
1699 1331 1864 1387 habeo
1963 1332 3583 1402 habitant,etuxoribusincolarumabutuntur.Quodcum

240 1425 328 1478 vel
382 1424 493 1479 ullo
547 1423 702 1479 modo
731 1426 1003 1497 acquirere
1046 1440 1285 1493 possum,
1328 1428 1542 1492 excepta
1574 1422 1705 1476 navi
1730 1420 1863 1487 sola,
1967 1421 3585 1494 domnoapostolico,nomineBenedicto,famadeferret,

242 1530 311 1569 ne
339 1515 395 1566 in
421 1514 677 1567 christum
716 1512 938 1567 Domini
978 1513 1232 1581 peccetis,
1264 1511 1447 1565 libenti
1495 1513 1675 1564 animo
1724 1508 1870 1576 vobis
1970 1524 2173 1564 omnes
2202 1513 2415 1565 sanctae
2445 1511 2651 1566 matris
2678 1513 2950 1568 aecclesias
2979 1517 3102 1569 tam
3130 1518 3382 1570 rectores
3409 1530 3590 1587 quam

244 1601 490 1656 omnibus
517 1599 691 1657 trado.
722 1602 861 1655 Tam
886 1600 1038 1654 dulci
1062 1599 1239 1654 aifatu
1267 1599 1559 1654 infrenata
1580 1597 1868 1653 sociorum
1973 1596 2305 1652 defensores
2337 1614 2725 1670 congregans,
2742 1604 2913 1672 rogat
2935 1617 3001 1657 ac
3030 1601 3366 1675 precipit,ut
3392 1600 3590 1658 inimi-

243 1690 354 1757 ira,
381 1690 538 1744 ferro
569 1692 628 1744 et
653 1689 800 1744 saxis
840 1688 1061 1755 durior,
1096 1704 1215 1743 non
1248 1687 1526 1755 mollitur,
1555 1687 1657 1741 sed
1690 1685 1870 1741 effuso
1973 1701 2068 1740 eos
2124 1685 2331 1740 Christi
2373 1687 2513 1742 talia
2563 1692 2964 1758 presumentes
3006 1690 3247 1746 viriliter
3295 1706 3490 1747 secum
3528 1688 3591 1746 in

244 1778 547 1833 innocenti
594 1777 879 1849 sanguine
924 1778 1205 1848 placatur,
1255 1793 1430 1847 quem
1477 1774 1929 1849 communiterﬁ
1974 1777 2417 1846 rumperent,et,
2449 1775 2755 1846 adiuvante
2780 1777 3052 1846 Domino,
3083 1778 3593 1837 occiderent.lnsu-

242 1866 530 1936 capitibus
550 1848 727 1921 boum
746 1866 1102 1920 etimbribus
1118 1865 1377 1936 lapidum
1398 1864 1873 1936 atquelignorum
1896 1848 1949 1907 Β
1976 1878 2081 1934 per
2106 1862 2458 1918 ineffabilem
2474 1864 2707 1919 navium
2721 1865 3156 1922 multitudinem
3182 1866 3358 1923 tacito
3374 1867 3593 1939 premi-

244 1953 536 2009 infusione
562 1954 626 2025 (f.
658 1955 782 2024 161)
807 1954 1073 2025 protinus
1095 1953 1421 2008 effundunt.
1460 1948 1618 2006 lnter
1646 1955 1733 2007 tot
1761 1952 1875 2007 fre-

243 2044 533 2098 mentium
548 2044 796 2116 impetus
807 2043 1022 2116 potitus
1043 2047 1129 2098 est
1148 2051 1242 2085 1m
1258 2041 1471 2098 caelesti
1483 2041 1875 2113 jucunditates

246 2132 471 2202 utsigni
486 2132 777 2203 sequentis
794 2132 1150 2186 eillicaliamo
1170 2131 1431 2203 protinus
1460 2131 1875 2199 testatur.Unu,

242 2235 504 2291 namque
526 2220 675 2274 inter
703 2220 1065 2291 primicerios
1087 2219 1363 2274 membris
1385 2218 1491 2273 effe
1512 2223 1557 2273 cl
1572 2235 1635 2272 us
1653 2218 1875 2283 debilis,

244 2309 487 2378 agnovit
514 2298 573 2361 in
600 2309 933 2379 semetipso,
957 2309 1113 2380 quod
1156 2307 1401 2379 deliquit
1431 2306 1491 2361 in
1529 2305 1737 2361 Christi
1771 2308 1908 2362 ele-.

246 2400 367 2463 cto,
392 2396 536 2450 sicut
567 2396 845 2467 scriptum
875 2401 995 2451 est:
1028 2396 1177 2451 Mihi
1186 2396 1497 2462 vindictam,
1527 2402 1577 2449 et
1604 2411 1698 2464 ego
1724 2396 1881 2451 retri.

249 2485 432 2552 buam,
464 2485 597 2539 dicit
621 2484 886 2540 Dominus
916 2485 1098 2553 (Rom.
1131 2502 1226 2551 χιι,
1265 2484 1373 2555 19).
1420 2486 1484 2537 In
1516 2485 1626 2539 hoc
1670 2480 1876 2539 Christi

246 2572 455 2627 adlatae.
488 2573 782 2643 triumpho
812 2573 1006 2627 miseri
1053 2573 1313 2643 ejusdem
1346 2577 1744 2643 persecutores
1778 2573 1877 2628 de-

246 2660 404 2727 victi,
432 2662 614 2715 Deum
668 2665 726 2716 et
780 2662 1086 2732 pecuniam
1134 2679 1168 2716 a
1222 2661 1363 2715 duce
1395 2669 1488 2703 ιιιι
1530 2660 1742 2715 suimet
1765 2661 1876 2716 sibi

254 2750 554 2815 exibitam,
589 2753 649 2804 et
674 2751 747 2805 ad
796 2750 1090 2817 ultimum,
1135 2749 1245 2805 nisi
1282 2749 1621 2820 resipiscanl
1654 2748 1872 2803 satisfa-

259 2838 502 2905 cientes,
536 2839 910 2909 perdiderunt
936 2839 1218 2905 animam,
1249 2842 1308 2892 et
1338 2839 1431 2892 ille
1451 2854 1583 2893 cum
1611 2837 1875 2904 stola,in-

255 2926 534 2982 nocentia
562 2927 773 2981 mentis
798 2930 857 2982 et
902 2927 1158 2998 corporis
1195 2927 1472 2981 hactenus
1502 2926 1786 2992 dealbata,
1818 2930 1876 2981 et

248 3019 380 3069 tum
414 3025 509 3057 im
536 3017 712 3070 rubro
738 3016 982 3069 intincta
1010 3015 1312 3086 sanguine,
1352 3015 1609 3070 divinum
1632 3009 1875 3084 placavit

249 3104 545 3179 obtutum.
580 3104 741 3158 Hunc
779 3103 1216 3158 intercessorem
1249 3120 1355 3157 nos
1382 3106 1712 3174 peccatores
1740 3117 1871 3174 pre-

246 3174 417 3247 cibus
442 3191 684 3247 assiduis
704 3191 1092 3262 acquiramus,
1122 3194 1180 3245 et
1215 3190 1370 3262 apud
1383 3170 1760 3263 'majcstatcm—
1787 3188 1872 3243 di-
1900 3170 1948 3230 (ἶ

256 3281 456 3335 vinam
489 3279 805 3350 plurimum
835 3280 1023 3333 valere
1053 3278 1377 3333 credamus.

332 3372 421 3424 30.
454 3369 519 3422 In
566 3383 740 3435 supra
771 3367 1081 3422 memorati
1127 3366 1370 3422 circuitu
1400 3374 1495 3409 im
1519 3366 1655 3420 anni
1684 3365 1872 3439 (1016)

251 3474 388 3529 qua:
420 3457 576 3510 mala
600 3455 940 3510 Christicolis
964 3455 1182 3526 peccati
1211 3454 1420 3510 vindex
1467 3455 1747 3510 bissextus
1777 3462 1872 3497 108‘

248 3545 537 3611 intulerit,
568 3561 688 3599 non
727 3543 852 3598 sine
882 3543 1040 3616 gravi
1065 3560 1294 3599 merore
1326 3542 1875 3614 edissero.Magada-

248 3635 407 3704 burg
445 3650 480 3686 a
534 3632 867 3688 Bernhardo
927 3632 1265 3686 marchione
1316 3632 1464 3702 (894)
1497 3648 1627 3686 cum
1659 3646 1875 3701 magna

248 3721 630 3779 multitudine
657 3720 945 3792 appetitur
974 3721 1033 3775 in
1077 3725 1265 3787 nocte,
1300 3723 1361 3775 et
1388 3720 1467 3775 ibi
1499 3720 1665 3773 miles
1695 3719 1876 3774 archi-

247 3811 507 3883 episcopi
538 3810 820 3865 innocens
867 3809 1089 3881 capitur
1119 3812 1176 3864 et
1214 3810 1357 3863 alter
1385 3809 1722 3862 vulneratur
1754 3816 1868 3863 “35.

248 3900 472 3964 Quarta
517 3899 644 3952 ldus
675 3896 969 3952 Februarii
998 3897 1139 3952 etin
1173 3899 1204 3951 6
1246 3896 1391 3951 feria
1430 3896 1869 3967 subsequutura}

248 3998 350 4032 1⁸⁸³
380 3987 548 4059 signa
580 3987 847 4053 miserias,
881 3986 941 4040 in
972 3986 1093 4057 ipso
1126 3986 1312 4041 noctis
1340 3986 1692 4056 crepusculo,
1728 3985 1873 4040 toni-

246 4083 384 4132 trua
407 4093 539 4131 cum
580 4075 920 4130 fulminibus
958 4079 1016 4129 et
1068 4074 1295 4144 magnis
1343 4074 1781 4145 tempestatibus
1806 4074 1868 4129 in

248 4165 494 4222 diversis
519 4164 790 4219 nocentia
834 4163 974 4218 locis
1004 4163 1340 4217 terribiliter
1379 4163 1706 4218 intonuere.
1737 4163 1871 4227 Qui-

249 4256 393 4312 dam
413 4271 663 4325 namque
687 4252 1044 4308 confractisa
1065 4252 1163 4306 tali
1186 4252 1407 4321 impetu
1430 4252 1698 4306 domibus
1718 4253 1872 4307 obie-

247 4347 411 4411 runt,
443 4343 539 4398 alii
565 4346 761 4397 autem
789 4340 1073 4395 vulnerati
1114 4340 1201 4394 vix
1234 4342 1482 4395 mortem
1532 4355 1780 4396 evasere.
1804 4342 1869 4396 In

1976 1951 2068 2017 sit,
2093 1967 2221 2023 quae
2252 1951 2333 2006 eis
2355 1953 2640 2008 redeundi
2693 1953 3135 2024 possibilitatem
3195 1955 3590 2028 interciperet.

1979 2040 2095 2094 Hoc
2110 2056 2210 2095 rex
2233 2041 2552 2097 Saracenus
2582 2041 3071 2111 animadvertens,
3102 2043 3294 2115 primo
3320 2043 3592 2116 indigna-

1978 2130 2094 2192 tur,
2115 2132 2175 2183 et
2187 2129 2427 2184 tandem
2446 2137 2544 2172 ίοιο
2559 2129 2754 2201 paucis
2768 2130 3076 2187 comitatus
3096 2131 3357 2188 navicula
3366 2131 3592 2205 pericu-

1977 2217 2099 2271 lum
2130 2216 2447 2272 imminens
2458 2217 2664 2286 evasit;
2687 2218 2772 2273 sui
2787 2234 2922 2275 vero
2944 2235 3149 2275 omnes
3159 2220 3597 2288 cunveuiunt,et

1979 2304 2359 2360 adventantes
2384 2304 2540 2376 prius
2579 2305 2808 2362 irruunt
2848 2308 3064 2378 hostes,
3094 2324 3308 2382 eosque
3327 2323 3465 2365 mox
3510 2309 3598 2365 fu-

1980 2392 2222 2463 gientes,
2258 2394 2584 2450 miserabile
2611 2394 2786 2462 dictu,
2818 2398 2849 2451 3
2889 2396 3011 2452 dies
3035 2400 3096 2453 et
3118 2400 3318 2453 noctes
3340 2401 3595 2471 proster-

1978 2484 2147 2537 nunt.
2179 2481 2445 2553 Respexit
2466 2483 2707 2538 tandem
2725 2485 2892 2552 Deus,
2914 2484 3139 2555 gemitu
3156 2484 3387 2556 piorum
3399 2486 3591 2558 placa-

1979 2572 2088 2637 tus,
2121 2573 2180 2624 et
2208 2570 2470 2626 odientes
2492 2588 2553 2626 se
2587 2571 2807 2644 fugavit
2836 2576 2893 2628 et
2924 2572 2984 2627 in
3015 2574 3244 2628 tantum
3275 2572 3501 2643 devicit,
3533 2576 3598 2629 ut

1978 2674 2084 2713 nec
2110 2674 2226 2714 uno
2258 2658 2330 2713 de
2363 2659 2474 2715 hiis
2487 2660 2710 2728 relicto,
2733 2660 3174 2717 interfectorum
3199 2666 3259 2718 et
3274 2662 3598 2719 eorundem

1975 2745 2292 2816 spoliorum
2333 2747 2769 2804 multitudinem
2795 2749 3041 2806 victores
3056 2767 3369 2806 numerare
3388 2751 3595 2825 nequi-

1973 2838 2106 2889 rent
2146 2836 2301 2889 Tunc
2329 2836 2534 2908 regina
2565 2853 2770 2892 eorum
2813 2841 3003 2910 capta,
3048 2839 3124 2895 ob
3172 2847 3266 2882 ιω
3288 2839 3593 2895 audaciam

1976 2922 2078 2976 viri
2111 2926 2247 2994 (898)
2277 2924 2463 2996 capite
2485 2925 2772 2996 plectitur.
2790 2928 3015 2981 Aurum
3041 2926 3306 2998 capitale,
3329 2926 3591 2997 ejusdem

1975 3014 2410 3078 ornamentum,
2442 3012 2685 3067 invicem
2716 3017 3103 3085 gemmatum,
3135 3029 3288 3086 papa
3324 3013 3429 3070 sibi
3486 3030 3591 3087 pre

1975 3099 2196 3153 caeteris
2222 3098 2563 3167 vendicavit,
2598 3104 2843 3174 postque
2865 3101 3204 3174 immratori
3224 3118 3388 3158 suam
3401 3105 3590 3158 trans-

1974 3187 2131 3242 misit
2148 3191 2397 3259 partem,
2418 3205 2547 3261 quae
2560 3171 2904 3246 mille'libris
2916 3171 3383 3263 computabatur.
3405 3190 3593 3248 Divisa

1973 3278 2136 3334 omni
2175 3278 2375 3349 preda,
2410 3277 2610 3333 victrix
2640 3278 2815 3333 turba
2840 3279 2974 3334 laeta
2998 3282 3197 3335 mente
3247 3280 3321 3336 ad
3354 3278 3592 3354 propria

1974 3366 2034 3429 (f.
2074 3366 2192 3437 162)
2225 3366 2552 3434 revertitur,
2597 3370 2657 3422 et
2699 3366 3086 3439 triumphanti
3126 3367 3349 3424 Christo
3380 3367 3591 3440 dignus

1974 3455 2326 3527 persolverat
2358 3454 2517 3511 odas.
2544 3455 2661 3509 Rex
2690 3457 2887 3510 autem
2919 3454 3227 3527 predictus,
3246 3457 3435 3513 morte
3447 3472 3586 3513 conv

1968 3542 2124 3614 jugis
2149 3545 2207 3597 et
2227 3543 2518 3598 sociorum
2546 3542 2865 3598 admodum
2894 3544 3180 3614 turbatus,
3204 3560 3435 3601 summo
3450 3560 3570 3618 pon
3676 3585 3681 3589 -

1973 3632 2112 3687 tiﬁci
2162 3648 2391 3687 saccum
2434 3631 2720 3687 castaneis
2768 3631 3050 3688 refertum
3092 3634 3339 3703 remisit,
3383 3636 3443 3691 et
3488 3651 3587 3708 per

1973 3721 2128 3775 hunc
2157 3720 2525 3791 portitorem,
2559 3723 2647 3773 tot
2684 3736 2745 3775 se
2783 3719 2843 3774 in
2875 3720 3141 3791 proxima
3172 3724 3353 3778 estate
3378 3721 3589 3778 milites

1973 3807 2079 3863 sibi
2109 3825 2230 3862 esse
2257 3809 2495 3874 laturos,
2523 3806 2831 3862 intimavit.
2857 3810 3137 3881 Percepta
3151 3809 3259 3865 hac
3274 3809 3590 3881 legatione,

1972 3912 2125 3968 papa
2153 3894 2553 3967 marsuppium
2593 3895 2848 3950 eundem
2876 3904 2994 3964 ιω,
3027 3896 3187 3952 milio
3226 3898 3590 3968 plenum,in-

1971 3984 2268 4039 ternuntio
2298 3984 2511 4039 talibus
2554 3983 2721 4039 dictis
2771 3984 3055 4041 reddidit:
3094 3983 3163 4041 Si
3196 4001 3307 4041 non
3347 3985 3589 4057 sufﬁciat

1969 4073 2074 4128 sibi
2128 4073 2468 4144 apostolicam
2522 4075 2654 4128 satis
2705 4072 2893 4128 laesisse
2972 4072 3151 4130 dotem
3198 4082 3315 4141 1°“,
3360 4072 3587 4129 secundo

1969 4163 2149 4217 veniat
2174 4167 2223 4215 et
2254 4167 2329 4215 tot
2356 4162 2603 4217 loricatos
2630 4160 2718 4216 oet
2752 4160 2885 4232 plus
2931 4178 2985 4216 se
3012 4162 3099 4219 hic
3128 4165 3469 4218 inventurum
3486 4177 3593 4233 pro

1970 4257 2109 4304 certo
2137 4252 2289 4305 sciat.
2324 4249 2519 4308 (Prov.
2538 4266 2655 4318 xw,
2681 4251 2757 4320 9).
2785 4249 2969 4305 Homo
2995 4250 3212 4322 cogitat
3237 4249 3588 4323 etloquitur,

1926 4393 1934 4399 ,
1972 4340 2120 4394 Deus
2141 4338 2390 4408 judicat;
2420 4354 2594 4409 quem
2626 4337 2959 4409 suppliciter
2975 4338 3214 4411 quisque
3233 4338 3417 4395 ﬁdelis
3438 4344 3589 4409 oret,

246 4433 406 4488 silvis
435 4431 767 4485 cadentibus
798 4446 1077 4499 magnum
1108 4445 1336 4500 quoque
1359 4428 1566 4483 accidit
1586 4428 1867 4485 damnum
1888 4480 1939 4500 ἢ
1969 4431 2031 4482 ut
2042 4426 2217 4481 talem
2240 4428 2473 4498 plagam
2492 4425 2948 4481 misericorditer
2968 4431 3306 4483 amoveatet
3326 4444 3594 4485 necessa-

247 4523 430 4594 (895).
466 4520 756 4576 Palatinus
785 4535 980 4575 comes
1008 4518 1371 4572 Bernhardus
1411 4517 1642 4589 paralisi
1672 4534 1869 4589 percu-

186 4626 189 4629 ‘
244 4612 395 4667 titur
424 4616 540 4665 1⁸³⁷.
599 4610 663 4662 In
718 4606 1033 4679 provincia,
1094 4622 1222 4678 quae
1274 4606 1569 4677 Hassegun
1637 4605 1864 4677 dicitur,

1888 4480 1941 4540 D

1968 4517 2116 4573 riam
2150 4518 2360 4588 OptaltB
2386 4515 2543 4587 pacis
2566 4514 2937 4571 securitatem
2965 4516 3094 4588 pius
3121 4515 3442 4591 indulgeat.

2040 4609 2127 4665 32.
2160 4607 2222 4659 In
2254 4605 2463 4672 insula,
2497 4620 2625 4676 quas
2656 4603 2868 4660 dicitur
2900 4605 3089 4678 Augia
3140 4614 3259 4677 ιοιι,
3296 4610 3363 4664 17
3392 4609 3575 4668 Kalen

1565 4726 1794 4782 VARLE
1857 4726 2148 4783 LECTlON
2156 4723 2259 4780 ES.

328 4848 424 4883 1⁸³6
452 4838 578 4894 add.
607 4842 625 4894 1
644 4838 691 4893 b.

841 4845 935 4880 ιω
965 4834 1043 4909 qd
1084 4838 1132 4890 1.
1211 4841 1305 4878 m7
1335 4833 1533 4907 suplex
1567 4834 1861 4909 commito
1880 4839 1929 4909 1,.
2011 4842 2105 4877 im
2134 4832 2265 4891 add.
2305 4830 2392 4886 lb.
2474 4833 2674 4909 “evita
2703 4830 2805 4909 lb_._
2864 4833 3063 4909 optata
3091 4836 3149 4889 et
3173 4836 3259 4889 la.
3330 4841 3435 4909 ft”
3459 4835 3587 4892 efﬂ-

244 4913 337 4967 tia
365 4917 416 4967 1.
495 4920 585 4954 im
619 4908 749 4965 duci
782 4912 831 4963 1.
910 4902 1004 4950 1δεῖ
1027 4924 1065 4960 u
1092 4911 1139 4961 1.
1190 4924 1337 4960 eraso
1357 4902 1537 4978 primo
1567 4910 1611 4965 t.
1692 4915 1787 4949 1³8³
1816 4907 1872 4961 ci

1976 4925 1984 4960 ι
2012 4910 2060 4960 1.
2140 4914 2235 4978 ιοὲι
2264 4919 2474 4978 erasum
2505 4906 2581 4978 l._
2635 4911 2729 4945 1⁸³³
2759 4902 3590 4978 Magadaburg—vulneratur

245 4982 382 5039 add.
419 4983 503 5038 lb.
580 4990 674 5024 ηδε
706 4980 1045 5051 subseqture
1068 4983 1093 5051 1
1176 4986 1269 5020 1⁸⁵⁷
1301 4979 1362 5051 P_.
1389 4994 1437 5031 c.
1468 4978 1525 5031 Β.
1565 4994 1619 5049 p.

1653 4994 1709 5050 p.
1752 4978 1884 5050 add.
1918 4978 2003 5050 lb.
2037 4974 2400 5050 Burchardus
2425 4974 2495 5030 A.
2535 4972 2606 5050 S._
2630 5045 2646 5050 _
2678 4982 2773 5017 ηδε
2794 4972 3051 5050 co:ntepti
3072 4972 3141 5050 Δ1ἷ
3175 4985 3300 5050 μηδ’
3330 4976 3588 5050 utrisque

252 5058 371 5126 1a.,
426 5062 520 5096 ιοιο
540 5071 597 5126 ρ.
632 5053 670 5107 i.
703 5068 754 5107 θ.
788 5054 831 5106 t.
861 5044 986 5105 add.
1023 5050 1107 5105 lb.
1178 5057 1279 5126 ‘Mfl
1309 5049 1449 5104 deest
1484 5053 1534 5104 1.
1565 5044 1810 5105 audacia
1838 5049 1947 5103 viri
1972 5054 2030 5105 2.
2109 5057 2203 5090 ιω
2236 5046 2430 5102 eidem
2463 5051 2559 5100 aut
2592 5044 2752 5102 idem
2784 5046 2877 5101 lc?
2949 5044 3043 5090 ίῐη
3072 5047 3221 5104 latis
3247 5044 3513 5105 sedoteni
3534 5051 3584 5103 1.

1811 5190 2040 5248 NOTIE.

246 5125 468 5180 laesisse
494 5122 693 5179 sedem
732 5126 785 5177 2.
864 5130 958 5164 ιω
984 5122 1196 5192 augeat
1240 5124 1324 5175 la.

330 5302 479 5374 (894)
510 5299 1074 5374 Brandenburgensi.

330 5317 479 5374 (894)
510 5317 887 5357 branuennur
931 5317 1074 5355 en51.

330 5374 662 5446 (895)Conf.
695 5377 845 5426 Ann.
882 5317 1213 5438 guedlinb"
1248 5385 1302 5425 a.
1337 5371 1489 5446 1916ἔ

331 5440 477 5518 (896)
511 5445 659 5499 Bern
686 5461 807 5498 cum
832 5445 968 5500 aliis
1013 5445 1211 5497 occisus
1257 5447 1349 5496 est.
1381 5440 1627 5496 Kalend.
1667 5440 1874 5495 Merse-

254 5517 586 5592 burg.,Jul.
619 5520 708 5571 26.
1061 5586 1089 5592 _
1318 5582 1329 5592 -
1431 5585 1441 5592 _
1505 5584 1547 5592 ῃ
1624 5586 1635 5592 _
1834 5580 1845 5592 .

332 5582 483 5656 (8'97)
524 5589 704 5656 Luna,
737 5586 931 5643 civitas
976 5602 1011 5640 a
1058 5582 1363 5641 Saracenis
1394 5585 1451 5656 et
1500 5582 1878 5656 l‘g'ortmannis

254 5653 574 5735 saepissime
625 5653 868 5723 vastata,
915 5657 1026 5713 sita
1069 5657 1178 5712 fuit
1215 5657 1383 5730 juxta
1413 5654 1575 5712 Golfo
1598 5654 1658 5712 di
1682 5653 1882 5730 Spezzi

652 5758 887 5817 Parum.
914 5753 1173 5814 CXXXIX.

1968 5296 2124 5352 inter
2157 5296 2413 5351 Lavenza
2444 5297 2502 5350 et
2534 5294 2805 5351 Sarzana.
2838 5295 3055 5351 Robert
3077 5294 3244 5348 Wace
3271 5292 3332 5348 in
3361 5290 3436 5349 Le
3475 5293 3587 5348 Ro-

1972 5385 2111 5423 man
2138 5368 2207 5421 do
2235 5368 2354 5421 Rou
2408 5366 2479 5421 de
2529 5367 2652 5438 ejus
2710 5367 2888 5422 ruinis
2927 5367 3166 5438 testatur
3216 5367 3275 5419 et
3323 5364 3590 5420 Albertus

1974 5438 2269 5495 Stadensis
2292 5435 2709 5510 appellat'eam
2739 5437 3064 5493 Wostelune
3083 5435 3218 5503 (Das
3244 5438 3441 5507 wuste,
3463 5452 3592 5494 ver-

1978 5512 2218 5564 wustete
2249 5510 2448 5578 Luna).

2048 5582 2175 5652 808)
2212 5579 2303 5637 Sc.
2327 5579 2544 5637 mariti.

3243 5749 3319 5812 ιι
