3994 6180
287 415 312 466 1
325 413 428 466 389

1524 401 1951 460 'CHRONlCON.
1972 428 2044 442 —-
2066 403 2191 460 LIB.
2215 400 2330 458 VII.

3475 420 3612 476 1390

291 531 511 587 ibidem
543 529 760 584 diucius
787 537 881 572 ms
910 529 1154 594 turbata,
1188 544 1318 582 cum
1364 525 1633 581 omnibus
1657 541 1784 596 quae
1809 524 1904 578 ha-
1924 526 1981 586 Α
2004 523 2157 594 quod
2181 541 2248 578 ex
2269 527 2429 596 parte
2461 524 2725 581 Bolizlavi
2755 531 3012 600 rogatur,
3040 531 3234 588 laudat
3268 542 3383 604 ιω,
3404 553 3610 594 conve-

292 621 484 684 bebat,
514 635 617 689 pro
650 617 843 672 dolor!
865 621 1136 671 servatur.
1159 616 1359 671 Omnis
1387 613 1901 683 maledicio,quam

299 717 393 750 166‘
423 707 531 761 sibi
564 708 764 761 beatus
791 707 896 760 Job
941 707 1264 776 inprecatus
1295 707 1398 769 est,
1420 701 1552 756 huic
1577 703 1749 755 talem
1768 717 1901 771 pro-

292 795 541 850 merenti
573 795 813 849 eveniat.
849 796 914 848 In
940 794 1190 865 presenti
1223 797 1482 862 tempore
1509 792 1736 844 tantum
1763 787 1902 843 mali

292 883 588 956 percipiat,
612 887 674 936 ut
693 883 964 937 inluturo
987 881 1213 935 veniam
1235 882 1437 934 saltem
1459 894 1687 950 sperare
1711 877 1896 930 liceat.

209 976 224 992 ‘
300 972 659 1041 Quicumque
713 970 771 1024 in
803 969 1079 1024 auxilium
1113 970 1234 1039 ejus
1266 968 1324 1021 in
1353 968 1461 1023 hoc
1497 975 1588 1008 1665
1621 980 1899 1037 umquam

293 1061 551 1132 asspiret,
584 1061 945 1113 convertatur
981 1059 1054 1112 ad
1084 1059 1288 1124 Deum,
1335 1060 1392 1110 et
1438 1073 1498 1110 se
1529 1056 1900 1110 vehementer

292 1165 554 1221 peccasse
609 1150 919 1214 confessus,
951 1147 1024 1202 ad
1049 1146 1516 1200 emendationem
1546 1145 1898 1216 condignam

294 1237 554 1292 festinet:
588 1236 724 1306 quia
760 1235 926 1290 sibilo
955 1252 1254 1290 venenosae
1285 1235 1493 1307 aspidis
1523 1237 1679 1289 caret
1702 1234 1896 1288 {eccle-

296 1325 379 1379 sia
407 1323 550 1378 tanti
579 1323 914 1379 defensoris.
949 1326 1013 1378 In
1037 1326 1142 1379 hoc
1162 1327 1356 1379 autem
1383 1339 1538 1378 anno
1565 1321 1900 1377 Thiedricus

296 1413 533 1466 antistes
547 1415 688 1482 (909)
707 1416 764 1466 et
787 1413 1155 1467 Hirimannus
1174 1429 1388 1481 comes,
1411 1413 1715 1482 Gerbergae
1729 1411 1897 1478 ﬁlius,

299 1502 370 1555 de
401 1501 560 1555 inani
587 1518 648 1555 re
677 1505 875 1556 mutuo
907 1505 1210 1568 certantes,
1233 1519 1334 1556 sua
1349 1501 1663 1555 vastabant.
1686 1500 1902 1554 Dehinc

302 1589 500 1644 amicis
517 1591 990 1661 persuadentibus
1004 1607 1068 1644 ac
1089 1591 1335 1645 maxime
1351 1591 1511 1661 jussu
1533 1588 1903 1661 imperatorio

306 1677 506 1745 sedati,
539 1680 898 1749 presenciam
939 1679 1146 1733 cesaris
1185 1678 1476 1750 utrimque
1516 1677 1909 1749 prestolaban-

307 1769 400 1822 tur
439 1776 554 1821 me.

2001 611 2150 666 nisse
2181 612 2255 665 ad
2285 629 2416 667 eum
2441 614 2730 687 principes
2757 634 2918 687 suos;
2953 623 3011 673 et
3037 620 3083 674 si
3111 622 3249 692 quid
3277 624 3416 680 boni
3444 629 3613 684 vellet

2002 699 2109 754 sibi
2141 701 2430 769 exhibere,
2458 719 2589 758 cum
2623 720 2825 760 eorum
2853 708 3093 764 consilio
3124 710 3375 768 libenter
3389 717 3609 788 accipe-

2001 791 2107 842 ret.
2142 788 2439 844 Mittuntur
2457 791 2701 847 invicem
2723 795 3005 862 nuntii,et
3033 797 3278 855 induciae
3289 809 3609 872 ponuntur.

2074 879 2162 931 36.
2196 877 2384 932 Caesar
2405 879 2640 935 interim
2657 883 2730 936 ad
2754 885 3354 958 Merseburgveniens,
3377 893 3607 949 certitu-

2001 964 2198 1021 dinem
2219 967 2303 1020 rei
2329 969 2498 1039 hujus
2513 973 2892 1042 exspectabat.
2909 975 2991 1029 lbi
3007 979 3137 1031 tunc
3165 979 3331 1034 multi
3355 980 3609 1038 latrones

1999 1071 2035 1108 a
2063 1055 2474 1125 gladiatoribus
2502 1060 2781 1131 singulari
2808 1066 3124 1122 certamine
3139 1069 3610 1145 devicti,suspen-

2001 1143 2094 1198 dio
2122 1145 2435 1215 perierunt.
2469 1149 2538 1202 Et
2575 1150 2984 1226 archiepiscopi
3031 1156 3166 1225 duo,
3209 1143 3608 1219 Erkanbaldus

2002 1241 2092 1275 1671
2119 1235 2267 1300 l9“)
2302 1238 2359 1289 et
2382 1236 2548 1304 Gero,
2581 1242 2638 1292 et
2661 1241 2930 1298 Arnulfus
2959 1246 3196 1302 antistes
3247 1265 3379 1304 cum
3402 1252 3604 1307 comti-

2000 1321 2105 1412 bus
2135 1321 2406 1412 Sigifrido
2423 1341 2488 1379 ac
2519 1327 2852 1385 Bernhardo
2872 1339 2966 1374 ωτι
2987 1335 3319 1408 caeterisque
3332 1339 3606 1412 principi-

2001 1409 2108 1464 bus
2129 1410 2292 1480 juxta
2315 1411 2545 1469 Mildam
2572 1416 2807 1472 ﬂuvium
2832 1423 3268 1491 qu’atuordecim
3299 1409 3418 1481 dies
3444 1409 3611 1483 sede-

2002 1497 2162 1566 bant,
2191 1500 2529 1557 Bolizlavum
2549 1521 2654 1574 per
2673 1505 3064 1564 internuntios
3083 1511 3295 1566 suimet
3323 1513 3396 1569 ad
3418 1515 3609 1571 Albim

2005 1588 2200 1642 venire
2212 1594 2483 1660 rogantes
2502 1593 2575 1646 ad
2596 1595 2946 1666 colloquium
2960 1615 2990 1652 a
3004 1615 3063 1652 se
3083 1600 3179 1654 diu
3199 1601 3609 1661 desideratum.

2008 1679 2077 1731 Et
2105 1677 2196 1732 hic
2224 1680 2361 1733 tunc
2385 1683 2510 1734 erat
2543 1681 2786 1738 Sciciani
2839 1684 3011 1756 (912),
3056 1691 3114 1741 et
3153 1693 3214 1742 ut
3259 1690 3613 1762 legationem

2014 1767 2244 1834 audivit,
2286 1786 2345 1823 se
2376 1770 2448 1824 ob
2479 1770 2750 1826 timorem
2780 1773 3033 1829 hostium
3058 1777 3270 1833 suimet
3297 1779 3394 1835 illo
3417 1782 3614 1837 venire

374 1857 460 1909 35.
495 1855 555 1925 (f.
594 1858 738 1926 164.)
767 1859 934 1912 Anno
960 1856 1278 1911 Dominicaa
1311 1854 1726 1911 incarnationis
1756 1856 1913 1912 1017,
1935 1839 1985 1898 Β
2015 1857 2492 1913 dixitnullatenus
2509 1861 2822 1916 audere.Et
2835 1864 3021 1918 nuntii
3049 1865 3227 1932 :Quz’d
3237 1869 3308 1936 si,
3323 1869 3616 1941 inquiunt,

303 1945 570 1999 Kalendis
598 1946 852 2000 Januarii
885 1947 1028 2001 Gero
1060 1945 1519 2017 archiepiscopus
1539 1947 1698 2016 jussu
1732 1944 1915 2014 impe-

304 2034 512 2088 ratoris
558 2035 954 2089 Bernhardum
1019 2034 1418 2088 marchionem
1469 2033 1635 2088 nudis
1679 2032 1920 2105 pedibus

303 2123 774 2177 emendationem
791 2124 897 2177 sibi
909 2124 1348 2194 promittentem
1378 2124 1625 2195 suscepit
1651 2126 1709 2177 et
1731 2123 1924 2177 aaccle-

304 2211 401 2266 size
418 2213 784 2283 presentavit,
800 2213 998 2266 solutis
1017 2213 1288 2267 omnibus
1302 2214 1512 2268 bannis
1527 2214 1597 2267 ab
1610 2230 1676 2267 eo
1712 2213 1924 2284 inposi-

304 2302 375 2355 tis
408 2309 522 2355 ιδοτ.
558 2302 878 2372 Imperator
906 2319 939 2355 a
967 2302 1196 2368 Palithi,
1255 2302 1352 2356 ubi
1396 2302 1704 2356 celebravit
1728 2303 1920 2357 natale

304 2389 556 2455 Domini,
591 2390 786 2442 exiens
806 2398 920 2456 1668,
943 2389 1003 2442 in
1022 2390 1246 2444 Altstidi
1281 2391 1651 2461 epiphaniam
1685 2391 1916 2445 Domini

304 2477 702 2548 sollempniter
727 2478 972 2548 peregit,
997 2481 1054 2532 et
1090 2479 1150 2532 in
1181 2495 1341 2532 sacra
1372 2483 1538 2534 nocte
1571 2481 1772 2534 eadem
1822 2488 1916 2521 1°69

306 2565 648 2619 Frithericus
681 2583 893 2632 comes,
928 2567 1111 2620 fidelis
1159 2567 1381 2622 Christo
1436 2571 1492 2622 et
1534 2568 1748 2622 seniori
1791 2584 1913 2635 suo,

307 2654 451 2708 obiit
479 2655 539 2707 in
569 2654 791 2708 civitate
821 2672 922 2709 sua
952 2657 1147 2727 llburg
1177 2656 1346 2710 dicta.
1397 2657 1494 2710 Hic
1525 2657 1661 2728 quia
1690 2658 1916 2728 sapiens

308 2748 432 2797 erat
462 2747 518 2797 et
542 2744 649 2798 sibi
698 2745 877 2798 ﬁnem
918 2745 1088 2815 hujus
1134 2745 1260 2799 vitae.
1299 2746 1422 2816 jam
1455 2747 1916 2817 appropinquare

307 2833 598 2899 cernebat,
630 2833 945 2904 predictam
985 2834 1274 2888 civitatem
1316 2834 1507 2888 fratris
1532 2835 1741 2888 suimet
1768 2835 1916 2903 (910)

309 2920 448 2988 ﬁlio,
479 2921 716 2975 nomine
740 2921 1057 2989 Thiedrico,
1109 2938 1177 2975 ea
1226 2922 1452 2976 racione
1479 2922 1653 2989 dedit,
1696 2927 1757 2976 ut
1785 2938 1918 2976 cum

2017 1949 2240 2001 seniores
2270 1951 2440 2001 nostri
2472 1949 2542 2002 ad
2577 1951 2788 2019 nigram
2819 1955 3035 2006 veniunt
3073 1953 3334 2024 Elstram,
3365 1958 3504 2030 quid
3526 1960 3618 2030 fa-

2022 2034 2140 2091 cis?
2169 2037 2238 2089 Et
2281 2035 2404 2089 ille:
2455 2035 2568 2091 Nec
2589 2045 2806 2108 pontem
2835 2041 2994 2107 hunc,
3029 2041 3176 2113 inﬁt,
3199 2052 3456 2115 preterzre
3481 2048 3618 2103 volo.

2022 2123 2248 2177 Talibus
2287 2123 2448 2178 dictis
2501 2124 2712 2179 reversi
2769 2131 2921 2192 sunt,
2969 2129 3334 2205 dominisque
3375 2143 3470 2178 1m
3500 2136 3623 2191 haec

2025 2211 2224 2265 omnia
2237 2211 2585 2266 intimabant
2599 2212 2731 2268 suis.
2746 2215 3066 2286 Imperator
3076 2222 3271 2275 autem
3283 2223 3629 2293 puriﬁcatio-

2025 2316 2158 2353 nem
2185 2302 2396 2354 sanctaa
2419 2300 2518 2354 Dei
2558 2301 2853 2372 genitricis
2881 2305 3180 2362 nobiscum
3206 2310 3476 2366 celebrat.
3494 2314 3631 2368 Post

2021 2387 2169 2442 hanc
2186 2388 2436 2460 episcopi
2458 2393 2515 2442 et
2533 2389 2772 2444 comites
2791 2391 2864 2446 ob
2879 2397 3276 2467 contemptum
3294 2399 3628 2456 Bolizlavise

2019 2477 2270 2531 fallentis
2291 2476 2480 2530 tristes
2497 2477 2899 2544 adveniebant,
2914 2483 2971 2534 et
2989 2480 3354 2553 imperatoris
3370 2491 3631 2544 mentem

2018 2565 2230 2636 apertis
2261 2565 2646 2635 legationibus
2673 2566 3007 2623 incendunt.
3041 2570 3122 2624 lbi
3172 2575 3308 2627 tunc
3340 2575 3411 2629 de
3437 2575 3633 2634 futura

2020 2652 2382 2724 expeditione
2435 2657 2728 2721 tractatur,
2786 2659 2844 2709 et
2885 2656 3070 2712 ﬁdelis
3111 2660 3353 2734 quisque
3383 2663 3456 2719 ad
3480 2665 3631 2720 hanc

2020 2740 2316 2811 preparari
2345 2749 2436 2782 1³η
2461 2746 2751 2809 monetur,
2781 2746 2838 2797 et
2867 2748 2928 2798 ut
2959 2747 3104 2800 ullus
3130 2748 3284 2803 intra
3304 2766 3408 2806 nos
3435 2755 3494 2806 et
3524 2770 3630 2824 pu-

2018 2828 2233 2882 blicum
2266 2829 2489 2883 hostem
2518 2829 2788 2901 deinceps
2812 2831 3132 2888 mitteretur
3154 2837 3390 2892 nuntius
3431 2840 3517 2894 vel
3536 2857 3632 2895 su-

2019 2915 2352 2986 sciperetur,
2389 2916 2634 2970 ﬁrmiter
2675 2918 2746 2971 ab
2781 2924 3021 2990 augusto
3047 2920 3105 2991 (f.
3140 2924 3261 2994 165)
3291 2926 3636 2995 prohibetur

310 3009 476 3064 laude
500 3025 619 3076 sua,
644 3010 778 3081 quia
820 3011 986 3063 heres
1008 3010 1218 3063 suimet
1247 3010 1354 3063 fuit
1370 3013 1426 3063 et
1445 3010 1610 3064 aliter
1640 3010 1746 3064 hoc
1776 3010 1918 3082 legi-
2023 3011 2136 3063 ηπ.
2166 3004 2366 3076 etquis
2383 3004 2491 3058 hoc
2507 3005 2783 3059 hactenus
2805 3023 2976 3078 agere
2997 3014 3631 3088 presumeret,diligen-

310 3099 452 3152 time
482 3097 604 3151 fieri
631 3115 750 3152 non
775 3099 981 3169 potuit,
1008 3099 1206 3152 liceret
1223 3098 1332 3152 sibi
1365 3098 1546 3152 tribus
1567 3098 1680 3152 suis
1699 3099 1920 3153 ﬁliabus
1944 3096 1991 3156 C
2024 3097 2112 3147 ter
2142 3091 2470 3163 inquiritur.
2903 3103 2910 3110 ‘

311 3186 576 3256 predium
607 3202 800 3253 omne,
843 3187 998 3258 quod
1027 3187 1326 3254 remansit,
1359 3187 1604 3240 tradere.
1626 3187 1797 3257 Hujus
1828 3203 1923 3241 co-

310 3274 580 3330 mitatum
597 3278 831 3346 etsuper
845 3273 1033 3328 Siusili
1046 3291 1259 3346 pagum
1289 3277 1628 3347 potestatem
1652 3275 1746 3329 ille
1759 3275 1921 3329 Thie-

312 3361 502 3416 dricus
547 3361 889 3432 inperatoris
937 3379 1178 3417 munere
1229 3367 1357 3433 post
1403 3372 1495 3405 1669
1532 3364 1795 3434 suscepit.
1831 3364 1917 3417 Fit

310 3450 570 3522 publicus
584 3451 911 3523 principum
930 3452 986 3505 in
1000 3452 1224 3505 Altstidi
1246 3456 1560 3506 conventus
1583 3470 1595 3519 ;
1625 3453 1774 3506 inter
1785 3453 1918 3506 Ber-

313 3539 601 3594 nhardum
614 3540 1011 3594 marchionem
1025 3544 1081 3593 et
1091 3540 1501 3612 patruimemet
1513 3540 1918 3612 filioslitigium

313 3644 444 3681 cum
459 3628 870 3682 emendatione
886 3629 993 3682 sibi
1008 3634 1238 3700 accepta
1253 3633 1308 3683 et
1313 3630 1645 3699 juramento
1664 3629 1922 3699 paciﬁca-

313 3721 434 3770 tum
449 3719 551 3769 est.
568 3716 1090 3771 InterThiedricum
1109 3717 1424 3770 antistitem
1447 3721 1504 3770 et
1518 3717 1921 3772 Hirimannum

313 3805 590 3858 comitem
611 3804 936 3858 inimiciciaz
956 3805 1051 3858 diu
1069 3809 1301 3872 exortae,
1323 3809 1379 3858 et
1393 3805 1612 3872 odium,
1634 3806 1788 3876 quod
1801 3809 1926 3871 erat

312 3894 466 3947 inter
494 3892 884 3963 Eggihardum
917 3897 974 3946 et
987 3895 1323 3960 confratres,
1347 3894 1558 3948 Udonis
1574 3895 1720 3948 ﬁlios
1737 3895 1924 3948 senio-

313 3981 413 4049 ris,
441 3998 619 4053 usque
652 3981 712 4034 in
751 3982 955 4035 tercias
981 3981 1239 4036 Octobris
1253 3983 1644 4063 Kalendas1670
1661 3983 1926 4053 abimpe-

316 4075 507 4126 ratore
555 4071 813 4125 sedatum
880 4075 982 4126 est.
1030 4072 1111 4126 lbi
1168 4073 1343 4126 etiam
1395 4072 1659 4144 promisit
1715 4069 1924 4125 Geroni

316 4160 745 4231 archiepiscopo
778 4161 1140 4215 Bernhardus
1172 4161 1428 4215 marchio
1459 4164 1562 4216 500
1593 4160 1817 4231 argenti
1841 4163 1922 4213 ta-

315 4249 470 4302 lenta
496 4266 600 4320 pro
628 4249 863 4320 dampni
891 4249 1423 4320 recompensatione
1478 4249 1662 4303 inlati.
1696 4249 1925 4318 Optima

317 4354 558 4408 quaeque
586 4337 901 4408 imperator
930 4338 1008 4392 ibi
1030 4338 1128 4392 diu
1153 4341 1516 4392 conversatus
1534 4337 1687 4394 fecit.
1715 4337 1801 4390 Fit
1817 4353 1925 4408 pax

2089 3184 2175 3235 37.
2211 3180 2425 3234 Dehinc
2447 3181 2812 3253 imperatora
2830 3184 2996 3239 nobis
3009 3186 3394 3259 proficiscens,
3431 3192 3635 3250 adMa—

2021 3269 2322 3341 gadaburg
2350 3270 2507 3324 venit
2535 3272 2650 3342 (an.
2687 3275 2844 3340 1017,
2871 3272 3033 3330 Febr.
3059 3277 3133 3346 9),
3163 3293 3381 3349 magno
3417 3280 3638 3341 ibidem

2022 3365 2314 3429 susceptus
2347 3359 2585 3413 honore.
2613 3361 2850 3415 Postera
2867 3363 3016 3431 luce,
3044 3364 3103 3419 id
3127 3369 3213 3420 est
3237 3367 3532 3426 dominica
3552 3371 3644 3428 die

2023 3445 2204 3517 (Febr.
2243 3447 2494 3519 lO),quia
2522 3449 2943 3520 septuagesima
2960 3454 3098 3507 tunc
3119 3452 3642 3525 instabat,carnem

2023 3534 2289 3605 deposuit
2325 3538 2468 3604 913).
2499 3536 2567 3589 Et
2589 3535 2649 3589 in
2679 3541 2712 3592 2
2743 3537 2889 3592 feria
2921 3538 3098 3610 (Febr.
3136 3545 3219 3613 12)
3261 3545 3643 3619 archiepisco-

2022 3638 2127 3693 pus
2157 3624 2440 3696 capellam
2473 3625 3010 3696 septemtrionalem
3039 3629 3354 3700 benedixit,
3373 3641 3644 3706 presente

2023 3711 2392 3781 imperatore.
2419 3713 2481 3765 ln
2509 3712 2775 3783 proxima
2792 3717 2986 3769 autem
3009 3715 3100 3770 die
3125 3718 3642 3781 oriturcommocio

2023 3799 2174 3853 inter
2191 3799 2376 3854 socios
2389 3800 2822 3855 archiantistitis
2843 3805 2900 3856 et
2922 3804 3240 3861 Bernhardi
3261 3810 3633 3882 marchionis,

2025 3903 2152 3958 qua:
2185 3887 2305 3941 sine
2328 3887 2582 3959 periculo
2610 3888 2841 3944 sedatur
2862 3893 2919 3944 et
2948 3891 3215 3964 episcopo
3240 3895 3556 3954 honoriﬁce
3573 3901 3642 3954 ﬁ-

2025 3976 2201 4030 nitur.
2231 3976 2597 4031 Conveniunt
2615 3976 2830 4033 ibidem
2855 3979 3009 4034 fures
3014 3980 3644 4056 jussuimperatoris,et

2026 4082 2060 4119 a
2087 4064 2597 4137 congredientibus
2615 4065 2838 4134 devicti,
2873 4067 3078 4140 laqueo
3111 4071 3437 4127 traduntur.
3470 4075 3641 4132 Multa

2025 4155 2267 4208 salutem
2297 4154 2499 4224 patria:
2526 4155 2874 4226 respicentia
2901 4156 3118 4212 ibidem
3151 4159 3451 4215 ﬁniuntur.
3499 4164 3640 4220 Inde

2024 4243 2328 4298 Gunterius
2360 4250 2455 4285 ητα
2485 4259 2795 4298 conversus
2823 4260 2993 4299 causa
3013 4246 3278 4302 Liuticios
3298 4249 3638 4322 predicandi

2027 4332 2126 4386 ivit
2158 4339 2251 4373 1°71
2283 4334 2456 4402 (914).
2484 4331 2597 4386 Sed
2625 4347 2755 4386 cum
2774 4349 2884 4404 ego
2907 4335 3088 4390 multa
3111 4352 3244 4409 sepe
3267 4341 3498 4410 questus
3528 4340 3640 4398 sim

318 4425 470 4479 inter
501 4427 893 4481 Gevehardum
915 4427 1414 4480 etWillehelmum
1442 4426 1700 4480 comites.
1730 4425 1922 4480 Nuntii
1950 4441 2004 4500 D
2029 4419 2362 4492 imperatori
2396 4419 2465 4473 de
2498 4423 2662 4490 parte
2689 4421 2930 4475 meimet
2951 4424 3266 4492 parrochiae
3288 4426 3361 4482 ab
3382 4429 3640 4485 agcclesia

319 4513 389 4566 de
423 4515 583 4568 Italia
609 4515 716 4568 huc
729 4515 1021 4568 venientes
1033 4514 1439 4585 gratulabundi
1456 4514 1527 4568 ad
1539 4531 1639 4568 sua
1660 4514 1920 4568 redeunt.

319 4603 432 4656 lter
463 4603 822 4674 imperatoris
852 4620 915 4658 ac
967 4602 1324 4658 occidentem
1351 4604 1689 4676 dispositum
1721 4604 1794 4659 ob
1820 4604 1925 4659 viae

318 4691 685 4764 asperitatem
710 4692 949 4747 dilatum
980 4694 1082 4748 est.
1124 4692 1182 4763 (f.
1235 4692 1368 4764 164’)
1424 4694 1740 4764 Imperator
1791 4694 1920 4761 hoc,

2023 4508 2290 4566 Misnensi
2324 4507 2532 4579 injuste
2559 4508 2750 4563 ablata
2767 4512 2823 4563 et
2845 4509 3068 4582 scriptis
3086 4513 3369 4584 restituta,
3388 4533 3638 4592 cumque

2025 4600 2180 4654 bona
2209 4597 2341 4652 inde
2373 4596 2517 4650 mihi
2565 4596 2864 4668 profutura
2907 4616 3224 4671 sperarem,
3258 4604 3425 4660 aliter
3459 4623 3638 4680 quam

2025 4693 2180 4744 ratus
2218 4687 2328 4742 sim
2358 4687 2465 4742 hoc
2512 4685 2740 4742 evenire
2785 4689 3226 4760 cognoscebam.
3272 4693 3530 4769 Namque
3573 4697 3634 4754 in

1639 4835 1870 4894 VARI/E
1919 4837 2206 4894 LECTION
2216 4834 2316 4894 ES.

397 4974 491 5010 1653
522 4960 734 5020 diviciis
765 4967 847 5018 la.
928 4959 1020 5005 ηϐι

1053 4976 1191 5034 quas
1231 4962 1277 5016 l.

323 5037 583 5111 inpositis
611 5036 734 5111 add:
774 5035 856 5111 lb.

323 5214 393 5224 —
429 5181 528 5237 ivit
555 5180 684 5237 add.
719 5178 801 5234 lb.

971 4971 1020 5004 και
1053 4976 1191 5034 quas
1231 4962 1277 5016 l.
1392 4967 1485 5003 1m
1507 4959 1565 5013 in
1596 4959 1705 5014 hoc
1734 4959 1857 5015 add.
1897 4959 1978 5015 lb.
2075 4966 2167 5000 Im
2206 4959 2282 5012 ita
2320 4959 2390 5010 Α.
2423 4959 2484 5010 S.
2520 4959 2928 5026 prestohantur
2951 4960 3000 5015 1.
3092 4965 3187 5002 1°67
3224 4959 3368 5016 mill.
3399 4962 3532 5019 XVII
3562 4992 3628 5006 —-

971 5042 1063 5076 ωδε
1094 5033 1326 5104 exigens
1354 5035 1420 5104 l.
1482 5039 1575 5073 1669
1606 5030 1729 5084 add.
1765 5031 1849 5085 lb.
1927 5037 2021 5073 107°
2047 5029 2162 5084 cias
2192 5031 2303 5082 oct.
2338 5027 2420 5104 kl._
2451 5025 2806 5104 inhlocoraso
2841 5027 2923 5082 lb.
2946 5098 2958 5104 _
3002 5037 3095 5072 1⁸⁷1
3138 5031 3514 5088 erkinbaldus
3542 5037 3628 5090 la.

324 5097 418 5154 16τῖ
445 5126 510 5163 ac
539 5109 596 5163 b.
624 5106 748 5162 add.
781 5107 865 5165 lb.
943 5113 1038 5148 1673
1064 5097 1329 5174 que'add.
1370 5103 1452 5158 lb.
1535 5110 1628 5146 mc
1661 5117 1972 5174 preparare
2009 5107 2093 5157 la.
2173 5107 2266 5142 1⁵⁷³
2297 5097 2625 5169 prohibitur
2661 5100 2711 5154 l.

2075 4966 2167 5000 mea
2206 4958 2282 5012 ita
2320 4955 2390 5010 Α.
2423 4953 2484 5010 S.
2520 4950 2928 5026 prestobantur
2951 4960 3000 5015 1.

3092 4965 3187 5002 1⁸⁸7
3224 4959 3368 5016 mill.
3399 4962 3532 5019 XVII
3562 4992 3631 5006 -ο

2819 5106 2914 5141 ητα
2943 5098 2961 5155 i
2991 5117 3199 5156 erasum
3228 5106 3277 5156 1.
3354 5111 3448 5145 1°77
3489 5104 3629 5162 Inde

1887 5243 2113 5303 NOTAE.

419 5371 545 5429 909)
571 5363 1027 5427 Monasteriensis
1068 5365 1199 5423 add.
1259 5370 1412 5422 Ann.
1464 5365 1653 5421 Saxo..
1684 5381 1736 5419 a.
1774 5367 1928 5420 1017.

419 5375 522 5429 909
571 5371 1027 5427 Monasteriensis
1068 5371 1199 5423 add.
1259 5371 1412 5422 Ann.
1464 5371 1653 5421 Saxo..
1684 5381 1736 5419 a.
1774 5371 1820 5420 1(

419 5371 545 5513 91οζ
579 5443 668 5498 Sc.
690 5441 826 5497 Dedi
859 5441 928 5495 de
954 5456 1068 5512 quo
1100 5457 1150 5495 v.
1183 5453 1352 5512 supra
1374 5439 1414 5506 l,
1437 5454 1510 5492 v1.
1540 5454 1588 5492 c.
1615 5440 1702 5503 33,
1735 5451 1820 5506 sq.

425 5518 548 5586 911)
573 5513 958 5586 Moguntinus.

427 5590 549 5652 912)
577 5586 636 5642 V.
673 5586 713 5644 l.
745 5601 818 5652 v1,
849 5600 898 5638 c.
929 5586 1021 5638 45.

407 5590 530 5660 [912
577 5590 636 5642 V.
673 5590 713 5644 l.
745 5601 818 5652 v1,
849 5600 898 5638 c.
929 5590 1021 5638 45.

407 5590 557 5739 (913)
607 5657 652 5719 Ι.
704 5672 757 5714 e.
806 5671 981 5714 carne
1027 5653 1174 5715 vesci
1220 5650 1407 5724 desiit,
1455 5650 1724 5732 jejunare
1763 5648 1934 5728 coepit

2033 5364 2249 5508 pagi”)
2279 5434 2445 5508 Conf:
2479 5432 2975 5508 Vitam-“Gunterii
3021 5433 3175 5508 apud
3221 5437 3516 5498 Canisium
3574 5444 3639 5506 in

2032 5505 2286 5563 Lection.
2325 5505 2506 5576 antiq.
2550 5508 2591 5559 t.
2648 5505 2738 5572 III,
2794 5521 2850 5576 p.
2910 5505 3145 5562 185-189
3199 5511 3256 5564 et
3299 5511 3438 5567 actis
3490 5505 3641 5572 Sana

2029 5580 2256 5654 etorum
2302 5577 2376 5634 ad
2421 5576 2622 5634 Octob.
2644 5577 2697 5635 9.
2756 5576 2899 5632 Item
2956 5577 3107 5635 Ann.
3165 5579 3320 5654 δεῖ..
3368 5599 3422 5645 a.
3475 5587 3613 5650 l006

2034 5649 2192 5712 1008.
