3994 6180
491 450 514 504 1
527 451 620 505 391
1481 435 1853 495 ΤΗΙΕΓΜΑΒΙ
1884 431 2068 494 EPISC

2142 438 2196 493 Pl
2231 433 2841 494 MERSEBURGENSIS
3617 449 3719 504 I392

485 568 754 624 cathedra
779 563 957 619 sancti
983 561 1156 629 Petri,
1190 577 1317 633 qua:
1364 563 1448 615 est
1495 561 1526 613 8
1559 558 1844 614 Kalendas
1884 555 2093 624 Marcii,
2117 561 2172 619 Α
2197 556 2518 613 necessaria
2549 556 2909 629 disputantur
2933 557 3094 630 (917).
3135 559 3446 632 Imperator
3477 561 3591 617 inde
3625 582 3723 636 pro-

485 673 617 712 cum
633 654 1183 724 sederetimperator
1199 652 1557 722 etpresentes
1570 646 1818 719 episcopi
1833 646 2096 700 adessent
2195 662 2442 718 gressus,
2475 646 2583 700 hoc
2615 647 2854 713 malum,
2885 646 3040 718 quod
3084 645 3320 718 predixi,
3353 649 3591 721 primitus
3610 669 3726 708 com-

485 745 650 810 Gero,
686 742 1067 807 Meinwercus,
1117 739 1282 809 Wigo
1333 741 1391 791 et
1437 736 1631 791 Ericus
1673 739 1731 790 et
1763 734 2091 800 Eilwardus,
2193 735 2443 804 periens,
2479 734 2550 788 de
2589 735 2778 789 futura
2812 735 3252 806 perturbacione
3281 737 3535 793 sollicitus
3554 740 3654 794 fuit.
3681 743 3723 795 ln

480 822 2094 894 surrexietlamentationemmeamfeci.Tuncimperator
2189 820 2285 877 illo
2311 822 2524 876 vernali
2565 826 2830 893 tempore
2878 828 2936 878 et
2977 823 3037 877 in
3083 825 3393 880 Bernhardi
3448 828 3728 883 marcbionis

482 923 540 975 et
575 917 993 984 archiantistes,
1019 934 1050 970 a
1077 915 1282 987 quibus
1328 914 1628 986 sperabam
1656 911 1951 976 auxilium,
1971 910 2089 980 jus-
2189 912 2474 980 potestate
2502 910 2757 964 nascitur
2786 911 2902 964 ovis
2931 927 3062 966 cum
3110 915 3140 965 5
3183 912 3453 967 cruribus.
3484 915 3538 968 In
3579 931 3727 970 mense

480 1012 677 1062 serunt
710 1007 875 1072 mihi,
908 1007 1056 1060 Deus
1083 1004 1187 1058 scit
1217 1003 1412 1068 invito,
1446 1002 1543 1073 qui
1562 1000 1670 1055 hiis
1691 999 1956 1053 resistere
1972 1014 2090 1051 non
2188 997 2367 1068 Aprili
2387 1003 2446 1052 et
2477 1001 2527 1052 6.
2567 999 2697 1052 Idus
2727 999 2975 1070 ejusdem
3006 1015 3135 1054 cum
3149 1000 3276 1070 jam
3297 1001 3649 1072 plenalunium
3668 1021 3729 1059 es-

477 1095 836 1168 praasumpsi,
870 1098 931 1148 ut
950 1091 1315 1165 parrochiam
1347 1092 1404 1144 in
1429 1088 1694 1144 orientali
1713 1090 1873 1160 parte
1908 1085 2089 1140 Mildae
2187 1089 2293 1151 set,
2325 1085 2464 1140 luna
2493 1102 2526 1140 a
2558 1087 2751 1140 multis
2771 1087 2887 1140 visa
2915 1091 3001 1141 est
3049 1091 3110 1141 ut
3139 1104 3286 1142 nova
3335 1097 3444 1155 m0,
3488 1091 3610 1144 hora
3648 1092 3731 1146 diei

482 1185 739 1240 ﬂuminis
761 1185 1080 1255 jacentem,
1119 1182 1173 1236 id
1201 1184 1286 1234 est
1315 1180 1372 1233 in
1401 1177 1748 1249 burgwardis
1779 1183 1875 1218 1°78
1894 1173 2090 1228 Bichni
2189 1173 2367 1228 tercia
2383 1174 2479 1227 diu
2496 1173 2740 1228 rutilans
2761 1182 2876 1229 1691.
2892 1175 3291 1247 Palmas(Apr.
3321 1179 3402 1240 14)
3428 1193 3517 1231 rex
3535 1179 3734 1233 celebrat

481 1278 540 1330 et
566 1275 773 1328 Vurcin
793 1271 1071 1326 Eilwardo
1093 1269 1491 1334 concederem,
1511 1271 1569 1320 et
1589 1281 1764 1336 quam
1793 1265 1886 1318 ille
1913 1263 1971 1317 in
1996 1279 2087 1317 oc-
2187 1259 2480 1331 Magoncia
2521 1270 2614 1304 im
2665 1265 2723 1317 et
2753 1263 2809 1316 in
2857 1263 3196 1333 lngilnenen
3243 1265 3469 1335 pascha,
3505 1270 3557 1319 et
3592 1266 3640 1320 in
3669 1267 3733 1320 his

479 1361 753 1417 cidentali
786 1361 908 1431 ripa
957 1364 1092 1413 tunc
1140 1365 1232 1400 1679
1287 1357 1528 1421 teneret,
1561 1355 1624 1426 (ἰ.
1662 1353 1784 1424 165)
1808 1351 1950 1407 mihi
1981 1353 2089 1406 hoc
2189 1349 2446 1420 partibus
2477 1350 2660 1420 magis
2682 1351 2997 1405 honorifice
3031 1369 3095 1406 ac
3125 1354 3451 1423 potestative
3474 1370 3733 1426 numquam

484 1466 804 1521 numquam
821 1445 1167 1502 desideranti
1184 1445 1556 1514 relinqueret.
1592 1441 1652 1495 Id
1685 1439 2089 1495 concambium
2188 1437 2298 1491 fuit
2327 1446 2437 1491 im.
2473 1439 2540 1491 Et
2564 1439 2698 1509 quia
2728 1439 2801 1492 ob
2833 1443 3055 1493 tantam
3093 1441 3565 1513 sollempnitatem
3612 1443 3734 1512 (Apr.

482 1538 700 1593 baculis
725 1536 1079 1590 ﬁrmavimus
1107 1532 1338 1587 mutuis.
1369 1531 1665 1584 Testiﬁcor
1679 1545 1874 1583 coram
1898 1530 2012 1582 Deo
2035 1530 2091 1581 et
2190 1526 2769 1596 2l)maximaibidem
2788 1526 2941 1581 finiri
2965 1537 3059 1570 ίσοι
3073 1546 3187 1583 non
3203 1533 3482 1600 poterant,
3496 1529 3558 1583 ad
3570 1532 3736 1600 Aquas-

485 1625 758 1680 omnibus
785 1624 993 1678 sanctis
1014 1623 1155 1692 ejus,
1189 1621 1244 1674 id
1277 1619 1430 1692 quod
1454 1617 1746 1672 residuum
1777 1617 1904 1683 fuit,
1954 1620 2090 1670 tunc
2191 1614 2356 1685 grani
2388 1614 2622 1685 ponitur
2651 1619 2982 1683 conventus,
3015 1619 3072 1670 et
3100 1621 3237 1671 tunc
3275 1618 3388 1672 illic
3409 1634 3529 1672 cum
3552 1619 3737 1672 consilio

486 1715 644 1768 nullo
673 1713 846 1766 modo
879 1709 1179 1781 dereliqui.
1209 1708 1378 1763 Jussit
1407 1723 1633 1778 quoque
1654 1706 1989 1777 imperator,
2031 1708 2093 1758 ut
2191 1701 2475 1757 Heriberti
2505 1703 2902 1774 archipresulis
2925 1704 3291 1759 Thiedricum
3323 1702 3606 1760 Metensem
3649 1706 3737 1777 epi-

484 1802 643 1855 villas
674 1809 766 1844 1680
797 1803 928 1866 tres;
963 1815 1091 1870 quae
1143 1797 1246 1851 sub
1294 1796 1568 1867 praedicto
1629 1799 1796 1850 erant
1826 1794 2092 1866 episcopo
2194 1808 2428 1862 scopum
2447 1795 2505 1846 et
2523 1792 2851 1846 Heinricum
2873 1792 3110 1847 fratrem
3135 1795 3255 1864 ejus
3286 1795 3536 1866 placavit.
3571 1795 3740 1864 Regina

487 1889 858 1944 Hirimannus
880 1887 1137 1941 marchio
1177 1888 1276 1939 aut
1302 1884 1562 1938 Misnensi
1593 1885 1860 1938 (ecclesiae
1905 1900 2093 1938 sacra-
2129 1875 2388 1934 Bautem
2420 1888 2513 1921 1m
2538 1896 2572 1933 a
2595 1880 3054 1934 Froncanavordi
3079 1898 3113 1935 a
3131 1897 3327 1935 cesare
3341 1882 3624 1942 discedens,
3643 1896 3741 1934 cum

487 1981 686 2034 mento
718 1977 991 2031 retineret
1027 1978 1126 2028 aut
1155 1973 1297 2028 mihi
1319 1973 1604 2028 redderet.
2193 1969 2927 2040 adlocum,quiCapungun
2941 1969 3167 2036 dicitur,
3191 1971 3434 2038 veniret,
3454 1971 3742 2033 inﬁrmatur,

562 2068 646 2120 38.
677 2065 890 2120 Eodem
922 2064 1013 2118 die
1050 2064 1370 2132 imperator
1386 2065 1444 2116 et
1461 2061 1792 2115 contectalis
1808 2077 1908 2114 sua
1937 2078 1971 2115 a
1995 2063 2096 2115 Ge-
2195 2061 2252 2110 et
2299 2057 2375 2111 ibi
2402 2061 2540 2110 tunc
2569 2058 2686 2112 Deo
2716 2059 3001 2128 promisit,
3045 2075 3104 2112 se
3135 2058 3205 2112 ad
3231 2059 3461 2113 laudem
3487 2060 3743 2128 ejusuuum

488 2170 633 2208 rone
665 2152 1092 2225 archiepiscopo
1119 2151 1350 2222 magnis
1363 2149 2090 2205 honoranturmuneribus.
2193 2145 2473 2200 facturam
2496 2146 2913 2200 monasterium
2937 2155 3051 2200 1m.
3081 2146 3191 2202 Sed
3214 2147 3373 2218 quod
3413 2147 3660 2200 interhtec
3678 2161 3744 2198 ac-

489 2242 865 2314 Crastinoque
897 2249 988 2283 κει
1023 2240 1198 2313 (Febr,
1226 2240 1314 2308 24)
1370 2238 1507 2292 inde
1558 2242 1883 2308 pergentes,
1921 2238 2097 2293 tercia
2195 2232 2352 2299 cidit,
2375 2233 2484 2286 hiis
2512 2233 2738 2287 adnecti
2772 2242 2862 2276 i697
2891 2234 3046 2288 haud
3072 2235 3459 2306 incongruum
3487 2238 3577 2288 est.

489 2332 602 2399 die,
630 2332 690 2386 id
713 2335 799 2385 est
827 2329 1136 2394 dominica,
1170 2329 1241 2382 ad
1294 2327 1628 2381 Halverstidi
1681 2329 2092 2397 pervenerunt;
2265 2325 2362 2380 40.
2421 2323 2480 2374 lu
2527 2321 2667 2376 urbe
2704 2322 3252 2393 Parthenopolitana
3304 2323 3430 2378 dua:
3473 2337 3749 2377 consorores

491 2433 634 2488 quos
656 2417 734 2471 ibi
757 2417 1026 2470 Arnulfus
1048 2415 1234 2484 presul
1260 2413 1568 2483 magniﬁce
1590 2411 1856 2482 suscepit,
1879 2415 1937 2467 et
1959 2413 2098 2467 duas
2197 2409 2379 2478 fuere,
2413 2426 2656 2481 quarum
2695 2410 2856 2480 prior
2882 2411 3102 2465 Alwred
3145 2415 3202 2466 et
3237 2412 3440 2482 junior
3485 2408 3750 2480 lrmingerd

491 2507 690 2559 noctes
719 2519 913 2557 secum
939 2510 1034 2544 i679
1061 2502 1286 2566 habuit;
1313 2504 1339 2554 3
1361 2501 1503 2554 feria
1525 2501 1597 2554 ad
1619 2499 2099 2571 Quidilingeburg
2200 2498 2513 2555 dicebatur.
2543 2499 2744 2553 Ambae
2773 2499 3087 2553 admodum
3106 2500 3169 2563 (f.
3196 2501 3321 2571 166)
3341 2499 3621 2554 laudabilis
3637 2497 3750 2558 vitae,

490 2590 754 2662 profecti,
787 2591 860 2644 ab
875 2589 1180 2644 Ethelhida
1200 2588 1511 2642 venerabili
1533 2588 1819 2644 abbatissa
1841 2605 1957 2643 non
1988 2590 2096 2642 mi-
2200 2604 2316 2641 non
2349 2603 2475 2641 cum
2493 2587 2710 2642 caeteris
2722 2588 3254 2643 sanctimonialibus
3279 2588 3662 2650 conversando,
3679 2585 3751 2639 sed

493 2679 622 2733 nori
655 2678 842 2750 gloria
870 2680 1168 2732 ornantur.
1205 2677 1422 2740 Quarta
1462 2675 1554 2730 die
1592 2678 2008 2733 monasterium
2036 2677 2094 2730 in
2197 2675 2565 2747 singulariter
2600 2675 2659 2729 in
2689 2676 2962 2743 ascclesia,
2997 2694 3124 2748 quae
3173 2677 3445 2732 Rotunda
3493 2675 3752 2736 dicebatur,

492 2765 832 2820 occidentali
861 2768 1062 2820 monte
1093 2764 1266 2818 situm
1309 2772 1424 2830 1°79,
1482 2764 1578 2818 ubi
1625 2781 1832 2835 sponso
1884 2765 2096 2821 caelesti
2199 2763 3755 2835 Christoejusquedilectaegenitricisedulumexhibebant

489 2853 959 2909 sanctimoniales
989 2852 1328 2908 monachico
1362 2861 1454 2894 ’68!
1481 2852 1681 2906 habitu
1719 2854 1990 2921 serviunt,
2024 2854 2096 2908 ab
2197 2851 2558 2924 obsequium.
2591 2853 2793 2906 Junior
2810 2855 3002 2907 autem
3025 2853 3380 2908 exteriorum
3417 2855 3596 2908 lumen
3614 2849 3758 2905 oculo.

485 2941 726 2996 Arnulfo
758 2941 1012 2994 antistite
1037 2943 1304 3012 presente
1340 2943 1582 3011 augusto
1605 2940 1932 2996 dedicatum
1953 2945 2038 2995 est
2066 2943 2096 2995 3
2196 2957 2328 2996 rum
2341 2940 2610 3012 perdens,
2641 2940 2900 2994 interiori
2914 2941 3049 2995 acia;
3063 2939 3757 3012 eternofruitursplendore,

486 3029 976 3084 KalendasMarcii
997 3027 1495 3100 (9l5),auxiliante
1509 3045 1640 3082 eum
1659 3029 1732 3083 ad
1752 3030 1859 3084 hoc
1873 3030 2096 3084 Gerone
2200 3033 2258 3083 et
2296 3045 2414 3083 non
2445 3029 2617 3098 longe
2650 3032 2778 3098 post
2802 3029 2874 3083 ad
2904 3028 3151 3099 patriam
3193 3046 3428 3102 semper
3475 3031 3698 3102 optatam
3735 3025 3758 3077 6

487 3117 917 3188 archiepiscopo
949 3117 1285 3187 caeterisque
1325 3116 1710 3170 confratribus
1744 3116 1928 3188 (Febr.
1981 3116 2094 3187 27).
2130 3133 2176 3191 ί]
2199 3117 2326 3171 ldus
2343 3116 2899 3171 Februariitransiit.
2925 3117 3098 3188 Hujus
3136 3119 3336 3172 senior
3355 3133 3618 3190 germana
3640 3113 3762 3184 nepti

488 3205 572 3260 lbi
602 3208 739 3259 tunc
788 3204 1110 3275 imperator
1141 3205 1420 3258 talentum
1453 3203 1577 3258 auri
1605 3204 1762 3258 dedit
1791 3205 1863 3259 ad
1895 3205 2094 3258 altare.
2197 3224 2313 3262 suae
2340 3207 2537 3261 innixa
2569 3213 2662 3248 1698
2694 3205 3131 3273 Fritherunaa,et
3159 3207 3368 3262 crebro
3399 3207 3607 3261 amissaa
3640 3217 3761 3258 soro-

488 3293 630 3348 Inde
669 3296 805 3346 tunc
834 3295 1105 3363 percepta
1139 3308 1173 3345 a
1203 3294 1374 3362 nepte
1404 3308 1505 3346 sua
1529 3292 1765 3347 caritate
1795 3309 2011 3364 magna
2025 3292 2099 3347 ad
2198 3295 2274 3349 ris
2302 3298 2359 3349 et
2385 3287 2621 3348 assiduae
2660 3293 3012 3348 infirmitatis
3041 3294 3240 3349 dolore
3272 3296 3560 3361 deficiens,
3587 3293 3652 3347 nil
3683 3290 3762 3344 nisi

489 3380 951 3435 Goslerriamim
975 3379 1333 3432 tendensm‘
1350 3379 2102 3445 villam,ibidem43edebat
2203 3385 2268 3438 14
2293 3383 2648 3437 ebdomadas
2679 3387 2736 3437 et
2786 3387 2901 3437 tres
2949 3383 3068 3437 dies
3121 3385 3434 3455 supervixit
3475 3385 3626 3452 (918).
3668 3381 3764 3434 Hac

488 3467 838 3522 ebdomadas
869 3475 991 3533 ιοεδς
1030 3467 1176 3520 hanc
1205 3467 1363 3520 enim
1394 3469 1530 3520 tunc
1569 3467 1815 3520 multum
1857 3468 2102 3522 excoluit
2200 3471 2386 3544 pridie
2418 3480 2513 3514 im
2543 3488 2716 3542 quam
2739 3471 2926 3525 carnis
2963 3471 3221 3526 debitum
3243 3473 3593 3543 persolveret
3620 3471 3666 3524 in
3691 3484 3765 3522 ex-

491 3563 606 3608 im.
649 3555 717 3607 Et
755 3553 889 3623 quia
920 3557 1055 3608 tunc
1080 3553 1535 3625 Quadragesima
1562 3553 1692 3622 fuit,
1724 3571 1851 3626 quae
1878 3555 2100 3611 Christo
2199 3577 2358 3616 cessu
2393 3560 2606 3616 mentis
2649 3559 2869 3628 effecta,
2925 3559 2984 3614 in
3044 3562 3401 3633 presentiam
3459 3563 3652 3616 sancta:
3691 3555 3764 3612 Dei

492 3641 839 3714 oportebant
858 3644 916 3695 et
935 3642 1124 3696 seculo
1146 3641 1205 3696 in
1220 3641 1416 3696 multis
1430 3643 1750 3698 necessaria
1763 3647 1949 3712 erant,
1965 3661 2100 3716 ope-
2201 3649 2491 3721 genitricis
2508 3649 2698 3703 delata
2719 3652 2822 3716 est,
2854 3649 2953 3703 ubi
2979 3650 3342 3722 Taginonem
3374 3653 3434 3706 et
3461 3646 3760 3704 Walterdum

489 3729 856 3785 raristuduit.
887 3729 2102 3802 PosthaacBertoldus,Liuthariifilius,cum
2202 3738 2660 3809 archiepiscopos
2710 3741 2768 3792 et
2817 3737 3048 3792 Eidum
3086 3741 3380 3810 presulem
3421 3735 3760 3795 venerandum

493 3819 610 3874 suis
646 3818 967 3874 fautoribus
1007 3819 1211 3873 urbem
1261 3819 1534 3874 Munnam
1583 3820 1854 3875 Kalendis
1894 3821 2106 3893 Aprilis
2203 3842 2418 3897 magno
2445 3826 2699 3881 lucentes
2729 3826 2948 3882 honore
2993 3827 3099 3881 sibi
3147 3828 3454 3900 indulgere
3481 3821 3765 3900 promeruit.

494 3907 776 3964 conducto
811 3906 1044 3961 custode
1092 3906 1338 3962 diluculo
1361 3906 1518 3978 (Apr.
1546 3911 1566 3962 1
1601 3908 1823 3963 intrans
1854 3908 1918 3981 (f.
1957 3909 2102 3982 166),
2206 3914 2485 3986 Cognovit
2514 3931 2741 3986 quoque
2773 3914 2987 3969 ibidem
3009 3917 3353 3970 materteras
3369 3915 3599 3971 Gerouis
3625 3909 3766 3966 archi-

496 3994 822 4050 Baldricum
856 4003 972 4062 1m,
995 3994 1327 4066 Wigmanni
1355 3995 1584 4050 comitis
1605 3996 1868 4051 inclitum
1899 3997 2108 4052 satelli-
2205 4002 2832 4074 episcopi,Mirisuidam
2859 4019 2922 4057 ac
2952 4003 3281 4058 Emnildam
3315 4007 3461 4073 (919)
3487 4007 3542 4058 et
3561 3999 3766 4057 Eddilam

499 4088 641 4152 tem,
673 4099 806 4138 cum
833 4082 1114 4138 consociis
1140 4082 1238 4137 diu
1270 4087 1718 4155 repugnantem,
1751 4085 1980 4153 occidit,
2023 4087 2104 4140 vi-
2205 4097 2301 4132 mo
2317 4073 2719 4162 nominequae
2741 4073 3040 4146 abbaciam
3063 4082 3767 4162 relinquenssuam,Chrisii

498 4176 736 4244 ctorque
766 4171 975 4225 insedit
999 4173 1164 4242 (916).
2207 4193 2406 4232 amore
2430 4177 2591 4248 juxta
2619 4178 3036 4232 monasterium
3067 4179 3330 4234 doctoris
3375 4178 3627 4252 gentium
3651 4170 3770 4230 Pauli

575 4264 664 4317 39.
691 4259 878 4315 Pridie
895 4276 1004 4331 ego
1023 4260 1095 4314 ad
1117 4259 1279 4314 Misni
1305 4260 1554 4331 presidio
1577 4261 1898 4318 veniebam.
1917 4264 1979 4318 In
2002 4263 2109 4319 hac
2209 4267 2406 4320 Roma:
2437 4257 2765 4332 includitur,
2792 4269 2850 4320 et
2887 4265 3081 4333 aliam,
3109 4283 3236 4338 quas
3254 4267 3384 4322 Odd
3403 4263 3769 4321 "Oidicebatur,

506 4349 834 4404 ebdomada
863 4356 954 4390 ηδτ
981 4348 1268 4422 principes
1303 4349 1484 4404 nostri
1543 4351 1732 4405 edictu
1782 4353 1990 4406 cesaris
2037 4353 2110 4407 ad
2210 4370 2414 4409 omnes
2443 4354 2586 4408 illud
2624 4355 3053 4426 spalmographi
3090 4363 3396 4412 canentes:
3447 4352 3656 4412 Placebo
3687 4348 3772 4405 D0-

509 4438 723 4492 Gosleri
755 4437 1122 4505 conveniunt,
1153 4438 1348 4510 ibique
1403 4446 1497 4481 1688
1547 4442 1681 4493 tunc
1711 4443 1986 4496 avunculo
2017 4451 2110 4485 1°89
2133 4457 2187 4517 D
2209 4445 2373 4510 mino,
2423 4445 2480 4498 in
2519 4444 2730 4514 regione
2757 4445 2998 4498 vivorum
3031 4451 3124 4486 I703
3155 4443 3330 4515 (Psal.
3373 4444 3555 4512 αμα).
3583 4435 3769 4494 Interim

511 4523 752 4580 meimet
797 4525 1069 4595 Sigifrido
1123 4527 1427 4582 comitatus
1454 4527 1646 4581 fratris
1675 4528 1923 4584 Heinrici
1953 4547 2110 4586 com-
2211 4531 2571 4604 presentibus
2600 4531 2817 4586 cunctis
2849 4532 2972 4586 haec
2988 4535 3217 4586 mortua
3238 4523 3771 4597 videbatur;taudem

510 4614 840 4680 mendatur,
855 4614 1286 4685 etexpedicioiu
1302 4615 1511 4670 nostris
1524 4617 1782 4687 partibus
1794 4619 2111 4690 ordinatur,
2212 4621 2610 4692 expergiscens
2639 4623 2696 4674 et
2725 4621 2918 4676 oculos
2939 4621 3184 4689 elevans,
3209 4622 3368 4694 quod
3395 4621 3532 4676 vidit
3558 4612 3773 4673 omnibus

511 4703 1431 4775 cmteraquepatrimpericlitantis
1453 4705 2111 4777 proﬁcuaetadmodum
2214 4709 2490 4764 innotuit:
2561 4709 2862 4777 Hactenus,
2918 4710 3206 4783 inquiens,
3277 4711 3544 4765 vobiscum
3603 4703 3772 4759 ιίὸεηισ

1821 4805 2054 4863 VARUE
2100 4807 2271 4865 LECT
2274 4808 2389 4864 ΙοΝ
2397 4807 2499 4864 Ε8.

586 4883 681 4919 im
706 4873 1074 4952 burguardiis
1108 4877 1193 4952 lq.
1271 4882 1364 4952 1°79
1396 4876 1528 4931 add.
1569 4877 1651 4952 lb.
1690 4885 1826 4952 _1680
1865 4880 2068 4935 uuillas
2111 4885 2195 4934 la.
2276 4888 2366 4922 1681
2395 4897 2504 4952 que
2537 4879 2662 4952 add.
2702 4879 2784 4935 lb.
2866 4888 2958 4923 1°89
2993 4880 3338 4952 imonachito
3390 4883 3440 4952 l.
3487 4884 3601 4952 κιαι
3626 4869 3771 4927 Gosla-

513 4946 662 5032 riam
699 4950 774 5001 lc.
805 4946 1396 5032 _'168f_tetenden's’l_¢1’.
1475 4947 1881 5032 isfiebdomos
1914 4954 2009 5032 ⁸1α.
2040 4959 2182 5032 mi?“
2212 4967 2384 5032 quam
2410 4946 2497 5006 "et
2538 4951 2901 5032 edi‘ﬁcaverat
2931 4951 3056 5032 add;
3100 4957 3178 5032 lup.
3202 4959 3351 5032 _1°87
3369 4951 3628 5032 ebdomo
3666 4957 3768 5032 cp"-

513 5018 765 5093 ebdoma
800 5023 856 5093 l._
879 5089 892 5093 _
927 5025 1018 5093 168}!
1049 5035 1158 5089 que
1190 5017 1314 5072 add.
1335 5018 1431 5093 Η).
1468 5027 1590 5093 _168_9
1620 5019 1879 5093 avinculo
1908 5025 1954 5075 l.
2035 5030 2131 5065 mo
2159 5017 2376 5077 scilicet
2403 5039 2533 5077 cum
2558 5025 2643 5077 est
2662 5022 2853 5093 prima
2873 5022 2981 5078 add
3027 5024 3080 5076 2.
3101 5022 3254 5077 A.S.
3335 5030 3430 5064 ml
3450 5022 3511 5074 lu
3535 5029 3769 5093 mense;-

513 5091 754 5144 rutilans
787 5089 910 5147 add.
947 5089 1032 5144 lb.
1065 5080 1086 5089 ’
1146 5097 1239 5130 im
1269 5105 1349 5142 m.
1383 5091 1440 5143 et
1466 5089 1523 5144 in
1556 5091 1594 5144 i.
1633 5091 1713 5144 lb.
1747 5093 1809 5146 in
1841 5092 1950 5146 loco
1995 5111 2134 5151 raso.
2213 5102 2306 5135 ¹⁶ο³
2333 5111 2388 5146 n.
2441 5094 2481 5147 f.
2514 5093 2639 5147 add.
2662 5080 2760 5148 ‘lb.
2845 5102 2939 5136 ίσοι
2977 5093 3145 5148 finire
3181 5097 3262 5147 la.
3345 5099 3441 5135 im
3481 5080 3769 5159 cunigundi§

512 5161 751 5237 tuld._lc.
867 5169 960 5204 1°"
986 5159 1423 5237 canonicarum,
1445 5162 1598 5232 quod
1624 5163 1994 5237 postmodum
2023 5163 2262 5237 perfecit
2288 5167 2350 5237 et
2375 5168 2610 5237 vocatur
2647 5164 3034 5235 confugiensis
3076 5165 3284 5237 eclesia
3327 5163 3454 5218 add.
3489 5166 3563 5216 lc.
3595 5153 3767 5237 itm-el

511 5231 662 5288 necti
696 5238 781 5288 la.
895 5239 988 5274 1°98
1018 5231 1241 5285 innixta
1275 5235 1322 5285 1.
1353 5228 1545 5288 adnisa
1577 5228 1640 5291 1.·
1696 5241 1791 5275 ίοοο
1823 5235 1965 5292 Ἑάὶθ
1998 5228 2048 5290 1³.
2165 5242 2258 5278 ιτοο
2283 5234 2635 5290 Mirisuidam
2661 5266 2729 5276 ——
2758 5228 3022 5292 Eddilam
3061 5235 3186 5289 add.
3230 5235 3309 5289 lb.
3429 5241 3520 5275 ιτοι
3544 5228 3676 5285 odila
3707 5228 3764 5284 ίαν

511 5261 662 5288 ιιυυιι
696 5261 781 5288 lu.
897 5261 988 5274 ινύ
1019 5261 1241 5285 ιιιυιλιια
1275 5261 1322 5285 1.
1353 5261 1545 5288 ααιιωυ
1579 5261 1620 5291 ι.
1697 5261 1790 5275 ⁸⁸³⁷⁷
1873 5261 1965 5290 um
1998 5261 2048 5290 ἰο
2165 5261 2252 5278 νυν

507 5304 619 5358 oda
645 5303 724 5362 A.
748 5303 812 5360 S.
890 5312 984 5346 170!
1015 5319 1218 5357 omnes
1247 5332 1313 5342 —
1345 5301 1604 5358 vivorum
1635 5303 1761 5363 add.
1796 5261 1880 5361 lg.

575 5462 730 5540 (915)
753 5479 845 5540 ιρῃι
879 5464 1195 5540 Kal._Mart.
1254 5461 1568 5516 secundum
1605 5465 1756 5518 Ann.
1810 5465 1989 5530 Quedl
2023 5510 2036 5536 ,
2073 5484 2107 5522 a
2208 5467 2341 5523 dem
2371 5468 2572 5524 charta
2604 5467 2870 5540 quaedam
2903 5471 3165 5525 testatur.

446 5584 462 5594 .
502 5530 729 5616 101]ρί
758 5535 976 5616 Δ(ξζξιιοιξ.
1008 5535 1139 5616 Sax.
1315 5606 1362 5616 η
1480 5609 1489 5616 ι
1621 5607 1634 5616 _
1708 5607 1721 5616 _
2023 5530 2032 5536 ’
2272 5530 2838 5616 (9l_8)lnlflecrolog.
2869 5542 3088 5602 Luueb.
3121 5542 3242 5614 ejus
3261 5554 3474 5594 nomen
3500 5530 3758 5604 ascriptum

473 5657 478 5668 ί
504 5675 538 5681 ,ί
571 5608 713 5681 (916)
741 5605 923 5681 Aliter
949 5606 1070 5660 haec
1099 5605 1272 5681 tradit
1300 5606 1564 5681 Alpertus
1620 5607 1657 5681 l‘.
1707 5607 1862 5681 1.,λο.
1903 5613 1987 5677 15,
2016 5625 2102 5681 sq.
2205 5605 2291 5665 est
2314 5605 2476 5664 Mart.
2514 5613 2600 5666 18.

473 5663 650 5746 ’(917)
681 5663 1099 5748 Imperatorem
1124 5677 1284 5734 Mart.
1319 5663 1408 5737 26.
1434 5677 1704 5736 Goslariaa
1730 5663 1924 5751 fuisse,
1951 5663 2104 5754 eiu;
2215 5663 2228 5665 _
2248 5663 2258 5664 ί
2277 5663 2424 5756 (919)
2443 5663 2710 5755 Ῠξέιὲρτα
2736 5683 2777 5740 l.
2799 5698 2873 5755 1v,
2903 5699 2954 5741 c.
2991 5688 3088 5742 11.
