4012 6180
301 323 453 386 i393

1565 311 1996 377 CHBONICON.
2020 340 2093 355 --
2121 308 2250 368 LIB.
2280 308 2382 370 VI.

3536 326 3674 390 1394

301 443 717 514 commorabar,
784 458 927 501 nunc
984 438 1327 499 consideratis
1392 438 1562 496 multo
1634 437 1937 495 melioribus
1958 438 2020 500 Α
2041 435 2266 492 Gerone
2305 438 2741 515 archiepiscOpo
2776 436 3102 497 honoriﬁce
3126 443 3377 518 suscepti
3419 451 3574 507 sunt.
3608 454 3673 509 In

305 536 435 604 hiis,
464 537 617 608 piget
646 535 703 589 in
732 533 828 587 hac
857 532 998 589 lutea
1021 548 1104 589 me
1139 539 1234 575 1708
1263 529 1497 601 amplius
1518 544 1739 583 manere
1784 543 1929 584 casa.

301 624 514 680 Dicam
538 623 686 679 vobis
711 623 768 676 in
795 618 1190 692 veritate,quod
1213 634 1335 675 cras
1354 635 1446 673 vos
1471 616 1932 684 relictura,locum

301 711 454 768 mihi
474 708 881 781 preordinatum
921 706 982 775 (f.
1030 709 1155 775 167)
1180 722 1402 760 munere
1449 703 1632 758 divino
1672 703 1933 774 possidere

300 800 488 855 debeo.
508 798 719 869 Sicque
730 795 946 851 factum
961 799 1066 850 est.
1087 794 1336 850 Transiit
1357 795 1557 849 autem
1579 792 1933 867 animaejus-

302 889 446 944 dem
472 887 537 942 in
568 884 791 942 Christo
819 884 951 939 felix
997 888 1054 939 11
1101 884 1389 939 Kalendas
1427 880 1582 935 Junii
1616 882 1782 953 (920).
1815 883 1931 937 Hoc

301 994 516 1032 verum
549 991 691 1041 esse,
713 974 922 1029 fratres
953 972 1015 1027 in
1042 970 1290 1039 Christo,
1314 968 1464 1026 mihi
1494 969 1732 1037 credite,
1750 973 1807 1024 et
1827 971 1931 1026 has

304 1062 588 1120 ascclesize
618 1060 925 1134 adjutrices
972 1063 1185 1115 nostra:
1229 1057 1550 1114 admodum
1589 1056 1757 1112 utiles
1785 1074 1927 1126 esse,

302 1168 416 1226 pro
464 1154 625 1206 certo
667 1149 886 1205 scitote.
939 1150 1004 1203 In
1043 1164 1174 1203 suas
1223 1147 1517 1203 orationes
1564 1149 1794 1201 sanctas
1835 1162 1932 1201 me

304 1242 682 1314 peccatorem
709 1237 833 1292 beas
858 1237 1257 1309 succeperunt,
1291 1238 1347 1290 et
1372 1235 1457 1289 nil
1485 1250 1767 1307 umquam
1792 1233 1931 1291 boni

308 1344 382 1383 ex
413 1342 555 1382 mea
573 1328 752 1397 parte,
781 1340 886 1396 pro
912 1323 1107 1378 dolor!
1134 1325 1501 1396 receperunt.

383 1418 481 1470 41.
516 1414 813 1484 lnperator
857 1415 1054 1467 autem
1084 1411 1327 1467 audiens
1356 1411 1739 1466 contectalem
1766 1427 1932 1467 suam

312 1502 502 1557 levius
524 1501 735 1557 habere
764 1508 859 1543 1⁷οι
889 1503 947 1555 et
970 1503 1170 1555 votum
1199 1500 1450 1556 Domino
1480 1498 1702 1568 fecisse,
1743 1502 1934 1570 grates

312 1590 552 1646 Christo
578 1588 845 1661 persolvit
864 1605 932 1644 ex
956 1587 1178 1656 animo,
1222 1591 1281 1643 et
1300 1591 1673 1660 pentecosten
1697 1588 1853 1660 (Jun.
1877 1587 1933 1661 9)

310 1678 376 1734 in
426 1677 753 1744 Wirthunn,
804 1692 980 1749 quam
1024 1676 1215 1749 primo
1261 1679 1490 1731 sanctus
1538 1675 1637 1731 Dei
1669 1677 1934 1731 sacerdos

2038 525 2305 598 sequenti
2326 544 2462 585 vero
2482 533 2675 599 nocte,
2697 529 2759 585 id
2786 530 2875 584 est
2893 529 3209 600 dominica,
3232 536 3291 588 et
3307 536 3503 597 Nonas
3517 542 3673 612 Julii,

2034 617 2349 686 tempestas
2382 618 2607 691 ingruit
2632 618 2895 687 horrida,
2915 619 3188 677 homines
3207 640 3342 680 cum
3370 631 3676 698 pecoribus

2032 704 2208 759 simul
2242 706 2300 760 et
2323 708 2583 766 aediﬁciis
2630 725 2699 765 ac
2726 708 2994 781 frugibus
3022 711 3136 767 late
3174 729 3545 776 consumens.
3573 723 3675 778 In-

2033 810 2271 849 mensus
2294 812 2529 872 quoque
2549 800 2757 871 fragor
2770 798 2940 853 silvas
2959 802 3296 860 concutiens
3320 806 3443 862 vias
3471 825 3675 869 omnes

2032 881 2213 936 nimis
2242 888 2582 957 occupabat.
2616 888 2860 942 Postera
2889 886 2982 943 die
3028 889 3327 963 inperator
3372 912 3505 953 cum
3534 915 3673 955 con-

2027 971 2171 1042 juge
2201 972 2259 1025 et
2288 974 2547 1030 exercitu
2584 975 2786 1030 Albim
2807 976 3118 1047 transiens,
3166 980 3241 1036 ad
3285 982 3485 1039 Liesca
3499 986 3672 1059 (923),

2031 1060 2257 1113 curtem
2289 1062 2592 1133 quondam
2604 1062 2852 1135 Vigonis
2872 1060 3123 1139 episcOpi
3146 1068 3294 1143 (924)
3305 1073 3364 1126 et
3382 1073 3521 1129 tunc
3538 1075 3676 1131 feris

2031 1144 2564 1206 innumerabilibus
2584 1150 2976 1208 inhabitatum
2987 1155 3160 1223 venit,
3182 1157 3437 1232 duasque
3454 1160 3676 1219 ibidem

2034 1237 2234 1289 noctes
2252 1233 2315 1289 in
2336 1237 2540 1292 castris
2558 1239 2796 1307 sedens,
2812 1240 3139 1297 tardantem
3161 1245 3391 1302 turbam
3411 1253 3674 1322 expecta-

2033 1321 2132 1378 vit.
2166 1324 2236 1379 Et
2282 1328 2418 1396 post
2459 1327 2581 1381 haec
2626 1343 2901 1399 regressa
2941 1328 3287 1401 inperatrice
3339 1336 3675 1410 ceterisque

2034 1412 2457 1483 compluribus,
2508 1413 2632 1486 ipse
2680 1415 2988 1471 turmatim
3034 1419 3329 1490 processit.
3362 1424 3489 1495 Ipsa
3541 1441 3673 1482 vero

2035 1498 2129 1555 die
2171 1499 2496 1570 Heinricus,
2542 1503 2807 1576 quodam
2846 1505 3233 1562 Bawariorum
3276 1508 3338 1581 (f.
3386 1510 3508 1585 168)
3537 1513 3672 1582 dux,

2034 1604 2070 1648 a
2135 1588 2441 1659 Bolizlavo,
2502 1607 2619 1663 quo
2666 1592 2829 1664 pacis
2893 1593 3197 1651 ﬁrmandae
3244 1598 3433 1669 gratia
3476 1617 3674 1672 perre-

2033 1676 2136 1745 xit,
2167 1694 2300 1734 cum
2334 1679 2562 1733 nunciis
2601 1680 2871 1752 ejusdem
2899 1682 3111 1750 rediit;
3159 1701 3335 1757 quem
3376 1687 3677 1759 inperator

311 1766 662 1838 Liudigerus
691 1764 805 1820 suis
832 1763 1153 1820 construxit
1191 1764 1472 1837 inpensis,
1524 1763 1936 1820 venerabiliter
1964 1764 2232 1834 Baudita
2269 1765 2651 1834 referentem,
2684 1784 2794 1822 sua
2832 1767 3046 1824 iterum
3082 1770 3383 1842 legacione
3423 1776 3671 1844 remisit,

309 1854 651 1921 celebravit,
681 1854 884 1909 abbate
905 1853 1251 1909 Hethenrico
1282 1860 1377 1896 1⁷0⁸
1406 1851 1517 1908 sibi
1540 1852 1789 1925 pleniter
1826 1852 1936 1909 ibi-

310 1945 453 2000 dem
483 1942 770 1999 servienti.
821 1946 1058 1999 Postera
1121 1942 1235 2010 die,
1279 1941 1338 1996 id
1378 1945 1465 1996 est
1507 1941 1544 1995 4
1587 1941 1718 1995 Idus
1755 1941 1933 2011 Junii,

305 2032 703 2105 Thieddegus,
750 2031 1056 2105 Pragensis
1121 2030 1363 2086 antistes
1413 2038 1507 2072 170°
1556 2045 1622 2084 ac
1677 2030 1936 2086 martiris

309 2121 532 2177 Christi
584 2122 870 2176 successor
914 2118 1258 2175 [Ethelberti
1292 2126 1408 2186 i707,
1451 2116 1601 2171 viam
1649 2113 1934 2174 universae

308 2210 509 2265 carnis
527 2208 771 2265 ﬁdeliter
809 2207 970 2263 adiit.
996 2208 1097 2262 Hic
1118 2207 1179 2261 in
1198 2223 1350 2262 nova
1370 2206 1645 2261 educatus
1666 2207 1930 2275 Corbeia,

308 2296 653 2353 medicinali
701 2299 821 2351 arte
869 2296 1088 2367 optime
1132 2296 1447 2349 instructus
1479 2302 1574 2336 1708
1603 2297 1708 2349 est.
1749 2294 1935 2370 Quem

310 2386 631 2442 Bolizlavus
654 2385 845 2440 senior
859 2385 935 2440 ob
955 2383 1417 2439 inohedientiam
1440 2382 1648 2437 Christi
1668 2383 1937 2454 preconis

307 2474 550 2549 paralisi
580 2490 896 2546 percussus,
934 2472 1169 2529 licentia
1183 2470 1503 2526 Thietmari
1524 2472 1751 2536 abbatis
1769 2488 1935 2528 voca-

307 2564 411 2631 vit,
446 2565 686 2635 ejusque
716 2562 1051 2633 magisterio
1077 2560 1257 2616 levius
1278 2568 1374 2602 1709
1401 2560 1615 2614 habere
1637 2561 1806 2632 cepit.
1824 2561 1939 2618 Sed

306 2652 538 2724 lampas
566 2650 775 2705 ardens
802 2649 1096 2721 Woitegus
1119 2656 1235 2715 171°,
1263 2663 1397 2701 cum
1434 2664 1503 2701 ex
1532 2647 1703 2719 hujus
1732 2649 1939 2706 mundi

308 2739 587 2812 caligine,
633 2741 695 2793 ut
742 2737 964 2810 predixi
1011 2735 1165 2808 (921)
1215 2736 1678 2804 subtraheretur,
1725 2737 1938 2792 auxilio

309 2827 527 2900 prefati
558 2826 718 2883 ducis
747 2826 946 2882 sedem
978 2842 1143 2881 suam
1165 2825 1213 2880 is
1242 2841 1278 2878 a
1300 2823 1471 2879 tertio
1506 2823 1714 2879 Ottone
1745 2826 1817 2880 ad
1846 2843 1941 2881 re.

308 2916 573 2989 gendum
598 2915 880 2987 suscepit;
909 2914 979 2969 de
1005 2930 1120 2987 qua
1137 2916 1269 2985 post
1291 2913 1544 2968 mortem
1565 2912 1825 2967 Bolizlavi
1847 2931 1937 2969 se-

2038 1852 2235 1925 nilque
2283 1853 2366 1908 ibi
2413 1853 2847 1925 proﬁcientem,
2894 1856 2966 1911 ad
2992 1856 3295 1916 dominam
3324 1864 3382 1917 et
3408 1879 3670 1925 sororem

2036 1957 2201 1996 suam
2239 1940 2403 1997 abire
2434 1940 2592 1996 sinit.

2104 2029 2196 2084 43.
2227 2031 2459 2083 Interea
2500 2028 2563 2083 in
2605 2031 2816 2085 monte
2852 2031 3034 2087 sancti
3075 2034 3354 2092 Johannis
3382 2039 3668 2111 baptistaa,

2035 2115 2133 2188 qui
2158 2117 2326 2189 juxta
2350 2116 2837 2188 Parthenopolim
2865 2120 3085 2192 positus
3109 2122 3299 2180 eidem
3322 2129 3407 2180 est
3424 2143 3557 2185 cum
3569 2146 3669 2201 ap-

2038 2203 2467 2277 partinentibus
2487 2203 2775 2259 universis
2795 2206 3075 2277 subditus,
3104 2227 3198 2266 res
3222 2212 3537 2271 admodum
3559 2216 3670 2273 mi-

2036 2292 2299 2348 serabilis
2334 2294 2400 2346 12
2430 2291 2722 2346 Kalendas
2774 2296 3015 2366 Augusti
3060 2301 3118 2352 et
3162 2300 3458 2358 dominica
3502 2307 3670 2361 nocte

2036 2380 2266 2435 accidit.
2298 2380 2517 2434 Horum
2548 2378 2610 2432 in
2657 2380 3002 2439 dormitorio
3033 2388 3392 2444 confratrum
3433 2392 3673 2450 lucerna

2038 2468 2307 2540 quaedam
2338 2465 2548 2520 ardens
2592 2468 2786 2540 major
2830 2471 2996 2527 solito
3047 2471 3251 2543 illuxit,
3303 2479 3369 2531 et
3404 2480 3672 2549 proxima

2040 2572 2349 2628 occupans,
2380 2554 2512 2621 hoc,
2536 2553 2759 2611 ibidem
2782 2558 3208 2631 quiescentibus
3233 2562 3292 2618 id
3312 2582 3437 2621 sero
3455 2566 3667 2623 intelli-

2041 2643 2332 2713 gentibus,
2366 2639 2556 2694 voraci
2594 2641 2841 2700 ﬂamma
2878 2649 3255 2722 consumpsit.
3285 2652 3356 2706 Et
3395 2669 3527 2708 cum
3554 2656 3667 2710 tale

2037 2728 2362 2800 periculum
2411 2742 2616 2781 omnes
2659 2731 2992 2802 evaderent,
3022 2753 3203 2791 unum
3249 2755 3315 2792 ex
3356 2739 3468 2794 hiis
3496 2758 3668 2798 causa

2040 2813 2455 2872 sacerdotalem
2470 2813 2755 2886 eripiendi
2768 2824 3109 2892 apparatum
3131 2824 3319 2880 subito
3331 2843 3664 2897 regressum

2040 2909 2098 2960 et
2124 2905 2183 2959 in
2211 2900 2408 2959 medio
2432 2902 2584 2973 ignis
2597 2909 2833 2975 peccata
2851 2909 3064 2964 suimet
3079 2912 3454 2970 conﬁtentem
3468 2917 3661 2988 perdi-

315 3004 504 3060 nioris
523 3003 598 3059 ab
619 3002 892 3075 equivoco
915 3002 1037 3074 ejus
1067 3004 1126 3058 et
1154 3000 1272 3055 filio
1294 3016 1428 3072 sepe
1449 3001 1737 3071 expulsus,
1766 3001 1935 3058 toties
1968 3028 2017 3089 ο
2037 2994 2266 3089 derunt.
2295 2991 2473 3089 Hujus
2489 3007 2708 3089 n_0m_en
2722 2997 3102 3089 _eratllcmico
3125 2999 3408 3074 1718(925).
3443 3005 3661 3060 Dehinc

309 3110 349 3149 a
377 3091 718 3148 marchione
742 3090 1077 3146 Ekkihardo
1108 3089 1425 3156 reducitur,
1456 3091 1516 3142 et
1558 3106 1802 3161 magnas
1829 3107 1930 3163 pa-

306 3180 458 3235 titur
503 3179 760 3251 injurias.
811 3178 912 3233 Hic
943 3185 1036 3221 17H
1070 3177 1344 3250 hospites,
1389 3179 1453 3230 ut
1493 3180 1720 3232 sanctus
1761 3179 1930 3249 jubet

305 3267 621 3340 Gregorius
668 3284 787 3323 non
831 3267 1019 3322 solum
1066 3266 1139 3320 ad
1168 3265 1233 3337 (f.
1266 3267 1385 3327 167)
1415 3281 1473 3318 se
1503 3263 1781 3335 invitavit,
1826 3267 1927 3322 sed

306 3356 491 3412 etiam
518 3356 727 3423 traxit,
753 3356 862 3411 hoc
903 3354 1226 3410 maximum
1256 3353 1478 3408 habens
1510 3352 1732 3421 vitium,
1768 3355 1924 3428 quod

307 3447 387 3501 ob
413 3445 684 3500 morbum
710 3443 819 3499 sibi
845 3444 1222 3499 innocentem
1236 3449 1330 3485 1m
1342 3441 1581 3497 bibebat
1608 3459 1781 3515 supra
1800 3461 1924 3499 mo-

306 3534 472 3590 dum.
502 3532 834 3588 Paraliticus
863 3531 1021 3586 enim
1054 3534 1197 3598 erat,
1231 3545 1513 3585 manuum
1543 3532 1800 3585 tremore
1824 3539 1920 3575 1m

303 3622 539 3678 assiduo
565 3621 686 3677 sine
706 3621 1049 3676 asstantium
1070 3619 1279 3675 auxilio
1304 3607 1756 3691 presbiterorum
1782 3620 1920 3675 mis-

302 3728 432 3766 sam
459 3726 667 3765 canere
725 3725 844 3764 non
901 3708 1122 3781 potuit;
1174 3707 1367 3780 sicque
1412 3723 1591 3779 usque
1636 3707 1705 3762 ad
1737 3708 1918 3764 ﬂnem

302 3801 705 3870 languescens,
728 3796 917 3866 bonis,
942 3799 1003 3851 ut
1024 3812 1215 3869 spero,
1242 3794 1501 3850 animam
1529 3796 1767 3851 curabat
1793 3813 1914 3852 me-

301 3886 711 3943 dicaminibus.

377 3977 468 4031 42.
493 3976 719 4031 Interea
752 3974 1105 4030 Mararenses
1128 3981 1220 4016 17H
1260 3971 1521 4028 Bolizlavi
1550 3971 1763 4028 milites
1787 3989 1916 4028 ma-

300 4081 488 4137 gnam
520 4062 902 4119 Bawariorum
931 4064 1216 4117 catervam
1242 4061 1373 4117 dolo
1399 4060 1915 4117 circumvenientes

300 4152 599 4208 incautam
612 4151 899 4218 occidunt,
914 4150 1231 4222 dampnum
1247 4157 1361 4217 Im,
1376 4148 1483 4204 sibi
1500 4150 1573 4204 ab
1595 4149 1676 4204 eis
1688 4149 1913 4205 illatum

298 4241 487 4313 prius,
518 4239 590 4294 ad
631 4241 858 4312 partem
903 4237 1058 4292 haud
1104 4238 1373 4308 exiguam
1428 4237 1764 4293 ulciscentes
1794 4245 1910 4292 i710.

2033 3080 2454 3138 monasterium
2481 3081 2553 3135 ab
2581 3080 2841 3152 ejusdem
2862 3085 2972 3140 loci
2991 3087 3199 3143 abbate
3212 3088 3489 3161 Sigifrido
3508 3095 3539 3149 8
3561 3111 3662 3150 an-

2033 3188 2138 3227 nos
2169 3170 2387 3244 Optime
2415 3169 2778 3251 elaboratum
2799 3174 3029 3243 ardens,
3050 3178 3409 3248 presentium
3429 3186 3655 3254 postea-

2029 3272 2141 3332 que
2201 3257 2634 3315 advenientium
2678 3261 2854 3316 corda
2906 3264 3174 3320 turbavit.
3216 3268 3457 3341 Insuper
3514 3272 3656 3328 duas

2026 3349 2289 3420 ejusdem
2330 3347 2579 3421 capellas
2615 3365 2747 3403 cum
2774 3350 3082 3409 refectorio
3112 3356 3449 3431 caaterisque
3478 3362 3653 3416 adhe-

2023 3438 2289 3494 rentibus
2321 3435 2569 3491 officinis
2598 3436 2752 3508 ignis
2781 3440 2894 3495 late
2924 3441 3178 3513 ﬂagrans
3208 3444 3545 3518 absorbuit;
3580 3450 3651 3505 de

2022 3527 2185 3598 cujus
2216 3525 2398 3581 avaris
2424 3525 2681 3582 faucibus
2707 3526 2900 3584 divina
2926 3530 3112 3602 pietas
3141 3535 3201 3587 et
3227 3536 3649 3593 confluentium

2019 3631 2253 3671 summa
2274 3613 2499 3670 devotio
2527 3630 2731 3670 omnes
2751 3620 3082 3675 sanctorum
3101 3621 3373 3695 reliquias
3394 3626 3647 3682 etmaxi-

2019 3720 2181 3760 mam
2194 3703 2444 3759 thesauri
2460 3710 2553 3744 1719
2569 3706 2793 3774 partem
2807 3706 3036 3777 eripuit.
3052 3709 3220 3763 Facto
3235 3715 3431 3768 autem
3448 3732 3642 3784 mane,

2017 3794 2177 3849 urbis
2191 3792 2461 3866 prodicta:
2482 3791 2833 3848 habitatores
2854 3797 2911 3849 et
2937 3795 3034 3867 qui
3057 3795 3276 3854 ibidem
3295 3803 3546 3872 presidio
3569 3805 3642 3858 ab

2015 3881 2367 3957 imperatore
2390 3880 2571 3936 relicti
2614 3881 2866 3950 fuerant,
2892 3886 3247 3941 conveniunt
3273 3889 3335 3959 (f.
3368 3892 3509 3963 168),
3539 3892 3641 3946 de-

2014 3973 2356 4028 trimentum
2397 3971 2509 4025 tale
2536 3970 2717 4027 nimio
2749 3988 2976 4029 merore
3015 3977 3334 4049 conquesti.
3370 3979 3639 4053 Corporis

2014 4065 2213 4117 autem
2251 4059 2467 4132 perusti
2509 4062 2710 4116 tenues
2744 4061 2965 4117 favillas
2992 4080 3166 4119 mane
3197 4066 3517 4123 confratres
3542 4086 3635 4123 su-

2015 4168 2253 4224 mopere
2270 4150 2626 4222 colligentes,
2641 4151 2756 4205 suis
2776 4167 3092 4224 apposuere
3112 4154 3632 4226 predecessoribus;

2013 4240 2325 4312 abbatique
2345 4255 2447 4294 suo
2471 4242 2608 4293 tunc
2629 4240 2850 4294 absenti
2864 4256 2970 4311 per
2986 4240 3514 4299 internuntium?!”
3528 4245 3637 4301 sui-

298 4332 479 4386 Cesar
500 4345 630 4384 vero
650 4327 725 4383 ad
744 4326 1032 4382 orientem
1054 4324 1736 4397 tendens,inperatricem
1759 4326 1830 4380 ad
1850 4344 1910 4383 se
1932 4346 1986 4407 D
2017 4333 2141 4384 met
2156 4331 2425 4384 eventum
2449 4327 2839 4384 miserabilem
2854 4328 3132 4386 indixere.
3151 4329 3257 4395 Qui
3272 4336 3337 4387 ut
3347 4335 3467 4389 haec
3480 4350 3638 4390 com-

298 4421 361 4476 in
384 4420 534 4484 loco,
549 4417 646 4491 qui
668 4417 1152 4473 Pathrebrunnun
1183 4422 1274 4457 1⁷1⁷
1288 4414 1515 4482 dicitur,
1536 4415 1731 4471 venire
1746 4416 1915 4488 jubet

294 4507 471 4588 (922).
499 4507 635 4562 Inde
665 4507 839 4561 ambo
869 4522 1047 4578 usque
1069 4504 1142 4559 ad
1166 4503 1557 4577 Magadaburg
1582 4505 1847 4577 profecti,
1878 4523 1915 4562 a

2014 4418 2185 4490 perit,
2217 4417 2330 4473 suis
2357 4416 2681 4490 specialiter
2699 4416 2969 4474 accidisse
2987 4419 3236 4492 peccatis
3256 4437 3631 4496 cognoscens,

2016 4506 2151 4581 quia
2177 4505 2491 4562 emendare
2520 4505 2791 4578 nequivit,
2818 4507 3061 4563 honesta
3087 4508 3365 4580 gravitate
3394 4511 3543 4568 tulit.

1627 4626 1864 4683 VARIIE
1915 4628 2210 4685 LECTION
2215 4626 2319 4683 ES.

367 4754 465 4790 I108
502 4745 626 4801 add.
684 4746 767 4800 1b.
882 4752 978 4789 ιτοι
1009 4744 1210 4801 haberi
1264 4749 1313 4800 1.

1428 4751 1524 4787 ίτοι
1569 4744 1828 4803 heinrico
1871 4752 1958 4804 1a.

2037 4756 2134 4791 1700
2184 4746 2466 4804 antistites
2517 4750 2597 4804 1a.
2672 4755 2766 4791 I707
2796 4748 2915 4805 ath.
2958 4753 3037 4804 1c.
3116 4756 3211 4794 1700
3266 4750 3537 4810 istmctus
3588 4762 3642 4812 l.

289 4827 392 4862 rm
424 4816 643 4872 levuius
670 4820 754 4871 1a.
834 4824 931 4859 m0
961 4818 1039 4870 ita
1072 4819 1128 4871 in
1158 4817 1268 4873 loco
1293 4830 1463 4871 vacuo
1492 4817 1577 4871 1b.
1654 4824 1747 4860 17H
1775 4817 1890 4874 Hac
1922 4821 2009 4875 1a.
2089 4826 2183 4863 ιω
2215 4819 2273 4875 in
2306 4836 2517 4875 erasum
2555 4823 2606 4873 1.
2685 4826 2780 4862 ιἰη
2805 4821 3125 4876 tremorem
3177 4822 3470 4881 assiduum
3495 4842 3635 4881 corr.

287 4894 553 4963 tremore
579 4887 807 4963 assiduu
834 4891 882 4943 1.
963 4894 1057 4963 "_N
1087 4903 1238 4943 mor.
1275 4888 1366 4963 1c?
1440 4894 1534 4930 1⁷1⁸
1561 4888 1841 4963 num_sibi
1864 4921 1926 4963 λ-
1955 4890 2481 4963 _imperatricem'in
2512 4891 2622 4963 loco
2650 4907 2772 4945 raso
2806 4892 2890 4947 1b.

3008 4899 3104 4935 1m
3136 4894 3555 4952 ulcisciscentes
3578 4902 3629 4953 1.

286 4967 389 5004 m7
429 4958 687 5032 pathelb.
722 4963 808 5013 1a.
887 4966 982 5002 i718
1008 4960 1297 5014 heumuco
1337 4962 1424 5014 1a.
1502 4966 1598 5001 ιἰιο
1626 4960 1878 5016 teshauri
1913 4961 1994 5023 1b.
2045 4958 2168 5004 ἰτεο
2198 4977 2304 5033 per
2335 4961 2395 5016 in
2430 4962 2701 5018 nuntium
2736 4966 2786 5019 1.

1870 5083 2093 5144 ΝΟΤᾸΞ.

363 5202 515 5273 (920)
540 5200 602 5255 ν.
627 5200 870 5256 Kalend.
906 5201 1281 5273 Merscburg.,
1312 5198 1441 5256 Mai.
1475 5203 1564 5257 22.

362 5272 522 5341 (921)
545 5273 668 5328 Lib.
698 5288 771 5340 ιγ,
799 5289 848 5328 c.
886 5276 971 5327 11.

365 5343 515 5417 (922)
547 5345 964 5415 Imperatorem
992 5343 1071 5399 ibi
1091 5345 1217 5417 jam
1252 5344 1382 5398 Jun.
1433 5346 1500 5399 10
1539 5342 1734 5411 fuisse,
1763 5344 1913 5415 ejus-

292 5412 432 5467 dem
463 5412 663 5469 charta
690 5419 954 5470 testatur.
1092 5412 1111 5417 ⁷
1267 5446 1282 5459 ο

370 5484 616 5560 (923)-Υ.
661 5487 900 5560 supra].
934 5503 1008 5555 ιν,
1045 5502 1094 5560 _c.
1124 5488 1208 5544 14.
1260 5487 1340 5543 De
1378 5487 1676 5560 conventu
1695 5485 1776 5542 ibi
1809 5488 1912 5543 ha-

297 5553 421 5609 bito
451 5553 510 5609 νζ
530 5553 1063 5613 Vitam'Meinwerci
1096 5575 1144 5614 c.
1173 5560 1263 5627 42,
1287 5560 1346 5613 et
1375 5556 1630 5613 chartam
1664 5556 1913 5630 impera-

2014 5205 2156 5264 toris
2187 5223 2342 5263 anno
2368 5209 2525 5277 1017,
2553 5209 2662 5264 Jul.
2692 5213 2775 5266 10.

2114 5278 2237 5354 924)
2270 5278 2431 5354 “ligo
2462 5279 2759 5354 episcopus
2785 5283 2922 5354 tunc
2948 5278 3154 5354 _adhuc
3182 5279 3244 5354 in_
3274 5277 3422 5354 _vivis
3459 5280 3632 5338 fuisse

2015 5349 2258 5421 videtur.
2303 5349 2465 5406 Teste
2494 5349 2736 5408 'Necrbl.
2788 5351 3140 5421 Luneburg.,
3192 5349 3336 5405 obiit
3376 5352 3503 5409 Jan.
3543 5357 3627 5410 14.

2015 5420 2129 5498 Sed
2146 5420 2458 5498 defunctus
2472 5423 2855 5498 fuit,_quando
2874 5420 3237 5498 'l‘hietmarus
3248 5422 3370 5477 haec
3383 5424 3626 5498 scripsit.

2085 5491 2230 5564 (925)
2263 5494 2325 5548 In
2347 5495 2569 5551 Necrol.
2599 5491 2816 5550 Luneb.
2850 5494 3080 5548 vocatur
3107 5492 3372 5550 Hemmo.
