4012 6180
293 307 409 368 1397
1497 299 1922 362 CHRONICON.
1943 329 2020 343 --
2039 293 2179 358 LIB.
2219 296 2337 358 VII.
3488 314 3623 376 1393

249 455 256 460 .
299 436 489 509 injusto
511 439 598 477 ma
633 430 770 489 duce
801 433 1090 490 omen-ica
1122 433 1440 506 susceptus,
1490 429 1712 487 decenti
1746 445 1870 484 mu-
1895 435 1950 494 Α
1972 427 2374 484 Erkaanbaldo
2407 427 2810 505 archipresule
2842 444 3131 487 consensu
3151 445 3626 502 meoconsecrari

298 545 419 585 nere
442 526 767 582 honoratur.
804 525 1042 580 Interim
1088 523 1352 579 marchio
1379 521 1697 589 Heinricus,
1729 518 1870 575 ami-
1983 515 2354 589 praecipiens.
2391 520 2476 575 lbi
2511 526 2648 576 tunc
2696 518 2971 574 Bolizlavi
3003 522 3252 581 nuncius
3297 529 3625 592 Liudulfum

292 620 356 671 ιω
382 614 608 670 meimet
640 614 805 679 ﬁlius,
838 614 1016 683 longa
1069 613 1442 682 egrotacione
1502 612 1753 674 vexatus,
1803 611 1868 662 14η
1972 607 2265 678 juvenem
2316 606 2417 662 diu
2449 611 2748 682 captivum
2789 607 3011 663 remitti
3052 615 3344 686 promisit,
3379 637 3625 697 suosque

290 702 552 760 Kalendas
582 702 855 770 Octobris,
886 702 1261 757 orientalium
1293 701 1464 755 decus
1489 701 1864 762 Francorum,
1971 692 2205 784 milites
2229 696 2388 763 apud
2421 715 2526 752 nos
2561 699 2738 752 ﬁrma
2772 697 3041 754 detentos
3071 705 3331 761 custodia
3366 727 3470 781 pro
3502 692 3626 784 ejus

291 793 490 860 obiit,et
505 793 561 846 in
583 791 1038 862 septemtrionali
1061 794 1227 862 parte
1247 788 1581 844 monasterii
1609 787 1668 842 in
1703 785 1868 842 Suin-
1969 781 2330 838 liberatione
2364 787 2611 841 relaxari
2641 785 2862 860 Ρθοίίῐὲ
2910 789 2969 841 et
3013 788 3057 843 Si
3089 791 3345 864 aliquem
3379 781 3626 871 ἰηιρθὶε-

289 881 430 938 vordi
458 880 677 936 civitate
709 897 808 934 sua
838 880 1075 950 positus,
1109 880 1182 934 ab
1211 878 1500 951 episc0pis
1533 885 1628 920 17³³
1662 876 1865 942 tribus,
1969 869 2094 926 tori
2129 871 2417 927 nuncium
2447 875 2518 929 de
2561 875 2926 947 acquirenda
2969 878 3232 950 ejusdem
3283 869 3625 957 gratia—mit.

290 970 549 1036 Heinrico,
601 968 926 1023 Evurhardo
975 972 1034 1023 et
1063 966 1380 1023 venerabili
1426 966 1650 1021 Riculfo
1695 964 1866 1035 (932),
1970 963 2106 1013 tere
2137 958 2426 1026 licuisset,
2456 963 2775 1035 diligenter
2805 964 3070 1036 inquirit.
3117 972 3359 1029 Assiduo
3413 977 3623 1047 princi-

289 1062 430 1114 extra
457 1056 770 1120 ecclesiam,
801 1060 860 1110 ut
889 1056 1007 1129 ipse
1039 1056 1233 1127 peciit,
1285 1056 1454 1126 juxta
1499 1056 1742 1126 januam
1774 1061 1869 1094 17M
1972 1064 2128 1121 pum
2153 1048 2375 1104 suimet
2403 1051 2740 1108 interventu
2789 1069 2952 1108 cesar
2979 1056 3090 1110 hiis
3131 1063 3402 1117 omnibus
3432 1081 3621 1121 assen-

285 1147 514 1219 sepultus
542 1149 646 1200 est.
679 1146 792 1200 Hoc
826 1161 983 1200 cesar
1031 1145 1089 1200 in
1114 1144 1275 1200 Misni
1306 1144 1693 1216 comperiens,
1724 1142 1870 1196 mul-
1973 1149 2111 1192 sum
2132 1139 2392 1208 prebuit,
2421 1144 2478 1194 et
2499 1145 2636 1195 tunc
2661 1142 2860 1214 primo
2883 1148 3168 1218 comperit
3191 1150 3502 1208 Ruszorum
3523 1163 3618 1199 ιω

293 1238 401 1289 tum
431 1234 624 1290 doluit.
1771 1267 1776 1272 -
1973 1243 2206 1298 regem,
2280 1232 2346 1283 ut
2390 1229 2495 1285 sibi
2543 1248 2649 1303 per
2705 1231 3146 1291 internuncium
3216 1248 3310 1283 1m
3347 1245 3619 1314 promisit

345 1325 426 1378 47.
460 1323 764 1377 Bolizlavus
789 1339 920 1377 vero
985 1323 1043 1377 in
1099 1322 1439 1376 Wortizlava
1494 1328 1590 1363 1m
1641 1320 1874 1375 civitate
1976 1333 2150 1370 suum
2186 1325 2306 1385 17H,
2334 1319 2683 1374 Bolizlavum
2712 1320 2976 1392 peciisse,
3001 1326 3292 1397 nilqueibi
3313 1330 3384 1384 ad
3410 1333 3613 1387 urbem

288 1414 538 1466 eventum
564 1410 648 1465 rei
671 1411 941 1466 sollicitus
969 1420 1064 1454 I736
1093 1414 1421 1483 expectans,
1452 1427 1585 1464 cum
1624 1409 1876 1480 impera-
1978 1422 2320 1477 possessam
2347 1407 2662 1479 proﬁcisse.
2695 1411 2878 1480 Hujus
2924 1427 3173 1483 regnum
3214 1418 3469 1488 prefatus
3499 1422 3611 1476 dux

285 1503 458 1556 torem
482 1500 664 1555 abisse
694 1501 1010 1573 urbemque
1032 1517 1195 1554 suam
1226 1501 1582 1554 incolomem
1607 1506 1763 1552 stare
1782 1515 1880 1552 au-
1979 1497 2186 1568 postea
2215 1511 2351 1550 cum
2385 1497 2638 1551 exercitu
2665 1498 2968 1568 invadens,
3003 1519 3286 1572 generum
3320 1507 3530 1562 suimet
3555 1511 3615 1564 et

289 1589 438 1656 diret,
454 1591 674 1645 laetatur
694 1589 752 1643 in
775 1591 1021 1645 Domino
1048 1589 1440 1659 militibusque
1463 1586 1793 1658 congaudet
1817 1585 1876 1640 in
1978 1583 2227 1638 fratrem
2262 1585 2388 1655 ejus
2419 1585 2517 1639 diu
2556 1589 2861 1656 expulsum
2894 1588 3302 1647 inthronizavit
3331 1597 3388 1648 et
3412 1595 3612 1651 hilaris

285 1680 471 1732 saeculo
499 1686 612 1731 17³7.
645 1679 866 1734 Pedites
903 1682 1099 1733 autem
1148 1677 1299 1731 illius
1361 1678 1488 1747 plus
1541 1692 1720 1747 quam
1751 1691 1872 1729 sex-
1908 1696 1960 1755 B
1981 1680 2075 1714 1m
2108 1671 2304 1727 rediit.
2338 1674 2664 1745 Imperator
2687 1691 2720 1728 a
2745 1675 2914 1730 nobis
2939 1677 3134 1732 exiens
3153 1680 3266 1734 tria
3305 1681 3461 1736 dedit
3481 1685 3611 1739 dor-

286 1767 422 1820 centi
445 1774 535 1809 1m
559 1767 852 1821 Boemiam
867 1767 932 1838 (f.
956 1770 1081 1836 170)
1111 1766 1438 1820 clanculum
1461 1767 1879 1837 petentes,pre-
1977 1760 2122 1816 salia
2153 1765 2211 1815 et
2247 1777 2494 1816 urceum
2523 1765 2871 1833 argenteum
2901 1773 3014 1820 1m.
3042 1768 3182 1822 Inde
3199 1769 3270 1822 ad
3291 1770 3491 1824 Alstidi
3516 1788 3608 1826 ve-

285 1853 811 1927 damquesibimore
826 1856 995 1910 solito
1019 1855 1151 1909 inde
1165 1857 1481 1926 sperantes,
1503 1869 1679 1924 quem
1705 1851 1878 1906 hosti-
1965 1849 2085 1916 ‘nit,
2121 1849 2321 1921 ibique
2349 1850 2617 1904 omnium
2649 1851 2996 1906 memoriam
3041 1859 3372 1910 sanctorum
3425 1857 3607 1928 digna

282 1943 376 1996 bus
399 1944 666 2015 laqueum
697 1945 993 2010 exlendre,
1019 1943 1213 2016 paucis
1234 1941 1662 2008 excedentibus,
1687 1941 1877 1995 incur-
1977 1938 2357 1993 veneratione
2378 1938 2722 2005 celebravit,
2758 1943 2816 1994 et
2846 1943 2980 1994 tunc
3025 1941 3084 1995 in
3134 1943 3194 2010 (f.
3234 1944 3350 2015 171)
3395 1945 3603 2001 eodem

280 2046 416 2086 rere.
451 2032 562 2086 Sed
587 2031 784 2086 Liutici
813 2032 1124 2086 redeuntes
1155 2031 1306 2097 irati,
1345 2030 1590 2084 dedecus
1620 2029 1743 2084 deae
1769 2029 1876 2084 sui-
1977 2027 2068 2081 die
2127 2027 2481 2098 Herdingus,
2535 2029 2704 2082 Nova:
2751 2027 2992 2083 civitatis
3016 2031 3088 2084 ab
3120 2031 3470 2104 imperatore
3500 2033 3605 2089 ibi-

281 2123 394 2173 met
414 2119 636 2174 illatum
666 2126 1006 2191 queruntur.
1033 2121 1172 2174 Nam
1205 2120 1348 2185 hmo,
1407 2118 1464 2172 in
1522 2117 1734 2172 vexillis
1763 2119 1874 2173 for—
1977 2116 2110 2172 dem
2159 2117 2509 2171 constitutus
2565 2117 2768 2185 abbas,
2823 2135 2858 2172 a
2912 2120 3136 2174 Gerone
3167 2121 3602 2196 archiepiscopo

279 2213 426 2261 mala
455 2216 568 2275 173°,
602 2225 635 2262 a
662 2209 915 2280 quodam
969 2207 1308 2263 Herimanni
1368 2215 1462 2248 1⁷ιο
1521 2206 1872 2261 marchionis
1973 2209 2367 2260 consecratur.
2407 2207 2470 2258 In
2497 2206 2767 2276 sequenti
2797 2207 3088 2262 dominica
3109 2208 3223 2276 die,
3246 2211 3400 2265 idest
3417 2212 3601 2267 tercia

279 2296 419 2351 socio
442 2297 639 2366 lapide
664 2313 777 2352 uno
807 2297 1049 2367 trajecta
1075 2299 1187 2364 est;
1221 2298 1278 2350 et
1311 2295 1449 2348 dum
1489 2295 1596 2349 hoc
1621 2295 1870 2349 ministri
1977 2296 2172 2350 Nonas
2205 2294 2566 2361 Novembris,
2600 2311 2761 2349 cesar
2788 2296 3078 2367 quoddam
3109 2299 3375 2369 predium
3409 2302 3595 2372 Roga-

280 2385 391 2455 ejus
410 2385 750 2459 imperatori
783 2386 1045 2440 dolenter
1073 2384 1424 2448 retulissent,
1475 2383 1547 2436 ad
1591 2384 1871 2437 emenda-
1971 2382 2062 2437 lici
2098 2383 2245 2453 (933)
2275 2385 2561 2449 vocatum,
2606 2383 2762 2454 quod
2792 2387 2927 2437 tunc
2976 2386 3048 2438 ab
3093 2373 3375 2442 Hatholdo
3406 2388 3592 2442 milite

281 2470 485 2528 tionem
516 2479 584 2528 12
607 2475 825 2528 talenta
850 2477 1252 2544 perceperunt.
1304 2474 1373 2526 Et
1398 2489 1530 2525 cum
1551 2472 1715 2542 juxta
1738 2472 1873 2525 Vur-
1973 2470 2080 2524 sibi
2115 2470 2324 2540 placito
2351 2469 2655 2542 acquisivit
2681 2471 3048 2538 concambio,
3075 2473 3460 2529 confratribus
3500 2493 3600 2531 no-

276 2558 359 2614 cin
383 2561 677 2615 civitatem
708 2561 942 2615 Mildam
987 2559 1160 2614 nimis
1219 2559 1458 2614 effusam
1506 2560 1750 2613 transire
1783 2576 1874 2613 vo-
1975 2559 2182 2612 strisin
2214 2558 2550 2628 Merseburg
2599 2558 2826 2613 Christo
2849 2560 3266 2617 famulantibus
3320 2563 3498 2630 dedit,
3543 2568 3602 2620 et

273 2646 521 2716 luissem,
548 2649 721 2703 deam
751 2666 880 2703 cum
899 2649 1096 2719 egrejo
1123 2652 1191 2703 50
1220 2648 1473 2701 militum
1500 2647 1777 2701 comitatu
1799 2649 1877 2701 al-’
1976 2647 2168 2700 lucum
2191 2647 2508 2721 quendam,
2542 2647 2614 2701 ab
2648 2649 2872 2718 Hagero
2918 2656 3032 2715 I747,
3085 2651 3328 2721 predicti
3353 2652 3599 2709 senioris

275 2737 448 2791 teram
484 2737 811 2810 perdidere.
841 2739 980 2791 Tam
1007 2737 1160 2791 malo
1193 2736 1390 2790 omine
1403 2735 1613 2789 residui
1637 2736 1875 2789 domum
1980 2717 2285 2803 germabo,
2316 2736 2380 2788 10
2409 2734 2640 2788 talentis
2671 2735 2898 2806 argenti
2928 2742 3351 2808 comparatum,
3390 2756 3599 2794 eorun-

282 2827 595 2897 v‘seinegue
623 2843 658 2880 a
683 2825 920 2881 servicio
969 2824 1194 2879 caesaris
1242 2841 1301 2878 se
1333 2825 1616 2877 malorum
1652 2824 1880 2878 iustinc—
1980 2822 2111 2875 dem
2147 2820 2488 2874 utilitatibus
2540 2823 3020 2889 accommodavit,
3056 2825 3456 2897 preceptisque
3487 2828 3597 2882 sui~

271 2913 326 2965 tu
358 2913 688 2970 abalienare
720 2915 1010 2980 nituntur;
1043 2914 1141 2968 sed
1165 2913 1361 2967 habito
1413 2916 1540 2982 post
1580 2914 1879 2968 communi
1980 2913 2101 2962 met
2147 2907 2373 2961 ﬁrmari
2417 2909 2696 2981 precepit.
2737 2911 2874 2964 Tres
2911 2926 3144 2981 quoque
3196 2913 3480 2967 azcclesias
3533 2915 3594 2971 in

269 3000 472 3058 suimet
497 3003 731 3074 placito,
756 3019 790 3057 a
820 3002 1107 3072 prioribus
1151 3001 1265 3055 suis
1295 3004 1731 3056 convertuntur.
1783 3003 1880 3057 La-
1902 3037 1949 3100 Ο
1980 2996 2138 3052 Libzi
2173 3000 2230 3050 et
2267 2995 2325 3049 in
2355 2996 2595 3050 Olscuizi
2624 3001 2768 3063 (934)
2797 3014 2860 3052 ac
2886 2997 2944 3051 in
2977 3000 3168 3055 Gusua
3198 3001 3409 3073 positas
3450 3003 3595 3058 mihi

273 3088 469 3145 borem
515 3091 685 3146 istius
715 3090 936 3145 itineris
981 3095 1039 3145 et
1089 3106 1404 3144 commune
1459 3090 1877 3145 detrimentum
1905 3085 1949 3100 ν
1980 3087 2260 3140 concessit
2289 3085 2458 3154 (935).
2493 3086 2557 3139 In
2585 3086 2694 3140 hoc
2715 3085 2935 3142 vernali
2964 3089 3231 3162 tempore
3261 3090 3407 3160 (936)
3438 3089 3592 3146 idem

267 3179 385 3250 quis
418 3196 703 3252 umquam
723 3181 872 3234 valet
893 3179 1226 3250 explicare?
1246 3179 1722 3251 Inexsuperabilis
1745 3182 1880 3235 Boe—
1980 3189 2221 3228 aureum
2249 3173 2429 3228 altare
2467 3173 2540 3228 ad
2573 3174 2744 3228 decus
2776 3175 3028 3230 ecclesiae
3063 3177 3334 3234 fabricari
3360 3185 3455 3220 im
3478 3180 3596 3250 jus-

263 3267 389 3323 miaa
423 3269 684 3341 regionis
708 3269 1003 3336 introitus,
1069 3268 1166 3322 sed
1212 3269 1394 3322 multo
1450 3269 1702 3324 deterior
1736 3272 1880 3341 ejus-
1980 3265 2133 3318 serat
2158 3265 2389 3328 Ποδῐτεὲν
2425 3263 2497 3317 ad
2522 3265 2678 3336 (ΙΠΟά
2709 3280 2816 3335 080
2849 3281 2914 3318 ex
2946 3265 3170 3339 antiqui
3187 3267 3382 3322 altaris
3413 3268 3593 3323 nostri

265 3354 393 3411 dem
426 3359 542 3413 fuit
583 3357 787 3412 exitus.
812 3358 980 3412 Facta
1020 3359 1106 3411 est
1127 3357 1248 3410 haec
1275 3356 1568 3428 expedicio
1599 3358 1670 3411 ad
1693 3358 1880 3430 perni—
1980 3355 2213 3424 sumptu
2235 3351 2359 3406 auri
2381 3359 2472 3394 17“
2505 3359 2536 3409 6
2563 3353 2741 3408 libras
2769 3353 2921 3408 dedi.
2952 3355 3065 3409 Sed
3094 3373 3226 3411 cum
3253 3357 3312 3410 in
3334 3357 3593 3428 predicta

262 3442 403 3499 ciem
437 3446 655 3513 hostis;
690 3447 791 3500 sed
832 3445 1075 3500 crimine
1121 3448 1318 3500 nostro
1349 3447 1597 3499 multum
1628 3447 1753 3501 lesit
1773 3447 1880 3502 vic-
1979 3441 2206 3496 civitate
2233 3458 2393 3496 cesar
2425 3445 2454 3496 5
2486 3443 2840 3498 ebdomadas
2864 3450 2922 3496 et
2948 3446 2982 3498 4
3009 3443 3129 3500 dies
3171 3446 3414 3513 sederet,
3448 3446 3592 3501 dile-
3635 3477 3650 3508 ι

263 3533 481 3589 toribus
513 3535 749 3591 nostris.
797 3535 960 3598 Quod
997 3534 1154 3588 enim
1219 3537 1356 3588 tunc
1390 3533 1448 3587 in
1482 3533 1645 3588 nobis
1672 3552 1788 3588 non
1819 3536 1880 3590 li-
1981 3533 2133 3585 ctum
2159 3529 2266 3584 sibi
2299 3531 2489 3585 locum
2525 3531 3069 3602 Bavenbergvisitat
3090 3542 3205 3601 im,
3228 3533 3326 3590 ubi
3350 3537 3595 3591 motunc

259 3621 372 3675 cuit
403 3621 681 3689 inimicis,
735 3626 1032 3695 peractum
1065 3625 1149 3676 est
1181 3626 1380 3693 postea
1417 3621 1753 3676 criminibus
1780 3639 1878 3678 no-
1981 3633 2181 3675 mense
2209 3619 2508 3673 Decembri
2540 3623 2598 3698 et
2629 3629 2723 3663 1750
2753 3620 2813 3674 in
2837 3619 3023 3691 prima
3058 3627 3247 3690 nocte,
3281 3639 3407 3694 quae
3443 3639 3594 3679 cesa-

258 3709 402 3764 stris.
435 3712 699 3766 Deﬂeam
724 3727 973 3782 quoque,
1003 3711 1161 3782 quod
1195 3709 1457 3764 Bolizlavi
1497 3711 1766 3765 satellites
1792 3711 1877 3766 in-
1975 3708 2055 3762 ris
2085 3707 2402 3761 adventum
2435 3708 2737 3763 subsecuta
2788 3711 2892 3773 est,
2928 3709 3277 3765 Guncelinus
3319 3710 3377 3764 in
3409 3714 3594 3767 custo-

256 3798 345 3851 ter
371 3800 570 3854 Albim
600 3803 657 3854 et
689 3800 922 3854 Mildam
971 3799 1196 3853 facinus
1226 3799 1658 3872 perpetrabant.
1692 3802 1874 3854 Nam-
1975 3796 2069 3850 dia
2095 3795 2190 3849 diu
2213 3798 2412 3849 tentus
2439 3797 2587 3866 (957)
2622 3798 2881 3863 solvitur,
2913 3801 3121 3853 catena
3137 3800 3208 3854 de
3238 3799 3476 3871 pedibus
3502 3800 3587 3853 di-

259 3901 365 3955 que
394 3888 478 3942 hii
499 3890 664 3960 jussu
691 3887 934 3942 senioris
956 3887 1040 3940 sui
1073 3887 1346 3942 velociter
1373 3887 1609 3957 egressi,
1656 3890 1719 3942 13
1759 3890 1869 3943 Ka-
1971 3885 2107 3939 vina
2141 3884 2443 3955 majestate
2477 3886 2800 3942 constrictis
2828 3885 3036 3941 leniter
3065 3888 3306 3944 cadente
3337 3888 3590 3960 integra-

257 3973 455 4031 lendas
485 3977 753 4032 Octobris
786 3977 844 4043 (ἰ.
886 3979 1008 4043 171)
1037 3977 1162 4048 plus
1194 3993 1369 4047 quam
1396 3976 1554 4030 mille
1580 3977 1870 4046 mancipia
1969 3990 2082 4045 que
2105 3977 2508 4044 permanente.
2547 3975 2878 4031 Heinricum
2920 3975 3097 4030 etiam
3140 3985 3256 4046 17“,
3291 3976 3587 4047 quondam

253 4061 309 4116 in
336 4064 446 4119 biis
477 4065 740 4137 partibus
761 4071 1152 4136 sumpserunt,
1186 4065 1550 4137 plurimaque
1600 4065 1865 4120 incendio
1965 4061 2394 4117 Bawuariorum
2427 4063 2631 4120 ducem
2653 4069 2712 4120 et
2737 4068 2873 4118 tunc
2895 4066 2926 4119 8
2958 4080 3143 4120 annos
3197 4069 3255 4120 et
3300 4080 3450 4139 pene
3500 4067 3588 4120 tet

247 4151 358 4207 late
388 4157 824 4221 consumentes,
857 4170 1135 4226 prospero
1165 4154 1374 4208 itinere
1405 4157 1790 4209 revertuntur.
1964 4167 2194 4205 menses
2225 4168 2325 4205 sua
2359 4153 2683 4226 depositum
2723 4153 2907 4224 culpa,
2969 4152 3225 4225 pristinis
3268 4153 3586 4226 imperator

310 4246 398 4299 48.
421 4245 748 4312 Imperator
767 4247 964 4296 autem
993 4243 1261 4297 Kalendis
1276 4243 1538 4297 Octobris
1567 4243 1866 4314 Mersburg
1965 4247 2058 4282 ιτα
2087 4239 2337 4293 restituit
2359 4241 2676 4298 honoribus
2714 4241 2805 4296 die
2852 4248 2945 4283 1⁷⁵1
2979 4241 3302 4310 dominica;
3355 4241 3500 4297 sicut
3528 4243 3581 4298 ei

241 4331 418 4396 venit,
441 4331 642 4402 ibique
655 4330 1076 4397 Ekkihardum,
1103 4332 1270 4385 Novae
1311 4331 1556 4385 civitatis
1591 4331 1864 4386 abba'em
1893 4353 1944 4412 D
1964 4328 2258 4382 ﬁrmatum
2283 4332 2368 4384 est
2395 4330 2555 4401 prius
2586 4349 2619 4385 a
2642 4331 3279 4403 Poppone,Treverensi
3303 4331 3582 4405 archiepi-

239 4424 298 4474 et
312 4419 446 4474 huic
465 4423 536 4476 23
559 4435 742 4473 annos
764 4421 868 4473 et5
888 4435 1119 4473 menses
1140 4419 1554 4490 presidentem,
1585 4419 1863 4490 Pragensi
1964 4433 2155 4489 scopo.
2189 4417 2245 4482 (f.
2281 4420 2430 4483 172).
2464 4420 2576 4474 Sed
2605 4423 2920 4491 antequam
2950 4418 3120 4490 hujus
3149 4420 3579 4476 conclusionem

240 4507 485 4576 prefecit
515 4505 805 4574 aecclesize,
825 4505 1076 4560 eundem
1098 4510 1131 4561 2
1152 4508 1342 4561 Nonas
1373 4505 1631 4563 Octobris
1671 4514 1763 4548 ιτα
1791 4507 1862 4561 ab
1963 4505 2101 4559 anni
2132 4505 2366 4574 faciam,
2404 4508 2670 4579 quaedam
2711 4507 2772 4562 in
2801 4508 2911 4562 hoc
2940 4507 3183 4562 dicenda
3209 4508 3575 4568 interseram.

1571 4603 1807 4658 VARIAZ
1864 4602 2260 4660 LECTIONES.

307 4684 406 4720 I788
439 4676 503 4731 in
536 4690 748 4732 erasum
782 4679 831 4729 1.
911 4675 1030 4716 1⁷³³*
1063 4675 1188 4730 add.
1225 4676 1308 4730 lb.
1389 4684 1484 4719 17M
1515 4676 1553 4731 i.
1588 4675 1626 4730 i.
1675 4675 1796 4729 add.
1847 4675 1930 4729 Ib.
2010 4682 2104 4716 1⁷³³
2159 4675 2522 4732 uuordizlavo
2580 4683 2663 4734 la.
2744 4685 2838 4722 1m
2876 4678 3097 4733 sollitus
3144 4682 3192 4734 1.
3269 4685 3363 4723 1⁷³⁷
3404 4678 3576 4735 Verba

235 4745 292 4801 in
351 4747 609 4803 Domino
657 4753 706 4800 et
762 4746 819 4800 in
874 4747 1063 4800 seculo
1109 4763 1260 4801 erasa
1299 4751 1354 4801 in
1398 4748 1512 4802 cod.
1568 4750 1587 4801 1
1637 4747 1697 4800 in
1741 4745 2002 4800 secundis
2053 4749 2103 4801 2.
2188 4755 2282 4790 1788
2330 4747 2601 4811 sixccenti
2651 4755 2734 4804 la.
2780 4749 2799 4804 i
2847 4766 2984 4804 corr.
3041 4751 3103 4805 in
3145 4767 3177 4805 e
3229 4751 3312 4806 Ib.
3392 4758 3486 4793 m9
3533 4751 3570 4806 i.

232 4834 285 4892 y_.
337 4819 377 4872 f.
443 4817 572 4892 add.
624 4817 709 4892 Ib.
753 4817 1307 4892 __17_40_beramanni
1335 4835 1473 4892 corr.
1507 4817 1838 4872 herimanni
1892 4819 1976 4870 la.
2025 4815 2040 4868 i
2067 4826 2191 4887 post
2229 4836 2373 4872 eraso
2408 4823 2456 4874 1.
2572 4829 2665 4862 ιἠί
2708 4823 2783 4875 sic
2830 4821 3104 4892 legendum
3147 4839 3252 4876 esse
3294 4840 3400 4877 non
3454 4839 3573 4876 vero

230 4887 546 4964 Novemb,
568 4889 642 4964 ut
670 4886 819 4964 codd.
853 4887 1066 4964 habeat,
1087 4905 1162 4964 ex
1191 4891 1530 4964 sequentibus
1556 4896 1799 4964 apparet.
1842 4957 1851 4964 α
1881 4894 1974 4929 1'“!
2000 4886 2318 4964 _rti_szuru_m
2361 4893 2453 4964 la.
2496 4892 2585 4946 sed
2609 4895 2714 4963 Ipse
2761 4886 2899 4947 corr:
2975 4899 3070 4934 im
3098 4910 3157 4948 ιι.
3191 4911 3237 4949 s.
3281 4909 3339 4964 p.
3369 4893 3409 4946 i.
3443 4892 3568 4949 add.

234 4959 316 5034 Ib:
380 4967 480 5002 17H
507 4959 638 5034 add,
673 4958 752 5034 Ib.
821 4967 926 5034 PH
956 4959 1152 5012 hiralis
1174 4957 1488 5034 Ita—hilaris
1514 4965 1531 5014 -1
1549 4957 1640 5013 b."
1659 4967 1752 5034 mf
1777 4957 1892 5034 tria
1912 4989 1977 4998 —
1999 4959 2136 5034 Inde
2159 4961 2291 5034 add.
2319 4961 2400 5015 lb.
2437 4979 2563 5034 arg.
2591 4957 2845 5019 ecclesiae
2871 4967 3081 5019 nostrae
3099 4968 3150 5019 2.
3231 4957 3325 5008 1737
3351 4964 3569 5034 hogero

232 5030 340 5155 is;
399 5038 504 5157 :71)“
534 5028 833 5084 frabricari
875 5035 920 5085 1.
999 5037 1094 5072 im
1136 5030 1378 5087 visitavit
1406 5037 1492 5088 la.
1570 5039 1666 5074 1750
1696 5029 1792 5086 ubi
1834 5032 1969 5084 tunc
2011 5037 2060 5084 et
2101 5031 2162 5087 in
2208 5033 2397 5104 prima
2427 5028 2905 5107 —‘permanente
2955 5035 3081 5095 add.
3129 5037 3212 5092 lb.
3291 5041 3384 5077 ίτιι
3415 5028 3473 5089 d.
3507 5034 3564 5089 d.

232 5118 262 5154 a
346 5143 360 5156 .
477 5143 492 5157 .

232 5118 360 5156 aaa.
399 5118 421 5157 1
438 5118 492 5160 οο

1793 5171 2015 5228 NOTIE.

293 5261 464 5342 ⁸(932)
522 5261 1031 5334 Wirzeburgensis,
1094 5263 1540 5336 Bambergensis
1587 5266 1646 5318 et
1700 5261 1852 5318 Trie—
1950 5263 2122 5342 hodie
2149 5265 2348 5342 Geusa,
2369 5265 2684 5323 donatione
2705 5269 3157 5335 chartaa.lOl7,
3190 5266 3329 5322 Nov.
3358 5269 3410 5336 3,
3431 5267 3565 5322 data

228 5333 453 5388 stinus.
830 5333 838 5334 ί
1353 5333 1372 5336 ⁷
1951 5335 2137 5390 adhuc
2166 5333 2366 5394 exstat.

305 5405 469 5482 (933)
497 5404 734 5482 lygglitz
756 5420 936 5478 prope
963 5404 1324 5482 thkeuditz.
2026 5409 2164 5482 (936)
2200 5409 2289 5482 Sc.
2324 5409 2383 5482 in
2409 5425 2542 5465 vere
2569 5409 2740 5482 hujus
2766 5409 2925 5464 anni.

301 5477 477 5617 (934;
515 5475 786 5531 (Elschau
813 5475 993 5558 prope
1017 5477 1264 5550 Leipzig.
1342 5549 1352 5560 _
1785 5547 1794 5558 ⁸
2026 5475 2169 5551 (937)
2200 5479 2364 5537 Conf.
2407 5497 2580 5557 super
2607 5475 2752 5549 l.'v1,
2779 5498 2828 5535 c.
2852 5483 2938 5536 36.

305 5548 446 5617 (935
513 5547 881 5617 Imperatoris
928 5564 1099 5617 super
1146 5550 1406 5605 Ecclesiae
1455 5550 1848 5616 Gusuavenms,

305 5547 477 5617 (935)
513 5547 881 5620 Imperatoris
923 5547 1406 5622 super'Ec'clesiae
1455 5547 1848 5616 Gusuavensis,
