4012 6180
447 352 586 417 1³09

1439 351 1811 417 ἸἩῘΕΤΜΑΒΙ
1849 353 2169 415 EPlSCOPl
2207 354 2827 421 IERSEBURGENSIS

3634 366 3747 426 MM

514 474 1360 546 49.Thietmarus,venerabilis
1372 480 1587 534 sancta:
1601 478 2072 535 Asenbrunensis
2090 480 2145 542 Α
2176 481 2342 539 ribus
2366 484 2478 540 hoc
2507 488 2893 559 compleatur.
2936 489 3060 544 Non
3084 490 3173 545 est
3198 485 3598 545 admirandum
3620 490 3749 561 quod

449 575 547 613 ιπι
568 565 837 625 ecclesia)
886 565 1209 640 episcopus,
1263 583 1457 622 servus
1504 568 1685 623 sancti
1717 568 1975 623 Mauricii
2011 570 2069 624 in

448 656 839 728 Magadaburg
862 658 922 709 et
950 654 1109 727 prius
1129 653 1283 710 utilis
1298 656 1614 726 Magonciae
1637 659 1694 710 et
1720 643 2070 728 Aquisgrani

416 743 792 817 propositus,
817 742 1064 814 caligine
1088 743 1339 815 quadam
1370 744 1709 800 obfuscante
1732 746 1929 800 lumen
1962 746 2071 800 hoc

448 831 670 890 visibile
699 831 757 887 in
777 831 955 904 priori
979 831 1229 906 perdidit
1250 848 1406 887 anno
1426 840 1614 899 1758,ac
1627 833 1893 889 interiori
1907 835 2072 890 oculo

449 937 519 977 eo
543 920 787 978 lucidius
801 920 1087 988 radiante,
1118 920 1384 976 fomitem
1406 921 1589 976 tocius
1622 922 1765 978 lucis
1786 923 2074 978 Christum

451 1008 739 1066 indefesso
780 1010 981 1066 labore
1028 1010 1153 1083 jam
1204 1011 1651 1084 contemplatur.
1715 1012 1814 1066 Hic
1858 1029 1892 1067 a
1938 1029 2075 1084 rege

450 1098 719 1156 Heinrico
752 1097 1022 1154 successit
1066 1099 1417 1154 antecessori
1475 1116 1577 1154 suo
1647 1100 1940 1168 Nonnoni,
1980 1091 2076 1172 qui

452 1187 762 1244 0thilulfus
791 1187 1276 1259 dicebatur(938).
1293 1187 1687 1243 Obieruntim
1709 1189 1768 1242 in
1792 1190 1901 1244 hoc
1921 1206 2075 1244 anno

451 1276 737 1334 antistites
766 1276 1001 1348 praeclui
1031 1276 1288 1333 Amulric
1325 1276 1475 1349 (939)
1499 1294 1562 1331 ac
1604 1285 1698 1320 17“
1721 1278 2077 1333 Fermuudus

453 1367 515 1420 et
539 1364 859 1432 Becelinus,
894 1367 954 1419 et
978 1379 1191 1435 paucas
1206 1364 1416 1420 sedens
1439 1365 1796 1420 ebdomadas
1813 1368 2076 1421 Altman-

454 1470 582 1510 nus.
604 1453 705 1509 Hic
727 1453 1049 1509 monachus
1077 1452 1189 1508 fuit
1212 1452 1395 1508 sancti
1426 1454 1710 1508 Johannis
1736 1454 1997 1527 baptistae
2020 1454 2077 1508 in

457 1540 871 1614 Magadaburg,
901 1539 1153 1614 indeque
1189 1542 1262 1597 ab
1284 1541 1679 1597 Hazthelbeida
1708 1550 1802 1585 ιτδο
1835 1542 2082 1597 abbatis-

453 1646 538 1699 sa,
564 1646 634 1687 eo
665 1630 821 1703 quod
849 1630 921 1686 de
963 1646 1066 1685 sua
1110 1634 1262 1685 esset
1308 1630 1554 1699 familia,
1604 1632 1869 1699 Arnulfo,
1926 1631 2079 1701 regis

453 1734 736 1791 germano
769 1721 826 1772 et
849 1734 1005 1773 nunc
1024 1718 1458 1791 archiepiscopo
1504 1720 1850 1775 Ravennatis
1888 1721 2081 1775 mccle"

2173 574 2233 628 in
2260 573 2371 629 hiis
2399 576 2659 647 partibus
2679 580 2792 633 tale
2822 581 3143 635 ostentatur
3161 580 3223 644 (f.
3266 582 3393 649 l73)
3433 580 3746 652 prodigium-

2174 663 2318 717 Nam
2349 664 2709 721 habitatores
2738 667 2816 722 illi
2844 685 2976 723 raro
3012 669 3084 723 ad
3114 669 3439 724 arcclesiam
3468 669 3747 737 venientes,

2175 749 2245 804 de
2274 768 2510 807 suorum
2540 754 2865 811 visitatioue
2891 758 3192 812 custodum
3222 758 3303 812 nil
3324 761 3554 812 curant.
3582 759 3750 814 Dome-

2175 840 2349 895 sticos
2378 842 2576 897 colunt
2599 844 2756 911 deos,
2796 846 3157 918 multumque
3207 854 3302 889 1768
3350 846 3461 900 sibi
3520 848 3754 919 prodesse

2177 928 2411 984 eosdem
2434 936 2751 1002 sperantes,
2783 933 2894 987 hiis
2950 935 3256 990 inmolant.
3304 934 3507 989 Audivi
3557 935 3620 989 de
3647 952 3757 1005 quo-

2178 1016 2312 1070 dam
2335 1018 2569 1088 baculo;
2598 1021 2655 1074 in
2680 1022 2839 1093 cujus
2858 1024 3125 1079 sumitate
3151 1040 3360 1078 manus
3382 1025 3756 1089 erat,unumin

2178 1121 2236 1159 se
2263 1105 2517 1162 ferreum
2542 1117 2635 1151 i7“
2668 1118 2874 1165 tenens
2897 1112 3194 1177 circulum,
3219 1112 3376 1183 quod
3408 1129 3539 1165 cum
3565 1115 3757 1184 pastore

2178 1192 2334 1248 illius
2367 1195 2535 1265 villae,
2567 1198 2625 1252 in
2652 1216 2766 1270 quo
2798 1199 2844 1253 is
2876 1208 2970 1242 ίτδι
2990 1201 3198 1267 fuerat,
3230 1217 3335 1272 per
3368 1216 3573 1255 omnes
3591 1201 3761 1255 domos

2182 1280 2286 1336 has
2315 1281 2687 1353 singulariter
2706 1287 2925 1354 ductus,
2980 1288 3037 1341 in
3069 1288 3258 1359 primo
3312 1287 3556 1342 introitu
3600 1305 3689 1343 suo
3734 1305 3762 1342 ει

2181 1370 2461 1440 portitore
2487 1373 2566 1427 sic
2588 1375 2964 1431 salutaretur:
3002 1376 3203 1447 Vigila,
3237 1376 3467 1440 Hennil,
3503 1376 3762 1447 vigila!-

2183 1458 2260 1512 sic
2309 1461 2467 1515 enim
2498 1462 2722 1517 rustica
2751 1465 3065 1519 vocabatur
3091 1466 3291 1536 lingua
3317 1495 3389 1505 —
3416 1468 3477 1518 et
3502 1466 3765 1536 epulantes

2183 1545 2264 1601 ibi
2295 1549 2536 1605 delicate
2564 1559 2679 1619 1⁷⁸⁵,
2713 1553 2782 1606 de
2814 1553 3070 1624 ejusdem
3097 1570 3156 1608 se
3186 1553 3336 1608 tueri
3359 1553 3612 1607 custodia
3633 1553 3765 1606 stulti

2184 1639 2564 1694 autumabant
2582 1642 2752 1709 (941),
2800 1641 3134 1712 ignorantes
3162 1642 3304 1696 illud
3333 1642 3645 1695 Daviticum
3666 1658 3678 1694 :
3697 1641 3767 1695 Si-

2182 1727 2429 1782 mulacra
2455 1730 2697 1799 gentium
2726 1746 2884 1800 opera
2910 1730 3208 1797 hominum,
3239 1733 3297 1785 et
3329 1732 3562 1784 caetera.
3585 1729 3766 1785 Sunile:

453 1805 575 1875 site,
598 1806 672 1862 ad
701 1805 999 1862 servitium
1048 1807 1121 1863 ab
1158 1823 1228 1862 ea
1255 1807 1423 1863 datus
1473 1794 1578 1876 bst,
1644 1825 1680 1863 a
1723 1825 1836 1880 quo
1876 1816 2080 1881 postea
2098 1805 2149 1864 B
2181 1814 2285 1869 illis
2309 1794 2721 1887 ﬁanlvfacientes
2744 1794 2805 1873 ea
2834 1826 2884 1873 el
2913 1794 3227 1889 conﬁdentes
3256 1820 3358 1874 hiis
3418 1818 3587 1891 (Psal.
3623 1833 3767 1887 σιω,

453 1896 845 1963 consecratus,
873 1910 908 1950 a
932 1894 1046 1949 suis
1080 1894 1358 1951 tocxicata
1401 1904 1494 1938 1787
1524 1895 1762 1969 potione
1791 1898 1941 1951 lesus
1970 1898 2076 1951 est-

525 1985 615 2040 50.
650 1983 718 2037 In
746 1999 880 2039 mea
908 1982 1197 2040 vicinitate
1217 1988 1275 2040 et
1295 1985 1357 2039 in
1381 1985 1596 2058 oppido
1620 1984 2078 2056 8111ν8111111(940)

454 2069 607 2127 dioto
649 2070 999 2127 miraculum
1024 2072 1317 2145 quoddam
1360 2073 1566 2128 accidit
1590 2073 1649 2128 in
1682 2074 1929 2129 secunda
1976 2074 2079 2127 De.

452 2158 706 2216 eembris
729 2159 1074 2218 ebdomada.
1113 2161 1240 2216 Fuit
1287 2162 1364 2217 ibi
1403 2162 1652 2234 quedam
1692 2162 1902 2217 mulier
1928 2178 2075 2232 quae,

454 2265 588 2307 cum
616 2248 805 2305 virum
826 2248 1040 2305 suimet
1076 2249 1235 2304 domi
1268 2266 1385 2304 non
1416 2250 1677 2315 haberet,
1714 2266 1887 2322 super
1924 2266 1983 2304 se
2018 2251 2081 2304 et

455 2352 630 2410 super
659 2336 808 2392 ﬁlios
826 2336 1154 2410 hospicium
1184 2337 1491 2395 obserabat
1519 2346 1613 2380 ιτδο
1655 2354 1845 2405 suum,
1869 2340 1927 2391 et
1951 2353 2082 2392 ecce

454 2428 592 2481 ante
621 2424 980 2497 gallicinium
1024 2425 1247 2481 sonitus
1279 2426 1350 2480 ab
1382 2442 1454 2481 ea
1505 2425 1806 2481 inmensus
1832 2425 2079 2480 auditur.

456 2512 600 2570 Haec
629 2513 838 2569 talibus
861 2513 1280 2587 obstupefacta,
1307 2513 2082 2569 vicinosclamorecontinuo

455 2617 702 2658 evocans
724 2609 839 2670 17",
869 2602 1277 2658 necessitatem
1309 2618 1472 2657 suam
1498 2601 1733 2657 indicat.
1763 2601 1870 2667 Qui
1895 2604 2086 2657 volen'

454 2702 542 2759 tes
561 2690 751 2747 eidem
770 2707 1127 2760 succurrere,
1162 2691 1224 2762 (f.
1265 2691 1388 2764 172)
1420 2692 1623 2747 crebra
1635 2691 1973 2764 jactacione
2000 2708 2087 2746 re-

456 2780 772 2854 pelluntur.
786 2780 1043 2836 Tandem
1053 2781 1158 2853 jan
1167 2797 1300 2836 uam
1316 2780 1674 2852 frangentes,
1690 2779 2007 2852 gladiisque
2024 2779 2087 2835 in

454 2871 678 2930 ttantes
689 2868 1021 2943 evagiuatis,
1031 2870 1169 2942 quid
1182 2869 1606 2926 matrifamilias
1618 2870 1703 2925 vel
1718 2869 1849 2941 ipsis
1863 2873 2089 2923 tantum

456 2958 846 3027 rebellaverit,
859 2957 1520 3031 diligenterlinquirunt;
1545 2960 1602 3012 et
1616 2957 1750 3029 quia
1763 2960 2089 3012 monstrum

2178 1906 2234 1971 4,
2275 1907 2349 1977 8).

2255 2070 2499 2135 5l.Quia
2525 2078 2621 2113 i766
2643 2087 2775 2126 vero
2809 2088 2983 2127 omne
3016 2087 3213 2126 rarum
3268 2074 3356 2125 est
3397 2071 3596 2143 utique
3622 2070 3770 2125 admi.

2180 2159 2429 2214 randum
2459 2176 2524 2214 ac
2556 2176 2791 2232 persepe
2844 2162 2905 2213 ut
2947 2163 3218 2231 portenta
3247 2160 3620 2232 stupendum.
3665 2158 3772 2213 ideo

2182 2249 2474 2320 quandam
2505 2267 2650 2312 rem,
2686 2266 2813 2320 quae
2846 2248 2903 2303 in
2954 2250 3165 2304 nostris
3202 2249 3399 2304 evenit
3428 2249 3773 2320 temporibus,

2182 2339 2450 2409 explano.
2479 2337 2861 2393 Screnissimo
2884 2355 3019 2410 rege
3039 2339 3307 2394 Heinrico
3334 2340 3478 2393 tunc
3501 2345 3592 2380 1767
3622 2336 3775 2393 domi-

2185 2429 2385 2494 nante,
2419 2443 2482 2480 ac
2504 2427 2798 2497 Wigberto
2830 2431 3191 2482 antecessore
3243 2445 3382 2483 meo
3441 2428 3684 2499 vigente,
3727 2427 3774 2479 iu

2186 2514 2319 2569 villa
2351 2522 2445 2557 1768
2476 2516 2727 2586 quadam
2756 2516 2959 2571 Rotlizi
3002 2525 3095 2559 176°
3142 2520 3298 2585 (942)
3348 2517 3529 2583 dicta,
3563 2531 3718 2586 quam
3749 2530 3777 2567 a

2188 2606 2457 2658 matrona
2486 2604 2799 2659 venerabili
2830 2605 2946 2673 Ida,
2981 2623 3129 2660 nuru
3176 2606 3351 2678 primi
3412 2606 3634 2663 Ottonis
3656 2604 3777 2674 (9431

2190 2701 2402 2747 nostra:
2423 2692 2692 2747 traditam
2716 2694 3158 2761 aecclesieeﬁezo
3183 2696 3517 2766 prepositus
3556 2698 3680 2748 tunc
3702 2699 3780 2733 "7°

2189 2778 2249 2833 in
2280 2780 2625 2835 beneficium
2646 2782 2853 2847 tenuit,
2888 2782 3032 2837 sicut
3059 2784 3132 2837 ab
3154 2800 3221 2837 eo
3252 2784 3542 2839 veraciter
3559 2780 3783 2853 comperi

2190 2868 2411 2924 accidit.
2441 2871 2502 2924 In
2535 2887 2719 2925 messe
2746 2871 3054 2939 laboriosa,
3117 2889 3250 2927 cum
3304 2872 3367 2926 iu
3421 2890 3540 2927 una
3589 2872 3784 2925 dierum

2192 2958 2439 3030 operarii
2476 2960 2731 3030 ejusdem
2755 2960 2878 3030 jam
2909 2961 3040 3015 lassi
3099 2978 3159 3015 se
3205 2962 3532 3016 voluissent
3559 2961 3786 3023 reﬁcere,

459 3050 605 3117 erat,
633 3048 860 3105 hostem
894 3064 1011 3105 non
1040 3047 1427 3119 invenientes,
1453 3047 1667 3119 egressi
1700 3049 1835 3101 sunt
1877 3045 2085 3104 tristes.
2122 3060 2168 3119 ί]
2190 3061 2403 3116 panem
2419 3046 2943 3119 primitusincisum
2979 3049 3328 3119 sanguinem
3351 3046 3789 3104 videruntetl‘un-

461 3135 664 3193 Mulier
680 3139 876 3193 autem
897 3136 1157 3208 predicta
1186 3136 1341 3191 diem
1383 3146 1722 3209 exspectans
1754 3134 2085 3203 sollicitum,

461 3223 711 3282 crastino
737 3224 1070 3297 proximum
1088 3224 1384 3279 accersivit
1398 3222 1818 3297 presbiterum;
1848 3222 1945 3294 qui
1968 3238 2087 3277 om-

465 3327 603 3373 nem
632 3313 786 3371 hanc
808 3314 1050 3370 domum
1095 3312 1355 3385 reliquiis
1383 3316 1716 3367 sanctorum
1745 3316 1804 3366 et
1832 3328 1983 3383 aqua
2009 3311 2089 3365 lu-

463 3400 663 3458 stravit
690 3402 1017 3458 benedicta.
1048 3403 1114 3457 In
1154 3400 1419 3473 sequenti
1468 3408 1564 3441 i760
1593 3416 1727 3454 vero
1781 3401 1950 3453 nocte
1992 3414 2090 3470 pa-

464 3504 596 3545 rum
617 3489 687 3544 de
712 3490 1040 3562 supradicto
1068 3492 1295 3544 terrore
1324 3488 1672 3555 concutitur,
1707 3489 1764 3542 et
1802 3488 1919 3542 Deo
1963 3504 2091 3558 gra-

463 3575 574 3631 tias
600 3575 615 3631 l
643 3578 846 3633 crebra
889 3577 1194 3648 presbiteri
1242 3577 1566 3632 visitatione
1603 3575 1901 3631 liberatur.
1956 3577 2086 3631 Tale

464 3663 700 3738 aliquid,
731 3664 1079 3739 ubicumque
1100 3665 1315 3734 evenit,
1352 3682 1569 3721 novum
1613 3663 1831 3737 aliquid
1858 3668 2088 3737 preten-

465 3752 568 3810 dit.
591 3754 991 3828 Unusquisque
1012 3754 1271 3811 fidelium
1293 3771 1413 3810 non
1442 3754 1549 3810 sibi
1571 3754 1773 3810 timeat
1802 3757 2083 3808 terrorem

462 3842 628 3901 illum
655 3862 669 3915 ;
711 3862 771 3902 se
799 3848 1166 3918 peccatorem
1185 3862 1253 3901 ex
1271 3845 1443 3901 corde
1469 3844 1801 3916 cognoscat,
1823 3844 1882 3897 et
1911 3841 2081 3913 signo

462 3936 676 3991 sancta
705 3934 890 3991 crucis
911 3934 1135 4007 jugiter
1164 3951 1225 3990 se
1256 3934 1549 4001 muniens,
1599 3947 1837 3987 omnem
1887 3930 2083 3984 adver-

461 4022 675 4080 sariam
703 4026 1049 4099 potestatem
1080 4039 1318 4096 prorsus
1362 4021 1642 4077 excludat.
1684 4018 1868 4075 Hostis
1894 4018 2087 4073 incau-

461 4113 554 4169 tos
578 4130 838 4187 quosque
867 4113 947 4168 sic
980 4112 1215 4181 inludit,
1268 4116 1326 4169 et
1353 4113 1415 4168 in
1445 4129 1505 4167 se
1544 4109 1763 4182 aliquid
1787 4108 2086 4167 credentes

463 4201 538 4259 ad
561 4201 833 4261 ultimum
864 4200 1097 4275 decipit.
1130 4201 1235 4258 Ubi
1264 4201 1547 4257 desolacio
1573 4202 1709 4254 tunc
1736 4200 1840 4264 est,
1882 4200 1980 4251 aut
2007 4196 2087 4254 fa.

461 4290 627 4349 ciuus
644 4293 1090 4349 subsecuturum
1122 4294 1208 4346 est
1258 4292 1344 4347 vel
1398 4290 1592 4362 aliqua
1648 4286 1924 4349 mutacio,
1956 4284 2086 4339 talis

2189 3134 2345 3203 dere;
2370 3134 2541 3206 idque
2572 3135 2947 3202 admirantes,
2976 3137 3188 3191 seniori
3219 3153 3323 3191 suo
3369 3136 3789 3206 concivibusque

2190 3223 2520 3278 ostendunt.
2551 3224 2602 3290 (t‘
2643 3224 2782 3295 l73’)
2800 3226 2887 3291 Et,
2906 3226 2968 3277 ut
2984 3241 3134 3291 reor,
3154 3226 3263 3279 hoc
3279 3226 3623 3297 prodigium
3639 3212 3787 3277 futuri

2191 3310 2404 3366 exitum
2434 3312 2567 3367 belli
2596 3328 2662 3367 ac
2681 3312 2741 3367 in
2773 3329 2839 3367 eo
2861 3313 3179 3367 multorum
3201 3329 3484 3369 cruorem
3513 3311 3787 3367 hominum

2189 3399 2543 3471 presignavit
2589 3404 3016 3455 emanaturum.
3070 3401 3329 3456 Alteram
3388 3417 3623 3474 quoque
3663 3414 3785 3461 rem,

2191 3487 2451 3558 quamvis
2479 3489 2660 3544 multo
2709 3488 3170 3553 laudabiliorem,
3212 3491 3421 3545 tamen
3490 3486 3787 3545 mirabilem

2189 3576 2602 3648 memoriaeque
2632 3576 2868 3648 dignam
2899 3576 3180 3632 describo.
3213 3580 3277 3631 ln
3335 3594 3479 3633 arce
3519 3576 3785 3636 Romulea,

2189 3679 2317 3735 qua!
2342 3665 2603 3720 omnium
2626 3669 2712 3719 est
2725 3664 2909 3737 capud
2931 3664 3158 3719 urbium
3172 3666 3246 3720 ob
3262 3660 3788 3737 diversarumquali—

2190 3754 2367 3807 tatem
2391 3770 2713 3821 causarum,
2742 3754 2801 3807 in
2825 3770 2940 3807 una
2951 3754 3207 3808 {ecclesia
3230 3758 3290 3809 et
3308 3754 3375 3810 in
3401 3756 3786 3829 dexteraparle

2187 3842 2404 3909 altaris,
2431 3841 2501 3896 ab
2533 3860 2649 3897 uno
2682 3842 2996 3915 pavimenti
3024 3842 3315 3898 foramine
3365 3861 3478 3916 per
3522 3846 3785 3915 integrum

2189 3930 2364 3997 diem,
2420 3932 2617 3985 multis
2663 3932 2773 3985 hoc
2802 3932 3171 3986 cernentibus
3215 3935 3399 4003 atque
3429 3934 3785 4007 stupentibus,

2189 4019 2381 4073 oleum
2405 4020 2718 4074 emanavit.
2754 4020 2930 4090 Hujus
2956 4022 3183 4092 partem
3204 4019 3512 4076 Johannes
3541 4018 3785 4076 Creeentii

2187 4105 2337 4161 ﬁlius
2369 4107 2427 4161 in
2457 4109 2693 4179 ampula
2731 4108 2981 4179 quadam
3039 4107 3308 4163 Heinrico
3355 4110 3581 4164 seniori
3613 4125 3704 4163 suo
3742 4109 3787 4160 et

2186 4199 2323 4253 tunc
2337 4196 2460 4267 regi
2485 4200 2680 4252 nostro
2698 4195 3036 4262 transmisit,
3061 4199 3120 4251 et
3158 4197 3297 4267 quia
3320 4199 3526 4253 oleum
3544 4214 3686 4253 nunc
3701 4211 3784 4267 pro

2186 4284 2578 4339 misericordia
2602 4284 2858 4358 ponitur,
2893 4287 2958 4339 ut
2986 4288 3071 4338 est
3095 4284 3235 4338 illud
3267 4302 3281 4339 :
3311 4285 3513 4340 Oleum
3542 4287 3606 4340 de
3635 4285 3785 4356 capite

460 4396 587 4438 rem
614 4380 873 4453 procedit
895 4379 1114 4437 indicio
1139 4388 1257 4434 17".
1294 4379 1439 4446 Quia
1459 4377 1629 4434 nobis
1657 4376 1935 4431 adherere
1965 4376 2082 4430 Deo
2103 4412 2159 4473 D
2187 4378 2275 4427 tuo
2297 4390 2403 4427 non
2429 4373 2637 4442 deﬁciet
2680 4373 2879 4444 (Eccle.
2904 4390 2979 4439 ιχ,
3013 4376 3084 4438 8),
3120 4389 3276 4428 nunc
3305 4389 3419 4444 pro
3452 4374 3783 4435 adulacione,

461 4470 523 4524 et
547 4484 713 4541 spem
743 4473 1005 4526 nostram
1033 4486 1254 4543 ponere
1284 4468 1346 4526 in
1376 4485 1444 4524 eo
1466 4468 1687 4524 bonum
1731 4468 1835 4532 est,
1887 4480 2085 4537 preoc-

462 4572 739 4629 capemus
766 4561 1028 4614 sanctam
1058 4558 1269 4615 faciem
1297 4559 1421 4631 ejus
1445 4554 1686 4612 assiduis
1697 4554 1980 4627 precibus,
1998 4556 2079 4619 ut,

462 4644 581 4700 sive
602 4644 827 4718 aliquid
854 4645 1023 4701 nobis
1048 4645 1420 4719 presignetur
1452 4645 1568 4700 sive
1607 4645 1822 4698 celetur
1876 4649 1968 4684 ιτσι
2010 4641 2079 4695 de

465 4740 560 4777 ιτοι
590 4732 1126 4791 misericordissima
1151 4733 1366 4807 pietate
1388 4751 1491 4790 sua
1531 4731 1589 4787 in
1631 4732 1797 4787 nobis
1822 4732 2081 4803 peccato-

2185 4464 2249 4515 ut
2264 4461 2375 4517 hoc
2390 4464 2475 4516 est
2497 4469 2588 4503 1⁷⁷1
2622 4478 2635 4516 :
2669 4460 2858 4516 Oleum
2880 4462 3177 4539 peccatoris
3201 4477 3313 4514 non
3335 4464 3629 4533 inpinguet
3649 4464 3781 4531 caput

2184 4550 2772 4621 meum(Psal.cxt.,5);
2804 4549 2864 4604 in
2890 4549 2997 4603 hoc
3018 4546 3185 4617 signo
3223 4550 3606 4604 clementiam
3634 4551 3784 4603 recte

2183 4636 2259 4692 ris
2288 4638 2465 4693 nostri
2510 4638 2951 4693 habundantem
2978 4639 3034 4689 et
3069 4635 3221 4689 illius
3249 4638 3486 4707 patricii
3529 4636 3779 4693 lasciviam

2180 4727 2461 4781 latentem
2494 4726 2811 4800 perpendo.
2846 4727 3103 4796 Namque
3154 4724 3202 4777 is
3261 4727 3600 4797 apostolica:
3656 4723 3778 4778 sedis

1790 4818 2020 4872 VARI/8
2061 4814 2352 4871 LECTION
2361 4815 2461 4871 ES.

533 4899 629 4935 im
654 4890 1165 4948 asenbrunniensis
1194 4898 1276 4948 la.
1392 4901 1485 4936 im
1515 4891 1573 4946 in

461 4962 613 5019 ficus
653 4962 759 5035 1ο.)
789 4980 855 5019 ac
892 4963 1017 5017 add.
1052 4964 1139 5019 ib.
1216 4972 1312 5008 1⁷⁵⁸
1343 4965 1503 5023 hath.
1541 4956 1630 5019 lc?
1705 4971 1797 5025 1.7"
1830 4961 1954 5016 add.
1992 4960 2071 5013 lb.
2103 4958 2165 5011 in
2195 4956 2520 5035 locovacuo.

1603 4890 1784 4964 priori
1829 4897 1899 4964 et_
1925 4904 2082 4964 anno
2118 4884 2259 4964 _ad_d.
2300 4886 2381 4941 lb.

2496 4894 2590 4928 mi
2621 4883 2748 4949 add.
2795 4883 2876 4938 ib.
2954 4890 3049 4926 1⁷⁸⁸
3102 4882 3349 4937 amulric

2636 4963 2730 4997 1758
2759 4955 3066 5009 obserebat
3097 4958 3143 5007 1.
3264 4962 3361 4996 ιτδο
3404 4954 3674 5009 invocans
3704 4956 3770 5005 la.

3404 4883 3571 4953 (corr.
3620 4880 3774 4936 amal-

459 5042 556 5079 mo
584 5025 861 5106 sequénte
889 5035 981 5089 ια,
1061 5042 1153 5078 nu
1185 5036 1400 5091 celatur
1434 5040 1482 5090 ί,
1564 5042 1657 5078 ma
1685 5036 1742 5089 in
1777 5039 1862 5089 θα,
1939 5040 2035 5106 iis:
2068 5043 2179 5106 que
2210 5027 2337 5081 add.
2368 5029 2460 5106 ib.
2537 5035 2630 5106 f‘m
2661 5026 2756 5106 his.
2786 5028 2871 5079 la.
2960 5032 3053 5106 176?
3084 5042 3134 5083 e.
3172 5025 3300 5106 ind.
3348 5025 3483 5082 add.
3512 5026 3596 5106 ib.

455 5106 584 5165 Alia
604 5107 791 5179 pergit,
814 5107 1059 5179 manui.
1094 5175 1107 5179 _
1131 5176 1143 5179 _
1172 5113 1266 5179 mf!
1296 5124 1506 5161 erasum
1555 5109 1605 5160 1.

459 5175 655 5234 oleufn
685 5207 757 5219 —
783 5177 894 5234 hoc
923 5178 1009 5231 est
1035 5175 1162 5232 add.
1197 5177 1277 5232 lb.

1719 5113 1813 5148 17⁸8
1857 5104 2032 5158 uuilla
2072 5096 2157 5154 la.
2239 5106 2332 5141 i769
2365 5103 2462 5153 tet
2492 5099 2714 5153 alterum
2743 5096 2758 5151 i
2785 5113 2995 5151 erasum
3029 5100 3077 5150 l.

3193 5104 3289 5138 177°
3327 5113 3547 5150 erasnm
3580 5100 3624 5147 l.
3696 5098 3769 5133 i7"

2030 5239 2249 5298 NOTAE.

525 5324 675 5398 (9381
707 5323 954 5398 Vocatur
974 5319 1077 5398 ille
1108 5318 1529 5398 δγοίέἱξιιιρῑξιυλ
1550 5318 1607 5371 in
1628 5318 1847 5398 .chsztta
1902 5317 2080 5398 {alpe-

454 5388 670 5450 ratoris
696 5411 751 5450 a.
778 5395 935 5461 1002,
966 5392 1079 5447 .lul.
1104 5396 1202 5459 28;
1235 5390 1593 5445 Wotellolfus
1626 5388 1682 5441 in
1732 5388 1859 5461 Yita
1886 5388 2077 5461 Mein-

456 5465 628 5546 yerci
657 5482 785 5546 cap.
824 5469 889 5520 12
912 5458 1303 5546 ;'__Vthilolt:usn
1318 5460 1659 5546 “in‘l‘g'ecrol.
1725 5458 2071 5530 0snabrug.,

456 5535 620 5593 Febr.
657 5532 745 5596 l7:
775 5552 888 5607 qua
915 5532 1009 5590 die
1031 5535 1174 5595 anni
1208 5538 1347 5591 1003
1376 5532 1541 5588 obiit.

525 5609 677 5679 (939)
706 5607 870 5663 Conf.
903 5607 1125 5663 Necrol.
1160 5606 1513 5676 Luneburg.,
1541 5602 1704 5657 Febr.
1738 5604 1790 5655 5.

2252 5314 2403 5391 (9101
2427 5312 2639 5391 ξρὶιδθρ
2668 5308 3190 5391 Ρτορθηυθίίιεριι
3238 5380 3271 5391 ..
3341 5380 3353 5391 .
3448 5379 3458 5387 .

2259 5374 2413 5455 (941)
2438 5384 2557 5437 V.I.
2590 5374 2811 5437 Grimm
2844 5380 3121 5434 Deutsche
3147 5379 3515 5449 Mythologim
3548 5392 3668 5448 pag.
3686 5374 3769 5428 286

2175 5462 2310 5515 699.

2256 5530 2405 5600 (942)
2428 5524 2709 5600 Bochlitz.

2241 5595 2394 5671 (943)
2428 5597 2489 5652 V.
2530 5610 2703 5666 supra
2731 5595 2747 5649 l
2794 5611 2853 5659 ιι,
2880 5610 2930 5648 c.
2955 5598 3007 5649 2.
