4012 6180
268 335 405 395 HO!
1122 365 1151 385 ο
1522 329 1890 391 CHRONICO]

1994 362 2051 377 -
2080 335 2209 393 LIB.
2241 334 2354 394 VII.
3491 348 3632 412 ίωι

265 458 615 527 destructor,
645 456 982 516 muneribus
1032 456 1151 513 suis
1204 457 1263 513 et
1286 454 1765 529 promissionibus
1795 464 1891 504 177!
1912 457 1969 517 A
1994 458 2235 532 duaeque
2267 458 2550 516 oracionis
2578 474 2647 515 ex
2672 455 2851 515 corde
2875 455 3131 515 contrito
3163 465 3408 536 prolatae
3441 470 3631 531 hostia,

268 550 586 622 phaleratis
616 548 766 621 (944)
787 564 988 620 regem
1012 564 1047 602 a
1063 549 1181 602 Deo
1209 547 1589 603 constitutum
1614 547 1676 601 in
1698 547 1889 618 palam
1993 565 2224 603 summo
2255 549 2535 605 sacerdoti
2557 546 2967 603 reconciliaret
2986 553 3107 615 i778,
3133 567 3203 607 ex
3224 559 3350 613 arto
3373 564 3629 634 corporis

267 655 410 710 sepe
442 638 857 703 honoriﬁcavit,
876 637 973 691 sed
996 636 1389 707 imperatoriae
1413 637 1710 708 dignitatis
1730 636 1890 691 fasti-

273 730 439 800 gium
452 729 600 783 hunc
617 726 927 782 ascendere
940 727 1188 781 multum
1202 726 1891 797 timuit,omnimodisque

267 817 331 871 id
378 815 678 888 prohibere
726 815 873 869 clam
918 814 1246 885 temptavit;
1310 814 1446 886 quia
1494 814 1641 869 sicut
1689 815 1892 869 beatus

273 905 477 961 asserit
503 904 834 976 Gregorius:
868 903 1735 972 Terrenaaltitudoconfunditur,
1769 917 1895 957 cum

279 993 529 1049 celsitudo
550 992 761 1046 celestis
790 994 1045 1065 aperitur.
1074 993 1187 1046 Rex
1209 991 1426 1046 etenim
1449 996 1668 1057 noster,
1685 1007 1892 1062 quam-

212 1130 217 1135 .
272 1084 360 1137 vis
404 1083 574 1137 homo
623 1085 790 1147 esset,
832 1082 1012 1135 zelum
1064 1079 1165 1134 Dei
1212 1079 1415 1134 habuit
1456 1082 1514 1133 et
1556 1083 1893 1134 sanctarum

272 1171 547 1226 violentas
575 1169 949 1241 predaciones
985 1168 1370 1224 aacclesiarum
1417 1168 1589 1222 fortis
1632 1170 1895 1222 armatus

273 1258 607 1322 vendicavit,
640 1259 901 1329 hancque
945 1257 1363 1327 benignitatem
1382 1255 1489 1309 nisi
1513 1256 1747 1310 coelitus
1788 1254 1896 1309 sibi

275 1354 375 1390 1773
404 1347 465 1413 (f.
501 1345 623 1417 174)
649 1345 958 1418 prestitam,
993 1362 1109 1400 non
1132 1346 1357 1411 habuit;
1392 1343 1497 1397 iste
1533 1346 1810 1397 terrenus
1841 1344 1899 1396 et

275 1439 483 1489 natura
512 1437 568 1489 et
590 1435 825 1501 actibus,
867 1435 1141 1505 voragine
1172 1431 1669 1489 cenulentatraxit
1692 1430 1754 1483 in
1773 1446 1901 1500 pre-

271 1523 434 1589 dam,
460 1523 609 1594 quod
636 1525 946 1578 multorum
978 1523 1179 1577 devota
1222 1539 1428 1577 manus
1456 1520 1531 1574 ad
1558 1536 1731 1575 aram
1758 1535 1900 1592 apo-

271 1612 551 1665 stolorum
566 1627 670 1682 pro
692 1611 936 1681 peccatis
962 1611 1250 1682 congessit
1278 1610 1447 1663 1min
1470 1608 1753 1664 hostiam.
1789 1608 1897 1673 Qui

270 1718 409 1756 cum
438 1717 551 1754 non
579 1701 754 1771 longe
784 1703 911 1770 post
936 1700 1142 1767 obiret,
1190 1698 1397 1771 duplici
1426 1697 1676 1763 ulcione,
1710 1700 1772 1750 ut
1801 1714 1894 1752 ve-

1993 653 2221 691 carcere
2252 640 2466 692 solutus
2498 638 2571 692 ad
2601 636 2937 692 libertatem
2970 643 3252 707 perennis
3266 646 3465 716 gloriae
3486 662 3628 721 gau-

1996 724 2139 779 dens
2182 726 2426 781 transiit.
2477 726 2689 781 Prefati
2736 741 2877 780 vero
2934 726 3087 798 regis
3119 746 3338 789 nomen
3378 741 3628 807 potestas

1996 813 2152 883 pacis
2178 814 2389 884 injuste
2416 815 2867 886 interpretatur;
2889 813 3028 885 quia
3048 833 3169 873 non
3192 820 3309 889 illa,
3331 839 3506 896 quam
3525 830 3627 883 aut

1996 900 2158 973 impii
2189 902 2432 957 invicem
2468 906 2673 957 tenent
2699 903 2791 958 vel
2818 902 3179 962 habitatores
3221 910 3391 983 hujus
3421 916 3625 971 mundi

1995 991 2313 1061 possident,
2346 992 2483 1062 quia
2510 1008 2745 1064 semper
2762 999 2862 1035 1778
2879 995 3048 1046 nutat
3064 1003 3179 1065 1779,
3201 1014 3310 1070 pax
3333 1018 3468 1057 vera
3481 1002 3624 1057 dici-

1996 1081 2111 1145 tur,
2146 1080 2245 1135 sed
2270 1081 2362 1134 ille
2392 1081 2545 1135 solus
2574 1097 2643 1134 ea
2666 1079 2997 1151 specialiter
3027 1084 3225 1155 utitur,
3254 1089 3351 1161 qui
3382 1106 3622 1148 omnem

1998 1167 2183 1222 animi
2210 1169 2422 1223 suimet
2467 1171 2692 1223 motum
2716 1186 3104 1242 componens,
3126 1192 3375 1248 regnum
3397 1180 3495 1234 Dei
3516 1198 3620 1252 pa-

1997 1254 2230 1311 cienciae
2274 1256 2552 1312 vincentis
2584 1257 2856 1329 angustia
2895 1260 3106 1317 solacio
3136 1270 3519 1334 promeretur.
3552 1270 3619 1323 In

1999 1344 2212 1400 coalesti
2237 1345 2537 1399 securitate
2583 1346 2792 1401 sedens
2843 1348 3145 1421 episcopus
3183 1352 3297 1421 ille,
3339 1354 3486 1410 ridet
3512 1356 3621 1411 viri

2001 1431 2191 1487 minas
2229 1432 2447 1504 injusti,
2479 1436 2537 1488 et
2582 1435 2847 1490 castitate
2901 1437 3141 1507 gemina
3187 1440 3330 1512 (947)
3378 1443 3616 1513 potitur,

2001 1536 2067 1575 ac
2093 1528 2187 1563 1⁷⁷⁸
2213 1522 2579 1576 fornicatoris
2620 1523 2776 1578 illius
2814 1524 3045 1580 ultrices
3066 1527 3331 1584 ﬂammas
3359 1532 3618 1603 specula-

1999 1612 2121 1677 tur;
2155 1611 2290 1682 quia
2316 1615 2512 1667 nostro
2540 1612 2777 1668 doctore
2817 1615 2996 1669 Paulo
3020 1619 3182 1684 teste,
3215 1618 3503 1674 adulteros
3520 1622 3617 1691 ju-’-

1998 1699 2150 1753 dicat
2176 1701 2326 1755 Deus
2370 1701 2564 1771 (Hebr.
2600 1719 2720 1770 xm,
2770 1702 2846 1773 4).
2900 1703 3206 1759 Bolizlavus
3253 1710 3445 1761 autem
3488 1708 3616 1763 haec

272 1805 433 1857 reor,
455 1789 841 1856 confunditur,
861 1792 919 1842 et
944 1789 1162 1842 domno
1186 1802 1349 1859 papae
1362 1775 1635 1841 securitas
1647 1784 1892 1858 regique
1917 1771 1967 1832 Β
1995 1787 2195 1841 omnia
2222 1790 2605 1861 comperiens,
2638 1789 2700 1843 in
2731 1771 3015 1862 quantum
3045 1794 3231 1863 potuit
3254 1794 3315 1864 (f.
3348 1796 3466 1864 175)
3493 1796 3617 1849 vin-

273 1883 477 1934 nostro
509 1878 755 1951 ammior
778 1878 1028 1950 potestas
1053 1876 1330 1948 aperitur.

232 1990 241 2003 ν
351 1972 439 2023 52.
469 1967 726 2037 Amplius
746 1964 1083 2037 progrediar
1103 1963 1469 2036 disputando,
1492 1962 1761 2035 regisque
1782 1964 1893 2019 Ru-

244 2056 247 2061 ’
268 2073 504 2112 scorum
516 2054 846 2110 Wlodemiri
858 2053 1153 2108 accionem
1166 2053 1427 2124 iniquam
1442 2051 1888 2124 perstringenda

246 2147 378 2217 illic
406 2162 440 2199 a
470 2143 667 2198 Grecia
691 2143 901 2197 ducens
927 2158 1183 2207 uxorem,
1212 2141 1485 2194 Helenam
1511 2140 1750 2195 nomine
1772 2148 1887 2208 1⁷⁷³,

248 2232 453 2288 “tercio
491 2240 585 2274 1⁷⁷⁵
614 2230 807 2286 Ottoni
852 2230 1275 2304 desponsatam,
1310 2229 1409 2282 sed
1440 2231 1497 2291 et
1524 2227 1892 2283 fraudulenta

270 2320 586 2375 calliditate
629 2320 973 2373 subtractam
1018 2319 1190 2383 (9&5),
1221 2314 1650 2370 Christianitatis
1679 2318 1892 2371 sanctae

268 2410 451 2464 ﬁdem
477 2410 600 2480 ejus
617 2411 803 2463 ortatu
819 2407 1084 2480 suscepit,
1101 2423 1273 2477 quam
1296 2404 1464 2476 justis
1487 2404 1760 2476 operibus
1774 2423 1891 2460 non

274 2500 525 2555 ornavit.
550 2499 684 2552 Erat
706 2497 859 2551 enim
884 2494 1526 2549 fornicatorimmcnsus
1549 2496 1604 2546 et
1624 2494 1890 2563 crudelis,

275 2603 676 2659 magnamque
701 2585 813 2638 vim
835 2584 1044 2639 Danais
1062 2583 1332 2639 mollibus
1357 2581 1613 2647 ingessit.
1648 2582 1747 2636 llic
1781 2586 1893 2639 tres

266 2676 492 2730 habens
524 2674 693 2739 ﬁlios,
737 2673 835 2727 uni
889 2690 1089 2727 eorum
1132 2672 1279 2744 (946)
1310 2670 1568 2724 Bolizlavi
1600 2670 1759 2725 ducis
1784 2688 1893 2727 no-

266 2766 498 2838 strique
522 2763 900 2835 persecutoris
930 2762 1107 2816 ﬁliam
1142 2761 1199 2814 in
1242 2759 1683 2815 matrimonium
1710 2761 1889 2828 duxit,

266 2872 405 2909 cum
435 2870 550 2926 qua
579 2852 784 2906 missus
809 2854 891 2904 est
936 2867 969 2904 a
1015 2850 1245 2904 Polenis
1286 2848 1669 2915 Reinbernus,
1696 2851 1891 2921 presul

267 2944 447 2997 Salsze
479 2938 961 3009 Cholbergiensis.
1015 2939 1113 2992 lllc
1145 2937 1204 2992 in
1231 2952 1379 3008 pago
1412 2937 1705 3007 Hassegun
1738 2938 1888 2994 dicto

270 3033 444 3084 natus
474 3030 811 3101 liberalique
838 3028 1075 3084 scientia
1105 3044 1137 3081 a
1172 3023 1551 3098 prudentibus
1597 3025 1889 3098 magistris

265 3119 563 3183 educatus,
598 3089 840 3189 gradum
890 3089 1596 3189 episcopalem‘ascendit,
1628 3089 1887 3188 utvspero
1909 3089 1957 3148 Ο

269 3207 503 3279 dignus.
530 3206 819 3271 Quantum
844 3209 1035 3260 autem
1064 3204 1122 3258 in
1172 3220 1308 3257 cura
1335 3200 1441 3256 sibi
1470 3202 1776 3259 commissa
1805 3206 1888 3259 lac

266 3296 567 3351 boraverit
586 3295 761 3363 idem,
786 3312 903 3350 non
929 3311 1073 3349 meai
1096 3292 1303 3347 sufﬁcit
1317 3290 1577 3346 sciencize
1592 3308 1697 3347 nec
1711 3294 1888 3350 etiam

269 3383 582 3439 facundiae.
633 3385 785 3438 Fana
834 3384 1122 3439 idolorum
1178 3382 1478 3436 destruens
1525 3380 1799 3449 incendit,
1832 3387 1890 3438 et

270 3490 436 3527 mare
450 3473 794 3528 demonibus
810 3474 1022 3526 cultum
1033 3514 1046 3538 ,
1089 3469 1337 3525 inmissis
1349 3470 1889 3541 quatuorlapidibus

270 3578 436 3616 sacro
468 3561 737 3616 crismato
780 3561 1089 3632 perunctis,
1144 3562 1200 3613 et
1248 3574 1398 3629 aqua
1422 3573 1677 3628 purgans
1707 3560 1890 3615 bene-

270 3650 446 3717 dicta,
476 3666 686 3704 novam
718 3657 811 3691 177°
835 3650 893 3720 (f.
928 3647 1327 3717 l74’)Domino
1356 3644 1742 3715 omnipotenti
1761 3665 1890 3719 pro-

267 3738 553 3812 paginam
580 3737 643 3792 in
670 3737 1021 3792 infructuosa
1044 3745 1137 3780 i777
1168 3737 1396 3803 arbore,
1419 3733 1479 3788 id
1495 3737 1580 3789 est
1597 3735 1656 3789 in
1675 3738 1887 3808 populo

270 3827 452 3883 nimis
496 3827 732 3894 insulso,
762 3830 971 3881 sancta:
1011 3823 1424 3898 predicacionis
1459 3824 1887 3893 plantacionem

266 3916 489 3981 eduxit.
519 3914 853 3986 Vigiliarum
880 3919 939 3969 et
974 3913 1344 3970 abstinencim
1389 3929 1454 3967 ac
1502 3912 1719 3968 silencii
1748 3912 1885 3969 assi-

268 4004 492 4058 duitate
521 4019 724 4074 corpus
753 4021 919 4057 suum
948 4003 1235 4074 afﬂigens,
1265 4018 1364 4057 cor
1399 4001 1473 4056 ad
1493 4004 1784 4073 speculum
1808 4004 1888 4058 di-

266 4093 424 4147 vinm
458 4092 968 4162 contemplacionis
1000 4092 1203 4147 inﬁxit.
1239 4091 1422 4155 Quem
1471 4091 1757 4162 predictus
1787 4109 1884 4147 rex

268 4180 536 4247 audiens,
563 4180 747 4234 ﬁlium
774 4179 1002 4247 suimet,
1031 4183 1220 4235 ortatu
1242 4179 1499 4235 Bolizlavi
1531 4181 1701 4235 tacito
1730 4183 1881 4235 relu-
1932 4204 1935 4207 ί

268 4273 562 4324 ctaturum
591 4268 720 4335 sibi,
753 4268 903 4339 cepit
928 4285 1060 4323 cum
1088 4269 1292 4324 eodem
1326 4270 1382 4321 et
1410 4284 1607 4336 uxore,
1626 4268 1756 4323 etin
1772 4269 1885 4323 sin-

263 4357 457 4429 gulari
508 4357 762 4412 custodia
800 4357 1027 4411 claudit.
1084 4358 1148 4412 In
1192 4374 1307 4429 qua
1335 4359 1498 4427 pater
1523 4357 1883 4425 venerabilis,

270 4445 434 4517 quod
461 4445 519 4498 in
541 4450 739 4516 aperto
765 4445 888 4499 ﬁeri
913 4463 1029 4499 non
1051 4446 1256 4516 potuit,
1278 4444 1334 4498 in
1359 4448 1576 4499 secreto
1605 4445 1887 4500 studiosus

268 4534 330 4587 in
363 4534 559 4589 divina
589 4535 753 4590 laude
784 4535 1025 4607 peregit.
1062 4535 1160 4589 llic
1205 4552 1334 4589 cum
1366 4552 1425 4589 se
1452 4534 1702 4589 lacrimis
1748 4535 1886 4589 assi-

1993 1875 2185 1931 dicare
2217 1893 2333 1931 non
2367 1877 2755 1934 desistit.Post
2772 1880 2896 1934 haec
2918 1896 3015 1934 rex
3045 1881 3141 1935 ille
3162 1882 3367 1952 plenus
3384 1883 3613 1938 dierum

1992 1965 2159 2032 obiit,
2192 1965 2587 2037 integritatem
2616 1968 2955 2022 hereditatis
3004 1986 3123 2024 suae
3170 1970 3393 2025 duobus
3428 1972 3612 2026 relin-

1993 2070 2176 2125 quens
2203 2055 2352 2123 ﬁliis,
2404 2055 2580 2110 tercio
2634 2057 2825 2112 adhuc
2870 2057 2932 2111 in
2975 2075 3203 2113 carcere
3246 2059 3452 2130 posito,
3507 2061 3611 2132 qui

1993 2145 2194 2212 postea
2222 2145 2465 2214 elapsus,
2499 2146 2749 2216 conjuge
2770 2145 2985 2201 ibidem
3008 2146 3225 2214 relicta,
3249 2147 3322 2202 ad
3341 2165 3608 2204 socerum

1993 2230 2165 2301 fugit.
2197 2234 2313 2288 Rex
2341 2241 2434 2276 i790
2460 2233 2750 2305 predictus
2781 2235 2980 2289 habuit
3006 2237 3270 2291 lumbare
3290 2253 3607 2293 venereum

1995 2321 2344 2387 1791,.innatae
2366 2322 2690 2394 fragilitatis
2704 2324 2892 2394 majus
2921 2328 3321 2394 augmentum.
3346 2325 3459 2381 Sed
3479 2342 3608 2382 ma-

1997 2407 2175 2481 gister
2204 2415 2414 2466 nostrae
2435 2411 2632 2465 salutis
2660 2411 2914 2468 Christus
2945 2428 3077 2466 cum
3108 2413 3336 2467 lumbos
3366 2413 3605 2470 luxurias

1996 2498 2676 2553 nocentishabundancia
2694 2500 2937 2554 refertos
2956 2499 3215 2571 precingi
3228 2500 3379 2572 (Luc.
3398 2518 3496 2569 xu,
3516 2502 3603 2570 35)

1989 2588 2222 2659 juberet
2233 2591 2457 2642 nostros
2471 2588 2743 2653 1773,conli
2754 2606 2863 2642 nen
2872 2588 3020 2642 ciam
3034 2590 3220 2642 etnon
3231 2589 3463 2661 aliquod
3475 2606 3607 2661 pro-

1994 2691 2272 2729 vocamen
2286 2674 2780 2747 innotuitlltquia
2791 2677 2860 2730 de
2880 2678 3111 2731 lucerna
3123 2677 3362 2731 ardente
3374 2694 3409 2732 a
3418 2679 3607 2749 predi-

1993 2762 2280 2817 catoribus
2300 2763 2414 2816 suis
2433 2779 2529 2816 rex
2549 2764 2801 2834 prefatus
2816 2763 3050 2830 audivit,
3065 2765 3281 2833 peccati
3315 2768 3604 2822 maculam

1993 2850 2204 2921 peracti
2255 2849 2479 2904 assidua
2529 2850 2978 2906 elemosinarum
3021 2850 3288 2921 largitate
3345 2851 3599 2909 detersit.

1992 2937 2283 3009 Scriptum
2328 2940 2414 2993 est
2440 2938 2625 2992 enim:
2666 2938 2856 2993 Facite
2886 2940 3242 3005 elemosinam,
3306 2956 3368 2994 ac
3420 2947 3602 2997 omnia

1990 3033 2116 3083 sunt
2144 3027 2291 3082 vobis
2320 3026 2544 3080 munda.
2596 3026 2694 3080 llic
2732 3043 2864 3081 cum
2887 3028 3011 3099 jam
3064 3026 3371 3101 decrepita:
3415 3030 3602 3085 aetatis

1992 3117 2157 3184 esset,
2186 3106 2545 3188 regnumque
2572 3115 2668 3169 diu
2694 3116 2936 3170 haberet
2957 3115 3299 3187 predictum,
3324 3117 3487 3186 obiit,
3511 3136 3599 3174 se-

1990 3206 2182 3279 pultus
2203 3205 2261 3258 in
2290 3205 2515 3274 Cujewa
2536 3204 2680 3276 (948)
2712 3204 2937 3259 civitate
2963 3220 3197 3276 magna,
3224 3209 3281 3259 et
3310 3205 3367 3259 in
3400 3209 3597 3263 aeccle-

1991 3295 2076 3350 sia
2100 3293 2304 3350 Christi
2327 3294 2580 3348 martiris
2601 3297 2659 3347 et
2682 3311 2846 3365 papze
2886 3294 3199 3349 Clementis
3221 3297 3383 3366 juxta
3403 3296 3598 3368 predi-

1990 3388 2141 3440 ctam
2156 3400 2260 3438 con
2261 3384 2323 3455 ju
2330 3399 2461 3455 gem
2476 3399 2658 3449 suam,
2674 3382 2984 3455 sarcofagis
2997 3383 3313 3438 eorundem
3327 3383 3387 3438 in
3405 3385 3598 3441 medio
3706 3404 3715 3415 '

1990 3472 2190 3543 templi
2220 3472 2412 3543 palam
2442 3471 2743 3526 stantibus.
2777 3471 2947 3543 Cujus
2975 3474 3229 3542 potestas
3275 3472 3428 3527 inter
3453 3473 3601 3528 ﬁlios

1991 3560 2279 3627 dividitur,
2310 3559 2634 3632 Christique
2658 3560 2954 3632 eloquium
2976 3559 3037 3614 in
3052 3561 3324 3616 omnibus
3342 3560 3599 3616 afﬁrma-

1990 3652 2101 3704 tur.
2144 3650 2402 3719 Namque
2427 3664 2627 3702 vereor
2650 3647 2707 3701 id
2737 3648 3026 3719 subsequi,
3052 3650 3207 3720 quod
3224 3666 3327 3704 vox
3348 3649 3601 3705 veritatis

1989 3736 2335 3811 pronunciat
2357 3736 2661 3807 compleri;
2712 3736 2850 3791 dicit
2869 3736 3051 3791 enim:
3089 3737 3259 3792 Omne
3285 3755 3507 3807 regnum
3536 3740 3601 3794 in

1987 3843 2040 3879 se
2068 3826 2237 3894 ipsum
2265 3824 2495 3879 divisum
2519 3823 3003 3894 desolabitur(Luc.
3035 3841 3110 3891 x1,
3140 3825 3248 3896 l7),
3272 3826 3328 3878 et
3354 3830 3596 3895 caetera;

1989 3930 2165 3986 quam
2193 3916 2255 3967 ut
2283 3916 2508 3967 mutare
2530 3912 2587 3966 in
2618 3912 2728 3967 hiis
2753 3912 3012 3984 partibus
3031 3913 3168 3968 velit
3191 3915 3339 3968 Deus
3363 3916 3596 3969 senten-

1986 4003 2158 4069 ciam,
2191 4001 2379 4056 omnis
2408 4001 2792 4056 cbristianitas
2823 4005 2949 4057 oret
2976 4001 3039 4072 (f.
3076 4002 3235 4073 l75’).
3267 4002 3414 4067 Quia
3442 4018 3596 4057 nunc

1987 4092 2285 4163 paululum
2311 4088 2607 4157 declinavi,
2640 4091 2898 4155 redeam,
2931 4107 3059 4161 quae
3090 4090 3150 4145 in
3180 4090 3437 4161 predicto
3468 4107 3597 4146 eve-

1987 4180 2182 4235 nerint
2202 4196 2356 4235 anno
2382 4178 2641 4252 superius
2667 4178 3288 4246 indiscussa,succincte
3308 4180 3593 4250 aperiens.

2058 4272 2144 4323 53.
2168 4269 2355 4323 Curtis
2372 4286 2504 4340 pars
2524 4268 2772 4322 maxima
2795 4266 3089 4338 inperialis
3135 4267 3196 4321 in
3216 4266 3445 4338 Palithi,
3460 4272 3518 4324 et
3537 4267 3596 4324 in

1911 4358 2330 4443 DTrajectensi
2360 4357 2585 4412 civitate
2638 4357 2829 4427 major
2856 4353 3111 4410 aecclesia
3156 4370 3289 4409 cum
3327 4357 3598 4412 omnibus

1986 4445 2308 4501 Ethelbaldi
2356 4445 2597 4518 presulis
2640 4442 3057 4511 mansionibus,
3106 4460 3171 4498 ac
3220 4446 3594 4515 cumllburg,

1985 4534 2266 4589 Thiedrici
2289 4534 2517 4591 comitis
2537 4535 2699 4603 urbe,
2718 4550 2852 4589 casu
2881 4531 3171 4588 accidente
3194 4534 3495 4590 combusta
3512 4538 3600 4590 est

1605 4678 1827 4732 VARIzE
1867 4677 2159 4733 LECTION
2165 4678 2266 4733 ES.

346 4804 444 4840 1m
473 4794 586 4850 suis
614 4811 825 4849 erasum
862 4801 906 4850 l.
989 4803 1081 4837 1778
1108 4795 1231 4849 add.
1271 4795 1351 4849 lb.
1434 4804 1526 4838 ιττι
1566 4796 1846 4851 concessit
1876 4800 1927 4851 2.
1953 4795 2029 4851 Α.
2058 4796 2122 4852 S.
2201 4805 2293 4839 1775
2327 4796 2498 4853 tertia
2527 4798 2788 4852 ottonem
2824 4801 2909 4852 la.
2941 4804 3036 4840 1776
3061 4814 3198 4855 corr.
3244 4796 3502 4854 novum?
3547 4800 3593 4851 l.

271 4876 369 4913 1717
403 4866 649 4921 intluosa
667 4883 805 4923 corr.
837 4866 1180 4946 intluctuosa
1205 4871 1252 4922 l.

269 4954 519 4996 nercum
550 4955 687 4992 corr.
726 4942 1023 4993 veneriam
1061 4942 1108 4993 l.

1334 4874 1427 4909 1773
1456 4868 1884 4922 reconciaretur
1915 4872 1964 4922 l.
2044 4876 2138 4911 i779
2172 4873 2381 4925 nutant
2410 4873 2496 4923 la.
2576 4876 2670 4910 1790
2700 4868 2810 4924 alia
2834 4886 3000 4924 manu
3027 4870 3205 4940 pergit
3243 4873 3294 4924 1.
3370 4875 3463 4911 1⁷81
3492 4883 3595 4923 ve-

1824 5027 2050 5084 NOT/E.

343 5147 493 5209 (944)
524 5145 689 5201 Conf.
723 5162 894 5216 supra
917 5146 954 5201 l.
987 5163 1036 5212 v,
1082 5163 1128 5200 c.
1164 5151 1216 5209 6,
1246 5163 1303 5199 n.
1337 5147 1460 5202 609.

369 5218 494 5287 942)
523 5218 607 5272 Cf.
639 5219 821 5271 Annal
846 5287 855 5289 A
883 5218 1156 5289 llildesh.,
1188 5234 1237 5270 a.
1287 5220 1409 5271 995.
1444 5217 1558 5271 Huc
1600 5217 1887 5289 pertinere

269 5287 543 5343 videntur
573 5304 660 5351 ea,
693 5305 819 5359 qua:
845 5287 901 5341 li.
950 5289 986 5341 l.
1029 5288 1386 5341 Thietmarus
1416 5288 1485 5342 de
1514 5287 1885 5355 Wlodemiro,

271 5361 587 5414 Russorum
618 5376 777 5429 rege,
838 5359 990 5413 dicit.
1042 5360 1162 5413 Non
1216 5362 1407 5413 tamen
1459 5360 1755 5426 Helenam,
1788 5362 1888 5415 sed

272 5434 523 5495 Annam,
560 5429 746 5483 Basilii
776 5433 832 5482 et
888 5429 1245 5483 Constantini
1298 5446 1555 5483 sororem
1598 5430 1656 5484 in
1686 5431 1883 5485 matri-

272 5501 474 5556 monio
494 5500 1114 5572 hal)uit,'\V'lmlemirus;
1140 5500 1675 5572 idqucconnubium
1690 5502 1809 5571 jam
1829 5520 1880 5556 a.

274 5575 376 5627 998
403 5573 661 5642 adeoque
694 5572 787 5624 diu
812 5575 943 5625 ante
973 5571 1135 5624 istam
1161 5571 1511 5641 legationem
1524 5577 1883 5628 contractum

1988 5147 2207 5203 notavit
2234 5148 2442 5220 Pagius
2468 5148 2540 5203 ad
2565 5165 2704 5204 ann.
2737 5150 2862 5216 987,
2891 5166 3033 5205 num
3086 5150 3138 5220 6.
3175 5147 3304 5220 Uss.

2058 5220 2206 5292 (949)
2238 5216 2542 5292 chtopulc
2587 5240 2632 5276 s.
2692 5221 3041 5293 Swmtopolc.
3093 5219 3155 5274 V.
3218 5217 3369 5272 infra
3398 5216 3435 5270 l.
3470 5232 3590 5283 vui,

1984 5296 2315 5445 ξ’ὧῖτ)
2360 5363 2422 5430 V,
2486 5367 2574 5431 25,
2620 5367 2837 5434 gemina
2890 5363 3106 5424 caritas,
3168 5357 3331 5426 VIII,
3376 5360 3587 5428 gemina

1983 5441 2304 5487 innocentia.

2055 5506 2199 5576 (948)
2234 5507 2273 5559 Κ
2285 5506 2404 5560 iew.
