4012 6180
226 296 367 358 ,ωε
1474 287 1897 350 CHRONICON.
1926 323 2000 336 —-
2034 294 2164 354 LIB.
2198 296 2315 355 VIII
3454 308 3593 372 nos

220 416 332 475 dus
360 418 422 474 et
448 412 598 473 tardi
623 412 741 471 ritu
779 411 925 471 asini
958 409 1355 506 castigandus,
1405 414 1475 506 et
1514 412 1637 469 sine
1681 412 1928 506 pfrnaA
1970 420 2235 475 cerdotes
2256 419 2511 489 Domini,
2538 418 2784 476 viriliter
2808 416 3126 489 assurgite,
3155 423 3219 479 et
3241 422 3397 486 hanc
3414 448 3600 506 nuper

220 506 384 579 gravi
418 523 537 561 non
558 507 743 594 potest
775 520 906 594 cum
950 503 1132 594 salute
1172 501 1450 594 principis
1481 503 1760 594 tractari.
1790 503 1848 594 Si
1964 512 2229 563 exortam
2280 509 2514 577 ﬁlicem,
2556 511 2715 564 nulla
2763 524 2829 563 re
2887 506 2949 561 id
3006 507 3376 585 inpediente,
3407 501 3597 594 sepius

220 595 353 666 quis
382 594 443 648 in
484 594 590 648 hoc
610 592 815 647 alienis
836 591 993 647 abuti
1028 591 1305 647 uxoribus
1325 593 1412 645 vel
1449 591 1528 645 sic
1574 590 1849 646 fornicari
1962 600 2130 650 acuto
2160 613 2396 652 vomere
2448 599 2727 653 radicitus
2785 596 3101 666 extirpate.
3167 601 3280 659 Vos
3333 590 3586 681 quoque,

220 681 541 754 praesumit,
575 682 724 736 hanc
757 680 1030 735 vindictae
1052 679 1458 751 subsequentis
1472 696 1705 751 poenam
1724 695 1851 751 pro-
1951 683 2087 739 laici
2119 693 2237 752 1801,
2275 688 2459 742 nolite
2485 687 2697 742 talibus
2729 684 3000 741 auxiliari
3037 695 3155 744 κω.
3210 692 3404 750 Liceat
3432 679 3592 754 Chri-

217 769 381 825 tinus
408 769 597 824 sentit.
633 770 695 824 In
728 772 970 842 pontem
999 767 1241 822 mercati
1276 768 1324 823 is
1356 767 1579 831 ductus,
1618 768 1682 835 (f.
1726 765 1850 836 177)
1953 774 2042 825 sto
2075 774 2399 843 conjugatis
2452 775 2804 830 innocenter
2857 773 3071 843 vivere,
3127 781 3420 855 erutisque
3449 786 3583 841 sub-

216 875 327 931 per
354 859 549 913 follem
574 858 822 913 testiculi
855 859 1013 912 clavo
1040 865 1136 899 1795
1165 856 1452 946 inﬁgitur,
1488 857 1853 946 etnovacul’a
1954 860 2378 931 plantatoribus
2409 870 2502 904 1808
2541 863 2670 930 hiis,
2704 861 3072 919 indeﬁcienti
3103 869 3327 938 pudore
3358 872 3418 927 in
3450 890 3584 946 per.

215 962 404 1035 prope
439 946 642 1035 posita,
685 945 780 1000 hic
813 946 1103 1001 moriendi
1131 945 1248 999 sive
1273 945 1343 999 de
1375 944 1487 998 hiis
1516 944 1854 1035 absolvendi
1957 950 2198 1035 petuum
2231 965 2489 1020 gemere.
2514 952 2786 1006 Destruat
2808 950 2942 1005 illos
2967 952 3205 1025 adjutor
3243 944 3578 1015 nosterim‘

212 1033 366 1090 dura
385 1034 590 1090 eleccio
614 1035 721 1091 sibi
751 1036 940 1091 datur.
969 1037 1038 1090 Et
1067 1036 1418 1108 quicumque
1462 1038 1597 1106 post
1626 1033 1857 1107 septua;

213 1122 496 1193 gesimam
538 1139 778 1178 carnem
839 1124 1213 1178 manducasse
1272 1122 1590 1190 invenitur,
1641 1120 1856 1181 abcisis

209 1209 483 1265 dentibus
506 1212 756 1283 graviter
794 1211 1049 1284 punitur.
1094 1213 1203 1267 Lex
1234 1227 1492 1282 namque
1554 1209 1756 1265 divina
1784 1208 1854 1263 in

206 1297 327 1352 hiis
345 1298 915 1369 regionibusnoviter
943 1303 1161 1360 exorta.
1222 1301 1505 1372 potestate
1564 1298 1666 1353 tali
1732 1311 1854 1351 me‘

202 1386 322 1441 lius
351 1404 522 1460 quam
536 1389 759 1460 jejunio
787 1397 882 1431 Im
923 1390 996 1444 ab
1028 1389 1309 1462 episcopis
1343 1386 1617 1442 instituto
1652 1393 1854 1440 corro‘

202 1474 466 1530 boratur.
499 1477 645 1531 Sunt
672 1477 850 1531 etiam
870 1478 952 1532 illi
984 1485 1078 1519 1⁷⁸⁷
1109 1494 1300 1532 mores
1332 1475 1429 1531 alii
1480 1475 1596 1529 hiis
1656 1475 1848 1528 multo

1958 1034 2219 1089 Christus
2242 1037 2466 1107 potenti
2491 1038 2708 1110 Spiritu
2738 1037 2929 1093 sancti
2959 1041 3077 1096 oris
3106 1044 3213 1112 sui,
3249 1046 3354 1101 nisi
3382 1049 3579 1121 resipi-

1957 1126 2123 1177 scant
2170 1131 2288 1186 1805,
2333 1128 2392 1179 et
2440 1125 2735 1197 disperget
2794 1143 3019 1198 magna
3074 1131 3464 1192 illustracione
3494 1154 3575 1192 se-

1960 1211 2133 1265 cundi
2165 1212 2442 1267 adventus
2472 1214 2578 1268 sui.
2613 1216 2681 1268 Et
2712 1230 2870 1269 nunc
2898 1214 2969 1269 de
3006 1216 3116 1272 hiis
3142 1220 3204 1291 (f.
3226 1223 3463 1284 t78)ista
3491 1224 3575 1279 di-

1954 1297 2105 1353 xisse
2135 1299 2277 1354 mihi
2307 1300 2573 1368 sufﬁciat,
2595 1302 2732 1373 quia
2758 1302 2832 1357 de
2863 1302 3075 1373 prefati
3120 1307 3279 1363 ducis
3334 1310 3574 1371 infortu-

1956 1386 2058 1442 nio
2081 1403 2174 1442 res
2202 1389 2453 1460 quedam
2482 1391 2779 1445 narranda
2804 1392 3006 1445 restat.

204 1562 538 1628 inferiores,
587 1565 685 1638 qui
740 1583 847 1620 nec
878 1568 994 1622 Deo
1030 1568 1263 1639 placent
1292 1583 1399 1620 nec
1424 1563 1727 1635 indigenis
1765 1562 1849 1618 nil

204 1652 323 1707 nisi
354 1653 429 1707 ad
450 1655 734 1709 terrorem
768 1657 1043 1727 prosunt;
1079 1672 1222 1726 quos
1258 1655 1321 1709 in
1352 1652 1753 1725 superioribus
1779 1668 1845 1707 ex

204 1742 462 1813 quadam
493 1744 654 1814 parte
680 1759 807 1797 com
815 1743 1240 1815 prehendi.Nec
1256 1760 1400 1815 Opus
1422 1759 1544 1797 esse
1577 1744 1846 1815 autumo_
1869 1752 1921 1811 Β

218 1796 303 1813 ,⁵⁷
494 1796 512 1814 ι
640 1796 644 1797 ν
726 1796 733 1797 ί
815 1796 837 1815 Ι
898 1796 905 1797 ί
970 1796 1313 1815 ίηίη-νννίίι
1529 1796 1533 1797 ν
1798 1796 1805 1797 ί
1869 1796 1921 1811 υ
2025 1796 2034 1805 ·
2203 1798 2212 1806 ο

202 1831 276 1884 de
311 1831 420 1885 hoc
452 1830 699 1903 amplius
730 1831 1032 1899 disserere,
1061 1831 1223 1901 cujus
1254 1848 1480 1886 nomen
1517 1833 1574 1885 et
1599 1808 1848 1886 conver:
1951 1814 2066 1903 im?
2096 1797 2325 1852 sedibus
2349 1798 2420 1851 ab
2449 1796 2680 1864 eadem’
2712 1801 2775 1851 nt
2802 1796 3226 1903 mqu’..a.ntea
3271 1801 3557 1903 “pulsus:

200 1918 384 1985 sacio,
428 1918 471 1972 si
503 1920 651 1973 Deus
686 1919 1055 1993 omnipotens
1084 1921 1276 1987 vellet,
1302 1920 1487 1974 sacius
1508 1919 1676 1973 nobis
1708 1921 1845 1974 late-

198 2011 317 2062 ret.
352 2008 536 2062 Omne
564 2009 697 2076 hoc,
734 2009 889 2079 quod
920 2011 1083 2082 pater
1107 2026 1242 2063 suus
1294 2011 1353 2063 et
1406 2008 1513 2062 iste
1562 2008 1730 2063 nobis
1778 2009 1837 2064 in

201 2097 482 2168 conjugio
546 2114 610 2151 ac
667 2097 1061 2151 familiaritate
1108 2114 1327 2169 magna
1367 2096 1614 2167 copulati
1679 2102 1834 2166 sunt,

201 2186 339 2258 plus
369 2185 569 2239 damni
604 2186 1007 2257 subsequentis
1050 2202 1226 2256 quam
1278 2184 1416 2239 boni
1476 2185 1836 2255 precedentis

201 2273 407 2328 attulit
436 2289 500 2327 ac
522 2273 584 2327 in
619 2273 811 2328 futuro
851 2274 1053 2339 infert;
1093 2274 1246 2344 quia,
1271 2273 1374 2327 etsi
1399 2289 1539 2345 pace
1565 2272 1836 2329 simulata

204 2378 321 2416 nos
350 2362 424 2415 ad
445 2364 680 2433 tempus
709 2361 932 2432 diligat,
961 2365 1161 2416 tamen
1194 2378 1299 2433 per
1322 2364 1570 2416 secretas
1593 2364 1836 2434 tempta-

206 2450 451 2504 cionum
480 2449 790 2504 varietates
821 2466 925 2504 nos
956 2467 990 2504 a
1016 2450 1254 2505 caritate
1286 2448 1835 2516 mutua,alibertate

207 2538 420 2592 innata
450 2538 754 2605 deducere,
783 2541 842 2591 et
869 2538 913 2592 si
947 2538 1177 2609 quando
1206 2541 1436 2610 tempus
1462 2536 1511 2590 ei
1566 2554 1631 2591 ac
1677 2539 1837 2593 locus

209 2626 496 2697 contigit,
531 2626 591 2679 in
622 2626 939 2698 perniciem
969 2630 1231 2699 apertam
1261 2642 1562 2696 assurgere
1592 2643 1713 2681 non
1743 2628 1839 2683 de-

211 2714 389 2769 sistit.
418 2716 483 2769 In
516 2717 781 2785 tempore
806 2715 981 2787 patris
1008 2715 1113 2779 sui,
1143 2732 1273 2770 cum
1303 2714 1393 2769 his
1413 2715 1538 2786 jam
1576 2722 1669 2757 i798
1695 2732 1839 2787 gen-

217 2803 340 2858 tilis
367 2807 907 2875 esset,unaquteque
942 2804 1151 2859 mulier
1180 2806 1310 2876 post
1327 2804 1432 2857 viri
1464 2803 1731 2874 exequias
1750 2805 1834 2860 sui

211 2892 358 2964 igne
392 2892 636 2947 cremati
665 2883 944 2947 decollata
980 2893 1366 2964 subsequitur.
1411 2893 1479 2947 Et
1501 2891 1547 2946 si
1577 2909 1693 2964 qua
1720 2911 1840 2951 me-

211 2981 398 3036 retrix
427 2980 853 3046 inveniebatur,
876 2980 936 3034 in
973 2981 1212 3051 genitali
1240 2998 1363 3048 suo,
1397 2979 1547 3052 turpi
1579 2984 1637 3035 et
1665 2999 1838 3052 paena

212 3068 562 3134 miserabili,
584 3068 1116 3130 circumcidebatur.
1151 3070 1344 3141 idque,
1374 3067 1418 3122 si
1441 3068 1519 3122 sic
1537 3068 1647 3123 dici
1679 3071 1833 3139 licet,

211 3157 559 3230 preputium
610 3155 672 3211 in
699 3157 916 3212 foribus
943 3158 1304 3231 supenditur,
1358 3156 1420 3226 (f.
1449 3157 1584 3228 ΠΤ)
1632 3162 1696 3213 ut
1752 3160 1836 3218 in-

208 3244 427 3300 trantis
454 3246 652 3300 oculus
682 3246 740 3299 in
771 3246 880 3301 hoc
901 3246 1220 3314 offendens,
1249 3246 1309 3301 in
1330 3245 1537 3301 futuris
1565 3249 1739 3304 rebus
1763 3266 1832 3305 eo

209 3333 407 3405 magis
433 3334 711 3389 sollicitus
733 3339 881 3391 esset
906 3340 962 3391 et
996 3337 1268 3409 prudens.
1294 3337 1405 3391 Lex
1432 3336 1834 3393 dominicahu-

200 3424 473 3494 jusmodi
495 3424 754 3496 precepit
780 3425 1041 3497 lapidari,
1089 3429 1146 3479 et
1180 3428 1489 3495 parentum
1526 3427 1833 3484 nostrimet

204 3511 539 3567 carnalium
570 3512 853 3568 institutio
893 3515 1036 3569 tales
1082 3516 1305 3569 ortatur
1341 3513 1631 3569 decollari.
1665 3517 1831 3587 Apud

201 3600 528 3656 modernos
560 3607 777 3668 autem,
803 3602 936 3673 quia
961 3602 1195 3657 libertas
1224 3601 1498 3672 peccandi
1524 3603 1652 3672 plus
1674 3604 1828 3675 justo

202 3694 386 3761 atque
415 3688 588 3744 solito
620 3690 834 3762 ubique
875 3690 1225 3760 dominatur,
1285 3692 1411 3764 plus
1462 3707 1639 3762 quam
1677 3710 1831 3748 com-

201 3795 411 3852 pressa
430 3779 778 3834 ancillarum
809 3780 1137 3846 multitudo,
1170 3780 1433 3851 quaedam
1454 3796 1589 3852 pars
1619 3787 1831 3839 matro-

202 3885 448 3935 narum,
475 3868 741 3939 cupidine
772 3869 1004 3924 veneria
1056 3869 1299 3940 pruritui
1358 3869 1529 3925 noxio
1586 3873 1830 3928 subscal-

196 3961 405 4030 pente,
437 3957 648 4012 marito
672 3958 896 4013 vivente
921 3975 1073 4013 nunc
1096 3966 1190 4000 1m
1212 3959 1531 4013 mechatur.
1556 3960 1623 4014 Et
1643 3961 1701 4015 in
1718 3962 1827 4016 hoc

196 4047 283 4102 eis
314 4063 440 4100 non
472 4045 701 4112 sufﬁcit,
739 4046 840 4101 sed
858 4048 1010 4104 hunc
1041 4065 1144 4120 per
1174 4049 1499 4104 adulterum
1523 4052 1696 4106 morti
1711 4053 1827 4108 fur-

194 4136 317 4190 tiva
348 4133 571 4190 consilii
596 4133 982 4208 inspiracione
1014 4137 1209 4205 tradit,
1265 4141 1325 4192 et
1376 4142 1504 4210 post
1554 4140 1677 4196 haec
1708 4158 1828 4196 ma-

191 4227 320 4281 lum
372 4224 599 4279 caeteris
651 4227 999 4298 exemplum,
1034 4227 1240 4281 eodem
1272 4230 1401 4300 post
1446 4236 1542 4270 i799
1600 4231 1827 4302 publice

2024 1533 2076 1585 3.
2107 1530 2316 1585 Habuit
2352 1530 2444 1585 hic
2468 1532 2763 1603 quendam
2795 1534 2999 1587 urbem
3026 1533 3087 1589 in
3115 1536 3366 1593 conﬁnio
3397 1539 3568 1610 regni

1949 1617 2161 1674 suimet
2207 1623 2266 1673 et
2310 1619 2699 1691 Ungariorum
2753 1620 2948 1687 sitam,
2996 1623 3155 1694 cujus
3200 1628 3326 1679 erat
3375 1629 3566 1682 custos

1950 1708 2154 1762 Procui
2175 1707 2389 1775 senior,
2436 1710 2748 1763 avunculus
2798 1716 2892 1750 180°
2937 1711 3096 1780 regis
3148 1711 3487 1779 Pannonici,
3530 1732 3565 1768 a

1949 1885 2058 1949 Qui
2088 1902 2221 1941 cum
2268 1902 2506 1941 uxorem
2538 1902 2703 1940 suam
2748 1902 2783 1941 a
2809 1887 3140 1958 captivitate
3194 1905 3313 1943 non
3364 1891 3560 1959 posset

1943 1975 2261 2041 absolvere,
2296 1975 2550 2047 gratuitu
2582 1974 2810 2047 nepotis
2858 1975 2945 2029 sui
2995 1976 3256 2048 quamvis
3311 1976 3552 2047 inimici,

1937 2066 2190 2137 suscepit
2220 2085 2348 2122 eam
2406 2083 2472 2121 ex
2524 2081 2789 2120 munere.
2827 2065 3157 2137 Numquam
3212 2065 3403 2120 audivi
3453 2064 3557 2121 ali-

1939 2172 2117 2228 quem
2149 2164 2264 2222 1807,
2317 2156 2414 2226 qui
2464 2158 2696 2208 tantum
2746 2157 3013 2225 parceret
3039 2152 3224 2221 victis;
3257 2157 3313 2209 et
3336 2154 3409 2211 ob
3439 2154 3554 2210 hoc

1936 2243 1996 2296 in
2031 2242 2260 2297 civitate
2290 2242 2549 2315 superius
2571 2246 2920 2309 memorata,
2938 2242 3080 2296 sicut
3099 2241 3162 2296 in
3189 2242 3431 2310 casteris,
3460 2260 3550 2299 se-

1937 2330 2136 2384 dulam
2167 2332 2317 2386 Deus
2346 2330 2535 2385 eidem
2564 2330 2848 2384 concessit
2874 2328 3198 2384 victoriam.
3249 2329 3424 2402 Hujus
3451 2347 3553 2402 pa-

1937 2421 2026 2473 ter
2079 2424 2224 2484 erat,
2274 2418 2463 2473 Dewix
2514 2417 2773 2486 nomine,
2828 2417 3145 2474 admodum
3195 2418 3438 2473 crudelis
3491 2422 3553 2473 et

1939 2506 2156 2560 multos
2180 2507 2253 2561 ob
2284 2506 2536 2561 subitum
2575 2506 2836 2561 furorem
2891 2523 3060 2560 suum
3108 2505 3392 2560 occidens.
3439 2505 3552 2570 Qui

1937 2608 2071 2646 cum
2124 2594 2467 2648 christianus
2525 2594 2872 2661 efﬁceretur,
2920 2593 2995 2648 ad
3051 2593 3549 2650 corroborandam

1937 2682 2089 2736 hanc
2119 2682 2295 2736 fidem
2323 2685 2526 2736 contra
2557 2683 2905 2737 reluctantes
2963 2680 3221 2737 subditos
3269 2682 3433 2750 sevit,
3490 2686 3549 2739 et

1938 2769 2243 2840 antiquum
2284 2769 2503 2824 facinus
2541 2771 2660 2824 zelo
2711 2770 2810 2824 Dei
2853 2772 3156 2824 exestuans
3187 2770 3385 2826 abluit.
3446 2770 3549 2825 Hic

1939 2859 2059 2913 Deo
2089 2857 2504 2930 omnipotenti,
2536 2858 2820 2930 variisque
2866 2861 3121 2915 Deorum
3160 2856 3545 2913 inlusionibus

1938 2946 2275 3010 immolans,
2312 2964 2441 3002 cum
2474 2947 2547 3003 ab
2582 2946 2837 3002 antistite
2867 2963 2970 3004 sua
2999 2946 3072 3000 ob
3103 2946 3215 3001 hoc
3256 2962 3547 3002 accusare-

1856 3014 1905 3075 ο
1936 3037 2054 3101 tur,
2083 3034 2321 3090 divitem
2351 3051 2411 3089 se
2443 3038 2500 3089 et
2530 3034 2605 3101 ad
2632 3036 2755 3089 hinc
2776 3033 3045 3089 facienda
3067 3032 3205 3089 satis
3241 3035 3545 3106 potentem

1938 3124 2272 3179 afﬁrmavit.
2303 3125 2454 3179 Uxor
2482 3128 2676 3179 autem
2723 3124 2846 3194 ejus
2892 3121 3289 3194 Beleknegini,
3343 3121 3404 3176 id
3457 3125 3544 3177 est

1937 3214 2179 3285 pulchra
2207 3214 2464 3281 domina,
2497 3211 2815 3268 sclavonice
2847 3211 3019 3274 dicta,
3067 3227 3240 3283 supra
3296 3210 3542 3267 modum

1933 3301 2189 3368 bibebat,
2219 3304 2278 3355 et
2305 3301 2363 3355 in
2398 3317 2546 3373 equo
2574 3316 2737 3356 more
2768 3299 2988 3355 millitis
3016 3299 3126 3354 iter
3142 3315 3338 3372 agens,
3362 3316 3541 3372 quen-

1935 3391 2069 3445 dam
2097 3389 2281 3444 virum
2311 3389 2624 3444 iracundia:
2672 3397 2766 3432 ίθοδ
2819 3387 3000 3443 nimio
3036 3387 3262 3444 fervore
3310 3387 3539 3443 occidit.

1932 3480 2128 3535 Manus
2157 3479 2280 3534 haec
2309 3480 2529 3550 polluta
2567 3479 2759 3535 fusum
2795 3477 3002 3535 melius
3033 3480 3300 3551 tangeret
3343 3485 3437 3520 180°
3481 3479 3540 3532 et

1932 3570 2196 3623 mentem
2226 3584 2502 3624 vesanam
2533 3568 2821 3640 pacientia
2839 3568 3182 3624 refrenaret.

2000 3696 2054 3749 4.
2081 3696 2141 3765 (f.
2166 3695 2306 3764 178’)
2336 3696 2397 3747 In
2418 3694 2513 3749 illo
2530 3697 2795 3764 tempore
2809 3692 3010 3747 Liutici
3032 3692 3092 3746 in
3119 3692 3274 3747 malo
3303 3706 3538 3763 semper

1931 3782 2236 3838 unanimes
2248 3782 2621 3837 Mistizlavum
2642 3781 2957 3847 seniorem,
2986 3779 3093 3834 sibi
3111 3779 3169 3833 in
3184 3776 3362 3850 priori
3378 3793 3533 3832 anno

1929 3873 2004 3927 ad
2032 3870 2470 3943 expedicionem
2493 3869 2914 3942 inperatoriam
2959 3871 3103 3938 (955)
3149 3865 3231 3920 nil
3261 3863 3535 3919 auxilian-

1928 3963 2068 4027 tem,
2110 3960 2414 4014 turmatim
2473 3960 2698 4031 petunt,
2743 3956 3171 4028 plurimamque
3212 3952 3381 4024 regni
3416 3951 3534 4007 sui-

1929 4052 2051 4103 met
2079 4051 2303 4121 partem
2333 4048 2716 4114 devastantes,
2753 4061 2991 4100 uxorem
3023 4060 3188 4099 suam
3225 4044 3285 4096 et
3317 4055 3531 4096 nurum

1927 4137 2207 4209 effugere,
2252 4153 2316 4191 ac
2346 4139 2531 4192 semet
2576 4135 2766 4207 ipsum
2795 4135 2949 4189 intra
2994 4132 3251 4189 Zuarinaa
3287 4128 3531 4185 civitatis

1928 4226 2324 4283 municionem
2355 4243 2485 4282 cum
2525 4225 2803 4282 militibus
2850 4224 3044 4280 electis
3107 4220 3378 4293 colligere
3430 4234 3526 4275 co-

192 4315 457 4386 sumpto,
505 4330 611 4384 pro
643 4312 839 4368 dolor!
885 4315 1223 4387 potestative
1281 4317 1554 4375 abutitur.
1600 4319 2094 4393 Legalingunt.
2153 4317 2487 4390 Deindeque
2552 4317 2873 4371 malesuasa
2927 4314 3141 4368 suimet
3187 4309 3522 4374 calliditate,

190 4400 520 4456 earundem
559 4401 752 4455 senior
799 4402 1249 4459 abhominabilis
1306 4405 1727 4477 repudiabitur,
1768 4397 1828 4463 et
1926 4422 2032 4479 per
2063 4404 2626 4478 indigenas,Christo
2648 4403 2977 4475 seniorique
3004 4399 3239 4475 proprio
3257 4397 3521 4463 rebelles,

187 4490 366 4545 miles
403 4488 665 4560 ejusdem
694 4490 768 4545 ab
799 4490 928 4557 hiis,
963 4494 1026 4545 ut
1055 4493 1179 4547 Abo
1240 4501 1333 4536 180°
1360 4494 1512 4565 (954)
1545 4495 1722 4550 dulcis
1760 4499 1819 4550 et
1854 4500 1859 4505 ’
1919 4514 1954 4554 a
1978 4501 2222 4567 paterna
2252 4495 2574 4552 hereditate
2630 4492 2721 4547 vix
2772 4491 3015 4547 evadere
3069 4490 3224 4545 hunc
3276 4485 3525 4554 compel-

185 4581 371 4635 Jason
405 4576 561 4631 mitis
591 4579 953 4651 preponitur.
985 4582 1102 4636 Hoc
1145 4580 1282 4653 quia
1307 4600 1462 4637 nunc
1490 4600 1662 4655 poena
1689 4601 1815 4656 gra-

182 4667 273 4722 vis
300 4683 427 4722 non
463 4666 767 4735 ulciscitur,
828 4668 898 4723 de
943 4668 1033 4724 die
1084 4669 1142 4725 in
1187 4671 1345 4725 diem
1372 4688 1475 4742 pro
1506 4676 1811 4728 consuetu-

182 4756 325 4812 dine
364 4772 533 4823 nova,
556 4760 618 4810 ut
646 4773 868 4826 vereor,
901 4775 934 4813 a
969 4758 1170 4814 multis
1196 4761 1492 4816 excolitur.
1529 4762 1572 4818 Ο
1604 4780 1701 4817 vos
1732 4781 1815 4819 sa-

1912 4590 2043 4654 lunt
2076 4587 2380 4658 (956).Ha2c
2417 4581 2826 4640 abominabilis
2848 4578 3207 4654 presumptio
3232 4579 3299 4634 ﬁt
3323 4589 3525 4631 mense

1917 4675 2250 4744 Februario,
2279 4676 2375 4749 qui
2402 4693 2436 4730 a
2464 4672 2777 4746 gentilibus
2804 4671 3152 4727 lustracione
3176 4672 3235 4725 et
3263 4666 3522 4724 muneris

1919 4764 2097 4820 debiti
2146 4764 2506 4819 exhibicione
2553 4761 2934 4829 venerandus,
2981 4759 3053 4815 ab
3110 4758 3517 4814 infernalideo

1516 4882 1749 4940 VARIIE
1795 4885 2194 4941 LECTIONES.

256 4956 357 4991 1m
402 4947 563 5001 claue
597 4951 647 5001 1.

763 4955 857 5028 ίῖξδ
882 4949 1079 5028 ienuio
1132 4954 1181 5008 1.
1218 4958 1312 5028 "ﬁ
1342 4951 1423 5006 illi
1453 4953 1582 5007 duci
1614 4959 1679 5028 2.)
1747 4964 1840 5028 tm
1884 4959 2009 5027 jam
2049 4973 2258 5011 erasum
2312 4959 2362 5010 l.

174 5020 443 5090 Absolon
474 5022 527 5073 2.
603 5026 694 5061 ίθοί
726 5019 981 5090 religiosi
1013 5026 1065 5077 2.
1145 5029 1239 5065 180!
1269 5022 1378 5077 Vos
1409 5055 1474 5065 —
1511 5025 1771 5081 auxiliari
1817 5019 1943 5083 adii.
1988 5028 2069 5081 (ὁ.
2149 5036 2242 5072 ιιοδ
2275 5024 2491 5082 mechis
2516 5028 2569 5081 2.
2649 5033 2742 5069 ιθοι
2772 5024 2998 5081 uestri?
3040 5028 3126 5079 la.

2475 4962 2569 4997 1m
2592 4953 2717 5009 add.
2750 4954 2834 5009 Η).
2948 4960 3042 4996 1800
3081 4952 3290 5008 amabo
3328 4955 3412 5006 la.
3442 4980 3512 4992 -

3240 5031 3333 5065 1801
3364 5039 3422 5077 η,
3455 5037 3503 5075 Γ,

176 5090 310 5165 add.
334 5164 337 5165 ν
358 5089 442 5165 ib_.
523 5095 615 5165 1896
642 5088 1014 5165 auincu‘lusl.
1092 5099 1185 5134 1807
1219 5092 1489 5165 aliquacm
1524 5099 1608 5153 la.
1687 5105 1781 5140 1808
1814 5098 2083 5155 iracndia:
2125 5104 2175 5154 1.
2253 5106 2348 5141 ηοο
2377 5097 2500 5153 haec
2529 5097 2747 5155 incesta
2766 5113 2974 5152 manus
3009 5095 3107 5151 ﬁla
3132 5092 3203 5149 de
3228 5092 3353 5148 fuso
3382 5106 3491 5146 me-

178 5162 293 5217 lius
324 5161 605 5229 traheret,
628 5177 803 5232 quam
837 5162 1093 5233 gladium
1124 5180 1154 5218 e
1185 5161 1394 5235 vagina
1422 5166 1700 5235 traheret,
1734 5173 1841 5224 etc.
1865 5174 1919 5225 2.

1739 5287 1965 5343 NOTIE.

257 5352 412 5423 (954)
442 5350 617 5405 Menti
646 5351 1302 5408 Thietmariobservatus
1329 5357 1412 5409 est
1444 5356 1623 5421 Abro,
1658 5359 1805 5414 Grae-

1976 5357 2117 5428 (956)
2165 5361 2452 5416 Incertum
2480 5359 2621 5414 mihi
2668 5357 2891 5413 videtur
2942 5359 3134 5428 utrum
3159 5355 3233 5428 ad
3260 5353 3382 5407 haec
3406 5367 3498 5428 re-

180 5422 679 5503 cus-libidinosus,-
707 5424 1006 5503 cujusvita
1037 5425 1395 5503 dissoluta
1419 5429 1802 5503 proverbium
1900 5422 2141 5503 ferenda
2167 5431 2302 5503 sint,
2335 5447 2462 5502 quae
2513 5430 2767 5503 Adamus
2806 5423 3127 5503 Bremensis
3153 5427 3203 5503 l._
3231 5442 3293 5503 ri,
3325 5441 3374 5480 c.
3409 5425 3498 5490 30,

181 5493 352 5582 abiit,
386 5511 435 5582 vt.
462 5493 683 5548 Erasmi
714 5494 930 5564 Adagia
953 5512 1010 5567 p.
1046 5499 1200 5563 H76,
1248 5497 1385 5551 edit.
1419 5493 1799 5555 chhelianze
1900 5500 2093 5582 ibique
2117 5493 2378 5582 scholiqri
2505 5501 2576 5556 de
2602 5496 3501 5582 MystivoitraduntJtieliuscpn-

187 5567 354 5622 1599.
389 5565 517 5621 Uns.

261 5633 410 5707 (955)
438 5636 503 5695 V.
531 5635 761 5708 supra].
795 5651 889 5706 v11,
922 5651 969 5691 c.
1008 5638 1096 5693 44.

1897 5565 2137 5626 veniunt
2159 5589 2291 5628 cum
2322 5565 2680 5637 'l‘hietmaro',
2709 5584 2835 5641 quae
2867 5567 2962 5624 ille
3010 5582 3134 5641 cap.
3170 5573 3236 5626 33
3281 5569 3337 5622 et
3368 5565 3495 5620 Hel-

1896 5642 2184 5699 moldusl.
2216 5662 2255 5713 ι,
2285 5660 2334 5703 c.
2371 5647 2436 5702 18
2456 5641 2733 5699 referunt.
