3994 6180
214 425 346 490 1409

1483 422 1904 483 CHRONICON.
1931 454 2002 465 —
2040 424 2171 481 LIB.
2202 422 2318 482 Vlll

3388 433 3522 488 1410

206 549 451 621 speciale
480 549 842 620 signaculum
875 549 936 602 in
967 544 1140 603 corde
1164 563 1267 618 pre
1298 547 1569 602 omnibus
1611 546 1816 612 inﬁxit,
1841 547 1895 605 A
1916 545 2108 601 amita
2145 550 2268 619 ejus
2293 550 2609 605 venerabili
2639 545 2897 618 Mahtildi
2928 557 3022 593 1⁸³⁵
3054 550 3358 606 abbatissae
3389 551 3522 622 (967

209 639 426 694 concito
458 655 626 694 cursu
672 637 1039 709 properavit;
1081 653 1146 691 ac
1197 637 1255 691 in
1299 636 1568 708 predictae
1598 639 1815 690 secreto

208 727 443 782 civitatis
462 743 646 781 annos
664 727 962 797 sexaginta
984 729 1228 798 quatuor
1250 733 1343 768 im
1362 725 1572 780 caelesti
1605 741 1814 796 sponso

209 833 266 870 se
282 815 564 886 virginem
585 818 803 869 castam
826 818 1067 870 conatur
1084 813 1312 876 offerre,
1326 830 1390 867 ac
1403 814 1815 868 inmaculatam

207 920 285 965 se,
301 905 426 975 plus
445 920 620 976 quam
644 903 930 974 fragilitas
947 903 1206 957 humana
1226 903 1505 975 permisit,
1530 902 1816 957 custodire

207 991 437 1046 studuit.
455 993 516 1045 ln
542 995 705 1046 tanto
732 1007 984 1062 namque
1009 991 1198 1063 spacio
1230 1006 1550 1061 numquam
1567 991 1693 1045 foco
1713 990 1815 1044 du-

207 1095 332 1132 rum
364 1079 544 1150 frigus
589 1080 914 1134 resolvebat
948 1079 1165 1149 aliquo,
1207 1079 1307 1132 sed
1346 1079 1455 1133 hoc
1499 1095 1813 1132 maximum

207 1166 394 1221 eidem
417 1169 542 1221 erat
558 1166 1289 1239 temperamentum,quod
1305 1167 1494 1236 lapide
1520 1167 1816 1237 paululum

206 1254 388 1310 calido
420 1255 596 1325 pedes
628 1256 714 1309 vel
741 1271 950 1310 manus
981 1271 1130 1325 pene
1161 1257 1297 1308 tunc
1319 1255 1648 1310 deficientes
1664 1255 1818 1309 refo-

207 1342 423 1399 cilaret.
449 1341 589 1396 Haec
605 1342 844 1396 assiduis
873 1341 1238 1396 oracionibus
1269 1346 1326 1395 et
1355 1342 1694 1398 intermistis
1722 1344 1820 1397 ﬂe-

209 1429 357 1485 tibus
376 1431 582 1484 cellam
603 1429 812 1484 suimet
836 1430 1076 1484 interius
1094 1430 1339 1497 ornavit,
1355 1431 1602 1485 exterius
1623 1433 1818 1485 autem

209 1519 420 1590 populo
448 1518 766 1572 conﬂuenti
794 1517 996 1572 crebra
1020 1517 1385 1572 institutione
1416 1523 1474 1573 et
1500 1519 1821 1573 necessaria

212 1606 605 1662 consolatione
624 1607 871 1660 multum
899 1605 1136 1677 profuit.
1151 1605 1386 1662 Vermes
1409 1624 1466 1661 se
1487 1607 1704 1677 jugiter
1724 1624 1818 1663 co-

211 1697 513 1751 medentes
545 1712 661 1750 non
694 1694 922 1764 abjecit,
954 1694 1056 1748 sed
1085 1693 1355 1749 cadentes
1397 1695 1670 1766 reposuit,
1701 1696 1821 1750 vice

1917 636 2484 706 ﬁdeliterserviebat;
2507 639 2780 712 quicquid
2804 640 2860 694 in
2892 639 3112 694 Salbozi
3135 642 3281 711 (968)
3303 640 3434 695 villa
3462 640 3520 694 in

1915 725 2258 780 beneficium
2272 727 2492 793 habuit,
2509 729 2566 782 in
2581 729 2846 799 predium
2871 729 2942 783 ab
2965 729 3074 783 hiis
3094 737 3186 771 ιθιο
3198 729 3516 800 acquisivit.

1915 812 2272 868 Ethelberto
2302 823 2392 856 1841
2424 817 2825 871 archiantistiti
2844 817 3072 888 suisque
3102 817 3522 872 successoribus

1917 903 2163 972 usquein
2179 903 2461 958 domuum
2475 904 2760 959 Geronem
2777 905 3024 974 servivit;
3039 909 3096 960 et
3110 906 3262 976 apud
3285 905 3518 960 eosdem

1917 989 2154 1060 dignam
2176 991 2616 1046 retributionem
2630 994 2890 1064 suscepit.
2912 993 3520 1047 Tandeminfirmitate

1917 1082 2208 1149 gravatur,
2253 1083 2312 1133 et
2361 1083 2478 1135 Deo
2512 1083 2921 1154 omnipotenti,
2953 1100 3126 1153 quem
3159 1100 3388 1154 semper
3419 1101 3519 1155 pre

1917 1166 2187 1221 omnibus
2216 1168 2450 1234 amavit,
2485 1170 2878 1240 conjungitur.
2926 1174 2987 1225 In
3035 1172 3196 1241 cujus
3227 1187 3425 1226 amore
3455 1188 3520 1226 ac

1915 1255 2246 1310 venerando
2258 1257 2480 1310 honore
2494 1259 2795 1312 (ecclesiam
2809 1259 2867 1313 in
2883 1261 3158 1330 acquisita
3171 1261 3522 1330 proprietate

1915 1342 2176 1411 predicta
2205 1345 2540 1412 construxit,
2567 1351 2626 1399 et
2653 1347 2802 1400 hanc
2833 1355 2928 1389 1888
2958 1347 3032 1402 ad
3060 1349 3520 1402 benedicendam

1919 1445 2013 1482 me
2025 1429 2332 1500 indignum
2348 1433 2741 1488 vocavit.Ante
2753 1436 2840 1505 cuj
2850 1443 3010 1488 usis”
3025 1437 3521 1491 consecrationem

1919 1518 2189 1573 volumen
2237 1520 2480 1592 longum
2527 1521 2875 1576 facinoribus
2913 1523 3026 1576 suis
3065 1523 3428 1594 inscriptum,
3460 1540 3525 1578 ac

1924 1606 2081 1677 prius
2123 1608 2344 1661 caeteris
2393 1609 2814 1665 confessoribus
2857 1611 2972 1665 suis
3015 1614 3334 1678 ostensum,
3381 1611 3526 1666 mihi

1921 1693 2165 1763 aperuit,
2195 1697 2252 1748 et
2268 1711 2466 1750 coram
2482 1712 2576 1750 me
2595 1713 2835 1768 gemens
2853 1699 3011 1769 legit,
3036 1702 3092 1753 et
3113 1716 3147 1753 a
3172 1716 3266 1753 me
3290 1700 3524 1770 supplex

212 1784 480 1838 monachi
527 1783 830 1853 Symeonis
874 1782 932 1836 in
980 1782 1253 1836 columna
1312 1782 1408 1836 diu
1457 1783 1659 1837 stantis
1703 1792 1819 1839 18³0.
1850 1780 2340 1862 Bindulgentiam
2363 1785 2668 1853 postulavit
2715 1786 3187 1857 Hancepistolam
3213 1786 3526 1856 sumpsi,et

213 1871 686 1943 Quicquidillade
709 1870 1003 1925 oblatione
1030 1871 1227 1940 populi
1261 1871 1536 1926 continua
1554 1873 1818 1943 suscepit,

211 1960 316 2015 sibi
343 1961 690 2016 subtrahens
727 1958 1052 2029 Christique
1079 1959 1425 2029 pauperibus
1467 1961 1704 2031 largiter
1732 1961 1823 2014 in-

210 2043 1824 2120 perciens,peccataofferentium(f.180’)redemit.Piafuit

210 2137 332 2192 haec
352 2140 469 2180 ιω·
490 2136 661 2190 matri
687 2152 856 2202 mea},
881 2140 940 2190 et
958 2136 1308 2190 memoriam
1332 2136 1417 2190 sui
1437 2137 1684 2192 ﬁrmiter
1695 2154 1824 2208 pro-

215 2225 372 2280 misit
396 2225 544 2295 proli
565 2225 1018 2295 subsequuturae.
1042 2225 1101 2278 ln
1127 2239 1314 2293 agone
1336 2225 1504 2295 hujus
1525 2225 1824 2279 titubantis

211 2313 387 2368 seculi
415 2314 537 2367 haec
566 2311 942 2377 contendens,
977 2312 1050 2366 ab
1083 2311 1316 2365 inlicitis
1352 2313 1622 2367 omnibus
1647 2313 1820 2367 absti-

215 2402 362 2468 nuit,
385 2418 501 2456 non
520 2417 623 2471 pro
645 2399 979 2470 recipienda
1003 2399 1361 2469 corruptibili
1374 2401 1580 2471 gloria,
1605 2401 1704 2456 sed
1718 2419 1821 2472 pro

214 2491 487 2561 ﬂorigera
508 2491 746 2545 caelestis
763 2488 941 2542 bravii
974 2505 1208 2556 corona,
1246 2506 1421 2560 quam
1449 2494 1511 2545 13
1539 2490 1824 2544 Kalendas

214 2579 405 2634 Marcii
424 2576 1201 2650 promeruitdivinitusindui
1229 2578 1392 2647 (966).
1421 2575 1483 2630 In
1518 2579 1688 2631 nocte
1703 2575 1822 2641 illa,

217 2683 331 2738 qua
355 2666 578 2721 Christo
606 2664 867 2719 amabilis
896 2665 1120 2734 lampas
1149 2665 1490 2719 stelliferum
1521 2666 1709 2719 locata
1739 2668 1825 2717 est

217 2755 274 2809 in
288 2771 480 2820 axem,
495 2753 1018 2822 dormivipeccator
1035 2751 1092 2805 in
1116 2751 1456 2806 dormitorio
1475 2753 1534 2806 in
1556 2752 1823 2823 Magada-

223 2843 396 2913 burg,
427 2845 484 2896 et
504 2842 659 2896 testis
675 2841 816 2894 mihi
839 2841 910 2894 sit
926 2840 1095 2906 Deus,
1115 2840 1251 2910 quia
1273 2857 1389 2894 non
1415 2841 1689 2906 mentior,
1711 2839 1827 2893 vidi

1921 1870 2343 1925 absolutionem
2373 1872 2666 1926 commissi
2696 1874 2888 1928 divina
2917 1879 3199 1945 potestate
3231 1875 3363 1928 huic
3392 1873 3521 1941 feci,

1921 1973 2167 2028 cumque
2183 1959 2390 2012 eodem
2408 1958 2520 2024 die,
2541 1959 2597 2013 id
2619 1965 2706 2015 est
2724 1964 2788 2014 16
2822 1962 3108 2016 Kalendas
3129 1962 3360 2033 Aprilis,
3391 1962 3527 2034 quia

1919 2049 2057 2100 tunc
2086 2050 2210 2100 erat
2245 2064 2438 2101 annua
2473 2048 2595 2102 dies
2627 2048 2710 2102 sui
2742 2051 2941 2120 patris,
2971 2050 3294 2122 predictam
3325 2067 3524 2106 conse-

1921 2151 2145 2189 crarem
2183 2136 2521 2203 ecclesiam,
2569 2153 2740 2207 supra
2790 2138 3064 2193 buxidem
3094 2141 3244 2210 (969)
3273 2139 3527 2210 reliquiis

1922 2227 2250 2277 sanctorum
2292 2224 2568 2278 refertam
2611 2227 3083 2295 prenominatum
3113 2227 3275 2298 posui
3305 2227 3525 2282 brevia-

1921 2312 2093 2378 rium,
2127 2315 2189 2365 ut
2226 2329 2429 2367 eorum
2461 2313 2688 2368 assiduo
2738 2314 3062 2370 interventu
3099 2333 3230 2370 vera
3259 2316 3529 2371 ﬂebiliter

1923 2399 2221 2454 confitenti
2259 2400 2520 2455 remissio
2552 2402 2718 2455 ﬁeret
2759 2406 2818 2456 et
2869 2403 2970 2456 diu
3012 2405 3211 2474 Optata
3258 2404 3526 2459 abolicio.

1923 2487 2038 2541 Hoc
2069 2504 2386 2558 numquam
2418 2488 2532 2542 vidi
2565 2489 2816 2559 aliquem
2847 2489 3046 2543 fecisse
3076 2491 3163 2543 vel
3194 2491 3418 2558 audivi;
3445 2494 3530 2544 set

1924 2575 2059 2645 quia
2083 2575 2484 2629 inﬁrmitatem
2520 2592 2714 2629 meam
2747 2576 2880 2629 huic
2924 2576 3005 2629 nil
3039 2577 3313 2646 prodesse
3339 2578 3529 2644 timui,

1924 2663 1984 2731 (f.
2022 2665 2154 2729 181’)
2191 2663 2262 2716 ad
2293 2667 2518 2717 sanctos
2539 2663 2946 2718 intercessores
2973 2665 3230 2734 confugi.
3262 2667 3396 2719 Post
3425 2666 3532 2720 hec

1923 2749 2058 2802 vixit
2079 2753 2243 2820 pater
2259 2750 2599 2805 venerabilis
2622 2751 2902 2805 tredecim
2931 2753 3306 2820 ebdomadas,
3339 2756 3402 2807 16
3425 2755 3531 2807 Ka-

1924 2838 2124 2891 lendas
2151 2838 2324 2905 Junii,
2355 2843 2630 2909 exoptans
2660 2840 2884 2894 resolvi.

219 2947 322 3002 per
353 2930 642 2984 somnium
672 2932 806 2982 ante
835 2928 1205 2994 matutinam,
1235 2927 1389 2998 quod
1419 2927 1533 2981 duo
1566 2928 1728 2997 pueri
1756 2928 1825 2982 de
1861 2926 1910 2985 C
1999 2930 2049 2980 8.
2073 2929 2310 2998 Insuper
2338 2928 2415 2996 pii
2449 2928 2670 2981 abbatis
2697 2929 2914 2982 Alfkeri
2949 2931 3092 3000 (970)
3123 2934 3415 3002 quandam
3445 2951 3533 2989 ac-

219 3018 460 3089 antiquo
489 3016 777 3088 1881,quod
793 3015 979 3069 adhuc
1001 3015 1216 3070 ibidem
1247 3015 1454 3083 stabat,
1471 3017 1659 3070 erario
1693 3032 1827 3086 pro-

219 3107 496 3162 cederent
514 3108 811 3160 cantantes
832 3103 1213 3174 antiphonam
1229 3112 1321 3146 1882
1338 3105 1487 3158 hanc
1509 3121 1522 3158 :
1546 3103 1828 3159 Martinus

216 3194 497 3248 Habrahas
519 3201 611 3235 1888
631 3194 752 3246 sinu
774 3192 932 3246 laetus
949 3194 1219 3262 recipitur,
1236 3195 1292 3246 et
1313 3196 1543 3246 caetera.
1575 3192 1829 3247 Infantes

217 3281 299 3337 hii
315 3282 618 3354 geminam
642 3281 900 3351 ejusdem
917 3280 1312 3335 innocentiam
1329 3285 1385 3334 et
1397 3280 1686 3350 premium
1703 3297 1832 3351 pro-

219 3370 570 3424 nuntiabant
582 3377 674 3411 που
698 3386 712 3436 ;
731 3367 788 3422 in
809 3368 1021 3438 pietate
1043 3386 1144 3424 sua
1166 3372 1223 3422 et
1239 3373 1579 3439 paupertate
1601 3369 1833 3441 spiritus

220 3475 284 3514 ac
307 3457 636 3512 humilitate
657 3458 767 3511 hoc
783 3459 970 3511 totum
989 3456 1118 3522 fuit,
1137 3460 1194 3510 et
1213 3458 1368 3529 quod
1389 3458 1665 3528 sequitur,
1695 3475 1830 3529 pro-

220 3546 440 3602 meruit
462 3553 574 3598 18".
610 3547 677 3599 Et
722 3547 830 3600 hoc
875 3548 1011 3599 tunc
1040 3545 1315 3600 fratribus
1348 3547 1604 3600 nuntiavi
1638 3548 1783 3601 meis
1814 3563 1828 3601 :

217 3635 335 3691 Pro
366 3643 526 3703 certo,
554 3634 841 3707 inquiens,
873 3637 1054 3688 scitote
1078 3636 1220 3706 quod
1260 3637 1448 3691 anima
1475 3638 1588 3692 Deo
1617 3655 1743 3691 cara
1771 3637 1836 3692 de

221 3725 323 3781 hac
369 3724 482 3778 luce
509 3730 747 3778 estnunc
787 3731 1054 3794 separata.
1099 3725 1235 3778 Post
1264 3724 1383 3778 dies
1429 3731 1459 3781 6
1501 3724 1835 3780 intimatum

223 3818 311 3869 est
340 3813 530 3879 nobis,
565 3812 739 3884 quod,
771 3811 916 3866 sicut
945 3812 1133 3867 visum
1159 3816 1244 3868 est
1270 3813 1432 3882 mihi,
1455 3831 1586 3869 vere
1612 3814 1714 3869 Dei
1748 3815 1836 3870 fa-

224 3903 390 3956 mula
415 3901 688 3956 transiret
724 3917 756 3954 e
783 3917 1010 3956 carcere
1039 3901 1244 3957 carnis.

299 3998 332 4047 7
345 3989 680 4046 .Confratris
694 3990 806 4043 mei
823 3991 1427 4046 memoriamBernarii
1443 3992 1618 4047 modo
1636 4009 1838 4064 aggre-

1925 3015 2154 3069 cionem
2171 3017 2428 3085 egreiam
2444 3023 2535 3057 1819
2548 3016 2606 3068 in
2621 3018 2951 3086 exemplum
2972 3017 3252 3075 imitabile
3275 3022 3528 3093 profero.

1927 3103 2025 3157 Hic
2057 3109 2252 3173 preter
2275 3107 2511 3158 caeteras
2537 3104 2769 3158 virtutes
2789 3121 2918 3158 suas
2946 3105 3055 3160 hoc
3086 3107 3143 3161 in
3175 3125 3276 3162 usu
3308 3110 3528 3179 habuit,
3577 3155 3582 3164 .

1928 3192 2082 3262 quod
2107 3208 2321 3246 nomen
2342 3209 2509 3246 suum
2535 3209 2706 3264 super
2735 3193 2913 3247 altare
2944 3194 3242 3264 quodlibet
3268 3200 3529 3270 scripsit;

1930 3282 1987 3333 et
2012 3279 2151 3332 dum
2183 3279 2302 3351 ipse
2330 3280 2565 3334 missam
2595 3284 2849 3347 caneret,
2890 3281 2948 3334 in
2987 3285 3214 3338 tantum
3245 3286 3419 3354 ﬂevit,
3468 3293 3531 3343 ut

1931 3367 2185 3422 maxima
2205 3369 2515 3438 corporalis
2532 3384 2664 3439 pars
2689 3369 3140 3439 humectaretur,
3157 3373 3236 3426 nil
3258 3375 3531 3444 hesitans,

1932 3456 2108 3527 quod,
2137 3456 2279 3510 sicut
2300 3456 2578 3528 scriptum
2601 3461 2686 3511 est
2717 3474 2729 3512 :
2759 3457 3020 3513 Lacrima
3043 3476 3150 3530 pro
3169 3465 3406 3532 peccatis
3425 3483 3535 3519 cor-

1931 3545 2144 3599 dctcnus
2172 3547 2350 3615 effusa"
2379 3546 2620 3601 divinam
2648 3563 2753 3600 non
2777 3547 2931 3600 modo
2951 3557 3181 3618 poscunt
3207 3555 3418 3606 veniam
3448 3553 3538 3608 sed

1934 3637 2094 3688 etiam
2120 3642 2213 3676 18³⁸
2237 3635 2508 3705 inpetrant
2522 3635 2733 3705 (Judith
2754 3653 2874 3703 vm,
2896 3641 2980 3698 12)
3005 3655 3018 3705 ;
3051 3642 3109 3693 et
3142 3643 3205 3694 ut
3222 3642 3540 3698 eoliberius

1936 3725 2161 3779 cmleste
2193 3724 2528 3792 suffragium
2555 3723 2846 3792 inplorare
2876 3725 2981 3780 sibi
3010 3729 3297 3792 valuisset,
3320 3733 3538 3786 cunctis

1937 3811 2290 3867 debitoribus
2321 3811 2434 3865 suis
2456 3811 2782 3865 misericors
2806 3813 2932 3868 fuit.
2970 3814 3088 3868 Heu
3121 3817 3263 3870 mihi
3295 3819 3537 3889 indigno

1935 3900 2238 3966 sacerdoti,
2253 3900 2356 3953 hos
2371 3898 2656 3969 predictos
2671 3899 2876 3954 fratres
2887 3901 2983 3971 qui
3003 3902 3062 3955 in
3081 3905 3236 3958 nullo
3261 3922 3534 3977 umquam

1937 3992 2223 4044 assecutus
2251 3987 2331 4040 fui
2355 3986 2368 4039 l
2401 3988 2690 4042 Bonorum
2708 3989 2971 4059 exempla
2999 3993 3314 4047 multorum
3339 3995 3454 4066 legi
3476 4013 3542 4052 ac

229 4079 381 4146 diar,
414 4079 511 4151 qui
543 4077 938 4133 familiaritate
970 4095 1071 4132 sua
1101 4079 1243 4133 mihi
1276 4080 1529 4134 exhibita
1559 4089 1653 4123 18³6
1684 4082 1838 4152 apud
1938 4093 2178 4150 persepe
2199 4075 2332 4143 vidi,
2356 4075 2456 4130 sed
2478 4075 2658 4128 menti
2683 4092 2826 4130 mea:
2845 4077 2949 4130 hac
2971 4095 3084 4133 non
3110 4084 3368 4151 apposui;
3387 4087 3538 4139 tem-

230 4185 328 4224 me
361 4167 657 4222 caritatem
697 4167 937 4233 bonam,
965 4169 1024 4220 et
1065 4166 1110 4220 si
1141 4167 1501 4239 aliquatenus
1542 4177 1633 4212 1887
1665 4169 1718 4224 ei
1747 4179 1841 4213 1888
1861 4175 1915 4234 Ι)
1943 4163 2495 4242 ptationibusvariis,
2515 4163 2718 4234 quibus
2738 4165 3002 4220 resistere
3023 4167 3544 4236 debui,voluntarie

229 4256 560 4328 profuisset,
590 4254 951 4309 mentionem
979 4256 1392 4324 promeruisset
1420 4258 1699 4316 sedulam.
1734 4259 1850 4316 llic
1951 4273 2017 4311 ac
2048 4272 2164 4310 non
2199 4255 2424 4309 fortiter
2466 4254 2801 4309 reluctando
2833 4257 3098 4310 succubui
3126 4275 3138 4324 ;
3179 4259 3382 4329 quibus
3407 4277 3544 4332 pro-

228 4343 422 4398 carnis
450 4341 881 4413 propinquitate
913 4345 1395 4415 consanguineus,
1429 4350 1487 4400 et
1517 4348 1672 4418 quod
1689 4364 1844 4402 nunc
1946 4347 2106 4401 desse
2155 4345 2346 4412 debui,
2379 4361 2483 4416 pro
2532 4343 2726 4399 dolori
2764 4346 2890 4416 plus
2917 4346 3104 4413 nocui,
3141 4351 3196 4401 et
3227 4353 3288 4402 ut
3337 4353 3543 4422 optimi

229 4435 315 4486 est
343 4431 688 4498 maximum,
720 4430 985 4485 amicicie
1026 4431 1134 4485 fuit
1163 4433 1306 4486 mihi
1344 4442 1438 4476 ηδε
1478 4435 1840 4504 coniunctus.
1943 4435 2258 4489 archanum
2295 4432 2545 4488 thesauri
2573 4433 2789 4486 crimen
2836 4449 3032 4488 meum
3073 4451 3302 4506 semper
3345 4440 3543 4498 celavi.

226 4519 427 4576 Tercio
467 4518 662 4574 Ottoni
693 4519 757 4589 (f.
787 4520 910 4591 181)
934 4519 1097 4574 valde
1127 4537 1292 4575 carus
1314 4526 1456 4590 erat,
1485 4523 1620 4594 quia
1651 4523 1755 4578 sibi
1783 4525 1842 4578 et
1943 4523 2067 4577 Non
2094 4527 2178 4576 est
2198 4525 2553 4594 opus,lector
2572 4523 2658 4576 vel
2682 4521 2821 4575 mihi
2843 4538 2974 4577 care
2991 4540 3298 4594 successor,
3331 4530 3547 4586 utvarii

1568 4602 1803 4657 VARUE
1833 4601 2205 4656 LECTIONES

302 4669 794 4751 189°_septuaginta
823 4669 1084 4751 duos_1a._
1165 4679 1260 4751 1889
1285 4671 1519 4751 vermes
1544 4704 1613 4751 —_-
1641 4673 1845 4751 stantis
1869 4673 1994 4751 add.
2030 4673 2114 4727 1b.
2182 4674 2312 4751 Δξθιοθ
2341 4671 2467 4751 add.
2495 4672 2584 4751 _1b.
2662 4680 2752 4713 1831
2782 4673 2979 4751 antti
3017 4679 3063 4751 1.
3145 4685 3238 4720 18³³
3261 4679 3541 4751 antipha-

231 4759 374 4827 nam
401 4745 459 4821 1..
534 4749 627 4783 18³³
660 4743 695 4794 h
724 4758 931 4827 erasum
963 4744 1138 4827 μέθυ
1165 4743 1421 4827 Infantes
1433 4745 1741 4827 geminam
1773 4746 1896 4827 ejus
1925 4745 2317 4827 innocentiam
2335 4748 2391 4799 et
2423 4744 2675 4827 primum
2707 4743 3175 4827 pronuntiabant.
3194 4743 3547 4822 scilicet'pie-

228 4818 417 4887 tatem
448 4812 508 4866 in
537 4815 870 4887 paupertate
900 4811 1152 4887 spiritus,
1180 4818 1238 4867 et
1265 4811 1651 4872 humilitatem
1678 4811 1883 4883 cordis,
1911 4819 1969 4870 et
1998 4833 2169 4887 quam
2213 4811 2536 4886 promeruit
2561 4811 2883 4887 armeniam
2932 4819 3199 4874 celestem
3228 4825 3282 4878 2.
3363 4811 3456 4865 183.5
3482 4826 3545 4880 In

229 4882 870 4958 fames—promeruit
898 4882 1140 4958 addz1b.
1176 4893 1270 4927 1836
1301 4888 1552 4958 exhibite
1583 4893 1631 4942 1.
1711 4895 1801 4929 1⁸³⁷
1831 4882 2180 4958 aliqua—tinus
2210 4882 2256 4943 ἱ.
2337 4895 2430 4928 1⁸³⁸
2469 4886 2596 4941 add.
2633 4885 2710 4940 1b.
2792 4894 2884 4928 1⁸³9
2916 4887 2951 4941 h
2978 4906 3189 4945 erasum
3220 4896 3266 4947 1.
3346 4902 3440 4937 1W
3470 4896 3541 4950 ab

230 4956 301 5011 iis
333 4953 460 5009 add.
497 4953 586 5010 lb.
665 4961 756 4995 ιειι
788 4953 904 5007 ath.
942 4953 1040 5008 lc?
1115 4963 1207 4997 ίδισ
1239 4957 1461 5028 egriam
1496 4963 1551 5016 1.

1778 5027 2000 5084 NOTAE.

1940 5100 2018 5154 sic
2032 5099 2246 5155 dictum
2266 5100 2531 5154 foramen
2549 5099 3012 5171 quadrangulum
3036 5106 3159 5158 erat
3175 5103 3232 5159 in
3251 5120 3450 5159 mensa
3462 5105 3545 5160 al-

336 5117 458 5169 υῡο)
490 5117 654 5152 nom.
689 5117 910 5154 necrm.
947 5117 1184 5166 nunen.,
1210 5117 1374 5154 reor.
1410 5117 1497 5155 10.
1940 5117 2018 5154 διο
2032 5117 2246 5155 dictum
2266 5117 2531 5154 Ioramen
2549 5117 2807 5171 quanran
2855 5117 3012 5157 ulum
3036 5117 3232 5159 eratin
3251 5117 3545 5160 mensae!-

336 5173 458 5234 967)
487 5167 1073 5244 1__(_)_ued_liI_1_b_urgensi._
1098 5239 1132 5244 η
1162 5238 1172 5244 _
1319 5240 1329 5244 Α
1507 5242 1546 5244 Α
1943 5171 2324 5244 tarislapidea
2344 5172 2608 5244 incisum,
2635 5117 3057 5228 recongebatur
3073 5191 3201 5228 cum
3222 5176 3401 5229 tribus
3420 5191 3546 5244 gra-

307 5238 458 5311 (968)
487 5239 633 5314 Yilla
672 5238 881 5314 Salbke
903 5238 910 5239 ί
933 5239 1005 5292 ad
1048 5238 1260 5307 Albim,
1315 5240 1468 5296 inter
1501 5242 1840 5314 Magdebur-
1943 5242 2030 5296 nis
2047 5238 2612 5314 thuris,shedulaque
2631 5245 3232 5314 pergamenanomine
3253 5238 3548 5300 consecra-

233 5309 378 5383 gum
412 5315 469 5365 et
485 5310 716 5384 §alsam
747 5309 872 5364 sita.
1015 5382 1022 5384 ξ
1055 5383 1059 5384 ί
1549 5381 1572 5384 Α
1594 5309 1618 5314 ⁷
1939 5314 2101 5380 toris,
2138 5314 2429 5367 interdum
2461 5309 2645 5367 etiam'
2675 5309 3017 5381 fuhdator‘s,
3051 5315 3256 5384 dieque
3300 5318 3355 5368 et
3387 5331 3540 5370 anno

313 5385 454 5456 (969)
483 5381 650 5435 Buxis
680 5381 930 5456 formata
977 5382 1200 5438 videtur
1253 5400 1286 5437 a
1325 5385 1504 5455 pyxis.
1543 5381 1843 5455 Significat
1941 5384 2386 5456 consecrationis
2433 5385 2554 5453 ejus
2597 5385 3019 5456 proscripta,th
3068 5381 3304 5438 tandem
3349 5385 3542 5456 isigillo

237 5454 496 5533 arculam
509 5468 622 5506 swe
639 5454 930 5533 capsulam
951 5472 1100 5533 n‘unc
1117 5454 1454 5533 eburneam,
1473 5454 1842 5533 nunc-argen-
1942 5455 2156 5533 altaris,
2178 5455 2233 5533 i_d
2256 5458 2340 5509 est
2355 5471 2528 5533 parvo
2553 5454 2762 5533 lapide,
2787 5455 3160 5533 claudebatur
3175 5472 3220 5508 s.
3253 5454 3545 5533 sigilli—iba-

239 5527 577 5589 team,nunc
599 5525 842 5596 exligno
863 5525 1285 5592 confectam,in
1310 5543 1424 5596 qua
1444 5526 1699 5596 reliquie:
1715 5525 1843 5580 San-
1941 5529 2064 5592 tur;
2093 5543 2144 5579 ν.
2179 5526 2430 5580 Durandi
2471 5525 2761 5579 Ratidnar.
2807 5525 2884 5578 lib
2955 5529 3163 5596 1,77c.76,
3198 5544 3256 5580 n.
3288 5525 3374 5582 34.
3409 5529 3540 5584 Uas.

238 5598 466 5648 ctorum
491 5595 876 5664 ponebantur,
933 5595 1668 5668 uatuorquecrucibuscum
1689 5597 1838 5652 chri-
2011 5598 2160 5668 (970)
2194 5597 2358 5655 Conf.
2403 5613 2575 5668 supra
2605 5597 2642 5652 l.
2677 5611 2751 5664 1v,
2785 5611 2835 5650 c.
2869 5598 2953 5652 14.
2985 5595 3138 5653 Obiit
3173 5597 3269 5656 ille
3298 5614 3352 5659 a.
3386 5602 3544 5658 1009.

240 5667 428 5723 amate
456 5664 639 5723 factis.
665 5665 727 5723 in
747 5613 988 5723 caneﬂa.
1014 5684 1061 5723 s.
1094 5669 1378 5723 sepulcro.
1410 5668 1566 5723 quod
1607 5669 1841 5723 nronrie
1939 5667 2005 5723 V.
2034 5668 2356 5723 Chronogr.
2386 5669 2540 5723 Sax..
2568 5668 2626 5722 h.
2653 5682 2705 5722 a.

240 5667 428 5724 amate
456 5665 639 5739 factis,
665 5665 727 5724 in
747 5665 988 5740 capella,
1014 5684 1061 5726 s.
1094 5665 1378 5742 sepulcro,
1410 5668 1566 5744 quod
1605 5669 1841 5742 proprie
1939 5667 2005 5725 V.
2034 5665 2356 5743 Chr'onogr.
2386 5665 2540 5737 Sat,
2568 5668 2626 5722 h.
2653 5682 2705 5722 a.

334 5098 458 5169 966)
490 5095 654 5169 conf.
674 5096 910 5169 _Necrol.
947 5096 1184 5169 Luneb.,
1210 5098 1374 5154 Febr.
1410 5102 1497 5155 16.
