  <div class='ocr_page' id='page_1' title='image "/cluster/home/n/w/nwhite01/storage/ocr_20150623/139/hvd.32044054759998/713.png"; bbox 0 0 3994 6180; ppageno 0'>
   <div class='ocr_carea' id='block_1_1' title="bbox 543 403 678 458">
    <p class='ocr_par' dir='ltr' id='par_1_1' title="bbox 543 403 678 458">
     <span class='ocr_line' id='line_1_1' title="bbox 543 403 678 458; baseline 0 -1"><span class='ocrx_word' id='word_1_1' title='bbox 543 403 678 458; x_wconf 70' lang='lat' dir='ltr'>Ml?)</span> 
     </span>
    </p>
   </div>
   <div class='ocr_carea' id='block_1_2' title="bbox 1495 394 2898 464">
    <p class='ocr_par' dir='ltr' id='par_1_2' title="bbox 1495 394 2898 464">
     <span class='ocr_line' id='line_1_2' title="bbox 1495 394 2898 464; baseline 0.007 -11"><span class='ocrx_word' id='word_1_2' title='bbox 1495 394 1886 455; x_wconf 80' lang='lat' dir='ltr'>THIETMARI</span> <span class='ocrx_word' id='word_1_3' title='bbox 1930 400 2542 464; x_wconf 79' lang='lat' dir='ltr'>MEBSEBURGENSIS</span> <span class='ocrx_word' id='word_1_4' title='bbox 2581 404 2898 463; x_wconf 84' lang='lat' dir='ltr'>EPISCOPI</span> 
     </span>
    </p>
   </div>
   <div class='ocr_carea' id='block_1_3' title="bbox 3660 420 3759 481">
    <p class='ocr_par' dir='ltr' id='par_1_3' title="bbox 3660 420 3759 481">
     <span class='ocr_line' id='line_1_3' title="bbox 3660 420 3759 481; baseline 0.04 -4"><span class='ocrx_word' id='word_1_5' title='bbox 3660 420 3759 481; x_wconf 63' lang='grc'>1416</span> 
     </span>
    </p>
   </div>
   <div class='ocr_carea' id='block_1_4' title="bbox 540 515 3759 594">
    <p class='ocr_par' dir='ltr' id='par_1_4' title="bbox 540 515 3759 594">
     <span class='ocr_line' id='line_1_4' title="bbox 540 515 3759 594; baseline 0.006 -20"><span class='ocrx_word' id='word_1_6' title='bbox 540 519 895 589; x_wconf 80' lang='lat' dir='ltr'>fratremque</span> <span class='ocrx_word' id='word_1_7' title='bbox 928 532 1095 571; x_wconf 87' lang='lat' dir='ltr'>suum</span> <span class='ocrx_word' id='word_1_8' title='bbox 1126 515 1332 571; x_wconf 90' lang='lat' dir='ltr'>ducem</span> <span class='ocrx_word' id='word_1_9' title='bbox 1364 516 1692 572; x_wconf 80' lang='lat' dir='ltr'>Heinricum</span> <span class='ocrx_word' id='word_1_10' title='bbox 1712 518 2138 576; x_wconf 68' lang='lat' dir='ltr'>Ratishonmin-</span> <span class='ocrx_word' id='word_1_11' title='bbox 2157 530 2211 590; x_wconf 80' lang='grc' dir='ltr'>Α</span> <span class='ocrx_word' id='word_1_12' title='bbox 2241 524 2451 581; x_wconf 79' lang='lat' dir='ltr'>suimet</span> <span class='ocrx_word' id='word_1_13' title='bbox 2478 526 2825 582; x_wconf 86' lang='lat' dir='ltr'>Rochelenzi</span> <span class='ocrx_word' id='word_1_14' title='bbox 2848 526 3004 582; x_wconf 90' lang='lat' dir='ltr'>dicto</span> <span class='ocrx_word' id='word_1_15' title='bbox 3036 526 3243 583; x_wconf 90' lang='lat' dir='ltr'>arduas</span> <span class='ocrx_word' id='word_1_16' title='bbox 3272 530 3591 589; x_wconf 79' lang='lat' dir='ltr'>munitiones</span> <span class='ocrx_word' id='word_1_17' title='bbox 3615 538 3673 593; x_wconf 88' lang='lat' dir='ltr'>ad</span> <span class='ocrx_word' id='word_1_18' title='bbox 3692 556 3759 594; x_wconf 84' lang='lat' dir='ltr'>ca-</span> 
     </span>
    </p>
   </div>
   <div class='ocr_carea' id='block_1_5' title="bbox 540 603 2142 678">
    <p class='ocr_par' dir='ltr' id='par_1_5' title="bbox 540 603 2142 678">
     <span class='ocr_line' id='line_1_5' title="bbox 540 603 2142 678; baseline 0.001 -16"><span class='ocrx_word' id='word_1_19' title='bbox 540 606 897 662; x_wconf 88' lang='lat' dir='ltr'>thronizavit.</span> <span class='ocrx_word' id='word_1_20' title='bbox 922 605 1113 659; x_wconf 87' lang='lat' dir='ltr'>Mense</span> <span class='ocrx_word' id='word_1_21' title='bbox 1140 604 1309 659; x_wconf 82' lang='lat' dir='ltr'>Junio</span> <span class='ocrx_word' id='word_1_22' title='bbox 1338 603 1700 678; x_wconf 67' lang='lat' dir='ltr'>inaequalitas</span> <span class='ocrx_word' id='word_1_23' title='bbox 1725 607 1854 662; x_wconf 65' lang='lat' dir='ltr'>wris</span> <span class='ocrx_word' id='word_1_24' title='bbox 1883 609 2142 664; x_wconf 90' lang='lat' dir='ltr'>homini-</span> 
     </span>
    </p>
   </div>
   <div class='ocr_carea' id='block_1_6' title="bbox 538 692 2143 767">
    <p class='ocr_par' dir='ltr' id='par_1_6' title="bbox 538 692 2143 767">
     <span class='ocr_line' id='line_1_6' title="bbox 538 692 2143 767; baseline 0.004 -18"><span class='ocrx_word' id='word_1_25' title='bbox 538 696 643 749; x_wconf 88' lang='lat' dir='ltr'>bus</span> <span class='ocrx_word' id='word_1_26' title='bbox 667 692 864 748; x_wconf 89' lang='lat' dir='ltr'>multis</span> <span class='ocrx_word' id='word_1_27' title='bbox 906 710 1225 767; x_wconf 88' lang='lat' dir='ltr'>eorumque</span> <span class='ocrx_word' id='word_1_28' title='bbox 1284 694 1625 750; x_wconf 78' lang='lat' dir='ltr'>utilitatibus</span> <span class='ocrx_word' id='word_1_29' title='bbox 1662 695 1895 750; x_wconf 85' lang='lat' dir='ltr'>diversis</span> <span class='ocrx_word' id='word_1_30' title='bbox 1944 698 2143 755; x_wconf 90' lang='lat' dir='ltr'>admo-</span> 
     </span>
    </p>
   </div>
   <div class='ocr_carea' id='block_1_7' title="bbox 538 780 920 839">
    <p class='ocr_par' dir='ltr' id='par_1_7' title="bbox 538 780 920 839">
     <span class='ocr_line' id='line_1_7' title="bbox 538 780 920 839; baseline 0.008 -3"><span class='ocrx_word' id='word_1_31' title='bbox 538 782 677 836; x_wconf 88' lang='lat' dir='ltr'>dum</span> <span class='ocrx_word' id='word_1_32' title='bbox 705 780 920 839; x_wconf 86' lang='lat' dir='ltr'>nocuit.</span> 
     </span>
    </p>
   </div>
   <div class='ocr_carea' id='block_1_8' title="bbox 496 869 2139 946">
    <p class='ocr_par' dir='ltr' id='par_1_8' title="bbox 496 869 2139 946">
     <span class='ocr_line' id='line_1_8' title="bbox 496 869 2139 946; baseline 0.002 -21"><span class='ocrx_word' id='word_1_33' title='bbox 496 920 501 925; x_wconf 87' lang='lat'>.</span> <span class='ocrx_word' id='word_1_34' title='bbox 610 871 693 924; x_wconf 93' lang='grc'><strong>10.</strong></span> <span class='ocrx_word' id='word_1_35' title='bbox 730 869 944 923; x_wconf 91' lang='lat' dir='ltr'>Eadem</span> <span class='ocrx_word' id='word_1_36' title='bbox 1001 872 1343 943; x_wconf 80' lang='lat' dir='ltr'>tempestate</span> <span class='ocrx_word' id='word_1_37' title='bbox 1396 872 1651 926; x_wconf 70' lang='lat' dir='ltr'>aacclesia</span> <span class='ocrx_word' id='word_1_38' title='bbox 1694 872 1837 926; x_wconf 90' lang='lat' dir='ltr'>mihi</span> <span class='ocrx_word' id='word_1_39' title='bbox 1897 873 2139 946; x_wconf 90' lang='lat' dir='ltr'>indigno</span> 
     </span>
    </p>
   </div>
   <div class='ocr_carea' id='block_1_9' title="bbox 536 957 2134 1035">
    <p class='ocr_par' dir='ltr' id='par_1_9' title="bbox 536 957 2134 1035">
     <span class='ocr_line' id='line_1_9' title="bbox 536 957 2134 1035; baseline 0.004 -24"><span class='ocrx_word' id='word_1_40' title='bbox 536 957 847 1012; x_wconf 89' lang='lat' dir='ltr'>commissa</span> <span class='ocrx_word' id='word_1_41' title='bbox 878 965 971 1000; x_wconf 72' lang='lat'>1878</span> <span class='ocrx_word' id='word_1_42' title='bbox 998 959 1269 1025; x_wconf 91' lang='lat' dir='ltr'>multum,</span> <span class='ocrx_word' id='word_1_43' title='bbox 1295 975 1425 1013; x_wconf 91' lang='lat' dir='ltr'>mea</span> <span class='ocrx_word' id='word_1_44' title='bbox 1446 959 1506 1013; x_wconf 90' lang='lat' dir='ltr'>id</span> <span class='ocrx_word' id='word_1_45' title='bbox 1526 961 1792 1031; x_wconf 84' lang='lat' dir='ltr'>exigente</span> <span class='ocrx_word' id='word_1_46' title='bbox 1830 969 1923 1003; x_wconf 72' lang='lat'>1879</span> <span class='ocrx_word' id='word_1_47' title='bbox 1952 964 2134 1035; x_wconf 90' lang='lat' dir='ltr'>culpa,</span> 
     </span>
    </p>
   </div>
   <div class='ocr_carea' id='block_1_10' title="bbox 536 1045 2140 1120">
    <p class='ocr_par' dir='ltr' id='par_1_10' title="bbox 536 1045 2140 1120">
     <span class='ocr_line' id='line_1_10' title="bbox 536 1045 2140 1120; baseline 0.003 -20"><span class='ocrx_word' id='word_1_48' title='bbox 536 1046 803 1101; x_wconf 90' lang='lat' dir='ltr'>sustinuit</span> <span class='ocrx_word' id='word_1_49' title='bbox 825 1045 889 1115; x_wconf 86' lang='lat' dir='ltr'>(f.</span> <span class='ocrx_word' id='word_1_50' title='bbox 936 1047 1069 1112; x_wconf 75' lang='lat'>186’)</span> <span class='ocrx_word' id='word_1_51' title='bbox 1121 1047 1460 1117; x_wconf 89' lang='lat' dir='ltr'>dampnum.</span> <span class='ocrx_word' id='word_1_52' title='bbox 1506 1049 1767 1120; x_wconf 87' lang='lat' dir='ltr'>Namque</span> <span class='ocrx_word' id='word_1_53' title='bbox 1817 1050 2140 1106; x_wconf 84' lang='lat' dir='ltr'>misericors</span> 
     </span>
    </p>
   </div>
   <div class='ocr_carea' id='block_1_11' title="bbox 535 1135 2134 1210">
    <p class='ocr_par' dir='ltr' id='par_1_11' title="bbox 535 1135 2134 1210">
     <span class='ocr_line' id='line_1_11' title="bbox 535 1135 2134 1210; baseline 0.003 -21"><span class='ocrx_word' id='word_1_54' title='bbox 535 1139 594 1189; x_wconf 90' lang='lat' dir='ltr'>et</span> <span class='ocrx_word' id='word_1_55' title='bbox 616 1135 848 1206; x_wconf 89' lang='lat' dir='ltr'>paciens</span> <span class='ocrx_word' id='word_1_56' title='bbox 885 1137 1031 1190; x_wconf 90' lang='lat' dir='ltr'>Deus</span> <span class='ocrx_word' id='word_1_57' title='bbox 1060 1136 1246 1190; x_wconf 89' lang='lat' dir='ltr'>noluit</span> <span class='ocrx_word' id='word_1_58' title='bbox 1292 1136 1540 1207; x_wconf 85' lang='lat' dir='ltr'>amplius</span> <span class='ocrx_word' id='word_1_59' title='bbox 1587 1136 1837 1192; x_wconf 89' lang='lat' dir='ltr'>inultum</span> <span class='ocrx_word' id='word_1_60' title='bbox 1868 1138 2134 1210; x_wconf 83' lang='lat' dir='ltr'>relinqui,</span> 
     </span>
    </p>
   </div>
   <div class='ocr_carea' id='block_1_12' title="bbox 534 1225 2134 1298">
    <p class='ocr_par' dir='ltr' id='par_1_12' title="bbox 534 1225 2134 1298">
     <span class='ocr_line' id='line_1_12' title="bbox 534 1225 2134 1298; baseline 0.003 -20"><span class='ocrx_word' id='word_1_61' title='bbox 534 1225 688 1296; x_wconf 92' lang='lat' dir='ltr'>quod</span> <span class='ocrx_word' id='word_1_62' title='bbox 711 1225 914 1280; x_wconf 90' lang='lat' dir='ltr'>crebra</span> <span class='ocrx_word' id='word_1_63' title='bbox 953 1226 1036 1279; x_wconf 92' lang='lat' dir='ltr'>sui</span> <span class='ocrx_word' id='word_1_64' title='bbox 1085 1225 1466 1296; x_wconf 88' lang='lat' dir='ltr'>castigacione</span> <span class='ocrx_word' id='word_1_65' title='bbox 1510 1225 1769 1297; x_wconf 90' lang='lat' dir='ltr'>nequivit</span> <span class='ocrx_word' id='word_1_66' title='bbox 1819 1227 2134 1298; x_wconf 86' lang='lat' dir='ltr'>prohiberi,</span> 
     </span>
    </p>
   </div>
   <div class='ocr_carea' id='block_1_13' title="bbox 532 1312 2134 1383">
    <p class='ocr_par' dir='ltr' id='par_1_13' title="bbox 532 1312 2134 1383">
     <span class='ocr_line' id='line_1_13' title="bbox 532 1312 2134 1383; baseline 0.001 -15"><span class='ocrx_word' id='word_1_67' title='bbox 532 1312 869 1383; x_wconf 89' lang='lat' dir='ltr'>percuciens</span> <span class='ocrx_word' id='word_1_68' title='bbox 899 1329 1029 1368; x_wconf 90' lang='lat' dir='ltr'>eam</span> <span class='ocrx_word' id='word_1_69' title='bbox 1061 1313 1122 1368; x_wconf 92' lang='lat' dir='ltr'>in</span> <span class='ocrx_word' id='word_1_70' title='bbox 1153 1313 1596 1368; x_wconf 85' lang='lat' dir='ltr'>mansuetudine</span> <span class='ocrx_word' id='word_1_71' title='bbox 1622 1317 1679 1368; x_wconf 92' lang='lat' dir='ltr'>et</span> <span class='ocrx_word' id='word_1_72' title='bbox 1704 1331 1820 1369; x_wconf 91' lang='lat' dir='ltr'>non</span> <span class='ocrx_word' id='word_1_73' title='bbox 1844 1315 1904 1369; x_wconf 91' lang='lat' dir='ltr'>in</span> <span class='ocrx_word' id='word_1_74' title='bbox 1924 1315 2134 1369; x_wconf 88' lang='lat' dir='ltr'>furoris</span> 
     </span>
    </p>
   </div>
   <div class='ocr_carea' id='block_1_14' title="bbox 533 1401 2136 1472">
    <p class='ocr_par' dir='ltr' id='par_1_14' title="bbox 533 1401 2136 1472">
     <span class='ocr_line' id='line_1_14' title="bbox 533 1401 2136 1472; baseline 0.002 -17"><span class='ocrx_word' id='word_1_75' title='bbox 533 1402 617 1455; x_wconf 87' lang='lat' dir='ltr'>sui</span> <span class='ocrx_word' id='word_1_76' title='bbox 669 1401 846 1472; x_wconf 85' lang='lat' dir='ltr'>digna</span> <span class='ocrx_word' id='word_1_77' title='bbox 894 1401 1274 1456; x_wconf 86' lang='lat' dir='ltr'>retributione</span> <span class='ocrx_word' id='word_1_78' title='bbox 1304 1418 1317 1455; x_wconf 90' lang='lat'><strong>:</strong></span> <span class='ocrx_word' id='word_1_79' title='bbox 1347 1401 1640 1456; x_wconf 89' lang='lat' dir='ltr'>ministros</span> <span class='ocrx_word' id='word_1_80' title='bbox 1682 1403 1849 1456; x_wconf 90' lang='lat' dir='ltr'>utiles</span> <span class='ocrx_word' id='word_1_81' title='bbox 1878 1403 1982 1457; x_wconf 87' lang='lat' dir='ltr'>sibi</span> <span class='ocrx_word' id='word_1_82' title='bbox 2014 1404 2136 1458; x_wconf 62' lang='lat' dir='ltr'>haec</span> 
     </span>
    </p>
   </div>
   <div class='ocr_carea' id='block_1_15' title="bbox 533 1490 2132 1562">
    <p class='ocr_par' dir='ltr' id='par_1_15' title="bbox 533 1490 2132 1562">
     <span class='ocr_line' id='line_1_15' title="bbox 533 1490 2132 1562; baseline 0.001 -17"><span class='ocrx_word' id='word_1_83' title='bbox 533 1490 805 1562; x_wconf 87' lang='lat' dir='ltr'>perdidit,</span> <span class='ocrx_word' id='word_1_84' title='bbox 833 1493 892 1545; x_wconf 92' lang='lat' dir='ltr'>et</span> <span class='ocrx_word' id='word_1_85' title='bbox 917 1490 1139 1544; x_wconf 83' lang='lat' dir='ltr'>facinus</span> <span class='ocrx_word' id='word_1_86' title='bbox 1181 1506 1381 1544; x_wconf 90' lang='lat' dir='ltr'>meum</span> <span class='ocrx_word' id='word_1_87' title='bbox 1419 1490 1627 1545; x_wconf 90' lang='lat' dir='ltr'>cotidie</span> <span class='ocrx_word' id='word_1_88' title='bbox 1672 1490 2019 1561; x_wconf 90' lang='lat' dir='ltr'>ingemiscit.</span> <span class='ocrx_word' id='word_1_89' title='bbox 2069 1494 2132 1547; x_wconf 91' lang='lat' dir='ltr'>In</span> 
     </span>
    </p>
   </div>
   <div class='ocr_carea' id='block_1_16' title="bbox 534 1578 2134 1649">
    <p class='ocr_par' dir='ltr' id='par_1_16' title="bbox 534 1578 2134 1649">
     <span class='ocr_line' id='line_1_16' title="bbox 534 1578 2134 1649; baseline 0.001 -18"><span class='ocrx_word' id='word_1_90' title='bbox 534 1578 791 1649; x_wconf 90' lang='lat' dir='ltr'>predicto</span> <span class='ocrx_word' id='word_1_91' title='bbox 820 1581 878 1632; x_wconf 92' lang='lat' dir='ltr'>et</span> <span class='ocrx_word' id='word_1_92' title='bbox 920 1578 1080 1633; x_wconf 88' lang='lat' dir='ltr'>enim</span> <span class='ocrx_word' id='word_1_93' title='bbox 1113 1595 1313 1634; x_wconf 91' lang='lat' dir='ltr'>mense</span> <span class='ocrx_word' id='word_1_94' title='bbox 1339 1579 1581 1634; x_wconf 89' lang='lat' dir='ltr'>dedecus</span> <span class='ocrx_word' id='word_1_95' title='bbox 1610 1595 1893 1649; x_wconf 89' lang='lat' dir='ltr'>magnum</span> <span class='ocrx_word' id='word_1_96' title='bbox 1941 1580 2134 1634; x_wconf 90' lang='lat' dir='ltr'>eidem</span> 
     </span>
    </p>
   </div>
   <div class='ocr_carea' id='block_1_17' title="bbox 532 1666 2133 1736">
    <p class='ocr_par' dir='ltr' id='par_1_17' title="bbox 532 1666 2133 1736">
     <span class='ocr_line' id='line_1_17' title="bbox 532 1666 2133 1736; baseline -0.001 -16"><span class='ocrx_word' id='word_1_97' title='bbox 532 1682 598 1720; x_wconf 87' lang='lat' dir='ltr'>ac</span> <span class='ocrx_word' id='word_1_98' title='bbox 617 1666 876 1721; x_wconf 73' lang='lat' dir='ltr'>mibi1880</span> <span class='ocrx_word' id='word_1_99' title='bbox 905 1666 1149 1721; x_wconf 90' lang='lat' dir='ltr'>inlatum</span> <span class='ocrx_word' id='word_1_100' title='bbox 1173 1670 1259 1721; x_wconf 89' lang='lat' dir='ltr'>est</span> <span class='ocrx_word' id='word_1_101' title='bbox 1282 1668 1354 1721; x_wconf 87' lang='lat' dir='ltr'>ab</span> <span class='ocrx_word' id='word_1_102' title='bbox 1386 1666 1576 1721; x_wconf 89' lang='lat' dir='ltr'>ibrida</span> <span class='ocrx_word' id='word_1_103' title='bbox 1611 1666 1967 1721; x_wconf 70' lang='lat' dir='ltr'>IEthelberto</span> <span class='ocrx_word' id='word_1_104' title='bbox 2017 1675 2133 1736; x_wconf 69' lang='lat' dir='ltr'>im,</span> 
     </span>
    </p>
   </div>
   <div class='ocr_carea' id='block_1_18' title="bbox 533 1754 2136 1826">
    <p class='ocr_par' dir='ltr' id='par_1_18' title="bbox 533 1754 2136 1826">
     <span class='ocr_line' id='line_1_18' title="bbox 533 1754 2136 1826; baseline 0.002 -21"><span class='ocrx_word' id='word_1_105' title='bbox 533 1754 631 1823; x_wconf 84' lang='lat' dir='ltr'>qui</span> <span class='ocrx_word' id='word_1_106' title='bbox 662 1757 879 1808; x_wconf 90' lang='lat' dir='ltr'>curtem</span> <span class='ocrx_word' id='word_1_107' title='bbox 911 1771 1105 1808; x_wconf 87' lang='lat' dir='ltr'>meam</span> <span class='ocrx_word' id='word_1_108' title='bbox 1145 1755 1413 1809; x_wconf 84' lang='lat' dir='ltr'>invadere</span> <span class='ocrx_word' id='word_1_109' title='bbox 1443 1770 1688 1825; x_wconf 82' lang='lat' dir='ltr'>eamque</span> <span class='ocrx_word' id='word_1_110' title='bbox 1716 1756 1986 1826; x_wconf 82' lang='lat' dir='ltr'>frangere</span> <span class='ocrx_word' id='word_1_111' title='bbox 2024 1772 2136 1809; x_wconf 89' lang='lat' dir='ltr'>ser-</span> 
     </span>
    </p>
   </div>
   <div class='ocr_carea' id='block_1_19' title="bbox 530 1842 2135 1915">
    <p class='ocr_par' dir='ltr' id='par_1_19' title="bbox 530 1842 2135 1915">
     <span class='ocr_line' id='line_1_19' title="bbox 530 1842 2135 1915; baseline 0.002 -20"><span class='ocrx_word' id='word_1_112' title='bbox 530 1842 627 1896; x_wconf 91' lang='lat' dir='ltr'>vili</span> <span class='ocrx_word' id='word_1_113' title='bbox 649 1850 741 1885; x_wconf 71' lang='grc'>188³</span> <span class='ocrx_word' id='word_1_114' title='bbox 766 1843 1103 1898; x_wconf 89' lang='lat' dir='ltr'>collectione</span> <span class='ocrx_word' id='word_1_115' title='bbox 1135 1842 1502 1915; x_wconf 88' lang='lat' dir='ltr'>presumpsit.</span> <span class='ocrx_word' id='word_1_116' title='bbox 1537 1843 1700 1906; x_wconf 87' lang='lat' dir='ltr'>Quod</span> <span class='ocrx_word' id='word_1_117' title='bbox 1734 1859 1869 1898; x_wconf 90' lang='lat' dir='ltr'>vero</span> <span class='ocrx_word' id='word_1_118' title='bbox 1908 1844 2011 1898; x_wconf 84' lang='lat' dir='ltr'>hos</span> <span class='ocrx_word' id='word_1_119' title='bbox 2041 1851 2135 1886; x_wconf 69' lang='lat'>1888</span> 
     </span>
    </p>
   </div>
   <div class='ocr_carea' id='block_1_20' title="bbox 531 1931 2132 2001">
    <p class='ocr_par' dir='ltr' id='par_1_20' title="bbox 531 1931 2132 2001">
     <span class='ocr_line' id='line_1_20' title="bbox 531 1931 2132 2001; baseline 0.001 -16"><span class='ocrx_word' id='word_1_120' title='bbox 531 1932 602 1985; x_wconf 90' lang='lat' dir='ltr'>ad</span> <span class='ocrx_word' id='word_1_121' title='bbox 632 1933 755 1987; x_wconf 66' lang='lat' dir='ltr'>haec</span> <span class='ocrx_word' id='word_1_122' title='bbox 786 1933 1012 2001; x_wconf 89' lang='lat' dir='ltr'>agenda</span> <span class='ocrx_word' id='word_1_123' title='bbox 1038 1931 1790 1994; x_wconf 81' lang='lat' dir='ltr'>inﬂammaverit,veraciter</span> <span class='ocrx_word' id='word_1_124' title='bbox 1815 1931 2132 2001; x_wconf 85' lang='lat' dir='ltr'>explicabo.</span> 
     </span>
    </p>
   </div>
   <div class='ocr_carea' id='block_1_21' title="bbox 532 2020 2136 2091">
    <p class='ocr_par' dir='ltr' id='par_1_21' title="bbox 532 2020 2136 2091">
     <span class='ocr_line' id='line_1_21' title="bbox 532 2020 2136 2091; baseline 0 -18"><span class='ocrx_word' id='word_1_125' title='bbox 532 2020 780 2074; x_wconf 89' lang='lat' dir='ltr'>Secundi</span> <span class='ocrx_word' id='word_1_126' title='bbox 812 2020 1035 2074; x_wconf 85' lang='lat' dir='ltr'>Ottonis</span> <span class='ocrx_word' id='word_1_127' title='bbox 1062 2021 1228 2091; x_wconf 90' lang='lat' dir='ltr'>larga</span> <span class='ocrx_word' id='word_1_128' title='bbox 1256 2020 1607 2091; x_wconf 86' lang='lat' dir='ltr'>benignitas,</span> <span class='ocrx_word' id='word_1_129' title='bbox 1633 2020 1852 2073; x_wconf 90' lang='lat' dir='ltr'>cunctis</span> <span class='ocrx_word' id='word_1_130' title='bbox 1884 2020 2136 2090; x_wconf 91' lang='lat' dir='ltr'>pleniter</span> 
     </span>
    </p>
   </div>
   <div class='ocr_carea' id='block_1_22' title="bbox 527 2108 2134 2180">
    <p class='ocr_par' dir='ltr' id='par_1_22' title="bbox 527 2108 2134 2180">
     <span class='ocr_line' id='line_1_22' title="bbox 527 2108 2134 2180; baseline 0 -18"><span class='ocrx_word' id='word_1_131' title='bbox 527 2108 812 2176; x_wconf 89' lang='lat' dir='ltr'>arridens,</span> <span class='ocrx_word' id='word_1_132' title='bbox 844 2108 1134 2180; x_wconf 87' lang='lat' dir='ltr'>quendam</span> <span class='ocrx_word' id='word_1_133' title='bbox 1157 2109 1456 2174; x_wconf 83' lang='lat' dir='ltr'>forestum,</span> <span class='ocrx_word' id='word_1_134' title='bbox 1490 2108 1642 2162; x_wconf 88' lang='lat' dir='ltr'>inter</span> <span class='ocrx_word' id='word_1_135' title='bbox 1685 2108 1875 2162; x_wconf 91' lang='lat' dir='ltr'>Salam</span> <span class='ocrx_word' id='word_1_136' title='bbox 1919 2112 1979 2162; x_wconf 90' lang='lat' dir='ltr'>et</span> <span class='ocrx_word' id='word_1_137' title='bbox 2016 2108 2134 2162; x_wconf 80' lang='lat' dir='ltr'>Mil-</span> 
     </span>
    </p>
   </div>
   <div class='ocr_carea' id='block_1_23' title="bbox 529 2196 2134 2269">
    <p class='ocr_par' dir='ltr' id='par_1_23' title="bbox 529 2196 2134 2269">
     <span class='ocr_line' id='line_1_23' title="bbox 529 2196 2134 2269; baseline 0 -18"><span class='ocrx_word' id='word_1_138' title='bbox 529 2196 665 2252; x_wconf 89' lang='lat' dir='ltr'>dam</span> <span class='ocrx_word' id='word_1_139' title='bbox 694 2196 895 2251; x_wconf 86' lang='lat' dir='ltr'>ﬂuvios</span> <span class='ocrx_word' id='word_1_140' title='bbox 918 2200 975 2251; x_wconf 90' lang='lat' dir='ltr'>et</span> <span class='ocrx_word' id='word_1_141' title='bbox 1005 2197 1196 2251; x_wconf 89' lang='lat' dir='ltr'>Siusili</span> <span class='ocrx_word' id='word_1_142' title='bbox 1222 2213 1289 2251; x_wconf 92' lang='lat' dir='ltr'>ac</span> <span class='ocrx_word' id='word_1_143' title='bbox 1311 2197 1677 2269; x_wconf 87' lang='lat' dir='ltr'>Plisnipagos</span> <span class='ocrx_word' id='word_1_144' title='bbox 1691 2197 2009 2267; x_wconf 90' lang='lat' dir='ltr'>jacentem,</span> <span class='ocrx_word' id='word_1_145' title='bbox 2031 2213 2134 2251; x_wconf 92' lang='lat' dir='ltr'>no-</span> 
     </span>
    </p>
   </div>
   <div class='ocr_carea' id='block_1_24' title="bbox 528 2285 2135 2356">
    <p class='ocr_par' dir='ltr' id='par_1_24' title="bbox 528 2285 2135 2356">
     <span class='ocr_line' id='line_1_24' title="bbox 528 2285 2135 2356; baseline 0 -17"><span class='ocrx_word' id='word_1_146' title='bbox 528 2288 661 2340; x_wconf 68' lang='lat' dir='ltr'>stra:</span> <span class='ocrx_word' id='word_1_147' title='bbox 688 2285 969 2341; x_wconf 91' lang='lat' dir='ltr'>concessit</span> <span class='ocrx_word' id='word_1_148' title='bbox 996 2285 1656 2356; x_wconf 65' lang='lat' dir='ltr'>mcclesim,temporibus</span> <span class='ocrx_word' id='word_1_149' title='bbox 1673 2285 1891 2340; x_wconf 89' lang='lat' dir='ltr'>Gisileri</span> <span class='ocrx_word' id='word_1_150' title='bbox 1909 2285 2135 2339; x_wconf 89' lang='lat' dir='ltr'>antisti-</span> 
     </span>
    </p>
   </div>
   <div class='ocr_carea' id='block_1_25' title="bbox 527 2372 2134 2445">
    <p class='ocr_par' dir='ltr' id='par_1_25' title="bbox 527 2372 2134 2445">
     <span class='ocr_line' id='line_1_25' title="bbox 527 2372 2134 2445; baseline 0.001 -18"><span class='ocrx_word' id='word_1_151' title='bbox 527 2373 602 2428; x_wconf 88' lang='lat' dir='ltr'>tis</span> <span class='ocrx_word' id='word_1_152' title='bbox 624 2378 681 2427; x_wconf 90' lang='lat' dir='ltr'>et</span> <span class='ocrx_word' id='word_1_153' title='bbox 697 2374 954 2428; x_wconf 87' lang='lat' dir='ltr'>Gunterii</span> <span class='ocrx_word' id='word_1_154' title='bbox 980 2382 1072 2415; x_wconf 63' lang='grc'>1884</span> <span class='ocrx_word' id='word_1_155' title='bbox 1092 2372 1446 2427; x_wconf 88' lang='lat' dir='ltr'>marchionis</span> <span class='ocrx_word' id='word_1_156' title='bbox 1463 2375 1636 2445; x_wconf 88' lang='grc'>(977).</span> <span class='ocrx_word' id='word_1_157' title='bbox 1666 2375 1799 2428; x_wconf 84' lang='lat' dir='ltr'>Post</span> <span class='ocrx_word' id='word_1_158' title='bbox 1827 2374 2134 2444; x_wconf 81' lang='lat' dir='ltr'>lugubrem</span> 
     </span>
    </p>
   </div>
   <div class='ocr_carea' id='block_1_26' title="bbox 528 2460 2136 2531">
    <p class='ocr_par' dir='ltr' id='par_1_26' title="bbox 528 2460 2136 2531">
     <span class='ocr_line' id='line_1_26' title="bbox 528 2460 2136 2531; baseline 0.001 -17"><span class='ocrx_word' id='word_1_159' title='bbox 528 2478 663 2515; x_wconf 85' lang='lat' dir='ltr'>vero</span> <span class='ocrx_word' id='word_1_160' title='bbox 691 2466 904 2515; x_wconf 66' lang='lat' dir='ltr'>nostra:</span> <span class='ocrx_word' id='word_1_161' title='bbox 930 2462 1077 2515; x_wconf 91' lang='lat' dir='ltr'>sedis</span> <span class='ocrx_word' id='word_1_162' title='bbox 1125 2460 1607 2528; x_wconf 89' lang='lat' dir='ltr'>destruccionem,</span> <span class='ocrx_word' id='word_1_163' title='bbox 1667 2466 1948 2531; x_wconf 85' lang='lat' dir='ltr'>regnante</span> <span class='ocrx_word' id='word_1_164' title='bbox 1999 2466 2136 2516; x_wconf 91' lang='lat' dir='ltr'>tunc</span> 
     </span>
    </p>
   </div>
   <div class='ocr_carea' id='block_1_27' title="bbox 531 2548 2134 2619">
    <p class='ocr_par' dir='ltr' id='par_1_27' title="bbox 531 2548 2134 2619">
     <span class='ocr_line' id='line_1_27' title="bbox 531 2548 2134 2619; baseline 0.001 -16"><span class='ocrx_word' id='word_1_165' title='bbox 531 2548 710 2603; x_wconf 89' lang='lat' dir='ltr'>tercio</span> <span class='ocrx_word' id='word_1_166' title='bbox 751 2549 982 2619; x_wconf 88' lang='lat' dir='ltr'>Ottone,</span> <span class='ocrx_word' id='word_1_167' title='bbox 1026 2548 1387 2603; x_wconf 84' lang='lat' dir='ltr'>Ekkihardus</span> <span class='ocrx_word' id='word_1_168' title='bbox 1427 2548 1685 2603; x_wconf 88' lang='lat' dir='ltr'>marcbio</span> <span class='ocrx_word' id='word_1_169' title='bbox 1730 2550 2008 2603; x_wconf 87' lang='lat' dir='ltr'>forestum</span> <span class='ocrx_word' id='word_1_170' title='bbox 2061 2550 2134 2604; x_wconf 93' lang='lat' dir='ltr'>ad</span> 
     </span>
    </p>
   </div>
   <div class='ocr_carea' id='block_1_28' title="bbox 527 2635 2133 2708">
    <p class='ocr_par' dir='ltr' id='par_1_28' title="bbox 527 2635 2133 2708">
     <span class='ocr_line' id='line_1_28' title="bbox 527 2635 2133 2708; baseline 0.001 -17"><span class='ocrx_word' id='word_1_171' title='bbox 527 2636 721 2691; x_wconf 89' lang='lat' dir='ltr'>locum</span> <span class='ocrx_word' id='word_1_172' title='bbox 742 2635 1074 2707; x_wconf 91' lang='lat' dir='ltr'>Sumeringi</span> <span class='ocrx_word' id='word_1_173' title='bbox 1093 2636 1307 2690; x_wconf 89' lang='lat' dir='ltr'>dictum</span> <span class='ocrx_word' id='word_1_174' title='bbox 1332 2636 1645 2708; x_wconf 87' lang='lat' dir='ltr'>acquisivit,</span> <span class='ocrx_word' id='word_1_175' title='bbox 1672 2640 1730 2690; x_wconf 92' lang='lat' dir='ltr'>et</span> <span class='ocrx_word' id='word_1_176' title='bbox 1758 2654 1889 2691; x_wconf 91' lang='lat' dir='ltr'>cum</span> <span class='ocrx_word' id='word_1_177' title='bbox 1928 2638 2133 2693; x_wconf 81' lang='lat' dir='ltr'>eodem</span> 
     </span>
    </p>
   </div>
   <div class='ocr_carea' id='block_1_29' title="bbox 531 2725 2135 2781">
    <p class='ocr_par' dir='ltr' id='par_1_29' title="bbox 531 2725 2135 2781">
     <span class='ocr_line' id='line_1_29' title="bbox 531 2725 2135 2781; baseline 0.001 -1"><span class='ocrx_word' id='word_1_178' title='bbox 531 2728 794 2780; x_wconf 88' lang='lat' dir='ltr'>nostrum</span> <span class='ocrx_word' id='word_1_179' title='bbox 809 2725 1539 2780; x_wconf 84' lang='lat' dir='ltr'>commutavit.Benovator</span> <span class='ocrx_word' id='word_1_180' title='bbox 1556 2727 1749 2779; x_wconf 89' lang='lat' dir='ltr'>autem</span> <span class='ocrx_word' id='word_1_181' title='bbox 1773 2728 1983 2779; x_wconf 60' lang='lat' dir='ltr'>nostra;</span> <span class='ocrx_word' id='word_1_182' title='bbox 1996 2728 2135 2781; x_wconf 90' lang='lat' dir='ltr'>tunc</span> 
     </span>
    </p>
   </div>
   <div class='ocr_carea' id='block_1_30' title="bbox 526 2813 2136 2885">
    <p class='ocr_par' dir='ltr' id='par_1_30' title="bbox 526 2813 2136 2885">
     <span class='ocr_line' id='line_1_30' title="bbox 526 2813 2136 2885; baseline 0 -18"><span class='ocrx_word' id='word_1_183' title='bbox 526 2813 946 2884; x_wconf 83' lang='lat' dir='ltr'>dignitatis,rex</span> <span class='ocrx_word' id='word_1_184' title='bbox 968 2813 1422 2880; x_wconf 88' lang='lat' dir='ltr'>Heinricus,cum</span> <span class='ocrx_word' id='word_1_185' title='bbox 1444 2813 1699 2867; x_wconf 82' lang='lat' dir='ltr'>maxima</span> <span class='ocrx_word' id='word_1_186' title='bbox 1714 2817 1874 2885; x_wconf 90' lang='lat' dir='ltr'>parte</span> <span class='ocrx_word' id='word_1_187' title='bbox 1890 2814 2136 2885; x_wconf 91' lang='lat' dir='ltr'>apperti-</span> 
     </span>
    </p>
   </div>
   <div class='ocr_carea' id='block_1_31' title="bbox 531 2900 2133 2973">
    <p class='ocr_par' dir='ltr' id='par_1_31' title="bbox 531 2900 2133 2973">
     <span class='ocr_line' id='line_1_31' title="bbox 531 2900 2133 2973; baseline -0.001 -17"><span class='ocrx_word' id='word_1_188' title='bbox 531 2901 815 2968; x_wconf 92' lang='lat' dir='ltr'>nentium,</span> <span class='ocrx_word' id='word_1_189' title='bbox 852 2901 1216 2973; x_wconf 90' lang='lat' dir='ltr'>presentibus</span> <span class='ocrx_word' id='word_1_190' title='bbox 1252 2900 1470 2955; x_wconf 91' lang='lat' dir='ltr'>cunctis</span> <span class='ocrx_word' id='word_1_191' title='bbox 1503 2901 1880 2972; x_wconf 89' lang='lat' dir='ltr'>optimatibus</span> <span class='ocrx_word' id='word_1_192' title='bbox 1908 2902 2043 2968; x_wconf 90' lang='lat' dir='ltr'>suis,</span> <span class='ocrx_word' id='word_1_193' title='bbox 2076 2904 2133 2955; x_wconf 89' lang='lat' dir='ltr'>et</span> 
     </span>
    </p>
   </div>
   <div class='ocr_carea' id='block_1_32' title="bbox 531 2989 2131 3044">
    <p class='ocr_par' dir='ltr' id='par_1_32' title="bbox 531 2989 2131 3044">
     <span class='ocr_line' id='line_1_32' title="bbox 531 2989 2131 3044; baseline 0 0"><span class='ocrx_word' id='word_1_194' title='bbox 531 2990 917 3044; x_wconf 88' lang='lat' dir='ltr'>confratribus</span> <span class='ocrx_word' id='word_1_195' title='bbox 930 2990 1040 3044; x_wconf 89' lang='lat' dir='ltr'>hiis</span> <span class='ocrx_word' id='word_1_196' title='bbox 1058 2998 1150 3032; x_wconf 75' lang='grc'>18⁸³</span> <span class='ocrx_word' id='word_1_197' title='bbox 1170 2990 1526 3044; x_wconf 86' lang='lat' dir='ltr'>Herimanno</span> <span class='ocrx_word' id='word_1_198' title='bbox 1545 2994 1603 3043; x_wconf 90' lang='lat' dir='ltr'>et</span> <span class='ocrx_word' id='word_1_199' title='bbox 1624 2989 1950 3044; x_wconf 87' lang='lat' dir='ltr'>Ekkihardo</span> <span class='ocrx_word' id='word_1_200' title='bbox 1965 2989 2023 3043; x_wconf 92' lang='lat' dir='ltr'>id</span> <span class='ocrx_word' id='word_1_201' title='bbox 2035 2990 2131 3044; x_wconf 92' lang='lat' dir='ltr'>de-</span> 
     </span>
    </p>
   </div>
   <div class='ocr_carea' id='block_1_33' title="bbox 531 3077 2131 3149">
    <p class='ocr_par' dir='ltr' id='par_1_33' title="bbox 531 3077 2131 3149">
     <span class='ocr_line' id='line_1_33' title="bbox 531 3077 2131 3149; baseline -0.001 -16"><span class='ocrx_word' id='word_1_202' title='bbox 531 3078 771 3134; x_wconf 89' lang='lat' dir='ltr'>fendere</span> <span class='ocrx_word' id='word_1_203' title='bbox 801 3095 921 3133; x_wconf 89' lang='lat' dir='ltr'>non</span> <span class='ocrx_word' id='word_1_204' title='bbox 952 3078 1293 3145; x_wconf 89' lang='lat' dir='ltr'>valentibus,</span> <span class='ocrx_word' id='word_1_205' title='bbox 1317 3078 1623 3149; x_wconf 89' lang='lat' dir='ltr'>judiciaria</span> <span class='ocrx_word' id='word_1_206' title='bbox 1646 3080 1771 3149; x_wconf 88' lang='lat' dir='ltr'>lege</span> <span class='ocrx_word' id='word_1_207' title='bbox 1787 3078 1943 3132; x_wconf 92' lang='lat' dir='ltr'>hunc</span> <span class='ocrx_word' id='word_1_208' title='bbox 1966 3077 2131 3131; x_wconf 89' lang='lat' dir='ltr'>resti-</span> 
     </span>
    </p>
   </div>
   <div class='ocr_carea' id='block_1_34' title="bbox 527 3165 2200 3248">
    <p class='ocr_par' dir='ltr' id='par_1_34' title="bbox 527 3165 2200 3248">
     <span class='ocr_line' id='line_1_34' title="bbox 527 3165 2200 3248; baseline -0.001 -28"><span class='ocrx_word' id='word_1_209' title='bbox 527 3165 657 3223; x_wconf 90' lang='lat' dir='ltr'>tuit.</span> <span class='ocrx_word' id='word_1_210' title='bbox 677 3166 935 3238; x_wconf 88' lang='lat' dir='ltr'>Cumque</span> <span class='ocrx_word' id='word_1_211' title='bbox 963 3166 1054 3219; x_wconf 88' lang='lat' dir='ltr'>hic</span> <span class='ocrx_word' id='word_1_212' title='bbox 1085 3167 1144 3220; x_wconf 92' lang='lat' dir='ltr'>in</span> <span class='ocrx_word' id='word_1_213' title='bbox 1185 3169 1394 3220; x_wconf 76' lang='lat' dir='ltr'>nostrae</span> <span class='ocrx_word' id='word_1_214' title='bbox 1426 3165 1684 3220; x_wconf 90' lang='lat' dir='ltr'>dominio</span> <span class='ocrx_word' id='word_1_215' title='bbox 1710 3166 1977 3220; x_wconf 69' lang='lat' dir='ltr'>aecclesiaa</span> <span class='ocrx_word' id='word_1_216' title='bbox 2008 3166 2133 3236; x_wconf 90' lang='lat' dir='ltr'>plus</span> <span class='ocrx_word' id='word_1_217' title='bbox 2152 3186 2200 3248; x_wconf 69' lang='grc' dir='ltr'>α</span> 
     </span>
    </p>
   </div>
   <div class='ocr_carea' id='block_1_35' title="bbox 526 3253 2133 3327">
    <p class='ocr_par' dir='ltr' id='par_1_35' title="bbox 526 3253 2133 3327">
     <span class='ocr_line' id='line_1_35' title="bbox 526 3253 2133 3327; baseline -0.001 -18"><span class='ocrx_word' id='word_1_218' title='bbox 526 3270 702 3327; x_wconf 90' lang='lat' dir='ltr'>quam</span> <span class='ocrx_word' id='word_1_219' title='bbox 734 3254 1039 3310; x_wconf 89' lang='lat' dir='ltr'>duodecim</span> <span class='ocrx_word' id='word_1_220' title='bbox 1062 3255 1325 3320; x_wconf 86' lang='lat' dir='ltr'>annos(f.</span> <span class='ocrx_word' id='word_1_221' title='bbox 1355 3258 1476 3322; x_wconf 87' lang='grc'>187)</span> <span class='ocrx_word' id='word_1_222' title='bbox 1494 3257 1694 3320; x_wconf 88' lang='lat' dir='ltr'>staret,</span> <span class='ocrx_word' id='word_1_223' title='bbox 1733 3258 1791 3307; x_wconf 89' lang='lat' dir='ltr'>et</span> <span class='ocrx_word' id='word_1_224' title='bbox 1815 3254 1967 3308; x_wconf 88' lang='lat' dir='ltr'>hunc</span> <span class='ocrx_word' id='word_1_225' title='bbox 1991 3253 2133 3307; x_wconf 78' lang='lat' dir='ltr'>[liri-</span> 
     </span>
    </p>
   </div>
   <div class='ocr_carea' id='block_1_36' title="bbox 529 3341 2129 3414">
    <p class='ocr_par' dir='ltr' id='par_1_36' title="bbox 529 3341 2129 3414">
     <span class='ocr_line' id='line_1_36' title="bbox 529 3341 2129 3414; baseline -0.001 -17"><span class='ocrx_word' id='word_1_226' title='bbox 529 3359 779 3397; x_wconf 88' lang='lat' dir='ltr'>mannus</span> <span class='ocrx_word' id='word_1_227' title='bbox 797 3358 995 3396; x_wconf 89' lang='lat' dir='ltr'>comes</span> <span class='ocrx_word' id='word_1_228' title='bbox 1007 3346 1074 3397; x_wconf 88' lang='lat'>60</span> <span class='ocrx_word' id='word_1_229' title='bbox 1094 3341 1312 3396; x_wconf 89' lang='lat' dir='ltr'>mansis</span> <span class='ocrx_word' id='word_1_230' title='bbox 1323 3342 1611 3395; x_wconf 91' lang='lat' dir='ltr'>redimere</span> <span class='ocrx_word' id='word_1_231' title='bbox 1627 3358 1692 3395; x_wconf 83' lang='lat' dir='ltr'>ex</span> <span class='ocrx_word' id='word_1_232' title='bbox 1711 3358 1840 3395; x_wconf 92' lang='lat' dir='ltr'>mea</span> <span class='ocrx_word' id='word_1_233' title='bbox 1851 3344 2129 3414; x_wconf 89' lang='lat' dir='ltr'>potestate</span> 
     </span>
    </p>
   </div>
   <div class='ocr_carea' id='block_1_37' title="bbox 527 3429 2133 3497">
    <p class='ocr_par' dir='ltr' id='par_1_37' title="bbox 527 3429 2133 3497">
     <span class='ocr_line' id='line_1_37' title="bbox 527 3429 2133 3497; baseline -0.001 -13"><span class='ocrx_word' id='word_1_234' title='bbox 527 3432 856 3484; x_wconf 88' lang='lat' dir='ltr'>nullatenus</span> <span class='ocrx_word' id='word_1_235' title='bbox 886 3429 1169 3497; x_wconf 89' lang='lat' dir='ltr'>valuisset,</span> <span class='ocrx_word' id='word_1_236' title='bbox 1204 3430 1384 3483; x_wconf 91' lang='lat' dir='ltr'>visum</span> <span class='ocrx_word' id='word_1_237' title='bbox 1416 3431 1501 3482; x_wconf 92' lang='lat' dir='ltr'>est</span> <span class='ocrx_word' id='word_1_238' title='bbox 1530 3429 1582 3482; x_wconf 92' lang='lat' dir='ltr'>ei</span> <span class='ocrx_word' id='word_1_239' title='bbox 1616 3431 1674 3481; x_wconf 90' lang='lat' dir='ltr'>ut</span> <span class='ocrx_word' id='word_1_240' title='bbox 1721 3444 1855 3482; x_wconf 91' lang='lat' dir='ltr'>eum</span> <span class='ocrx_word' id='word_1_241' title='bbox 1910 3429 2018 3483; x_wconf 90' lang='lat' dir='ltr'>sibi</span> <span class='ocrx_word' id='word_1_242' title='bbox 2074 3431 2133 3483; x_wconf 92' lang='lat' dir='ltr'>et</span> 
     </span>
    </p>
   </div>
   <div class='ocr_carea' id='block_1_38' title="bbox 526 3516 2129 3587">
    <p class='ocr_par' dir='ltr' id='par_1_38' title="bbox 526 3516 2129 3587">
     <span class='ocr_line' id='line_1_38' title="bbox 526 3516 2129 3587; baseline 0 -16"><span class='ocrx_word' id='word_1_243' title='bbox 526 3516 802 3571; x_wconf 85' lang='lat' dir='ltr'>confratri</span> <span class='ocrx_word' id='word_1_244' title='bbox 814 3532 986 3587; x_wconf 89' lang='lat' dir='ltr'>super</span> <span class='ocrx_word' id='word_1_245' title='bbox 998 3516 1243 3570; x_wconf 90' lang='lat' dir='ltr'>duorum</span> <span class='ocrx_word' id='word_1_246' title='bbox 1256 3516 1672 3586; x_wconf 88' lang='lat' dir='ltr'>proprietatem</span> <span class='ocrx_word' id='word_1_247' title='bbox 1685 3516 2129 3586; x_wconf 85' lang='lat' dir='ltr'>burgwadorum</span> 
     </span>
    </p>
   </div>
   <div class='ocr_carea' id='block_1_39' title="bbox 526 3604 2130 3675">
    <p class='ocr_par' dir='ltr' id='par_1_39' title="bbox 526 3604 2130 3675">
     <span class='ocr_line' id='line_1_39' title="bbox 526 3604 2130 3675; baseline 0.002 -18"><span class='ocrx_word' id='word_1_248' title='bbox 526 3604 847 3658; x_wconf 81' lang='lat' dir='ltr'>Rochelinti</span> <span class='ocrx_word' id='word_1_249' title='bbox 889 3612 982 3646; x_wconf 74' lang='grc'>188⁸</span> <span class='ocrx_word' id='word_1_250' title='bbox 1028 3620 1095 3659; x_wconf 90' lang='lat' dir='ltr'>ac</span> <span class='ocrx_word' id='word_1_251' title='bbox 1119 3604 1482 3658; x_wconf 89' lang='lat' dir='ltr'>Titibutziem</span> <span class='ocrx_word' id='word_1_252' title='bbox 1533 3607 1699 3671; x_wconf 89' lang='lat'>(978),</span> <span class='ocrx_word' id='word_1_253' title='bbox 1744 3604 2130 3675; x_wconf 88' lang='lat' dir='ltr'>imperatoriis</span> 
     </span>
    </p>
   </div>
   <div class='ocr_carea' id='block_1_40' title="bbox 523 3691 2129 3765">
    <p class='ocr_par' dir='ltr' id='par_1_40' title="bbox 523 3691 2129 3765">
     <span class='ocr_line' id='line_1_40' title="bbox 523 3691 2129 3765; baseline 0.001 -19"><span class='ocrx_word' id='word_1_254' title='bbox 523 3691 896 3747; x_wconf 89' lang='lat' dir='ltr'>vendicarent</span> <span class='ocrx_word' id='word_1_255' title='bbox 906 3692 1454 3765; x_wconf 88' lang='lat' dir='ltr'>preceptis,sperans</span> <span class='ocrx_word' id='word_1_256' title='bbox 1465 3692 1854 3763; x_wconf 88' lang='lat' dir='ltr'>antiquiorem</span> <span class='ocrx_word' id='word_1_257' title='bbox 1873 3696 2129 3748; x_wconf 88' lang='lat' dir='ltr'>nostram</span> 
     </span>
    </p>
   </div>
   <div class='ocr_carea' id='block_1_41' title="bbox 524 3780 2128 3845">
    <p class='ocr_par' dir='ltr' id='par_1_41' title="bbox 524 3780 2128 3845">
     <span class='ocr_line' id='line_1_41' title="bbox 524 3780 2128 3845; baseline 0 -10"><span class='ocrx_word' id='word_1_258' title='bbox 524 3780 1038 3837; x_wconf 86' lang='lat' dir='ltr'>conﬁrmacionem</span> <span class='ocrx_word' id='word_1_259' title='bbox 1057 3781 1154 3835; x_wconf 92' lang='lat' dir='ltr'>diu</span> <span class='ocrx_word' id='word_1_260' title='bbox 1174 3797 1295 3835; x_wconf 90' lang='lat' dir='ltr'>esse</span> <span class='ocrx_word' id='word_1_261' title='bbox 1309 3780 1607 3835; x_wconf 90' lang='lat' dir='ltr'>abolitam.</span> <span class='ocrx_word' id='word_1_262' title='bbox 1637 3781 1799 3845; x_wconf 88' lang='lat' dir='ltr'>Quod</span> <span class='ocrx_word' id='word_1_263' title='bbox 1822 3797 1954 3836; x_wconf 89' lang='lat' dir='ltr'>cum</span> <span class='ocrx_word' id='word_1_264' title='bbox 1983 3781 2128 3836; x_wconf 91' lang='lat' dir='ltr'>mibi</span> 
     </span>
    </p>
   </div>
   <div class='ocr_carea' id='block_1_42' title="bbox 524 3868 2129 3941">
    <p class='ocr_par' dir='ltr' id='par_1_42' title="bbox 524 3868 2129 3941">
     <span class='ocr_line' id='line_1_42' title="bbox 524 3868 2129 3941; baseline 0.001 -18"><span class='ocrx_word' id='word_1_265' title='bbox 524 3869 572 3923; x_wconf 91' lang='lat' dir='ltr'>is</span> <span class='ocrx_word' id='word_1_266' title='bbox 603 3869 877 3941; x_wconf 89' lang='lat' dir='ltr'>aperiret,</span> <span class='ocrx_word' id='word_1_267' title='bbox 898 3870 955 3925; x_wconf 89' lang='lat' dir='ltr'>id</span> <span class='ocrx_word' id='word_1_268' title='bbox 969 3869 1051 3923; x_wconf 93' lang='lat' dir='ltr'>nil</span> <span class='ocrx_word' id='word_1_269' title='bbox 1066 3868 1344 3941; x_wconf 83' lang='lat' dir='ltr'>proﬁcere</span> <span class='ocrx_word' id='word_1_270' title='bbox 1360 3869 1559 3924; x_wconf 88' lang='lat' dir='ltr'>sensit.</span> <span class='ocrx_word' id='word_1_271' title='bbox 1590 3870 1851 3941; x_wconf 87' lang='lat' dir='ltr'>Namque</span> <span class='ocrx_word' id='word_1_272' title='bbox 1869 3869 1926 3924; x_wconf 90' lang='lat' dir='ltr'>in</span> <span class='ocrx_word' id='word_1_273' title='bbox 1946 3872 2129 3940; x_wconf 85' lang='lat' dir='ltr'>Maga-</span> 
     </span>
    </p>
   </div>
   <div class='ocr_carea' id='block_1_43' title="bbox 508 3957 2128 4030">
    <p class='ocr_par' dir='ltr' id='par_1_43' title="bbox 508 3957 2128 4030">
     <span class='ocr_line' id='line_1_43' title="bbox 508 3957 2128 4030; baseline -0.001 -17"><span class='ocrx_word' id='word_1_274' title='bbox 508 3959 750 4029; x_wconf 71' lang='lat' dir='ltr'>,daburg</span> <span class='ocrx_word' id='word_1_275' title='bbox 774 3963 832 4013; x_wconf 91' lang='lat' dir='ltr'>et</span> <span class='ocrx_word' id='word_1_276' title='bbox 859 3958 919 4012; x_wconf 93' lang='lat' dir='ltr'>in</span> <span class='ocrx_word' id='word_1_277' title='bbox 955 3957 1263 4030; x_wconf 67' lang='lat' dir='ltr'>praesentia</span> <span class='ocrx_word' id='word_1_278' title='bbox 1282 3957 1649 4029; x_wconf 88' lang='lat' dir='ltr'>imperatoris</span> <span class='ocrx_word' id='word_1_279' title='bbox 1665 3957 1843 4012; x_wconf 92' lang='lat' dir='ltr'>nostri</span> <span class='ocrx_word' id='word_1_280' title='bbox 1858 3959 2128 4029; x_wconf 86' lang='lat' dir='ltr'>precepta</span> 
     </span>
    </p>
   </div>
   <div class='ocr_carea' id='block_1_44' title="bbox 522 4044 2125 4118">
    <p class='ocr_par' dir='ltr' id='par_1_44' title="bbox 522 4044 2125 4118">
     <span class='ocr_line' id='line_1_44' title="bbox 522 4044 2125 4118; baseline -0.001 -18"><span class='ocrx_word' id='word_1_281' title='bbox 522 4047 782 4118; x_wconf 78' lang='lat' dir='ltr'>utrisque</span> <span class='ocrx_word' id='word_1_282' title='bbox 794 4046 1196 4114; x_wconf 89' lang='lat' dir='ltr'>ostenduntur,</span> <span class='ocrx_word' id='word_1_283' title='bbox 1211 4049 1524 4100; x_wconf 88' lang='lat' dir='ltr'>etmunera</span> <span class='ocrx_word' id='word_1_284' title='bbox 1539 4045 1845 4099; x_wconf 89' lang='lat' dir='ltr'>nostrimet</span> <span class='ocrx_word' id='word_1_285' title='bbox 1861 4046 1918 4099; x_wconf 91' lang='lat' dir='ltr'>in</span> <span class='ocrx_word' id='word_1_286' title='bbox 1935 4044 2125 4099; x_wconf 89' lang='lat' dir='ltr'>omni-</span> 
     </span>
    </p>
   </div>
   <div class='ocr_carea' id='block_1_45' title="bbox 522 4133 2125 4206">
    <p class='ocr_par' dir='ltr' id='par_1_45' title="bbox 522 4133 2125 4206">
     <span class='ocr_line' id='line_1_45' title="bbox 522 4133 2125 4206; baseline -0.002 -15"><span class='ocrx_word' id='word_1_287' title='bbox 522 4136 628 4191; x_wconf 88' lang='lat' dir='ltr'>bus</span> <span class='ocrx_word' id='word_1_288' title='bbox 659 4135 853 4206; x_wconf 87' lang='lat' dir='ltr'>priora</span> <span class='ocrx_word' id='word_1_289' title='bbox 871 4150 991 4189; x_wconf 91' lang='lat' dir='ltr'>esse</span> <span class='ocrx_word' id='word_1_290' title='bbox 1009 4134 1432 4189; x_wconf 91' lang='lat' dir='ltr'>convincuntur</span> <span class='ocrx_word' id='word_1_291' title='bbox 1450 4134 1824 4189; x_wconf 73' lang='lat' dir='ltr'>188°.Tanden1</span> <span class='ocrx_word' id='word_1_292' title='bbox 1838 4133 2125 4204; x_wconf 90' lang='lat' dir='ltr'>predictus</span> 
     </span>
    </p>
   </div>
   <div class='ocr_carea' id='block_1_46' title="bbox 523 4222 2125 4293">
    <p class='ocr_par' dir='ltr' id='par_1_46' title="bbox 523 4222 2125 4293">
     <span class='ocr_line' id='line_1_46' title="bbox 523 4222 2125 4293; baseline -0.001 -14"><span class='ocrx_word' id='word_1_293' title='bbox 523 4240 738 4291; x_wconf 89' lang='lat' dir='ltr'>comes,</span> <span class='ocrx_word' id='word_1_294' title='bbox 766 4226 1033 4293; x_wconf 89' lang='lat' dir='ltr'>presente</span> <span class='ocrx_word' id='word_1_295' title='bbox 1057 4222 1267 4277; x_wconf 89' lang='lat' dir='ltr'>suimet</span> <span class='ocrx_word' id='word_1_296' title='bbox 1284 4222 1463 4277; x_wconf 85' lang='lat' dir='ltr'>fratre</span> <span class='ocrx_word' id='word_1_297' title='bbox 1490 4240 1554 4277; x_wconf 89' lang='lat' dir='ltr'>ac</span> <span class='ocrx_word' id='word_1_298' title='bbox 1590 4223 1649 4277; x_wconf 93' lang='lat' dir='ltr'>id</span> <span class='ocrx_word' id='word_1_299' title='bbox 1682 4222 1970 4291; x_wconf 88' lang='lat' dir='ltr'>audiente,</span> <span class='ocrx_word' id='word_1_300' title='bbox 2003 4223 2125 4277; x_wconf 69' lang='lat' dir='ltr'>haec</span> 
     </span>
    </p>
   </div>
   <div class='ocr_carea' id='block_1_47' title="bbox 521 4312 2127 4385">
    <p class='ocr_par' dir='ltr' id='par_1_47' title="bbox 521 4312 2127 4385">
     <span class='ocr_line' id='line_1_47' title="bbox 521 4312 2127 4385; baseline -0.001 -17"><span class='ocrx_word' id='word_1_301' title='bbox 521 4315 712 4369; x_wconf 87' lang='lat' dir='ltr'>fatur:</span> <span class='ocrx_word' id='word_1_302' title='bbox 742 4312 1005 4385; x_wconf 77' lang='lat' dir='ltr'>Quicquid</span> <span class='ocrx_word' id='word_1_303' title='bbox 1023 4314 1280 4367; x_wconf 80' lang='lat' dir='ltr'>hactenus</span> <span class='ocrx_word' id='word_1_304' title='bbox 1306 4314 1370 4367; x_wconf 80' lang='lat' dir='ltr'>in</span> <span class='ocrx_word' id='word_1_305' title='bbox 1396 4313 1497 4366; x_wconf 81' lang='lat' dir='ltr'>hiis</span> <span class='ocrx_word' id='word_1_306' title='bbox 1541 4313 1787 4383; x_wconf 77' lang='lat' dir='ltr'>fecimus,</span> <span class='ocrx_word' id='word_1_307' title='bbox 1823 4330 1930 4367; x_wconf 88' lang='lat' dir='ltr'>non</span> <span class='ocrx_word' id='word_1_308' title='bbox 1959 4312 2022 4367; x_wconf 83' lang='lat' dir='ltr'>ob</span> <span class='ocrx_word' id='word_1_309' title='bbox 2056 4320 2127 4368; x_wconf 84' lang='lat' dir='ltr'>te-</span> 
     </span>
    </p>
   </div>
   <div class='ocr_carea' id='block_1_48' title="bbox 2240 613 3760 683">
    <p class='ocr_par' dir='ltr' id='par_1_48' title="bbox 2240 613 3760 683">
     <span class='ocr_line' id='line_1_48' title="bbox 2240 613 3760 683; baseline 0.01 -16"><span class='ocrx_word' id='word_1_310' title='bbox 2240 613 2481 683; x_wconf 90' lang='lat' dir='ltr'>piendas</span> <span class='ocrx_word' id='word_1_311' title='bbox 2506 615 2723 670; x_wconf 90' lang='lat' dir='ltr'>ibidem</span> <span class='ocrx_word' id='word_1_312' title='bbox 2758 616 2911 671; x_wconf 88' lang='lat' dir='ltr'>feras</span> <span class='ocrx_word' id='word_1_313' title='bbox 2941 616 3214 672; x_wconf 89' lang='lat' dir='ltr'>instinctu</span> <span class='ocrx_word' id='word_1_314' title='bbox 3242 619 3505 676; x_wconf 83' lang='lat' dir='ltr'>Budizlavi</span> <span class='ocrx_word' id='word_1_315' title='bbox 3527 624 3686 680; x_wconf 85' lang='lat' dir='ltr'>militis</span> <span class='ocrx_word' id='word_1_316' title='bbox 3700 628 3760 683; x_wconf 88' lang='lat' dir='ltr'>sui</span> 
     </span>
    </p>
   </div>
   <div class='ocr_carea' id='block_1_49' title="bbox 2240 704 3761 780">
    <p class='ocr_par' dir='ltr' id='par_1_49' title="bbox 2240 704 3761 780">
     <span class='ocr_line' id='line_1_49' title="bbox 2240 704 3761 780; baseline 0.008 -24"><span class='ocrx_word' id='word_1_317' title='bbox 2240 705 2425 773; x_wconf 91' lang='lat' dir='ltr'>parat.</span> <span class='ocrx_word' id='word_1_318' title='bbox 2467 704 2583 758; x_wconf 91' lang='lat' dir='ltr'>Hoc</span> <span class='ocrx_word' id='word_1_319' title='bbox 2620 720 2729 776; x_wconf 88' lang='lat' dir='ltr'>ego</span> <span class='ocrx_word' id='word_1_320' title='bbox 2762 709 2965 777; x_wconf 89' lang='lat' dir='ltr'>postea</span> <span class='ocrx_word' id='word_1_321' title='bbox 2985 708 3366 778; x_wconf 90' lang='lat' dir='ltr'>comperiens,</span> <span class='ocrx_word' id='word_1_322' title='bbox 3390 710 3648 779; x_wconf 86' lang='lat' dir='ltr'>pacienter</span> <span class='ocrx_word' id='word_1_323' title='bbox 3670 714 3761 780; x_wconf 84' lang='lat' dir='ltr'>tuli,</span> 
     </span>
    </p>
   </div>
   <div class='ocr_carea' id='block_1_50' title="bbox 2240 786 3762 868">
    <p class='ocr_par' dir='ltr' id='par_1_50' title="bbox 2240 786 3762 868">
     <span class='ocr_line' id='line_1_50' title="bbox 2240 786 3762 868; baseline 0.007 -23"><span class='ocrx_word' id='word_1_324' title='bbox 2240 793 2298 845; x_wconf 91' lang='lat' dir='ltr'>et</span> <span class='ocrx_word' id='word_1_325' title='bbox 2322 807 2395 844; x_wconf 90' lang='lat' dir='ltr'>ne</span> <span class='ocrx_word' id='word_1_326' title='bbox 2426 790 2502 846; x_wconf 90' lang='lat' dir='ltr'>sic</span> <span class='ocrx_word' id='word_1_327' title='bbox 2522 808 2696 863; x_wconf 88' lang='lat' dir='ltr'>agere</span> <span class='ocrx_word' id='word_1_328' title='bbox 2722 793 2919 861; x_wconf 91' lang='lat' dir='ltr'>vellet,</span> <span class='ocrx_word' id='word_1_329' title='bbox 2967 810 3074 865; x_wconf 91' lang='lat' dir='ltr'>per</span> <span class='ocrx_word' id='word_1_330' title='bbox 3102 794 3518 852; x_wconf 89' lang='lat' dir='ltr'>internuncium</span> <span class='ocrx_word' id='word_1_331' title='bbox 3564 786 3762 868; x_wconf 75' lang='lat' dir='ltr'>meimei,</span> 
     </span>
    </p>
   </div>
   <div class='ocr_carea' id='block_1_51' title="bbox 2238 878 3764 959">
    <p class='ocr_par' dir='ltr' id='par_1_51' title="bbox 2238 878 3764 959">
     <span class='ocr_line' id='line_1_51' title="bbox 2238 878 3764 959; baseline 0.007 -27"><span class='ocrx_word' id='word_1_332' title='bbox 2238 878 2478 934; x_wconf 89' lang='lat' dir='ltr'>fratrem</span> <span class='ocrx_word' id='word_1_333' title='bbox 2500 881 2621 950; x_wconf 87' lang='lat' dir='ltr'>ejus</span> <span class='ocrx_word' id='word_1_334' title='bbox 2645 889 2738 923; x_wconf 73' lang='lat'>1887</span> <span class='ocrx_word' id='word_1_335' title='bbox 2762 883 3066 952; x_wconf 86' lang='lat' dir='ltr'>postulavi.</span> <span class='ocrx_word' id='word_1_336' title='bbox 3102 884 3449 939; x_wconf 87' lang='lat' dir='ltr'>Herimanno</span> <span class='ocrx_word' id='word_1_337' title='bbox 3468 904 3661 959; x_wconf 85' lang='lat' dir='ltr'>quoque</span> <span class='ocrx_word' id='word_1_338' title='bbox 3681 890 3764 943; x_wconf 84' lang='lat' dir='ltr'>fra-</span> 
     </span>
    </p>
   </div>
   <div class='ocr_carea' id='block_1_52' title="bbox 2239 966 3763 1047">
    <p class='ocr_par' dir='ltr' id='par_1_52' title="bbox 2239 966 3763 1047">
     <span class='ocr_line' id='line_1_52' title="bbox 2239 966 3763 1047; baseline 0.008 -27"><span class='ocrx_word' id='word_1_339' title='bbox 2239 966 2311 1021; x_wconf 87' lang='lat' dir='ltr'>tri</span> <span class='ocrx_word' id='word_1_340' title='bbox 2342 984 2444 1022; x_wconf 88' lang='lat' dir='ltr'>suo</span> <span class='ocrx_word' id='word_1_341' title='bbox 2482 969 2606 1023; x_wconf 63' lang='lat' dir='ltr'>haac</span> <span class='ocrx_word' id='word_1_342' title='bbox 2635 970 2750 1023; x_wconf 91' lang='lat' dir='ltr'>cito</span> <span class='ocrx_word' id='word_1_343' title='bbox 2782 974 3039 1041; x_wconf 88' lang='lat' dir='ltr'>questus,</span> <span class='ocrx_word' id='word_1_344' title='bbox 3067 971 3147 1025; x_wconf 91' lang='lat' dir='ltr'>nil</span> <span class='ocrx_word' id='word_1_345' title='bbox 3188 971 3249 1025; x_wconf 92' lang='lat' dir='ltr'>in</span> <span class='ocrx_word' id='word_1_346' title='bbox 3280 972 3386 1026; x_wconf 88' lang='lat' dir='ltr'>hiis</span> <span class='ocrx_word' id='word_1_347' title='bbox 3413 975 3648 1029; x_wconf 90' lang='lat' dir='ltr'>omnibus</span> <span class='ocrx_word' id='word_1_348' title='bbox 3670 993 3763 1047; x_wconf 88' lang='lat' dir='ltr'>pro-</span> 
     </span>
    </p>
   </div>
   <div class='ocr_carea' id='block_1_53' title="bbox 2238 1054 3767 1134">
    <p class='ocr_par' dir='ltr' id='par_1_53' title="bbox 2238 1054 3767 1134">
     <span class='ocr_line' id='line_1_53' title="bbox 2238 1054 3767 1134; baseline 0.007 -26"><span class='ocrx_word' id='word_1_349' title='bbox 2238 1054 2366 1123; x_wconf 85' lang='lat' dir='ltr'>feci,</span> <span class='ocrx_word' id='word_1_350' title='bbox 2401 1056 2592 1127; x_wconf 90' lang='lat' dir='ltr'>sicque</span> <span class='ocrx_word' id='word_1_351' title='bbox 2612 1057 2772 1112; x_wconf 82' lang='lat' dir='ltr'>stetit</span> <span class='ocrx_word' id='word_1_352' title='bbox 2799 1057 2864 1124; x_wconf 88' lang='lat' dir='ltr'>(f.</span> <span class='ocrx_word' id='word_1_353' title='bbox 2893 1058 3032 1124; x_wconf 71' lang='lat'><strong>187’)</strong></span> <span class='ocrx_word' id='word_1_354' title='bbox 3054 1075 3231 1129; x_wconf 88' lang='lat' dir='ltr'>usque</span> <span class='ocrx_word' id='word_1_355' title='bbox 3246 1064 3373 1130; x_wconf 88' lang='lat' dir='ltr'>post</span> <span class='ocrx_word' id='word_1_356' title='bbox 3397 1064 3767 1134; x_wconf 83' lang='lat' dir='ltr'>pascha.thuia</span> 
     </span>
    </p>
   </div>
   <div class='ocr_carea' id='block_1_54' title="bbox 2237 1144 3767 1220">
    <p class='ocr_par' dir='ltr' id='par_1_54' title="bbox 2237 1144 3767 1220">
     <span class='ocr_line' id='line_1_54' title="bbox 2237 1144 3767 1220; baseline 0.006 -24"><span class='ocrx_word' id='word_1_357' title='bbox 2237 1146 2374 1197; x_wconf 91' lang='lat' dir='ltr'>tunc</span> <span class='ocrx_word' id='word_1_358' title='bbox 2400 1144 2528 1199; x_wconf 66' lang='lat' dir='ltr'>aeris</span> <span class='ocrx_word' id='word_1_359' title='bbox 2559 1145 2835 1199; x_wconf 85' lang='lat' dir='ltr'>serenitas</span> <span class='ocrx_word' id='word_1_360' title='bbox 2895 1149 2953 1200; x_wconf 92' lang='lat' dir='ltr'>et</span> <span class='ocrx_word' id='word_1_361' title='bbox 3001 1145 3103 1201; x_wconf 77' lang='lat' dir='ltr'>vise</span> <span class='ocrx_word' id='word_1_362' title='bbox 3144 1148 3497 1220; x_wconf 84' lang='lat' dir='ltr'>oportunitas</span> <span class='ocrx_word' id='word_1_363' title='bbox 3533 1152 3767 1205; x_wconf 84' lang='lat' dir='ltr'>convenie-</span> 
     </span>
    </p>
   </div>
   <div class='ocr_carea' id='block_1_55' title="bbox 2233 1229 3768 1310">
    <p class='ocr_par' dir='ltr' id='par_1_55' title="bbox 2233 1229 3768 1310">
     <span class='ocr_line' id='line_1_55' title="bbox 2233 1229 3768 1310; baseline 0.007 -26"><span class='ocrx_word' id='word_1_364' title='bbox 2233 1230 2396 1299; x_wconf 89' lang='lat' dir='ltr'>bant,</span> <span class='ocrx_word' id='word_1_365' title='bbox 2428 1231 2565 1287; x_wconf 90' lang='lat' dir='ltr'>etin</span> <span class='ocrx_word' id='word_1_366' title='bbox 2593 1234 2695 1287; x_wconf 89' lang='lat' dir='ltr'>has</span> <span class='ocrx_word' id='word_1_367' title='bbox 2718 1234 3083 1307; x_wconf 87' lang='lat' dir='ltr'>episc0patus</span> <span class='ocrx_word' id='word_1_368' title='bbox 3118 1236 3235 1289; x_wconf 89' lang='lat' dir='ltr'>mei</span> <span class='ocrx_word' id='word_1_369' title='bbox 3285 1229 3473 1308; x_wconf 75' lang='lat' dir='ltr'>partes</span> <span class='ocrx_word' id='word_1_370' title='bbox 3518 1256 3768 1310; x_wconf 82' lang='lat' dir='ltr'>numquam</span> 
     </span>
    </p>
   </div>
   <div class='ocr_carea' id='block_1_56' title="bbox 2234 1318 3770 1398">
    <p class='ocr_par' dir='ltr' id='par_1_56' title="bbox 2234 1318 3770 1398">
     <span class='ocr_line' id='line_1_56' title="bbox 2234 1318 3770 1398; baseline 0.007 -27"><span class='ocrx_word' id='word_1_371' title='bbox 2234 1318 2383 1398; x_wconf 82' lang='lat' dir='ltr'>veni,</span> <span class='ocrx_word' id='word_1_372' title='bbox 2413 1320 2627 1389; x_wconf 87' lang='lat' dir='ltr'>placuit</span> <span class='ocrx_word' id='word_1_373' title='bbox 2652 1321 2794 1375; x_wconf 91' lang='lat' dir='ltr'>mihi</span> <span class='ocrx_word' id='word_1_374' title='bbox 2837 1322 2971 1376; x_wconf 89' lang='lat' dir='ltr'>illuc</span> <span class='ocrx_word' id='word_1_375' title='bbox 3025 1339 3287 1394; x_wconf 85' lang='lat' dir='ltr'>pergere,</span> <span class='ocrx_word' id='word_1_376' title='bbox 3342 1326 3685 1398; x_wconf 86' lang='lat' dir='ltr'>bactenusque</span> <span class='ocrx_word' id='word_1_377' title='bbox 3703 1335 3770 1368; x_wconf 67' lang='grc'>1⁸³⁸</span> 
     </span>
    </p>
   </div>
   <div class='ocr_carea' id='block_1_57' title="bbox 2234 1397 3769 1475">
    <p class='ocr_par' dir='ltr' id='par_1_57' title="bbox 2234 1397 3769 1475">
     <span class='ocr_line' id='line_1_57' title="bbox 2234 1397 3769 1475; baseline 0.006 -24"><span class='ocrx_word' id='word_1_378' title='bbox 2234 1397 2437 1467; x_wconf 86' lang='lat' dir='ltr'>ignota</span> <span class='ocrx_word' id='word_1_379' title='bbox 2462 1398 2776 1471; x_wconf 88' lang='lat' dir='ltr'>diligenter</span> <span class='ocrx_word' id='word_1_380' title='bbox 2804 1400 3120 1472; x_wconf 89' lang='lat' dir='ltr'>inquirere.</span> <span class='ocrx_word' id='word_1_381' title='bbox 3149 1404 3337 1459; x_wconf 86' lang='lat' dir='ltr'>Mense</span> <span class='ocrx_word' id='word_1_382' title='bbox 3367 1406 3502 1460; x_wconf 85' lang='lat' dir='ltr'>Maio</span> <span class='ocrx_word' id='word_1_383' title='bbox 3529 1397 3769 1475; x_wconf 81' lang='grc' dir='ltr'>(αη.1018),</span> 
     </span>
    </p>
   </div>
   <div class='ocr_carea' id='block_1_58' title="bbox 2234 1488 3770 1563">
    <p class='ocr_par' dir='ltr' id='par_1_58' title="bbox 2234 1488 3770 1563">
     <span class='ocr_line' id='line_1_58' title="bbox 2234 1488 3770 1563; baseline 0.005 -23"><span class='ocrx_word' id='word_1_384' title='bbox 2234 1488 2266 1539; x_wconf 89' lang='lat'><strong>6</strong></span> <span class='ocrx_word' id='word_1_385' title='bbox 2294 1488 2484 1541; x_wconf 87' lang='lat' dir='ltr'>Nonas</span> <span class='ocrx_word' id='word_1_386' title='bbox 2510 1488 2767 1558; x_wconf 89' lang='lat' dir='ltr'>ejusdem</span> <span class='ocrx_word' id='word_1_387' title='bbox 2800 1506 2867 1543; x_wconf 89' lang='lat' dir='ltr'>ac</span> <span class='ocrx_word' id='word_1_388' title='bbox 2897 1491 2927 1543; x_wconf 91' lang='lat'><strong>6</strong></span> <span class='ocrx_word' id='word_1_389' title='bbox 2948 1489 3096 1544; x_wconf 89' lang='lat' dir='ltr'>feria</span> <span class='ocrx_word' id='word_1_390' title='bbox 3122 1491 3195 1558; x_wconf 85' lang='lat' dir='ltr'>ad</span> <span class='ocrx_word' id='word_1_391' title='bbox 3227 1491 3475 1547; x_wconf 87' lang='lat' dir='ltr'>Chorum</span> <span class='ocrx_word' id='word_1_392' title='bbox 3506 1494 3627 1563; x_wconf 80' lang='grc'>(979)</span> <span class='ocrx_word' id='word_1_393' title='bbox 3656 1496 3770 1560; x_wconf 84' lang='lat' dir='ltr'>veni,</span> 
     </span>
    </p>
   </div>
   <div class='ocr_carea' id='block_1_59' title="bbox 2234 1574 3774 1648">
    <p class='ocr_par' dir='ltr' id='par_1_59' title="bbox 2234 1574 3774 1648">
     <span class='ocr_line' id='line_1_59' title="bbox 2234 1574 3774 1648; baseline 0.005 -20"><span class='ocrx_word' id='word_1_394' title='bbox 2234 1574 2565 1648; x_wconf 89' lang='lat' dir='ltr'>ibidemque</span> <span class='ocrx_word' id='word_1_395' title='bbox 2595 1578 2875 1648; x_wconf 91' lang='lat' dir='ltr'>populum</span> <span class='ocrx_word' id='word_1_396' title='bbox 2914 1579 3307 1634; x_wconf 88' lang='lat' dir='ltr'>conﬂuentem</span> <span class='ocrx_word' id='word_1_397' title='bbox 3352 1580 3672 1637; x_wconf 83' lang='lat' dir='ltr'>conﬁrmavi.</span> <span class='ocrx_word' id='word_1_398' title='bbox 3697 1584 3774 1636; x_wconf 87' lang='lat' dir='ltr'>De-</span> 
     </span>
    </p>
   </div>
   <div class='ocr_carea' id='block_1_60' title="bbox 2236 1663 3773 1740">
    <p class='ocr_par' dir='ltr' id='par_1_60' title="bbox 2236 1663 3773 1740">
     <span class='ocr_line' id='line_1_60' title="bbox 2236 1663 3773 1740; baseline 0.004 -23"><span class='ocrx_word' id='word_1_399' title='bbox 2236 1663 2369 1718; x_wconf 90' lang='lat' dir='ltr'>hinc</span> <span class='ocrx_word' id='word_1_400' title='bbox 2399 1681 2529 1718; x_wconf 90' lang='lat' dir='ltr'>cum</span> <span class='ocrx_word' id='word_1_401' title='bbox 2558 1664 2619 1718; x_wconf 91' lang='lat' dir='ltr'>in</span> <span class='ocrx_word' id='word_1_402' title='bbox 2650 1665 2772 1735; x_wconf 90' lang='lat' dir='ltr'>ipso</span> <span class='ocrx_word' id='word_1_403' title='bbox 2805 1665 3015 1721; x_wconf 88' lang='lat' dir='ltr'>itinere</span> <span class='ocrx_word' id='word_1_404' title='bbox 3066 1668 3395 1738; x_wconf 89' lang='lat' dir='ltr'>predictum</span> <span class='ocrx_word' id='word_1_405' title='bbox 3445 1685 3574 1740; x_wconf 90' lang='lat' dir='ltr'>opus</span> <span class='ocrx_word' id='word_1_406' title='bbox 3606 1671 3773 1740; x_wconf 85' lang='lat' dir='ltr'>laqueis</span> 
     </span>
    </p>
   </div>
   <div class='ocr_carea' id='block_1_61' title="bbox 2237 1752 3773 1828">
    <p class='ocr_par' dir='ltr' id='par_1_61' title="bbox 2237 1752 3773 1828">
     <span class='ocr_line' id='line_1_61' title="bbox 2237 1752 3773 1828; baseline 0.004 -22"><span class='ocrx_word' id='word_1_407' title='bbox 2237 1754 2296 1806; x_wconf 87' lang='lat' dir='ltr'>et</span> <span class='ocrx_word' id='word_1_408' title='bbox 2323 1752 2539 1807; x_wconf 90' lang='lat' dir='ltr'>retibus</span> <span class='ocrx_word' id='word_1_409' title='bbox 2571 1752 2801 1825; x_wconf 85' lang='lat' dir='ltr'>magnis</span> <span class='ocrx_word' id='word_1_410' title='bbox 2824 1754 3124 1810; x_wconf 86' lang='lat' dir='ltr'>firmatum</span> <span class='ocrx_word' id='word_1_411' title='bbox 3153 1756 3433 1824; x_wconf 86' lang='lat' dir='ltr'>viderem,</span> <span class='ocrx_word' id='word_1_412' title='bbox 3464 1758 3691 1828; x_wconf 84' lang='lat' dir='ltr'>obstupui</span> <span class='ocrx_word' id='word_1_413' title='bbox 3704 1766 3773 1800; x_wconf 71' lang='grc' dir='ltr'>ιω</span> 
     </span>
    </p>
   </div>
   <div class='ocr_carea' id='block_1_62' title="bbox 2235 1840 3773 1917">
    <p class='ocr_par' dir='ltr' id='par_1_62' title="bbox 2235 1840 3773 1917">
     <span class='ocr_line' id='line_1_62' title="bbox 2235 1840 3773 1917; baseline 0.003 -24"><span class='ocrx_word' id='word_1_414' title='bbox 2235 1856 2302 1894; x_wconf 91' lang='lat' dir='ltr'>ac</span> <span class='ocrx_word' id='word_1_415' title='bbox 2328 1840 2466 1911; x_wconf 91' lang='lat' dir='ltr'>quid</span> <span class='ocrx_word' id='word_1_416' title='bbox 2488 1841 2622 1896; x_wconf 92' lang='lat' dir='ltr'>inde</span> <span class='ocrx_word' id='word_1_417' title='bbox 2652 1842 2902 1896; x_wconf 85' lang='lat' dir='ltr'>facerem</span> <span class='ocrx_word' id='word_1_418' title='bbox 2927 1843 3196 1913; x_wconf 88' lang='lat' dir='ltr'>cogitavi.</span> <span class='ocrx_word' id='word_1_419' title='bbox 3243 1845 3517 1913; x_wconf 88' lang='lat' dir='ltr'>Tandem,</span> <span class='ocrx_word' id='word_1_420' title='bbox 3545 1846 3659 1917; x_wconf 87' lang='lat' dir='ltr'>quia</span> <span class='ocrx_word' id='word_1_421' title='bbox 3683 1846 3773 1899; x_wconf 70' lang='lat' dir='ltr'>haec</span> 
     </span>
    </p>
   </div>
   <div class='ocr_carea' id='block_1_63' title="bbox 2236 1927 3774 2005">
    <p class='ocr_par' dir='ltr' id='par_1_63' title="bbox 2236 1927 3774 2005">
     <span class='ocr_line' id='line_1_63' title="bbox 2236 1927 3774 2005; baseline 0.003 -24"><span class='ocrx_word' id='word_1_422' title='bbox 2236 1927 2621 1983; x_wconf 87' lang='lat' dir='ltr'>instrumenta</span> <span class='ocrx_word' id='word_1_423' title='bbox 2675 1930 3004 1985; x_wconf 88' lang='lat' dir='ltr'>nullatenus</span> <span class='ocrx_word' id='word_1_424' title='bbox 3044 1948 3275 1987; x_wconf 89' lang='lat' dir='ltr'>mecum</span> <span class='ocrx_word' id='word_1_425' title='bbox 3305 1934 3508 1988; x_wconf 83' lang='lat' dir='ltr'>vehere</span> <span class='ocrx_word' id='word_1_426' title='bbox 3535 1933 3687 2005; x_wconf 87' lang='lat' dir='ltr'>potui,</span> <span class='ocrx_word' id='word_1_427' title='bbox 3724 1949 3774 1988; x_wconf 79' lang='lat' dir='ltr'>ex</span> 
     </span>
    </p>
   </div>
   <div class='ocr_carea' id='block_1_64' title="bbox 2233 2016 3775 2093">
    <p class='ocr_par' dir='ltr' id='par_1_64' title="bbox 2233 2016 3775 2093">
     <span class='ocr_line' id='line_1_64' title="bbox 2233 2016 3775 2093; baseline 0.003 -23"><span class='ocrx_word' id='word_1_428' title='bbox 2233 2016 2346 2071; x_wconf 89' lang='lat' dir='ltr'>hiis</span> <span class='ocrx_word' id='word_1_429' title='bbox 2371 2020 2597 2088; x_wconf 90' lang='lat' dir='ltr'>partem</span> <span class='ocrx_word' id='word_1_430' title='bbox 2628 2017 2800 2072; x_wconf 92' lang='lat' dir='ltr'>incidi</span> <span class='ocrx_word' id='word_1_431' title='bbox 2831 2019 3091 2089; x_wconf 87' lang='lat' dir='ltr'>protinus</span> <span class='ocrx_word' id='word_1_432' title='bbox 3114 2021 3279 2091; x_wconf 86' lang='lat' dir='ltr'>jussi,</span> <span class='ocrx_word' id='word_1_433' title='bbox 3327 2026 3588 2093; x_wconf 87' lang='lat' dir='ltr'>rectoque</span> <span class='ocrx_word' id='word_1_434' title='bbox 3618 2022 3775 2076; x_wconf 87' lang='lat' dir='ltr'>itinere</span> 
     </span>
    </p>
   </div>
   <div class='ocr_carea' id='block_1_65' title="bbox 2235 2105 3776 2179">
    <p class='ocr_par' dir='ltr' id='par_1_65' title="bbox 2235 2105 3776 2179">
     <span class='ocr_line' id='line_1_65' title="bbox 2235 2105 3776 2179; baseline 0.002 -20"><span class='ocrx_word' id='word_1_435' title='bbox 2235 2106 2307 2159; x_wconf 90' lang='lat' dir='ltr'>ad</span> <span class='ocrx_word' id='word_1_436' title='bbox 2337 2105 2662 2161; x_wconf 86' lang='lat' dir='ltr'>Rocbelinzi</span> <span class='ocrx_word' id='word_1_437' title='bbox 2689 2113 2784 2147; x_wconf 66' lang='lat'>1890</span> <span class='ocrx_word' id='word_1_438' title='bbox 2804 2107 3067 2174; x_wconf 90' lang='lat' dir='ltr'>tendens,</span> <span class='ocrx_word' id='word_1_439' title='bbox 3094 2124 3306 2179; x_wconf 88' lang='lat' dir='ltr'>paucos</span> <span class='ocrx_word' id='word_1_440' title='bbox 3343 2110 3455 2164; x_wconf 91' lang='lat' dir='ltr'>illic</span> <span class='ocrx_word' id='word_1_441' title='bbox 3485 2108 3776 2175; x_wconf 77' lang='lat' dir='ltr'>conﬁrmavi,</span> 
     </span>
    </p>
   </div>
   <div class='ocr_carea' id='block_1_66' title="bbox 2235 2194 3779 2265">
    <p class='ocr_par' dir='ltr' id='par_1_66' title="bbox 2235 2194 3779 2265">
     <span class='ocr_line' id='line_1_66' title="bbox 2235 2194 3779 2265; baseline 0.001 -18"><span class='ocrx_word' id='word_1_442' title='bbox 2235 2197 2293 2248; x_wconf 91' lang='lat' dir='ltr'>et</span> <span class='ocrx_word' id='word_1_443' title='bbox 2320 2194 2795 2261; x_wconf 90' lang='lat' dir='ltr'>decimacionem,</span> <span class='ocrx_word' id='word_1_444' title='bbox 2856 2195 3066 2265; x_wconf 84' lang='lat' dir='ltr'>injuste</span> <span class='ocrx_word' id='word_1_445' title='bbox 3101 2197 3243 2252; x_wconf 90' lang='lat' dir='ltr'>mihi</span> <span class='ocrx_word' id='word_1_446' title='bbox 3289 2198 3621 2252; x_wconf 88' lang='lat' dir='ltr'>abstractam</span> <span class='ocrx_word' id='word_1_447' title='bbox 3651 2200 3697 2251; x_wconf 87' lang='lat' dir='ltr'>et</span> <span class='ocrx_word' id='word_1_448' title='bbox 3716 2196 3779 2249; x_wconf 80' lang='lat' dir='ltr'>io-</span> 
     </span>
    </p>
   </div>
   <div class='ocr_carea' id='block_1_67' title="bbox 2234 2282 3777 2351">
    <p class='ocr_par' dir='ltr' id='par_1_67' title="bbox 2234 2282 3777 2351">
     <span class='ocr_line' id='line_1_67' title="bbox 2234 2282 3777 2351; baseline 0.002 -17"><span class='ocrx_word' id='word_1_449' title='bbox 2234 2284 2452 2335; x_wconf 90' lang='lat' dir='ltr'>restum</span> <span class='ocrx_word' id='word_1_450' title='bbox 2489 2282 2684 2337; x_wconf 87' lang='lat' dir='ltr'>hanno</span> <span class='ocrx_word' id='word_1_451' title='bbox 2736 2282 3008 2338; x_wconf 89' lang='lat' dir='ltr'>omnibus</span> <span class='ocrx_word' id='word_1_452' title='bbox 3046 2282 3422 2351; x_wconf 90' lang='lat' dir='ltr'>interdicens,</span> <span class='ocrx_word' id='word_1_453' title='bbox 3470 2286 3581 2340; x_wconf 65' lang='lat' dir='ltr'>hmo</span> <span class='ocrx_word' id='word_1_454' title='bbox 3615 2286 3777 2338; x_wconf 70' lang='lat' dir='ltr'>nostra:</span> 
     </span>
    </p>
   </div>
   <div class='ocr_carea' id='block_1_68' title="bbox 2235 2368 3780 2443">
    <p class='ocr_par' dir='ltr' id='par_1_68' title="bbox 2235 2368 3780 2443">
     <span class='ocr_line' id='line_1_68' title="bbox 2235 2368 3780 2443; baseline 0.002 -21"><span class='ocrx_word' id='word_1_455' title='bbox 2235 2368 2519 2440; x_wconf 85' lang='lat' dir='ltr'>assignavi</span> <span class='ocrx_word' id='word_1_456' title='bbox 2542 2370 2832 2437; x_wconf 69' lang='lat' dir='ltr'>aacclesiae,</span> <span class='ocrx_word' id='word_1_457' title='bbox 2864 2371 3015 2426; x_wconf 86' lang='lat' dir='ltr'>facta</span> <span class='ocrx_word' id='word_1_458' title='bbox 3038 2388 3200 2443; x_wconf 90' lang='lat' dir='ltr'>pace.</span> <span class='ocrx_word' id='word_1_459' title='bbox 3232 2374 3397 2428; x_wconf 90' lang='lat' dir='ltr'>Tunc</span> <span class='ocrx_word' id='word_1_460' title='bbox 3424 2373 3561 2429; x_wconf 88' lang='lat' dir='ltr'>redii</span> <span class='ocrx_word' id='word_1_461' title='bbox 3600 2373 3662 2427; x_wconf 89' lang='lat' dir='ltr'>ad</span> <span class='ocrx_word' id='word_1_462' title='bbox 3687 2388 3780 2426; x_wconf 89' lang='lat' dir='ltr'>cur-</span> 
     </span>
    </p>
   </div>
   <div class='ocr_carea' id='block_1_69' title="bbox 2232 2458 3780 2532">
    <p class='ocr_par' dir='ltr' id='par_1_69' title="bbox 2232 2458 3780 2532">
     <span class='ocr_line' id='line_1_69' title="bbox 2232 2458 3780 2532; baseline 0.003 -22"><span class='ocrx_word' id='word_1_463' title='bbox 2232 2458 2352 2510; x_wconf 89' lang='lat' dir='ltr'>tem</span> <span class='ocrx_word' id='word_1_464' title='bbox 2381 2462 2964 2529; x_wconf 88' lang='lat' dir='ltr'>supramemoratam,</span> <span class='ocrx_word' id='word_1_465' title='bbox 2991 2460 3323 2532; x_wconf 90' lang='lat' dir='ltr'>ibidemque</span> <span class='ocrx_word' id='word_1_466' title='bbox 3356 2469 3388 2517; x_wconf 89' lang='lat'><strong>7</strong></span> <span class='ocrx_word' id='word_1_467' title='bbox 3420 2462 3535 2516; x_wconf 88' lang='lat' dir='ltr'>dies</span> <span class='ocrx_word' id='word_1_468' title='bbox 3548 2477 3660 2515; x_wconf 88' lang='lat' dir='ltr'>cum</span> <span class='ocrx_word' id='word_1_469' title='bbox 3683 2476 3780 2515; x_wconf 77' lang='lat' dir='ltr'>ma-</span> 
     </span>
    </p>
   </div>
   <div class='ocr_carea' id='block_1_70' title="bbox 2233 2546 3781 2618">
    <p class='ocr_par' dir='ltr' id='par_1_70' title="bbox 2233 2546 3781 2618">
     <span class='ocr_line' id='line_1_70' title="bbox 2233 2546 3781 2618; baseline 0.001 -19"><span class='ocrx_word' id='word_1_470' title='bbox 2233 2561 2458 2609; x_wconf 91' lang='lat' dir='ltr'>nerem,</span> <span class='ocrx_word' id='word_1_471' title='bbox 2485 2546 2695 2613; x_wconf 85' lang='lat' dir='ltr'>audivi,</span> <span class='ocrx_word' id='word_1_472' title='bbox 2728 2547 2883 2618; x_wconf 90' lang='lat' dir='ltr'>quod</span> <span class='ocrx_word' id='word_1_473' title='bbox 2944 2549 3156 2604; x_wconf 89' lang='lat' dir='ltr'>milites</span> <span class='ocrx_word' id='word_1_474' title='bbox 3197 2550 3515 2604; x_wconf 80' lang='lat' dir='ltr'>Ekkihardi</span> <span class='ocrx_word' id='word_1_475' title='bbox 3549 2550 3674 2604; x_wconf 84' lang='lat' dir='ltr'>meis</span> <span class='ocrx_word' id='word_1_476' title='bbox 3698 2549 3781 2602; x_wconf 89' lang='lat' dir='ltr'>mi-</span> 
     </span>
    </p>
   </div>
   <div class='ocr_carea' id='block_1_71' title="bbox 2233 2634 3781 2707">
    <p class='ocr_par' dir='ltr' id='par_1_71' title="bbox 2233 2634 3781 2707">
     <span class='ocr_line' id='line_1_71' title="bbox 2233 2634 3781 2707; baseline 0.003 -20"><span class='ocrx_word' id='word_1_477' title='bbox 2233 2637 2513 2689; x_wconf 86' lang='lat' dir='ltr'>narentur</span> <span class='ocrx_word' id='word_1_478' title='bbox 2533 2634 2718 2689; x_wconf 89' lang='lat' dir='ltr'>sociis.</span> <span class='ocrx_word' id='word_1_479' title='bbox 2769 2635 2852 2689; x_wconf 87' lang='lat' dir='ltr'>lhi</span> <span class='ocrx_word' id='word_1_480' title='bbox 2884 2639 3018 2690; x_wconf 89' lang='lat' dir='ltr'>tunc</span> <span class='ocrx_word' id='word_1_481' title='bbox 3047 2637 3427 2692; x_wconf 88' lang='lat' dir='ltr'>cancellarius</span> <span class='ocrx_word' id='word_1_482' title='bbox 3452 2639 3580 2707; x_wconf 81' lang='grc'>(980)</span> <span class='ocrx_word' id='word_1_483' title='bbox 3609 2651 3781 2707; x_wconf 79' lang='lat' dir='ltr'>perna.</span> 
     </span>
    </p>
   </div>
   <div class='ocr_carea' id='block_1_72' title="bbox 2232 2722 3780 2795">
    <p class='ocr_par' dir='ltr' id='par_1_72' title="bbox 2232 2722 3780 2795">
     <span class='ocr_line' id='line_1_72' title="bbox 2232 2722 3780 2795; baseline 0.001 -20"><span class='ocrx_word' id='word_1_484' title='bbox 2232 2722 2403 2776; x_wconf 89' lang='lat' dir='ltr'>ctavit</span> <span class='ocrx_word' id='word_1_485' title='bbox 2431 2737 2683 2789; x_wconf 89' lang='lat' dir='ltr'>mecum,</span> <span class='ocrx_word' id='word_1_486' title='bbox 2714 2726 2771 2778; x_wconf 91' lang='lat' dir='ltr'>et</span> <span class='ocrx_word' id='word_1_487' title='bbox 2802 2740 2835 2778; x_wconf 87' lang='lat' dir='ltr'>a</span> <span class='ocrx_word' id='word_1_488' title='bbox 2866 2740 2959 2778; x_wconf 91' lang='lat' dir='ltr'>me</span> <span class='ocrx_word' id='word_1_489' title='bbox 2984 2724 3108 2778; x_wconf 69' lang='lat' dir='ltr'>haec</span> <span class='ocrx_word' id='word_1_490' title='bbox 3136 2725 3523 2795; x_wconf 87' lang='lat' dir='ltr'>comperiens,</span> <span class='ocrx_word' id='word_1_491' title='bbox 3543 2726 3671 2779; x_wconf 90' lang='lat' dir='ltr'>bene</span> <span class='ocrx_word' id='word_1_492' title='bbox 3707 2740 3780 2777; x_wconf 83' lang='lat' dir='ltr'>re-</span> 
     </span>
    </p>
   </div>
   <div class='ocr_carea' id='block_1_73' title="bbox 2233 2810 3782 2883">
    <p class='ocr_par' dir='ltr' id='par_1_73' title="bbox 2233 2810 3782 2883">
     <span class='ocr_line' id='line_1_73' title="bbox 2233 2810 3782 2883; baseline 0 -20"><span class='ocrx_word' id='word_1_493' title='bbox 2233 2810 2484 2881; x_wconf 87' lang='lat' dir='ltr'>spondit.</span> <span class='ocrx_word' id='word_1_494' title='bbox 2514 2812 2717 2866; x_wconf 88' lang='lat' dir='ltr'>Postea</span> <span class='ocrx_word' id='word_1_495' title='bbox 2745 2812 3229 2883; x_wconf 87' lang='lat' dir='ltr'>congregationes</span> <span class='ocrx_word' id='word_1_496' title='bbox 3247 2814 3449 2867; x_wconf 71' lang='lat' dir='ltr'>multa:</span> <span class='ocrx_word' id='word_1_497' title='bbox 3471 2813 3601 2867; x_wconf 88' lang='lat' dir='ltr'>mihi</span> <span class='ocrx_word' id='word_1_498' title='bbox 3622 2811 3683 2865; x_wconf 86' lang='lat' dir='ltr'>ad</span> <span class='ocrx_word' id='word_1_499' title='bbox 3706 2828 3782 2864; x_wconf 88' lang='lat' dir='ltr'>no-</span> 
     </span>
    </p>
   </div>
   <div class='ocr_carea' id='block_1_74' title="bbox 2232 2898 3781 2969">
    <p class='ocr_par' dir='ltr' id='par_1_74' title="bbox 2232 2898 3781 2969">
     <span class='ocr_line' id='line_1_74' title="bbox 2232 2898 3781 2969; baseline -0.001 -17"><span class='ocrx_word' id='word_1_500' title='bbox 2232 2899 2479 2953; x_wconf 88' lang='lat' dir='ltr'>cendum</span> <span class='ocrx_word' id='word_1_501' title='bbox 2513 2915 2546 2952; x_wconf 91' lang='lat' dir='ltr'>a</span> <span class='ocrx_word' id='word_1_502' title='bbox 2598 2899 2868 2969; x_wconf 91' lang='lat' dir='ltr'>predictis</span> <span class='ocrx_word' id='word_1_503' title='bbox 2905 2901 3246 2955; x_wconf 88' lang='lat' dir='ltr'>satellitibus</span> <span class='ocrx_word' id='word_1_504' title='bbox 3294 2902 3487 2968; x_wconf 66' lang='lat' dir='ltr'>factm,</span> <span class='ocrx_word' id='word_1_505' title='bbox 3540 2918 3571 2955; x_wconf 88' lang='lat' dir='ltr'>a</span> <span class='ocrx_word' id='word_1_506' title='bbox 3619 2898 3781 2954; x_wconf 82' lang='lat' dir='ltr'>nostris</span> 
     </span>
    </p>
   </div>
   <div class='ocr_carea' id='block_1_75' title="bbox 2232 2987 3776 3060">
    <p class='ocr_par' dir='ltr' id='par_1_75' title="bbox 2232 2987 3776 3060">
     <span class='ocr_line' id='line_1_75' title="bbox 2232 2987 3776 3060; baseline -0.001 -21"><span class='ocrx_word' id='word_1_507' title='bbox 2232 2987 2562 3041; x_wconf 90' lang='lat' dir='ltr'>custodibus</span> <span class='ocrx_word' id='word_1_508' title='bbox 2592 2987 2663 3041; x_wconf 92' lang='lat' dir='ltr'>ad</span> <span class='ocrx_word' id='word_1_509' title='bbox 2704 2990 2934 3058; x_wconf 88' lang='lat' dir='ltr'>tempus</span> <span class='ocrx_word' id='word_1_510' title='bbox 2964 2988 3183 3043; x_wconf 89' lang='lat' dir='ltr'>bonum</span> <span class='ocrx_word' id='word_1_511' title='bbox 3222 2993 3614 3060; x_wconf 66' lang='lat' dir='ltr'>preoccupataa</span> <span class='ocrx_word' id='word_1_512' title='bbox 3655 2991 3776 3040; x_wconf 85' lang='lat' dir='ltr'>sunt.</span> 
     </span>
    </p>
   </div>
   <div class='ocr_carea' id='block_1_76' title="bbox 2232 3065 3783 3146">
    <p class='ocr_par' dir='ltr' id='par_1_76' title="bbox 2232 3065 3783 3146">
     <span class='ocr_line' id='line_1_76' title="bbox 2232 3065 3783 3146; baseline 0.001 -18"><span class='ocrx_word' id='word_1_513' title='bbox 2232 3075 2469 3130; x_wconf 88' lang='lat' dir='ltr'>Interim</span> <span class='ocrx_word' id='word_1_514' title='bbox 2496 3082 2601 3142; x_wconf 86' lang='lat' dir='ltr'>(an.</span> <span class='ocrx_word' id='word_1_515' title='bbox 2626 3079 2781 3146; x_wconf 89' lang='grc'>1018,</span> <span class='ocrx_word' id='word_1_516' title='bbox 2812 3076 2958 3142; x_wconf 81' lang='lat' dir='ltr'>Mai)</span> <span class='ocrx_word' id='word_1_517' title='bbox 2981 3065 3260 3133; x_wconf 90' lang='lat' dir='ltr'>nuncium</span> <span class='ocrx_word' id='word_1_518' title='bbox 3286 3079 3535 3134; x_wconf 88' lang='lat' dir='ltr'>meimet</span> <span class='ocrx_word' id='word_1_519' title='bbox 3552 3077 3619 3132; x_wconf 87' lang='lat' dir='ltr'>ad</span> <span class='ocrx_word' id='word_1_520' title='bbox 3642 3077 3783 3145; x_wconf 89' lang='lat' dir='ltr'>impe-</span> 
     </span>
    </p>
   </div>
   <div class='ocr_carea' id='block_1_77' title="bbox 2231 3163 3783 3238">
    <p class='ocr_par' dir='ltr' id='par_1_77' title="bbox 2231 3163 3783 3238">
     <span class='ocr_line' id='line_1_77' title="bbox 2231 3163 3783 3238; baseline -0.003 -20"><span class='ocrx_word' id='word_1_521' title='bbox 2231 3165 2855 3235; x_wconf 83' lang='lat' dir='ltr'>ratoremMagontiam</span> <span class='ocrx_word' id='word_1_522' title='bbox 2882 3165 3034 3231; x_wconf 89' lang='lat' dir='ltr'>misi,</span> <span class='ocrx_word' id='word_1_523' title='bbox 3068 3182 3393 3237; x_wconf 88' lang='lat' dir='ltr'>pacemque</span> <span class='ocrx_word' id='word_1_524' title='bbox 3434 3168 3551 3238; x_wconf 85' lang='lat' dir='ltr'>ejus</span> <span class='ocrx_word' id='word_1_525' title='bbox 3599 3163 3783 3234; x_wconf 80' lang='lat' dir='ltr'>supplex</span> 
     </span>
    </p>
   </div>
   <div class='ocr_carea' id='block_1_78' title="bbox 2230 3250 3784 3324">
    <p class='ocr_par' dir='ltr' id='par_1_78' title="bbox 2230 3250 3784 3324">
     <span class='ocr_line' id='line_1_78' title="bbox 2230 3250 3784 3324; baseline 0.001 -20"><span class='ocrx_word' id='word_1_526' title='bbox 2230 3251 2290 3317; x_wconf 80' lang='lat' dir='ltr'>(f.</span> <span class='ocrx_word' id='word_1_527' title='bbox 2319 3253 2438 3311; x_wconf 91' lang='grc'>188)</span> <span class='ocrx_word' id='word_1_528' title='bbox 2460 3250 2627 3323; x_wconf 92' lang='lat' dir='ltr'>pecii.</span> <span class='ocrx_word' id='word_1_529' title='bbox 2653 3250 2840 3315; x_wconf 89' lang='lat' dir='ltr'>Quam</span> <span class='ocrx_word' id='word_1_530' title='bbox 2868 3268 3001 3307; x_wconf 92' lang='lat' dir='ltr'>cum</span> <span class='ocrx_word' id='word_1_531' title='bbox 3026 3254 3393 3309; x_wconf 84' lang='lat' dir='ltr'>Ekkihardus</span> <span class='ocrx_word' id='word_1_532' title='bbox 3440 3272 3507 3309; x_wconf 79' lang='lat' dir='ltr'>ex</span> <span class='ocrx_word' id='word_1_533' title='bbox 3541 3272 3632 3309; x_wconf 87' lang='lat' dir='ltr'>sua</span> <span class='ocrx_word' id='word_1_534' title='bbox 3662 3253 3784 3324; x_wconf 86' lang='lat' dir='ltr'>parte</span> 
     </span>
    </p>
   </div>
   <div class='ocr_carea' id='block_1_79' title="bbox 2229 3338 3785 3409">
    <p class='ocr_par' dir='ltr' id='par_1_79' title="bbox 2229 3338 3785 3409">
     <span class='ocr_line' id='line_1_79' title="bbox 2229 3338 3785 3409; baseline -0.001 -17"><span class='ocrx_word' id='word_1_535' title='bbox 2229 3338 2614 3409; x_wconf 90' lang='lat' dir='ltr'>promitteret,</span> <span class='ocrx_word' id='word_1_536' title='bbox 2638 3342 2697 3393; x_wconf 89' lang='lat' dir='ltr'>et</span> <span class='ocrx_word' id='word_1_537' title='bbox 2724 3340 2904 3394; x_wconf 85' lang='lat' dir='ltr'>frater</span> <span class='ocrx_word' id='word_1_538' title='bbox 2932 3358 3065 3396; x_wconf 88' lang='lat' dir='ltr'>suus</span> <span class='ocrx_word' id='word_1_539' title='bbox 3099 3341 3199 3395; x_wconf 91' lang='lat' dir='ltr'>diu</span> <span class='ocrx_word' id='word_1_540' title='bbox 3226 3358 3262 3396; x_wconf 92' lang='lat' dir='ltr'>a</span> <span class='ocrx_word' id='word_1_541' title='bbox 3301 3359 3401 3397; x_wconf 89' lang='lat' dir='ltr'>me</span> <span class='ocrx_word' id='word_1_542' title='bbox 3432 3342 3742 3397; x_wconf 86' lang='lat' dir='ltr'>desideratus</span> <span class='ocrx_word' id='word_1_543' title='bbox 3760 3353 3785 3390; x_wconf 89' lang='lat' dir='ltr'>a</span> 
     </span>
    </p>
   </div>
   <div class='ocr_carea' id='block_1_80' title="bbox 2230 3426 3785 3501">
    <p class='ocr_par' dir='ltr' id='par_1_80' title="bbox 2230 3426 3785 3501">
     <span class='ocr_line' id='line_1_80' title="bbox 2230 3426 3785 3501; baseline -0.001 -20"><span class='ocrx_word' id='word_1_544' title='bbox 2230 3427 2467 3482; x_wconf 90' lang='lat' dir='ltr'>Polenia</span> <span class='ocrx_word' id='word_1_545' title='bbox 2489 3426 2743 3495; x_wconf 87' lang='lat' dir='ltr'>veniens,</span> <span class='ocrx_word' id='word_1_546' title='bbox 2766 3427 3001 3483; x_wconf 85' lang='lat' dir='ltr'>dextera</span> <span class='ocrx_word' id='word_1_547' title='bbox 3018 3446 3197 3484; x_wconf 88' lang='lat' dir='ltr'>manu</span> <span class='ocrx_word' id='word_1_548' title='bbox 3214 3446 3317 3485; x_wconf 89' lang='lat' dir='ltr'>sua</span> <span class='ocrx_word' id='word_1_549' title='bbox 3338 3431 3572 3501; x_wconf 80' lang='lat' dir='ltr'>pacifica</span> <span class='ocrx_word' id='word_1_550' title='bbox 3588 3426 3785 3500; x_wconf 85' lang='lat' dir='ltr'>promit-</span> 
     </span>
    </p>
   </div>
   <div class='ocr_carea' id='block_1_81' title="bbox 2229 3516 3783 3587">
    <p class='ocr_par' dir='ltr' id='par_1_81' title="bbox 2229 3516 3783 3587">
     <span class='ocr_line' id='line_1_81' title="bbox 2229 3516 3783 3587; baseline -0.001 -17"><span class='ocrx_word' id='word_1_551' title='bbox 2229 3519 2397 3583; x_wconf 87' lang='lat' dir='ltr'>teret,</span> <span class='ocrx_word' id='word_1_552' title='bbox 2424 3519 2666 3587; x_wconf 85' lang='lat' dir='ltr'>uterque</span> <span class='ocrx_word' id='word_1_553' title='bbox 2696 3516 2847 3571; x_wconf 91' lang='lat' dir='ltr'>hanc</span> <span class='ocrx_word' id='word_1_554' title='bbox 2877 3534 2995 3572; x_wconf 90' lang='lat' dir='ltr'>non</span> <span class='ocrx_word' id='word_1_555' title='bbox 3045 3518 3195 3572; x_wconf 91' lang='lat' dir='ltr'>bene</span> <span class='ocrx_word' id='word_1_556' title='bbox 3250 3519 3524 3574; x_wconf 86' lang='lat' dir='ltr'>servavit.</span> <span class='ocrx_word' id='word_1_557' title='bbox 3577 3520 3783 3587; x_wconf 84' lang='lat' dir='ltr'>Namque</span> 
     </span>
    </p>
   </div>
   <div class='ocr_carea' id='block_1_82' title="bbox 2227 3604 3784 3677">
    <p class='ocr_par' dir='ltr' id='par_1_82' title="bbox 2227 3604 3784 3677">
     <span class='ocr_line' id='line_1_82' title="bbox 2227 3604 3784 3677; baseline -0.003 -17"><span class='ocrx_word' id='word_1_558' title='bbox 2227 3604 2496 3660; x_wconf 91' lang='lat' dir='ltr'>homines</span> <span class='ocrx_word' id='word_1_559' title='bbox 2511 3609 2541 3661; x_wconf 92' lang='lat'><strong><em>6</em></strong></span> <span class='ocrx_word' id='word_1_560' title='bbox 2553 3604 2829 3674; x_wconf 86' lang='lat' dir='ltr'>ﬂagellati</span> <span class='ocrx_word' id='word_1_561' title='bbox 2842 3620 2908 3659; x_wconf 91' lang='lat' dir='ltr'>ac</span> <span class='ocrx_word' id='word_1_562' title='bbox 2924 3604 3160 3675; x_wconf 90' lang='lat' dir='ltr'>depilati</span> <span class='ocrx_word' id='word_1_563' title='bbox 3189 3622 3325 3661; x_wconf 84' lang='lat' dir='ltr'>cum</span> <span class='ocrx_word' id='word_1_564' title='bbox 3346 3607 3581 3663; x_wconf 80' lang='lat' dir='ltr'>ediﬁciis</span> <span class='ocrx_word' id='word_1_565' title='bbox 3594 3605 3784 3677; x_wconf 86' lang='lat' dir='ltr'>turpiter</span> 
     </span>
    </p>
   </div>
   <div class='ocr_carea' id='block_1_83' title="bbox 2228 3690 3783 3766">
    <p class='ocr_par' dir='ltr' id='par_1_83' title="bbox 2228 3690 3783 3766">
     <span class='ocr_line' id='line_1_83' title="bbox 2228 3690 3783 3766; baseline -0.004 -19"><span class='ocrx_word' id='word_1_566' title='bbox 2228 3692 2506 3747; x_wconf 87' lang='lat' dir='ltr'>mutilatis</span> <span class='ocrx_word' id='word_1_567' title='bbox 2535 3694 2879 3765; x_wconf 86' lang='lat' dir='ltr'>approbant,</span> <span class='ocrx_word' id='word_1_568' title='bbox 2909 3694 3156 3766; x_wconf 90' lang='lat' dir='ltr'>qualiter</span> <span class='ocrx_word' id='word_1_569' title='bbox 3179 3694 3331 3749; x_wconf 90' lang='lat' dir='ltr'>tanti</span> <span class='ocrx_word' id='word_1_570' title='bbox 3351 3695 3601 3750; x_wconf 79' lang='lat' dir='ltr'>seniores</span> <span class='ocrx_word' id='word_1_571' title='bbox 3617 3694 3678 3748; x_wconf 85' lang='lat' dir='ltr'>ab</span> <span class='ocrx_word' id='word_1_572' title='bbox 3693 3690 3783 3745; x_wconf 80' lang='lat' dir='ltr'>aliis</span> 
     </span>
    </p>
   </div>
   <div class='ocr_carea' id='block_1_84' title="bbox 2226 3776 3783 3851">
    <p class='ocr_par' dir='ltr' id='par_1_84' title="bbox 2226 3776 3783 3851">
     <span class='ocr_line' id='line_1_84' title="bbox 2226 3776 3783 3851; baseline -0.003 -17"><span class='ocrx_word' id='word_1_573' title='bbox 2226 3780 2515 3851; x_wconf 88' lang='lat' dir='ltr'>precaveri</span> <span class='ocrx_word' id='word_1_574' title='bbox 2538 3779 2807 3835; x_wconf 88' lang='lat' dir='ltr'>debeant.</span> <span class='ocrx_word' id='word_1_575' title='bbox 2839 3779 3123 3836; x_wconf 90' lang='lat' dir='ltr'>Satellites</span> <span class='ocrx_word' id='word_1_576' title='bbox 3154 3798 3365 3837; x_wconf 87' lang='lat' dir='ltr'>eorum</span> <span class='ocrx_word' id='word_1_577' title='bbox 3402 3799 3563 3838; x_wconf 88' lang='lat' dir='ltr'>more</span> <span class='ocrx_word' id='word_1_578' title='bbox 3589 3780 3727 3837; x_wconf 87' lang='lat' dir='ltr'>solito</span> <span class='ocrx_word' id='word_1_579' title='bbox 3740 3776 3783 3831; x_wconf 88' lang='lat' dir='ltr'>in</span> 
     </span>
    </p>
   </div>
   <div class='ocr_carea' id='block_1_85' title="bbox 2228 3867 3783 3936">
    <p class='ocr_par' dir='ltr' id='par_1_85' title="bbox 2228 3867 3783 3936">
     <span class='ocr_line' id='line_1_85' title="bbox 2228 3867 3783 3936; baseline -0.003 -13"><span class='ocrx_word' id='word_1_580' title='bbox 2228 3885 2323 3923; x_wconf 91' lang='lat' dir='ltr'>me</span> <span class='ocrx_word' id='word_1_581' title='bbox 2354 3884 2472 3923; x_wconf 93' lang='lat' dir='ltr'>non</span> <span class='ocrx_word' id='word_1_582' title='bbox 2501 3868 2676 3923; x_wconf 90' lang='lat' dir='ltr'>modo</span> <span class='ocrx_word' id='word_1_583' title='bbox 2706 3885 2988 3936; x_wconf 84' lang='lat' dir='ltr'>exarsere,</span> <span class='ocrx_word' id='word_1_584' title='bbox 3022 3887 3221 3925; x_wconf 89' lang='lat' dir='ltr'>verum</span> <span class='ocrx_word' id='word_1_585' title='bbox 3254 3872 3435 3926; x_wconf 88' lang='lat' dir='ltr'>etiam</span> <span class='ocrx_word' id='word_1_586' title='bbox 3482 3872 3600 3927; x_wconf 85' lang='lat' dir='ltr'>aliis</span> <span class='ocrx_word' id='word_1_587' title='bbox 3634 3867 3783 3923; x_wconf 81' lang='lat' dir='ltr'>melio-</span> 
     </span>
    </p>
   </div>
   <div class='ocr_carea' id='block_1_86' title="bbox 2225 3955 3778 4028">
    <p class='ocr_par' dir='ltr' id='par_1_86' title="bbox 2225 3955 3778 4028">
     <span class='ocr_line' id='line_1_86' title="bbox 2225 3955 3778 4028; baseline -0.001 -18"><span class='ocrx_word' id='word_1_588' title='bbox 2225 3955 2384 4011; x_wconf 90' lang='lat' dir='ltr'>ribus</span> <span class='ocrx_word' id='word_1_589' title='bbox 2427 3972 2697 4011; x_wconf 89' lang='lat' dir='ltr'>nocuere.</span> <span class='ocrx_word' id='word_1_590' title='bbox 2729 3956 3236 4028; x_wconf 85' lang='lat' dir='ltr'>Arcbiepiscopum</span> <span class='ocrx_word' id='word_1_591' title='bbox 3280 3960 3503 4015; x_wconf 90' lang='lat' dir='ltr'>etenim</span> <span class='ocrx_word' id='word_1_592' title='bbox 3552 3959 3778 4013; x_wconf 86' lang='lat' dir='ltr'>Gerouem</span> 
     </span>
    </p>
   </div>
   <div class='ocr_carea' id='block_1_87' title="bbox 2225 4044 3779 4116">
    <p class='ocr_par' dir='ltr' id='par_1_87' title="bbox 2225 4044 3779 4116">
     <span class='ocr_line' id='line_1_87' title="bbox 2225 4044 3779 4116; baseline 0.001 -17"><span class='ocrx_word' id='word_1_593' title='bbox 2225 4044 2286 4099; x_wconf 93' lang='lat' dir='ltr'>in</span> <span class='ocrx_word' id='word_1_594' title='bbox 2310 4044 2551 4100; x_wconf 86' lang='lat' dir='ltr'>Wirbini</span> <span class='ocrx_word' id='word_1_595' title='bbox 2573 4048 2632 4099; x_wconf 91' lang='lat' dir='ltr'>et</span> <span class='ocrx_word' id='word_1_596' title='bbox 2653 4044 2931 4100; x_wconf 85' lang='lat' dir='ltr'>Sifridum</span> <span class='ocrx_word' id='word_1_597' title='bbox 2952 4045 3224 4101; x_wconf 90' lang='lat' dir='ltr'>comitem</span> <span class='ocrx_word' id='word_1_598' title='bbox 3267 4047 3329 4102; x_wconf 93' lang='lat' dir='ltr'>in</span> <span class='ocrx_word' id='word_1_599' title='bbox 3376 4048 3543 4103; x_wconf 84' lang='lat' dir='ltr'>Nicisi</span> <span class='ocrx_word' id='word_1_600' title='bbox 3572 4048 3691 4116; x_wconf 79' lang='grc'>(981)</span> <span class='ocrx_word' id='word_1_601' title='bbox 3713 4058 3779 4113; x_wconf 57' lang='grc' dir='ltr'>με’</span> 
     </span>
    </p>
   </div>
   <div class='ocr_carea' id='block_1_88' title="bbox 2224 4132 3714 4205">
    <p class='ocr_par' dir='ltr' id='par_1_88' title="bbox 2224 4132 3714 4205">
     <span class='ocr_line' id='line_1_88' title="bbox 2224 4132 3714 4205; baseline -0.002 -17"><span class='ocrx_word' id='word_1_602' title='bbox 2224 4132 2470 4200; x_wconf 89' lang='lat' dir='ltr'>cierunt,</span> <span class='ocrx_word' id='word_1_603' title='bbox 2501 4133 2635 4187; x_wconf 89' lang='lat' dir='ltr'>etin</span> <span class='ocrx_word' id='word_1_604' title='bbox 2664 4137 2949 4205; x_wconf 89' lang='lat' dir='ltr'>quantum</span> <span class='ocrx_word' id='word_1_605' title='bbox 2974 4133 3056 4188; x_wconf 91' lang='lat' dir='ltr'>eis</span> <span class='ocrx_word' id='word_1_606' title='bbox 3092 4134 3327 4204; x_wconf 88' lang='lat' dir='ltr'>placuit,</span> <span class='ocrx_word' id='word_1_607' title='bbox 3361 4136 3714 4191; x_wconf 85' lang='lat' dir='ltr'>abstulerunt.</span> 
     </span>
    </p>
   </div>
   <div class='ocr_carea' id='block_1_89' title="bbox 2297 4221 3782 4297">
    <p class='ocr_par' dir='ltr' id='par_1_89' title="bbox 2297 4221 3782 4297">
     <span class='ocr_line' id='line_1_89' title="bbox 2297 4221 3782 4297; baseline -0.002 -21"><span class='ocrx_word' id='word_1_608' title='bbox 2297 4226 2381 4276; x_wconf 93' lang='grc'><strong>11.</strong></span> <span class='ocrx_word' id='word_1_609' title='bbox 2403 4221 2685 4294; x_wconf 87' lang='lat' dir='ltr'>Superbia</span> <span class='ocrx_word' id='word_1_610' title='bbox 2715 4222 3013 4277; x_wconf 91' lang='lat' dir='ltr'>seniorum</span> <span class='ocrx_word' id='word_1_611' title='bbox 3064 4231 3159 4265; x_wconf 67' lang='lat' dir='ltr'>189i</span> <span class='ocrx_word' id='word_1_612' title='bbox 3193 4224 3437 4297; x_wconf 87' lang='lat' dir='ltr'>instigat</span> <span class='ocrx_word' id='word_1_613' title='bbox 3468 4226 3697 4279; x_wconf 83' lang='lat' dir='ltr'>furorem</span> <span class='ocrx_word' id='word_1_614' title='bbox 3719 4235 3782 4272; x_wconf 84' lang='lat' dir='ltr'>sa-</span> 
     </span>
    </p>
   </div>
   <div class='ocr_carea' id='block_1_90' title="bbox 2222 4308 3783 4385">
    <p class='ocr_par' dir='ltr' id='par_1_90' title="bbox 2222 4308 3783 4385">
     <span class='ocr_line' id='line_1_90' title="bbox 2222 4308 3783 4385; baseline -0.001 -21"><span class='ocrx_word' id='word_1_615' title='bbox 2222 4310 2492 4377; x_wconf 89' lang='lat' dir='ltr'>tellitum,</span> <span class='ocrx_word' id='word_1_616' title='bbox 2526 4314 2584 4365; x_wconf 91' lang='lat' dir='ltr'>et</span> <span class='ocrx_word' id='word_1_617' title='bbox 2613 4311 2749 4382; x_wconf 90' lang='lat' dir='ltr'>quia</span> <span class='ocrx_word' id='word_1_618' title='bbox 2768 4310 2878 4365; x_wconf 92' lang='lat' dir='ltr'>hiis</span> <span class='ocrx_word' id='word_1_619' title='bbox 2907 4311 3121 4365; x_wconf 82' lang='lat' dir='ltr'>sufﬁcit</span> <span class='ocrx_word' id='word_1_620' title='bbox 3148 4320 3265 4379; x_wconf 65' lang='grc' dir='ltr'>ηοξ,</span> <span class='ocrx_word' id='word_1_621' title='bbox 3304 4313 3542 4385; x_wconf 86' lang='lat' dir='ltr'>equales</span> <span class='ocrx_word' id='word_1_622' title='bbox 3564 4311 3658 4365; x_wconf 86' lang='lat' dir='ltr'>sibi</span> <span class='ocrx_word' id='word_1_623' title='bbox 3678 4308 3783 4362; x_wconf 77' lang='lat' dir='ltr'>alios</span> 
     </span>
    </p>
   </div>
   <div class='ocr_carea' id='block_1_91' title="bbox 519 4397 3783 4475">
    <p class='ocr_par' dir='ltr' id='par_1_91' title="bbox 519 4397 3783 4475">
     <span class='ocr_line' id='line_1_91' title="bbox 519 4397 3783 4475; baseline -0.002 -20"><span class='ocrx_word' id='word_1_624' title='bbox 519 4403 821 4455; x_wconf 83' lang='lat' dir='ltr'>mcritatem</span> <span class='ocrx_word' id='word_1_625' title='bbox 847 4401 1106 4472; x_wconf 85' lang='lat' dir='ltr'>aliquam,</span> <span class='ocrx_word' id='word_1_626' title='bbox 1132 4401 1221 4454; x_wconf 85' lang='lat' dir='ltr'>sed</span> <span class='ocrx_word' id='word_1_627' title='bbox 1240 4417 1404 4471; x_wconf 83' lang='lat' dir='ltr'>quam</span> <span class='ocrx_word' id='word_1_628' title='bbox 1429 4401 1671 4454; x_wconf 79' lang='lat' dir='ltr'>habuisse</span> <span class='ocrx_word' id='word_1_629' title='bbox 1691 4403 2018 4472; x_wconf 78' lang='lat' dir='ltr'>speravimus</span> <span class='ocrx_word' id='word_1_630' title='bbox 2030 4401 2123 4471; x_wconf 82' lang='lat' dir='ltr'>ju-</span> <span class='ocrx_word' id='word_1_631' title='bbox 2150 4416 2203 4475; x_wconf 84' lang='lat' dir='ltr'><strong>D</strong></span> <span class='ocrx_word' id='word_1_632' title='bbox 2222 4397 2281 4453; x_wconf 89' lang='lat' dir='ltr'>iu</span> <span class='ocrx_word' id='word_1_633' title='bbox 2302 4398 2682 4469; x_wconf 89' lang='lat' dir='ltr'>hiispartibus</span> <span class='ocrx_word' id='word_1_634' title='bbox 2702 4416 2823 4453; x_wconf 90' lang='lat' dir='ltr'>esse</span> <span class='ocrx_word' id='word_1_635' title='bbox 2841 4415 2957 4453; x_wconf 89' lang='lat' dir='ltr'>nou</span> <span class='ocrx_word' id='word_1_636' title='bbox 2976 4400 3283 4471; x_wconf 87' lang='lat' dir='ltr'>permittit.</span> <span class='ocrx_word' id='word_1_637' title='bbox 3316 4401 3380 4455; x_wconf 89' lang='lat' dir='ltr'>Si</span> <span class='ocrx_word' id='word_1_638' title='bbox 3400 4400 3599 4472; x_wconf 86' lang='lat' dir='ltr'>aliquis</span> <span class='ocrx_word' id='word_1_639' title='bbox 3618 4397 3783 4452; x_wconf 84' lang='lat' dir='ltr'>vicinus</span> 
     </span>
    </p>
   </div>
   <div class='ocr_carea' id='block_1_92' title="bbox 520 4489 2126 4559">
    <p class='ocr_par' dir='ltr' id='par_1_92' title="bbox 520 4489 2126 4559">
     <span class='ocr_line' id='line_1_92' title="bbox 520 4489 2126 4559; baseline 0.001 -18"><span class='ocrx_word' id='word_1_640' title='bbox 520 4491 756 4543; x_wconf 82' lang='lat' dir='ltr'>sticiam.</span> <span class='ocrx_word' id='word_1_641' title='bbox 787 4489 953 4544; x_wconf 88' lang='lat' dir='ltr'>Nunc</span> <span class='ocrx_word' id='word_1_642' title='bbox 985 4497 1163 4543; x_wconf 87' lang='lat' dir='ltr'>autem</span> <span class='ocrx_word' id='word_1_643' title='bbox 1192 4489 1247 4542; x_wconf 87' lang='lat' dir='ltr'>id</span> <span class='ocrx_word' id='word_1_644' title='bbox 1264 4491 1595 4543; x_wconf 77' lang='lat' dir='ltr'>omittamus.</span> <span class='ocrx_word' id='word_1_645' title='bbox 1636 4491 1759 4543; x_wconf 87' lang='lat' dir='ltr'>Non</span> <span class='ocrx_word' id='word_1_646' title='bbox 1791 4490 1965 4559; x_wconf 86' lang='lat' dir='ltr'>longe</span> <span class='ocrx_word' id='word_1_647' title='bbox 1995 4492 2126 4559; x_wconf 91' lang='lat' dir='ltr'>post</span> 
     </span>
    </p>
   </div>
   <div class='ocr_carea' id='block_1_93' title="bbox 520 4577 2124 4650">
    <p class='ocr_par' dir='ltr' id='par_1_93' title="bbox 520 4577 2124 4650">
     <span class='ocr_line' id='line_1_93' title="bbox 520 4577 2124 4650; baseline 0 -19"><span class='ocrx_word' id='word_1_648' title='bbox 520 4577 879 4632; x_wconf 84' lang='lat' dir='ltr'>Ekkihardus</span> <span class='ocrx_word' id='word_1_649' title='bbox 886 4579 1130 4650; x_wconf 90' lang='lat' dir='ltr'>juvenis,</span> <span class='ocrx_word' id='word_1_650' title='bbox 1146 4596 1211 4633; x_wconf 87' lang='lat' dir='ltr'>ac</span> <span class='ocrx_word' id='word_1_651' title='bbox 1232 4578 1360 4633; x_wconf 91' lang='lat' dir='ltr'>ideo</span> <span class='ocrx_word' id='word_1_652' title='bbox 1374 4577 1765 4647; x_wconf 90' lang='lat' dir='ltr'>inmaturis,in</span> <span class='ocrx_word' id='word_1_653' title='bbox 1788 4578 2124 4649; x_wconf 87' lang='lat' dir='ltr'>burgwardo</span> 
     </span>
    </p>
   </div>
   <div class='ocr_carea' id='block_1_94' title="bbox 2224 4487 3781 4560">
    <p class='ocr_par' dir='ltr' id='par_1_94' title="bbox 2224 4487 3781 4560">
     <span class='ocr_line' id='line_1_94' title="bbox 2224 4487 3781 4560; baseline -0.003 -19"><span class='ocrx_word' id='word_1_654' title='bbox 2224 4503 2342 4541; x_wconf 90' lang='lat' dir='ltr'>non</span> <span class='ocrx_word' id='word_1_655' title='bbox 2359 4491 2566 4559; x_wconf 90' lang='lat' dir='ltr'>sponte</span> <span class='ocrx_word' id='word_1_656' title='bbox 2583 4504 2685 4541; x_wconf 89' lang='lat' dir='ltr'>sua</span> <span class='ocrx_word' id='word_1_657' title='bbox 2697 4504 2834 4558; x_wconf 84' lang='lat' dir='ltr'>erga</span> <span class='ocrx_word' id='word_1_658' title='bbox 2853 4504 2951 4542; x_wconf 89' lang='lat' dir='ltr'>eos</span> <span class='ocrx_word' id='word_1_659' title='bbox 2972 4505 3039 4541; x_wconf 81' lang='lat' dir='ltr'>ex</span> <span class='ocrx_word' id='word_1_660' title='bbox 3063 4488 3381 4560; x_wconf 90' lang='lat' dir='ltr'>improviso</span> <span class='ocrx_word' id='word_1_661' title='bbox 3409 4487 3781 4559; x_wconf 85' lang='lat' dir='ltr'>delinquit,non</span> 
     </span>
    </p>
   </div>
   <div class='ocr_carea' id='block_1_95' title="bbox 2226 4576 3781 4651">
    <p class='ocr_par' dir='ltr' id='par_1_95' title="bbox 2226 4576 3781 4651">
     <span class='ocr_line' id='line_1_95' title="bbox 2226 4576 3781 4651; baseline 0.003 -20"><span class='ocrx_word' id='word_1_662' title='bbox 2226 4580 2311 4631; x_wconf 89' lang='lat' dir='ltr'>est</span> <span class='ocrx_word' id='word_1_663' title='bbox 2339 4576 2422 4630; x_wconf 91' lang='lat' dir='ltr'>eis</span> <span class='ocrx_word' id='word_1_664' title='bbox 2468 4576 2806 4631; x_wconf 89' lang='lat' dir='ltr'>emendacio</span> <span class='ocrx_word' id='word_1_665' title='bbox 2846 4576 3139 4647; x_wconf 87' lang='lat' dir='ltr'>condigna</span> <span class='ocrx_word' id='word_1_666' title='bbox 3182 4578 3574 4651; x_wconf 89' lang='lat' dir='ltr'>acceptabilis,</span> <span class='ocrx_word' id='word_1_667' title='bbox 3612 4578 3663 4631; x_wconf 91' lang='lat' dir='ltr'>et</span> <span class='ocrx_word' id='word_1_668' title='bbox 3683 4584 3781 4645; x_wconf 75' lang='grc' dir='ltr'>ροει</span> 
     </span>
    </p>
   </div>
   <div class='ocr_carea' id='block_1_96' title="bbox 1837 4673 2496 4730">
    <p class='ocr_par' dir='ltr' id='par_1_96' title="bbox 1837 4673 2496 4730">
     <span class='ocr_line' id='line_1_96' title="bbox 1837 4673 2496 4730; baseline -0.005 0"><span class='ocrx_word' id='word_1_669' title='bbox 1837 4676 2069 4730; x_wconf 62' lang='grc' dir='ltr'>νΑΒΙΑς</span> <span class='ocrx_word' id='word_1_670' title='bbox 2100 4673 2496 4729; x_wconf 84' lang='lat' dir='ltr'>LECTIONES.</span> 
     </span>
    </p>
   </div>
   <div class='ocr_carea' id='block_1_97' title="bbox 594 4737 3778 4819">
    <p class='ocr_par' dir='ltr' id='par_1_97' title="bbox 594 4737 3778 4819">
     <span class='ocr_line' id='line_1_97' title="bbox 594 4737 3778 4819; baseline 0.001 -19"><span class='ocrx_word' id='word_1_671' title='bbox 594 4753 696 4819; x_wconf 20' lang='grc'>18⁷⁸.</span> <span class='ocrx_word' id='word_1_672' title='bbox 714 4749 771 4801; x_wconf 75' lang='lat' dir='ltr'>in</span> <span class='ocrx_word' id='word_1_673' title='bbox 794 4747 901 4802; x_wconf 90' lang='lat' dir='ltr'>loco</span> <span class='ocrx_word' id='word_1_674' title='bbox 930 4764 1055 4802; x_wconf 83' lang='lat' dir='ltr'>raso</span> <span class='ocrx_word' id='word_1_675' title='bbox 1093 4747 1175 4819; x_wconf 61' lang='lat' dir='ltr'>to.</span> <span class='ocrx_word' id='word_1_676' title='bbox 1254 4756 1347 4791; x_wconf 73' lang='lat'><strong>1879</strong></span> <span class='ocrx_word' id='word_1_677' title='bbox 1376 4751 1617 4819; x_wconf 87' lang='lat' dir='ltr'>exgente</span> <span class='ocrx_word' id='word_1_678' title='bbox 1650 4750 1691 4802; x_wconf 93' lang='lat' dir='ltr'>t.</span> <span class='ocrx_word' id='word_1_679' title='bbox 1769 4756 1862 4789; x_wconf 76' lang='grc'><strong>1⁸⁸0</strong></span> <span class='ocrx_word' id='word_1_680' title='bbox 1892 4764 1957 4801; x_wconf 86' lang='lat' dir='ltr'>ac</span> <span class='ocrx_word' id='word_1_681' title='bbox 1988 4746 2143 4819; x_wconf 86' lang='lat' dir='ltr'>mihi</span> <span class='ocrx_word' id='word_1_682' title='bbox 2161 4746 2286 4819; x_wconf 80' lang='lat' dir='ltr'>add.</span> <span class='ocrx_word' id='word_1_683' title='bbox 2325 4745 2406 4819; x_wconf 14' lang='lat' dir='ltr'>l‘b.</span> <span class='ocrx_word' id='word_1_684' title='bbox 2478 4752 2579 4819; x_wconf 48' lang='lat'>3881</span> <span class='ocrx_word' id='word_1_685' title='bbox 2611 4744 2729 4799; x_wconf 87' lang='lat' dir='ltr'>ath.</span> <span class='ocrx_word' id='word_1_686' title='bbox 2768 4745 2868 4802; x_wconf 85' lang='lat' dir='ltr'>lc?</span> <span class='ocrx_word' id='word_1_687' title='bbox 2943 4753 3037 4788; x_wconf 72' lang='grc'>18³⁸</span> <span class='ocrx_word' id='word_1_688' title='bbox 3065 4746 3268 4801; x_wconf 84' lang='lat' dir='ltr'>servile</span> <span class='ocrx_word' id='word_1_689' title='bbox 3305 4751 3392 4802; x_wconf 79' lang='lat' dir='ltr'>la.</span> <span class='ocrx_word' id='word_1_690' title='bbox 3474 4754 3564 4789; x_wconf 65' lang='lat'>188&#39;</span> <span class='ocrx_word' id='word_1_691' title='bbox 3717 4737 3778 4793; x_wconf 66' lang='lat' dir='ltr'>lb-</span> 
     </span>
    </p>
   </div>
   <div class='ocr_carea' id='block_1_98' title="bbox 520 4810 3777 4888">
    <p class='ocr_par' dir='ltr' id='par_1_98' title="bbox 520 4810 3777 4888">
     <span class='ocr_line' id='line_1_98' title="bbox 520 4810 3777 4888; baseline -0.003 -17"><span class='ocrx_word' id='word_1_692' title='bbox 520 4825 614 4859; x_wconf 74' lang='grc' dir='ltr'>ίεδι</span> <span class='ocrx_word' id='word_1_693' title='bbox 642 4817 906 4872; x_wconf 84' lang='lat' dir='ltr'>alterumi</span> <span class='ocrx_word' id='word_1_694' title='bbox 937 4810 1151 4875; x_wconf 63' lang='lat' dir='ltr'>erasum</span> <span class='ocrx_word' id='word_1_695' title='bbox 1183 4824 1232 4873; x_wconf 91' lang='grc'>1.</span> <span class='ocrx_word' id='word_1_696' title='bbox 1312 4827 1405 4861; x_wconf 67' lang='grc'>188⁸</span> <span class='ocrx_word' id='word_1_697' title='bbox 1436 4810 1739 4874; x_wconf 69' lang='grc' dir='ltr'>ἷουὴθιὶηιί</span> <span class='ocrx_word' id='word_1_698' title='bbox 1770 4825 1828 4872; x_wconf 81' lang='lat' dir='ltr'>ut</span> <span class='ocrx_word' id='word_1_699' title='bbox 1857 4820 2003 4888; x_wconf 77' lang='lat' dir='ltr'>infra</span> <span class='ocrx_word' id='word_1_700' title='bbox 2033 4816 2355 4873; x_wconf 88' lang='lat' dir='ltr'>roehelenzi</span> <span class='ocrx_word' id='word_1_701' title='bbox 2385 4819 2432 4869; x_wconf 95' lang='grc'>1.</span> <span class='ocrx_word' id='word_1_702' title='bbox 2469 4815 2624 4870; x_wconf 77' lang='lat' dir='ltr'>litera</span> <span class='ocrx_word' id='word_1_703' title='bbox 2668 4833 2703 4869; x_wconf 94' lang='lat' dir='ltr'>n</span> <span class='ocrx_word' id='word_1_704' title='bbox 2745 4819 2801 4869; x_wconf 89' lang='lat' dir='ltr'>in</span> <span class='ocrx_word' id='word_1_705' title='bbox 2823 4823 3061 4888; x_wconf 78' lang='lat' dir='ltr'>utroque</span> <span class='ocrx_word' id='word_1_706' title='bbox 3087 4835 3260 4873; x_wconf 83' lang='lat' dir='ltr'>erasa.</span> <span class='ocrx_word' id='word_1_707' title='bbox 3340 4827 3437 4861; x_wconf 74' lang='grc' dir='ltr'>ιεθσ</span> <span class='ocrx_word' id='word_1_708' title='bbox 3462 4814 3777 4888; x_wconf 57' lang='grc' dir='ltr'>οοηγὶηοίιιῐιτ</span> 
     </span>
    </p>
   </div>
   <div class='ocr_carea' id='block_1_99' title="bbox 516 4892 696 4946">
    <p class='ocr_par' dir='ltr' id='par_1_99' title="bbox 516 4892 696 4946">
     <span class='ocr_line' id='line_1_99' title="bbox 516 4892 696 4946; baseline 0.017 -4"><span class='ocrx_word' id='word_1_709' title='bbox 516 4892 611 4943; x_wconf 90' lang='lat' dir='ltr'>tur</span> <span class='ocrx_word' id='word_1_710' title='bbox 647 4892 696 4946; x_wconf 85' lang='lat' dir='ltr'>l.</span> 
     </span>
    </p>
   </div>
   <div class='ocr_carea' id='block_1_100' title="bbox 810 4888 2388 4962">
    <p class='ocr_par' dir='ltr' id='par_1_100' title="bbox 810 4888 2388 4962">
     <span class='ocr_line' id='line_1_100' title="bbox 810 4888 2388 4962; baseline 0.001 -19"><span class='ocrx_word' id='word_1_711' title='bbox 810 4897 903 4932; x_wconf 70' lang='lat'>1887</span> <span class='ocrx_word' id='word_1_712' title='bbox 934 4891 1176 4945; x_wconf 87' lang='lat' dir='ltr'>fratrem</span> <span class='ocrx_word' id='word_1_713' title='bbox 1207 4891 1349 4962; x_wconf 90' lang='lat' dir='ltr'>ejus,</span> <span class='ocrx_word' id='word_1_714' title='bbox 1381 4908 1523 4945; x_wconf 80' lang='lat' dir='ltr'>nunc</span> <span class='ocrx_word' id='word_1_715' title='bbox 1551 4906 1760 4945; x_wconf 78' lang='lat' dir='ltr'>erasum</span> <span class='ocrx_word' id='word_1_716' title='bbox 1812 4892 1888 4962; x_wconf 14' lang='lat' dir='ltr'>in,</span> <span class='ocrx_word' id='word_1_717' title='bbox 1909 4890 2024 4962; x_wconf 83' lang='lat' dir='ltr'>cod.</span> <span class='ocrx_word' id='word_1_718' title='bbox 2078 4892 2127 4943; x_wconf 92' lang='grc'>1.</span> <span class='ocrx_word' id='word_1_719' title='bbox 2162 4888 2308 4962; x_wconf 59' lang='lat' dir='ltr'>adest</span> <span class='ocrx_word' id='word_1_720' title='bbox 2334 4892 2388 4945; x_wconf 82' lang='lat'>2.</span> 
     </span>
    </p>
   </div>
   <div class='ocr_carea' id='block_1_101' title="bbox 2503 4895 2597 4930">
    <p class='ocr_par' dir='ltr' id='par_1_101' title="bbox 2503 4895 2597 4930">
     <span class='ocr_line' id='line_1_101' title="bbox 2503 4895 2597 4930; baseline -0.011 0"><span class='ocrx_word' id='word_1_721' title='bbox 2503 4895 2597 4930; x_wconf 85' lang='grc'>1888</span> 
     </span>
    </p>
   </div>
   <div class='ocr_carea' id='block_1_102' title="bbox 2623 4884 3778 4962">
    <p class='ocr_par' dir='ltr' id='par_1_102' title="bbox 2623 4884 3778 4962">
     <span class='ocr_line' id='line_1_102' title="bbox 2623 4884 3778 4962; baseline -0.009 -20"><span class='ocrx_word' id='word_1_722' title='bbox 2623 4903 2734 4959; x_wconf 91' lang='lat' dir='ltr'>que</span> <span class='ocrx_word' id='word_1_723' title='bbox 2762 4887 2888 4943; x_wconf 90' lang='lat' dir='ltr'>add.</span> <span class='ocrx_word' id='word_1_724' title='bbox 2921 4884 3005 4944; x_wconf 79' lang='grc'><strong>16.</strong></span> <span class='ocrx_word' id='word_1_725' title='bbox 3119 4897 3211 4931; x_wconf 73' lang='lat'>1889</span> <span class='ocrx_word' id='word_1_726' title='bbox 3241 4889 3496 4962; x_wconf 81' lang='lat' dir='ltr'>obstipui</span> <span class='ocrx_word' id='word_1_727' title='bbox 3528 4893 3548 4943; x_wconf 92' lang='grc'><strong>1</strong></span> <span class='ocrx_word' id='word_1_728' title='bbox 3585 4894 3666 4929; x_wconf 65' lang='lat' dir='ltr'>mo</span> <span class='ocrx_word' id='word_1_729' title='bbox 3691 4899 3720 4936; x_wconf 90' lang='lat' dir='ltr'>n</span> <span class='ocrx_word' id='word_1_730' title='bbox 3741 4884 3778 4931; x_wconf 76' lang='lat' dir='ltr'>et</span> 
     </span>
    </p>
   </div>
   <div class='ocr_carea' id='block_1_103' title="bbox 514 4958 2423 5018">
    <p class='ocr_par' dir='ltr' id='par_1_103' title="bbox 514 4958 2423 5018">
     <span class='ocr_line' id='line_1_103' title="bbox 514 4958 2423 5018; baseline 0.001 -5"><span class='ocrx_word' id='word_1_731' title='bbox 514 4960 764 5015; x_wconf 77' lang='lat' dir='ltr'>ultimum</span> <span class='ocrx_word' id='word_1_732' title='bbox 790 4960 807 5015; x_wconf 92' lang='lat' dir='ltr'>i</span> <span class='ocrx_word' id='word_1_733' title='bbox 835 4979 1061 5018; x_wconf 87' lang='lat' dir='ltr'>erasum.</span> <span class='ocrx_word' id='word_1_734' title='bbox 1142 4958 1560 5018; x_wconf 55' lang='lat' dir='ltr'>um&#39;servorum</span> <span class='ocrx_word' id='word_1_735' title='bbox 1593 4965 1678 5018; x_wconf 79' lang='lat' dir='ltr'>la.</span> <span class='ocrx_word' id='word_1_736' title='bbox 1757 4969 1852 5004; x_wconf 71' lang='lat' dir='ltr'>1m</span> <span class='ocrx_word' id='word_1_737' title='bbox 1876 4961 1964 5015; x_wconf 91' lang='lat' dir='ltr'>his</span> <span class='ocrx_word' id='word_1_738' title='bbox 1988 4978 2107 5016; x_wconf 93' lang='lat' dir='ltr'>non</span> <span class='ocrx_word' id='word_1_739' title='bbox 2131 4958 2340 5015; x_wconf 79' lang='lat' dir='ltr'>sufﬁcit</span> <span class='ocrx_word' id='word_1_740' title='bbox 2370 4962 2423 5015; x_wconf 75' lang='grc'><strong>2.</strong></span> 
     </span>
    </p>
   </div>
   <div class='ocr_carea' id='block_1_104' title="bbox 2051 5049 2279 5104">
    <p class='ocr_par' dir='ltr' id='par_1_104' title="bbox 2051 5049 2279 5104">
     <span class='ocr_line' id='line_1_104' title="bbox 2051 5049 2279 5104; baseline -0.009 -1"><span class='ocrx_word' id='word_1_741' title='bbox 2051 5049 2279 5104; x_wconf 66' lang='grc' dir='ltr'>ΝΟΤᾸΕ.</span> 
     </span>
    </p>
   </div>
   <div class='ocr_carea' id='block_1_105' title="bbox 584 5137 2115 5211">
    <p class='ocr_par' dir='ltr' id='par_1_105' title="bbox 584 5137 2115 5211">
     <span class='ocr_line' id='line_1_105' title="bbox 584 5137 2115 5211; baseline -0.001 -18"><span class='ocrx_word' id='word_1_742' title='bbox 584 5137 728 5211; x_wconf 88' lang='grc'>(977)</span> <span class='ocrx_word' id='word_1_743' title='bbox 757 5139 820 5194; x_wconf 85' lang='lat' dir='ltr'>V.</span> <span class='ocrx_word' id='word_1_744' title='bbox 855 5138 1135 5211; x_wconf 8' lang='lat' dir='ltr'>Chartam,</span> <span class='ocrx_word' id='word_1_745' title='bbox 1165 5138 1550 5211; x_wconf 90' lang='lat' dir='ltr'>imperatoris,</span> <span class='ocrx_word' id='word_1_746' title='bbox 1603 5154 1655 5194; x_wconf 89' lang='lat' dir='ltr'>a.</span> <span class='ocrx_word' id='word_1_747' title='bbox 1689 5141 1991 5211; x_wconf 12' lang='lat' dir='ltr'>9774,7AA7ug.</span> <span class='ocrx_word' id='word_1_748' title='bbox 2028 5141 2115 5211; x_wconf 82' lang='lat'>30.</span> 
     </span>
    </p>
   </div>
   <div class='ocr_carea' id='block_1_106' title="bbox 580 5209 2123 5283">
    <p class='ocr_par' dir='ltr' id='par_1_106' title="bbox 580 5209 2123 5283">
     <span class='ocr_line' id='line_1_106' title="bbox 580 5209 2123 5283; baseline -0.003 -16"><span class='ocrx_word' id='word_1_749' title='bbox 580 5209 733 5283; x_wconf 86' lang='lat'><strong>(978)</strong></span> <span class='ocrx_word' id='word_1_750' title='bbox 756 5212 942 5283; x_wconf 85' lang='lat' dir='ltr'>Pagus</span> <span class='ocrx_word' id='word_1_751' title='bbox 969 5210 1206 5283; x_wconf 88' lang='lat' dir='ltr'>Teitzig,</span> <span class='ocrx_word' id='word_1_752' title='bbox 1238 5209 1596 5266; x_wconf 81' lang='lat' dir='ltr'>Rochlicium</span> <span class='ocrx_word' id='word_1_753' title='bbox 1614 5212 1672 5264; x_wconf 90' lang='lat' dir='ltr'>et</span> <span class='ocrx_word' id='word_1_754' title='bbox 1692 5209 2004 5265; x_wconf 86' lang='lat' dir='ltr'>Colditium</span> <span class='ocrx_word' id='word_1_755' title='bbox 2033 5209 2123 5264; x_wconf 85' lang='lat' dir='ltr'>in-</span> 
     </span>
    </p>
   </div>
   <div class='ocr_carea' id='block_1_107' title="bbox 510 5282 973 5351">
    <p class='ocr_par' dir='ltr' id='par_1_107' title="bbox 510 5282 973 5351">
     <span class='ocr_line' id='line_1_107' title="bbox 510 5282 973 5351; baseline 0.004 -17"><span class='ocrx_word' id='word_1_756' title='bbox 510 5282 813 5351; x_wconf 88' lang='lat' dir='ltr'>terjacens.</span> <span class='ocrx_word' id='word_1_757' title='bbox 844 5282 973 5336; x_wconf 80' lang='lat' dir='ltr'>Uas.</span> 
     </span>
    </p>
   </div>
   <div class='ocr_carea' id='block_1_108' title="bbox 582 5350 2113 5426">
    <p class='ocr_par' dir='ltr' id='par_1_108' title="bbox 582 5350 2113 5426">
     <span class='ocr_line' id='line_1_108' title="bbox 582 5350 2113 5426; baseline -0.001 -19"><span class='ocrx_word' id='word_1_758' title='bbox 582 5350 726 5426; x_wconf 75' lang='grc'>(979)</span> <span class='ocrx_word' id='word_1_759' title='bbox 752 5353 927 5408; x_wconf 86' lang='lat' dir='ltr'>Hodie</span> <span class='ocrx_word' id='word_1_760' title='bbox 959 5356 1192 5426; x_wconf 80' lang='lat' dir='ltr'>vocatur</span> <span class='ocrx_word' id='word_1_761' title='bbox 1241 5353 1495 5426; x_wconf 87' lang='lat' dir='ltr'>Kobren,</span> <span class='ocrx_word' id='word_1_762' title='bbox 1540 5367 1783 5426; x_wconf 79' lang='lat' dir='ltr'>parvum</span> <span class='ocrx_word' id='word_1_763' title='bbox 1835 5350 2113 5423; x_wconf 92' lang='lat' dir='ltr'>oppidum</span> 
     </span>
    </p>
   </div>
   <div class='ocr_carea' id='block_1_109' title="bbox 504 5423 1677 5480">
    <p class='ocr_par' dir='ltr' id='par_1_109' title="bbox 504 5423 1677 5480">
     <span class='ocr_line' id='line_1_109' title="bbox 504 5423 1677 5480; baseline 0.002 -5"><span class='ocrx_word' id='word_1_764' title='bbox 504 5423 734 5478; x_wconf 87' lang='lat' dir='ltr'>modico</span> <span class='ocrx_word' id='word_1_765' title='bbox 756 5425 827 5479; x_wconf 89' lang='lat' dir='ltr'>ab</span> <span class='ocrx_word' id='word_1_766' title='bbox 859 5424 1142 5480; x_wconf 83' lang='lat' dir='ltr'>Rochlitio</span> <span class='ocrx_word' id='word_1_767' title='bbox 1178 5423 1503 5478; x_wconf 91' lang='lat' dir='ltr'>intervallo.</span> <span class='ocrx_word' id='word_1_768' title='bbox 1542 5423 1677 5477; x_wconf 80' lang='lat' dir='ltr'>Uas.</span> 
     </span>
    </p>
   </div>
   <div class='ocr_carea' id='block_1_110' title="bbox 575 5491 2114 5564">
    <p class='ocr_par' dir='ltr' id='par_1_110' title="bbox 575 5491 2114 5564">
     <span class='ocr_line' id='line_1_110' title="bbox 575 5491 2114 5564; baseline 0 -17"><span class='ocrx_word' id='word_1_769' title='bbox 575 5497 724 5564; x_wconf 82' lang='grc'>(980)</span> <span class='ocrx_word' id='word_1_770' title='bbox 754 5495 804 5548; x_wconf 89' lang='lat' dir='ltr'>Is</span> <span class='ocrx_word' id='word_1_771' title='bbox 841 5499 965 5549; x_wconf 88' lang='lat' dir='ltr'>erat</span> <span class='ocrx_word' id='word_1_772' title='bbox 993 5496 1369 5563; x_wconf 87' lang='lat' dir='ltr'>Guentberus,</span> <span class='ocrx_word' id='word_1_773' title='bbox 1411 5493 1728 5549; x_wconf 86' lang='lat' dir='ltr'>Hermanni</span> <span class='ocrx_word' id='word_1_774' title='bbox 1777 5496 1835 5547; x_wconf 91' lang='lat' dir='ltr'>et</span> <span class='ocrx_word' id='word_1_775' title='bbox 1872 5491 2114 5548; x_wconf 90' lang='lat' dir='ltr'>Eccardi</span> 
     </span>
    </p>
   </div>
   <div class='ocr_carea' id='block_1_111' title="bbox 503 5563 2115 5638">
    <p class='ocr_par' dir='ltr' id='par_1_111' title="bbox 503 5563 2115 5638">
     <span class='ocr_line' id='line_1_111' title="bbox 503 5563 2115 5638; baseline 0 -20"><span class='ocrx_word' id='word_1_776' title='bbox 503 5563 910 5621; x_wconf 88' lang='lat' dir='ltr'>marcbionum</span> <span class='ocrx_word' id='word_1_777' title='bbox 930 5582 1263 5638; x_wconf 88' lang='lat' dir='ltr'>germanus,</span> <span class='ocrx_word' id='word_1_778' title='bbox 1304 5567 1559 5638; x_wconf 19' lang='lat' dir='ltr'>abnann.</span> <span class='ocrx_word' id='word_1_779' title='bbox 1608 5564 1744 5638; x_wconf 87' lang='grc'>1008</span> <span class='ocrx_word' id='word_1_780' title='bbox 1800 5581 1978 5638; x_wconf 82' lang='lat' dir='ltr'>usque</span> <span class='ocrx_word' id='word_1_781' title='bbox 2039 5563 2115 5638; x_wconf 89' lang='lat' dir='ltr'>ad</span> 
     </span>
    </p>
   </div>
   <div class='ocr_carea' id='block_1_112' title="bbox 502 5635 2115 5708">
    <p class='ocr_par' dir='ltr' id='par_1_112' title="bbox 502 5635 2115 5708">
     <span class='ocr_line' id='line_1_112' title="bbox 502 5635 2115 5708; baseline 0.001 -16"><span class='ocrx_word' id='word_1_782' title='bbox 502 5650 642 5692; x_wconf 84' lang='lat' dir='ltr'>ann.</span> <span class='ocrx_word' id='word_1_783' title='bbox 677 5638 814 5693; x_wconf 78' lang='grc'>1024</span> <span class='ocrx_word' id='word_1_784' title='bbox 850 5635 1062 5694; x_wconf 83' lang='lat' dir='ltr'>munus</span> <span class='ocrx_word' id='word_1_785' title='bbox 1084 5636 1413 5696; x_wconf 87' lang='lat' dir='ltr'>cancellarii</span> <span class='ocrx_word' id='word_1_786' title='bbox 1451 5636 1681 5695; x_wconf 65' lang='lat' dir='ltr'>cesarei</span> <span class='ocrx_word' id='word_1_787' title='bbox 1723 5635 2017 5708; x_wconf 81' lang='lat' dir='ltr'>sustinuit,</span> <span class='ocrx_word' id='word_1_788' title='bbox 2055 5636 2115 5693; x_wconf 86' lang='lat' dir='ltr'>et</span> 
     </span>
    </p>
   </div>
   <div class='ocr_carea' id='block_1_113' title="bbox 3394 5132 3777 5205">
    <p class='ocr_par' dir='ltr' id='par_1_113' title="bbox 3394 5132 3777 5205">
     <span class='ocr_line' id='line_1_113' title="bbox 3394 5132 3777 5205; baseline -0.023 -12"><span class='ocrx_word' id='word_1_789' title='bbox 3394 5153 3557 5193; x_wconf 87' lang='lat' dir='ltr'>nsem</span> <span class='ocrx_word' id='word_1_790' title='bbox 3583 5132 3777 5205; x_wconf 82' lang='lat' dir='ltr'>adeptus</span> 
     </span>
    </p>
   </div>
   <div class='ocr_carea' id='block_1_114' title="bbox 2219 5134 3314 5208">
    <p class='ocr_par' dir='ltr' id='par_1_114' title="bbox 2219 5134 3314 5208">
     <span class='ocr_line' id='line_1_114' title="bbox 2219 5134 3314 5208; baseline 0.004 -19"><span class='ocrx_word' id='word_1_791' title='bbox 2219 5138 2419 5208; x_wconf 90' lang='lat' dir='ltr'>postea</span> <span class='ocrx_word' id='word_1_792' title='bbox 2458 5134 3015 5208; x_wconf 88' lang='lat' dir='ltr'>archiepiscopatum</span> <span class='ocrx_word' id='word_1_793' title='bbox 3058 5136 3314 5193; x_wconf 87' lang='lat' dir='ltr'>Salisbur</span> 
     </span>
    </p>
   </div>
   <div class='ocr_carea' id='block_1_115' title="bbox 3372 5208 3770 5264">
    <p class='ocr_par' dir='ltr' id='par_1_115' title="bbox 3372 5208 3770 5264">
     <span class='ocr_line' id='line_1_115' title="bbox 3372 5208 3770 5264; baseline -0.023 0"><span class='ocrx_word' id='word_1_794' title='bbox 3372 5210 3524 5264; x_wconf 88' lang='lat' dir='ltr'>ansiz</span> <span class='ocrx_word' id='word_1_795' title='bbox 3552 5208 3770 5262; x_wconf 86' lang='lat' dir='ltr'>German.</span> 
     </span>
    </p>
   </div>
   <div class='ocr_carea' id='block_1_116' title="bbox 2220 5208 3291 5265">
    <p class='ocr_par' dir='ltr' id='par_1_116' title="bbox 2220 5208 3291 5265">
     <span class='ocr_line' id='line_1_116' title="bbox 2220 5208 3291 5265; baseline 0.003 -4"><span class='ocrx_word' id='word_1_796' title='bbox 2220 5209 2323 5261; x_wconf 89' lang='lat' dir='ltr'>est.</span> <span class='ocrx_word' id='word_1_797' title='bbox 2356 5208 2418 5264; x_wconf 89' lang='lat' dir='ltr'>V.</span> <span class='ocrx_word' id='word_1_798' title='bbox 2453 5224 2570 5261; x_wconf 91' lang='lat' dir='ltr'>ann</span> <span class='ocrx_word' id='word_1_799' title='bbox 2627 5208 2771 5261; x_wconf 84' lang='lat' dir='ltr'>Saxo</span> <span class='ocrx_word' id='word_1_800' title='bbox 2803 5208 2873 5261; x_wconf 91' lang='lat' dir='ltr'>ad</span> <span class='ocrx_word' id='word_1_801' title='bbox 2903 5225 3040 5263; x_wconf 92' lang='lat' dir='ltr'>ann.</span> <span class='ocrx_word' id='word_1_802' title='bbox 3069 5212 3203 5265; x_wconf 84' lang='grc'>1029</span> <span class='ocrx_word' id='word_1_803' title='bbox 3234 5214 3291 5264; x_wconf 90' lang='lat' dir='ltr'>et</span> 
     </span>
    </p>
   </div>
   <div class='ocr_carea' id='block_1_117' title="bbox 2218 5279 3038 5349">
    <p class='ocr_par' dir='ltr' id='par_1_117' title="bbox 2218 5279 3038 5349">
     <span class='ocr_line' id='line_1_117' title="bbox 2218 5279 3038 5349; baseline 0.002 -18"><span class='ocrx_word' id='word_1_804' title='bbox 2218 5294 2460 5332; x_wconf 87' lang='lat' dir='ltr'>sacram.</span> <span class='ocrx_word' id='word_1_805' title='bbox 2484 5281 2525 5334; x_wconf 91' lang='lat' dir='ltr'>t.</span> <span class='ocrx_word' id='word_1_806' title='bbox 2560 5279 2626 5345; x_wconf 92' lang='lat' dir='ltr'>Il,</span> <span class='ocrx_word' id='word_1_807' title='bbox 2661 5295 2715 5349; x_wconf 93' lang='lat' dir='ltr'>p.</span> <span class='ocrx_word' id='word_1_808' title='bbox 2754 5283 2872 5333; x_wconf 90' lang='grc'><strong>167.</strong></span> <span class='ocrx_word' id='word_1_809' title='bbox 2909 5280 3038 5333; x_wconf 83' lang='lat' dir='ltr'>Uns.</span> 
     </span>
    </p>
   </div>
   <div class='ocr_carea' id='block_1_118' title="bbox 2290 5346 3772 5419">
    <p class='ocr_par' dir='ltr' id='par_1_118' title="bbox 2290 5346 3772 5419">
     <span class='ocr_line' id='line_1_118' title="bbox 2290 5346 3772 5419; baseline -0.005 -16"><span class='ocrx_word' id='word_1_810' title='bbox 2290 5350 2436 5419; x_wconf 90' lang='grc'>(981)</span> <span class='ocrx_word' id='word_1_811' title='bbox 2470 5346 2692 5403; x_wconf 84' lang='lat' dir='ltr'>Nomen</span> <span class='ocrx_word' id='word_1_812' title='bbox 2725 5349 2897 5403; x_wconf 77' lang='lat' dir='ltr'>Nicici</span> <span class='ocrx_word' id='word_1_813' title='bbox 2930 5350 3294 5405; x_wconf 89' lang='lat' dir='ltr'>reconditum</span> <span class='ocrx_word' id='word_1_814' title='bbox 3344 5351 3557 5405; x_wconf 87' lang='lat' dir='ltr'>habere</span> <span class='ocrx_word' id='word_1_815' title='bbox 3594 5346 3772 5419; x_wconf 63' lang='lat' dir='ltr'>videtur</span> 
     </span>
    </p>
   </div>
   <div class='ocr_carea' id='block_1_119' title="bbox 2221 5412 3771 5490">
    <p class='ocr_par' dir='ltr' id='par_1_119' title="bbox 2221 5412 3771 5490">
     <span class='ocr_line' id='line_1_119' title="bbox 2221 5412 3771 5490; baseline -0.001 -18"><span class='ocrx_word' id='word_1_816' title='bbox 2221 5412 2375 5473; x_wconf 82' lang='lat' dir='ltr'>vicus</span> <span class='ocrx_word' id='word_1_817' title='bbox 2410 5412 2705 5485; x_wconf 87' lang='lat' dir='ltr'>Nischwiz,</span> <span class='ocrx_word' id='word_1_818' title='bbox 2740 5420 2798 5473; x_wconf 90' lang='lat' dir='ltr'>in</span> <span class='ocrx_word' id='word_1_819' title='bbox 2831 5420 2991 5490; x_wconf 91' lang='lat' dir='ltr'>cujus</span> <span class='ocrx_word' id='word_1_820' title='bbox 3020 5423 3212 5476; x_wconf 90' lang='lat' dir='ltr'>locum</span> <span class='ocrx_word' id='word_1_821' title='bbox 3246 5421 3350 5475; x_wconf 90' lang='lat' dir='ltr'>sub</span> <span class='ocrx_word' id='word_1_822' title='bbox 3380 5422 3589 5476; x_wconf 86' lang='lat' dir='ltr'>exitum</span> <span class='ocrx_word' id='word_1_823' title='bbox 3620 5412 3771 5489; x_wconf 62' lang='lat' dir='ltr'>muli</span> 
     </span>
    </p>
   </div>
   <div class='ocr_carea' id='block_1_120' title="bbox 2214 5491 3771 5565">
    <p class='ocr_par' dir='ltr' id='par_1_120' title="bbox 2214 5491 3771 5565">
     <span class='ocr_line' id='line_1_120' title="bbox 2214 5491 3771 5565; baseline 0.001 -20"><span class='ocrx_word' id='word_1_824' title='bbox 2214 5507 2347 5565; x_wconf 80' lang='lat' dir='ltr'>xvii,</span> <span class='ocrx_word' id='word_1_825' title='bbox 2378 5491 2561 5565; x_wconf 72' lang='lat' dir='ltr'>nitida</span> <span class='ocrx_word' id='word_1_826' title='bbox 2590 5494 2648 5545; x_wconf 92' lang='lat' dir='ltr'>et</span> <span class='ocrx_word' id='word_1_827' title='bbox 2678 5492 2831 5565; x_wconf 89' lang='lat' dir='ltr'>culta</span> <span class='ocrx_word' id='word_1_828' title='bbox 2861 5492 3056 5565; x_wconf 84' lang='lat' dir='ltr'>civitas</span> <span class='ocrx_word' id='word_1_829' title='bbox 3078 5492 3511 5565; x_wconf 79' lang='lat' dir='ltr'>Qranicnbaum</span> <span class='ocrx_word' id='word_1_830' title='bbox 3538 5495 3771 5565; x_wconf 55' lang='lat' dir='ltr'>(propul-</span> 
     </span>
    </p>
   </div>
   <div class='ocr_carea' id='block_1_121' title="bbox 2214 5562 3212 5639">
    <p class='ocr_par' dir='ltr' id='par_1_121' title="bbox 2214 5562 3212 5639">
     <span class='ocr_line' id='line_1_121' title="bbox 2214 5562 3212 5639; baseline 0.003 -22"><span class='ocrx_word' id='word_1_831' title='bbox 2214 5562 2451 5619; x_wconf 88' lang='lat' dir='ltr'>vitatem</span> <span class='ocrx_word' id='word_1_832' title='bbox 2469 5562 2704 5639; x_wconf 87' lang='lat' dir='ltr'>Dessau)</span> <span class='ocrx_word' id='word_1_833' title='bbox 2731 5563 3044 5620; x_wconf 89' lang='lat' dir='ltr'>successsit.</span> <span class='ocrx_word' id='word_1_834' title='bbox 3080 5564 3212 5621; x_wconf 83' lang='lat' dir='ltr'>Uas.</span> 
     </span>
    </p>
   </div>
  </div>
