4012 6180
302 325 424 379 Ml?

1493 309 1916 370 CHRONICON.
1970 338 2044 356 -—
2096 312 2222 369 LIB.
2255 311 2386 371 VIII.

3489 329 3622 384 1418

296 434 741 510 recompensacio
790 431 1156 487 invincibilis.
1190 433 1264 486 Et
1306 449 1410 504 per
1456 433 1565 486 hoc
1597 431 1891 502 ﬂagellum
1916 439 1970 498 Α
1995 436 2173 500 catus,
2206 451 2239 487 a
2273 432 2449 488 tercio
2481 433 2690 487 Ottone
2724 429 2945 486 civitati
2972 436 3270 502 praedictae
3303 446 3624 516 prepositus

295 527 447 584 vicini
475 525 719 597 graviter
745 521 1190 588 concuciuntur,
1217 525 1277 576 ut
1305 538 1424 576 non
1454 524 1656 575 contra
1687 538 1766 588 se,
1797 521 1893 576 alii

295 617 396 671 sive
413 617 627 669 rectum
639 612 891 666 habeant
903 610 1020 664 sive
1036 625 1554 680 non,nequaquam
1569 609 1886 664 eleventur.

293 703 641 775 Episcopatus
682 699 737 754 in
778 698 890 752 hiis
933 698 1196 770 partibus
1226 697 1525 752 constituti
1572 697 1640 750 ab
1685 713 1889 752 eorum

291 789 532 862 potentia
559 791 687 842 sunt
717 786 965 840 nimium
985 786 1243 856 depressi
1269 803 1282 852 ;
1317 789 1374 838 et
1403 801 1508 838 nos
1525 801 1730 838 eorum
1753 801 1888 856 pro-

289 882 583 942 curatores,
603 875 648 928 si
661 876 862 928 contra
875 875 1058 927 Deum
1079 875 1140 926 et
1151 873 1446 943 justiciam
1469 873 1592 942 ejus
1606 871 1887 926 voluntati

289 981 474 1019 eorum
507 963 567 1017 in
583 962 793 1016 cunctis
817 960 1220 1026 satisfacimus,
1242 960 1534 1014 honorem
1555 963 1614 1013 et
1633 959 1886 1030 aliquam

288 1051 580 1106 utilitatem
612 1050 907 1116 habemus,
935 1048 1023 1102 sin
1052 1052 1270 1114 autem,
1292 1047 1796 1116 contempnimur,
1830 1050 1889 1100 et

288 1139 358 1192 sic
382 1147 490 1203 1m,
531 1141 593 1192 ut
639 1137 802 1192 nobis
849 1137 1038 1191 nullus
1081 1140 1183 1190 aut
1225 1135 1288 1206 (f.
1333 1135 1476 1196 188’)
1528 1138 1736 1204 regnet
1789 1136 1889 1188 aut

286 1224 520 1298 imperet
551 1223 831 1292 dominus,
871 1223 1281 1296 depredamur.
1332 1222 1528 1275 Novus
1571 1223 1890 1292 cornupeta

287 1314 568 1383 antiquam
586 1313 760 1384 legem
775 1313 1105 1383 bonamque
1119 1307 1596 1367 consuetudinem
1610 1310 1887 1363 hactenus

284 1401 574 1456 ﬂorentem
581 1400 701 1471 jam
716 1399 1220 1471 disrumpit,seque
1233 1395 1459 1452 cmteris
1473 1405 1567 1438 189‘
1581 1397 1885 1452 elatiorem

285 1504 414 1557 esse,
440 1489 697 1542 valenter
719 1487 1003 1553 ostendit;
1047 1486 1144 1558 qui
1175 1486 1397 1540 caelitus
1447 1484 1509 1538 ni
1547 1484 1660 1538 cito
1689 1484 1880 1556 depri-

281 1576 466 1643 mitur,
499 1574 672 1629 nimis
705 1583 798 1617 ’θοι
829 1575 1136 1630 insolentia
1161 1572 1539 1628 intolerabilis
1567 1572 1873 1629 solidatur.

1994 524 2106 588 est;
2129 538 2301 592 quam
2326 539 2456 576 cum
2481 521 2641 576 omni
2671 519 2984 590 diligentia
3008 523 3254 582 rexisset
3284 539 3396 599 ηοξ,
3430 533 3619 589 divino

1993 625 2234 663 munere
2253 611 2445 676 fultus,
2469 609 2672 680 polluit
2703 609 2764 662 in
2801 607 3042 662 diversis
3085 611 3406 675 virtutibus.
3432 621 3470 673 E
3493 622 3619 692 qui-

1992 695 2098 749 bus
2117 697 2256 750 duas
2277 701 2502 752 tantum
2527 714 2618 751 res
2638 696 2904 768 profero,
2927 711 3074 766 quas
3097 703 3438 760 testimoniis
3458 725 3618 764 vera-

1991 783 2150 838 cibus
2180 785 2503 855 approbare
2533 786 2713 839 valeo.
2735 783 3112 842 Camerarius
3130 791 3340 847 suimet
3363 809 3490 848 cum
3514 796 3618 864 pil-

1991 871 2144 925 leum
2179 873 2472 943 quendam
2502 873 2706 927 furtive
2741 873 3109 932 subtractum
3128 881 3311 936 celare
3329 882 3614 951 voluisset,

1993 959 2416 1031 diligenterque
2438 978 2471 1014 a
2493 960 2585 1032 pio
2609 961 2846 1015 seniore
2872 966 3112 1031 rogatus
3127 967 3608 1039 nilproflteretur,

1990 1048 2284 1101 cultellum
2308 1063 2480 1119 supra
2506 1066 2707 1102 mensa
2739 1047 2996 1120 positum
3031 1055 3090 1106 et
3114 1071 3179 1108 ex
3211 1055 3404 1110 animo
3430 1056 3611 1111 bene-

1993 1133 2209 1189 dictum
2242 1152 2468 1190 sumere
2499 1140 2728 1191 coactus
2753 1145 2852 1178 190°
2887 1137 2945 1207 (f.
2978 1141 3119 1212 189')
3151 1142 3308 1214 quasi
3355 1142 3607 1212 ignitum

1989 1223 2254 1277 celeriter
2265 1224 2527 1294 projecit,
2549 1241 2834 1296 reumque
2855 1241 2914 1279 se
2932 1226 3106 1283 nimis
3119 1247 3237 1285 esse
3258 1246 3453 1284 coram
3478 1247 3610 1301 pro-

1987 1310 2201 1365 fitetur.
2253 1312 2377 1366 Alio
2428 1316 2691 1382 tempore
2740 1313 2981 1384 quidam
3037 1318 3292 1388 maligno
3339 1319 3607 1387 arreptus

1985 1399 2210 1470 spiritu,
2229 1400 2281 1454 vi
2303 1417 2518 1470 magna
2539 1404 2736 1471 captus
2753 1405 2860 1467 est,
2886 1405 2943 1455 et
2969 1402 3024 1456 in
3051 1404 3337 1475 presentia
3360 1403 3605 1473 predicti

1985 1487 2164 1558 patris
2181 1488 2485 1554 adductus;
2517 1505 2687 1558 quem
2722 1489 2864 1543 solvi
2893 1490 3401 1562 protinusjubens,
3425 1488 3604 1543 bacu-

1985 1575 2156 1646 loque
2181 1577 2366 1629 solum
2393 1593 2452 1630 se
2474 1576 2682 1630 acriter
2702 1576 3142 1648 inrumpentem
3175 1575 3415 1632 viriliter
3437 1591 3602 1631 amo-

280 1661 1511 1734 Daviticamisignoratsententiam,eunden
1535 1661 1612 1714 sic
1637 1660 1883 1715 dulciter
1904 1734 1934 1736 ὴ
1981 1678 2139 1728 vens,
2170 1663 2320 1718 facto
2364 1667 2576 1718 sanctae
2616 1665 2797 1718 crucis
2843 1665 3030 1736 signo,
3069 1667 3267 1720 divina
3317 1666 3605 1731 potestate

278 1754 642 1805 amonentem
673 1767 686 1804 :
719 1750 903 1804 Nolite
921 1749 1166 1804 extollere
1186 1752 1242 1802 in
1258 1749 1431 1802 altum
1458 1765 1624 1801 cornu
1644 1755 1878 1802 vestrum
1904 1734 1954 1792 Β
1980 1765 2245 1804 securum
2269 1759 2360 1792 i907
2394 1751 2546 1805 exire
2565 1751 2720 1805 fecit.
2748 1734 3004 1806 TalisV'ir
3036 1754 3160 1808 haec
3192 1767 3313 1806 non
3339 1748 3470 1818 sibi,
3503 1753 3607 1809 sed

276 1836 433 1908 (Psal.
447 1854 632 1904 Lxxw,
663 1840 738 1905 6),
763 1842 820 1893 et
837 1844 1050 1892 caetera
1069 1845 1185 1891 1m.
1211 1836 1348 1891 Orat
1361 1852 1466 1909 pro
1485 1836 1697 1890 talibus
1720 1835 1876 1890 idem

273 1926 561 1998 psalmista
588 1929 846 1980 sanctus:
875 1926 1376 1996 Auferesspiritum
1402 1942 1606 1987 eorum,
1623 1923 1874 1990 Domine,

271 2021 317 2067 et
342 2014 594 2084 deﬁtient,
611 2023 659 2067 et
671 2015 1004 2086 inpulverem
1033 2031 1188 2070 suum
1215 2021 1570 2081 revertentur;
1597 2020 1648 2068 et
1669 2014 1876 2068 emittes

269 2103 512 2172 spiritum
543 2109 688 2158 tuum
732 2111 784 2157 et
818 2104 1144 2158 creabantur
1172 2101 1338 2174 (Psal.
1389 2118 1502 2168 cm,
1536 2104 1646 2168 29),
1685 2103 1746 2155 et
1773 2119 1873 2156 re-

269 2189 435 2260 liqua.
481 2191 715 2246 Multum
764 2191 990 2262 indiget
1040 2190 1363 2255 memoriae,
1396 2189 1492 2260 qui
1541 2189 1872 2244 nullatenus

270 2279 560 2348 cognoscit
588 2294 665 2346 se,
696 2295 828 2333 cum
855 2279 901 2332 is
932 2279 1030 2350 qui
1061 2296 1120 2334 se
1141 2279 1360 2350 jugiter
1381 2276 1870 2342 considerat,sine

269 2364 476 2422 famine
529 2367 682 2422 bono
730 2367 811 2421 nil
844 2369 1049 2422 valeat.
1092 2367 1236 2438 Ergo
1276 2369 1606 2439 peccatores
1655 2366 1870 2439 quique

268 2453 620 2526 resipiscant,
651 2459 708 2509 et
739 2459 797 2509 ut
821 2472 880 2509 se
928 2455 1255 2510 custodiant
1281 2453 1743 2526 pauperibusque
1775 2463 1868 2497 1897

270 2541 669 2610 misereantur,
709 2560 1015 2616 sumopere
1064 2544 1351 2598 studeant.
1389 2544 1507 2614 Ego
1537 2543 1595 2596 in
1629 2543 1872 2616 ﬂagiciis

272 2629 440 2684 miser
457 2633 518 2684 et
535 2629 590 2683 in
615 2630 976 2685 facultatibus
1006 2647 1246 2703 pauper,
1266 2630 1525 2702 quamvis
1543 2630 1601 2684 in
1625 2635 1870 2704 utroque

271 2716 530 2787 ejusdem
553 2717 768 2772 ordinis
785 2718 933 2772 viros
956 2726 1049 2761 1898
1068 2720 1377 2790 precellam
1399 2722 1652 2785 cunctos,
1671 2723 1869 2774 tamen

270 2805 679 2859 contumeliam
691 2807 947 2878 superius
960 2810 1350 2861 memoratum
1368 2822 1484 2860 non
1505 2807 1657 2861 solus
1677 2808 1873 2879 pacior

1978 1837 2081 1904 illi,
2114 1837 2210 1909 qui
2241 1855 2344 1910 per
2375 1855 2506 1893 eum
2535 1842 2696 1894 tanta
2715 1848 2808 1882 1°08
2829 1845 2913 1894 est
2935 1845 3236 1912 operatus,
3257 1840 3605 1918 asscribens,

1976 1925 2181 1979 vixitin
2206 1926 2427 1981 Christo
2451 1927 2570 1981 dies
2590 1927 2721 1982 huic
2739 1928 2867 1983 vita:
2899 1946 3234 1996 concessos,
3270 1927 3610 1996 ministrans

1976 2011 2074 2067 ίιιο
2107 2023 2200 2055 ιοοο
2231 2015 2414 2068 fidelis
2447 2031 2639 2069 servus
2665 2017 2825 2070 omni
2863 2017 3075 2072 studio.
3109 2018 3388 2078 Sedehat
3416 2023 3509 2084 ille
3545 2034 3610 2090 I6

1975 2117 2178 2168 annos,
2215 2118 2428 2173 magna
2457 2119 2706 2174 semper,
2738 2121 2865 2176 qum
2911 2105 3203 2160 virtutem
3226 2114 3613 2188 omnigenam

1973 2190 2215 2284 perficit,
2248 2189 2584 2284 infirmitate
2616 2196 2903 2284 gravatus,
2931 2196 2988 2284 et
3019 2197 3171 2284 tunc
3199 2197 3372 2277 obiit,
3404 2207 3462 2263 in
3494 2228 3610 2284 quo

1973 2277 2194 2370 genuit,
2240 2281 2322 2370 I3.
2350 2278 2633 2370 Kalendas
2662 2280 3013 2348 Decembris,
3057 2273 3344 2346 Heinrico
3375 2273 3612 2370 inpera-

1971 2368 2100 2418 tore
2148 2368 2343 2457 nostr—ts
2371 2368 2512 2457 tunc
2543 2370 2828 2437 regnante
2864 2371 2928 2423 10
2975 2385 3170 2424 annos
3201 2377 3384 2446 (983).
3427 2368 3605 2457 Ilujus

1973 2469 2260 2507 successor
2287 2453 2636 2520 Thiedricus,
2668 2458 2996 2510 matertera:
3028 2458 3276 2516 meimet
3298 2474 3395 2510 ιοίο
3424 2453 3598 2543 ﬁlius,

1974 2556 2256 2611 magnum
2302 2540 2550 2595 dedecus
2589 2542 2662 2595 ab
2700 2542 2988 2611 Ileinrico,
3020 2544 3354 2606 Hirimanni
3383 2563 3474 2599 1m
3506 2540 3600 2616 co.

1973 2628 2130 2682 milis
2153 2627 2291 2696 filio,
2334 2633 2391 2682 ut
2427 2629 2646 2698 predixi
2679 2631 2848 2702 (984),
2890 2647 3195 2705 perpessus
3225 2643 3331 2694 est.
3377 2643 3491 2699 Sed
3532 2648 3593 2704 in

1971 2715 2082 2769 hoc
2113 2731 2266 2770 anno
2298 2715 2503 2769 eadem
2526 2720 2842 2774 commotio
2874 2720 2943 2773 ad
2969 2724 3198 2792 tempus
3225 2727 3428 2783 sedata
3470 2735 3593 2789 ele-

1972 2806 2154 2857 vatur.
2217 2803 2567 2870 Heribertus,
2621 2805 2974 2861 Coloniensis
3029 2811 3511 2885 archiepiscopus,
3553 2839 3590 2878 ει

267 2891 388 2947 sine
409 2893 523 2947 illis
553 2901 664 2947 ηοο,
684 2894 764 2947 De
795 2894 1147 2965 coepiscopis
1170 2896 1225 2948 in
1240 2895 1459 2949 diversa
1482 2894 1648 2964 hujus
1671 2896 1872 2950 mundi
1975 2890 2233 2962 predicto
2251 2890 2462 2944 comite
2481 2892 2660 2945 multa
2678 2892 2774 2947 diu
2791 2894 3462 2967 sustinuitincommoda,
3480 2921 3587 2961 nec

268 2983 427 3051 ρει-ιο
439 2981 1292 3052 constitutisisooineﬁ‘abileque
1313 2981 1728 3038 detrimentum
1753 3001 1877 3055 per.
1910 3000 1958 3060 ρ
1978 2977 2356 3045 mirum,cum
2383 2978 2427 3031 is
2442 2983 2688 3033 matrem
2704 2997 2869 3034 suam
2893 2981 3117 3037 diutina
3149 2987 3374 3040 teneret
3390 2994 3584 3046 custo-

265 3068 552 3139 pessis,ni|
569 3069 642 3123 ad
660 3070 779 3124 haec
793 3069 1480 3141 exemplariain'troduco,
1503 3069 1638 3140 quia
1659 3071 1873 3142 absque
1977 3065 2090 3120 dia.
2115 3067 2350 3136 Insuper
2370 3065 2736 3120 Meinwercus
2751 3068 2940 3138 presul
2963 3086 2996 3122 a
3013 3070 3346 3127 Thietmaro
3369 3081 3585 3148 nepote

264 3156 422 3209 omni
461 3157 712 3224 honore,
744 3158 866 3212 sola
894 3157 1308 3212 benediccione
1339 3161 1595 3228 excepta,
1613 3174 1710 3212 eos
1731 3175 1872 3226 esse,
1976 3169 2130 3220 meo.
2161 3153 2433 3207 Βθΐηίὶτάί
2482 3153 2639 3207 ἀυσῖε
2678 3155 2878 3222 fratre,
2906 3155 3255 3229 ἀθεροιῑειῑιιε
3283 3163 3370 3214 (εει
3406 3163 3583 3236 (985).

261 3244 518 3315 graviter
549 3244 887 3315 ingemisco,
916 3249 974 3300 et
998 3245 1070 3300 de
1099 3245 1210 3299 hiis
1258 3246 1557 3298 dumtaxat
1586 3246 1876 3318 disputare
2053 3243 2139 3294 13-
2173 3240 2286 3296 38d
2317 3258 2417 3294 CUI‘
2461 3241 2570 3295 hoc
2617 3244 2805 3296 totum
2853 3245 3092 3313 explico,
3135 3264 3267 3302 cum
3317 3249 3374 3302 in
3428 3253 3588 3307 nullo

259 3332 406 3388 mihi
439 3341 542 3374 ma
573 3348 726 3386 nunc
757 3336 986 3405 tempus
1015 3336 1120 3399 est,
1153 3333 1290 3404 quid
1319 3332 1380 3403 (f.
1418 3334 1536 3404 {89)
1565 3336 1717 3404 apud
1749 3351 1878 3390 mo-
1979 3329 2189 3382 horum
2223 3344 2328 3382 nec
2347 3329 2975 3399 exemplarimbonum
2994 3348 3102 3388 nec
3118 3334 3375 3390 levamen
3392 3353 3590 3393 meum

258 3420 472 3476 demas
494 3437 531 3475 ει
550 3420 877 3474 οοηοίνίιωε
899 3429 990 3462 ιοοι
1007 3420 1122 3475 suis
1140 3420 1392 3474 similem
1410 3421 1637 3492 vel,pro
1670 3423 1834 3478 dolor
1859 3422 1871 3476 !
1983 3419 2265 3472 ullatenus
2293 3427 2385 3459 ιοιδ
2415 3433 2664 3488 agnosco
2685 3418 2714 3472 ?
2773 3419 2966 3474 Sacius
3010 3425 3097 3476 est
3134 3425 3302 3492 mihi,
3330 3425 3590 3498 inceptis,

255 3509 618 3565 deteriorem
641 3509 868 3564 subiere
893 3509 1228 3564 vindictam.
1983 3505 2043 3576 (f.
2079 3504 2202 3576 190)
2234 3504 2496 3559 insistere
2543 3506 2722 3574 meis;
2763 3511 2821 3562 et
2850 3509 2989 3564 dum
3035 3511 3145 3566 hoc
3184 3517 3390 3582 tracto,
3435 3515 3595 3572 illam

331 3603 419 3655 42,
481 3598 864 3653 Bemwardus
925 3607 1040 3667 190:,
1094 3603 1304 3653 sanctae
1367 3597 1881 3654 Hillinessemensis
1982 3591 2135 3647 beati
2159 3593 2434 3648 Johannis
2465 3593 2741 3650 visionem
2780 3596 2834 3650 in
2867 3602 3065 3653 mente
3095 3601 3321 3658 habeo:
3354 3605 3597 3660 Primum

255 3687 542 3742 ecclesiae
575 3685 916 3742 venerabilis
942 3689 1156 3755 pastor,
1189 3686 1247 3739 in
1280 3689 1504 3740 tantum
1550 3703 1584 3740 a
1613 3689 1880 3743 Brunone
1984 3698 2044 3734 ve
2064 3678 2214 3748 abiit,
2250 3687 2299 3734 et
2328 3698 2439 3735 ecce
2463 3678 2565 3733 duo
2600 3688 2724 3751 post
2766 3684 2876 3737 haec
2897 3685 2918 3736 !
2940 3685 3135 3757 (Apoc,
3171 3706 3245 3756 IX,
3279 3690 3389 3762 12.)
3419 3691 3598 3747 Nimis

254 3791 461 3830 exosus
487 3778 582 3830 est
619 3775 828 3830 comite
861 3776 1024 3845 (982),
1058 3779 1120 3828 ut
1144 3773 1389 3828 militem
1423 3790 1589 3828 suum
1624 3776 1752 3829 Bim
1776 3793 1880 3830 no-
1985 3768 2139 3824 enim
2157 3771 2242 3822 est
2263 3768 2610 3834 miserabile,
2635 3770 2862 3840 quodin
2896 3775 3288 3844 suporioribus
3308 3794 3442 3848 sepe
3458 3779 3598 3834 locis

253 3864 416 3919 mine
457 3863 687 3918 videret
711 3863 869 3917 crine
912 3867 970 3917 et
1009 3865 1174 3932 tergo
1211 3861 1607 3933 depravatum,
1641 3867 1882 3935 postque
1985 3856 2196 3911 revolvi
2230 3865 2342 3910 1W.
2363 3857 2451 3911 Sic
2483 3857 2541 3910 in
2572 3860 2932 3930 temporibus
2963 3865 3144 3918 nostri
3175 3865 3405 3920 lectoris
3433 3868 3592 3938 acin,

255 3953 516 4007 eundem
545 3951 1057 4006 secumiterantem
1073 3949 1468 4004 abAltmanno
1484 3951 1884 4021 juveneinter-
1986 3944 2115 3999 victi
2147 3944 2465 4000 defensoris
2495 3943 2740 4000 Heinrici
2769 3947 2847 4000 nil
2897 3965 3174 4022 umquam
3207 3955 3320 4007 tale
3366 3954 3595 4010 accidit-

254 4039 477 4094 fectum
497 4041 718 4111 jacere.
740 4039 1092 4110 Swithgerus
1105 4041 1323 4104 autem,
1339 4038 1506 4092 almae
1520 4038 1881 4110 Mirminger-
1985 4033 2154 4104 quale
2169 4033 2342 4088 modo
2368 4032 2781 4088 detrimentum
2801 4051 2831 4088 e
2848 4040 3044 4092 nostro
3066 4039 3320 4094 facinore
3336 4042 3592 4101 emersit.

255 4127 453 4182 densis
484 4127 760 4182 aecclesite
793 4126 1029 4181 antistes
1075 4125 1358 4197 egregius,
1405 4125 1465 4178 in
1509 4143 1609 4181 sua
1651 4130 1809 4180 curte
1849 4143 1883 4181 a
1984 4123 2242 4193 Namque
2269 4122 2328 4175 in
2360 4121 2506 4176 Julio
2534 4138 2734 4176 mense
2763 4139 2828 4177 ac
2853 4127 2887 4178 4
2920 4132 3013 4166 ¹⁹ί⁵
3041 4127 3326 4182 Kalendas
3351 4131 3592 4200 Augusti

258 4215 528 4286 quodam
559 4223 655 4257 i908
689 4215 876 4270 tirone
905 4215 1160 4286 ingenuo
1187 4214 1498 4286 appetitur,
1519 4219 1576 4269 et
1596 4215 1764 4270 villici
1787 4224 1880 4258 ιοοι
1904 4271 1952 4290 ἢ
1983 4214 2041 4264 et
2067 4209 2125 4264 in
2153 4219 2245 4252 Im
2272 4212 2418 4266 feria
2446 4210 2580 4277 (Jul.
2605 4215 2714 4270 29?.
2746 4213 2888 4268 Mars
2911 4214 3052 4268 sevit
3078 4216 3136 4269 in
3170 4216 3402 4279 viscera,
3435 4221 3591 4290 quod

275 4271 296 4286 ι
970 4271 1002 4286 υ
1225 4271 1242 4286 .
1266 4271 1281 4284 .
1486 4271 1497 4281 ,
2450 4271 2458 4277 .
3444 4271 3590 4290 πη

243 4305 688 4358 suimetcruore
710 4319 905 4357 coram
928 4319 986 4357 se
1005 4302 1174 4357 occisi
1210 4304 1548 4356 maculatur.
1568 4303 1715 4368 Quid
1738 4305 1879 4358 tales
1904 4271 1954 4330 D
1981 4298 2040 4352 in
2073 4304 2416 4371 perpetuum
2450 4299 2674 4370 plangit
2704 4303 2892 4354 mater
2921 4303 3194 4358 mcclesia.
3226 4306 3404 4360 Peciit
3430 4308 3590 4366 enim

243 4406 522 4462 persona:
540 4407 799 4463 unquam
825 4407 1202 4462 promeruere
1225 4389 1252 4444 ?
1280 4390 1364 4444 Ilii
1396 4393 1771 4462 patresambo
1797 4393 1876 4465 pii
1979 4389 2376 4445 {Ethelboldus
2409 4398 2522 4457 M7,
2542 4389 2922 4460 Trajectensis
2951 4391 3270 4462 episcopus,
3301 4409 3433 4448 cum
3480 4395 3592 4452 Go-

241 4479 787 4548 fuerunt,ettameu
807 4479 1054 4534 dedecus
1071 4479 1179 4533 hoc
1202 4477 1875 4551 immeritipertulerunt.
1982 4478 2231 4533 defritho
2279 4479 2442 4545 duce,
2476 4477 2799 4550 auxilioque
2843 4476 3053 4534 suimet
3094 4479 3383 4536 sociorum
3413 4488 3588 4556 atque

238 4565 354 4623 Sed
385 4567 537 4640 quia
567 4567 626 4621 in
658 4567 1050 4638 superioribus
1079 4566 1149 4621 de
1197 4565 1503 4638 Suithgero
1537 4569 1763 4640 presule
1799 4569 1880 4636 ni]
1983 4566 2918 4639 amicorumimperatricisnostraa
2942 4570 3588 4640 nepotemThiedricum

233 4675 391 4726 sum,
427 4657 496 4712 id
529 4660 688 4728 peste
730 4655 1006 4726 Ietargica
1035 4654 1409 4725 impediente,
1441 4656 1684 4724 locutus,
1725 4673 1878 4712 nunc
1981 4657 2169 4727 sepius
2200 4657 2258 4710 in
2291 4655 2486 4710 occisis
2515 4654 2792 4709 militibus
2822 4654 2935 4709 suis
2967 4659 3212 4712 multum
3241 4663 3582 4731 nocentem;

232 4747 346 4802 hoc
379 4744 714 4801 emendare
740 4760 1066 4816 congruum
1094 4746 1197 4797 est.
1227 4743 1325 4797 Hic
1355 4743 1604 4799 Saxonia
1623 4745 1872 4816 genitus,
1979 4747 2037 4799 et
2067 4743 2325 4798 ininsula
2351 4743 2599 4815 quadam
2619 4744 2683 4796 ﬁt
2702 4747 3018 4798 conventus
3037 4746 3260 4802 collecti
3281 4749 3579 4807 exercitus.

230 4837 290 4893 et
320 4835 383 4890 in
433 4831 782 4890 Halverstidi
829 4848 893 4886 ac
920 4832 978 4887 in
1005 4831 1393 4903 Magadaburg
1437 4849 1471 4889 a
1510 4849 1689 4904 puero
1736 4833 1871 4888 edu-
1976 4832 2077 4887 Hic
2093 4832 2363 4886 velociter
2383 4831 2455 4885 ad
2476 4847 2733 4902 pugnam
2757 4837 3111 4904 preparatus,
3135 4839 3384 4893 mortem
3406 4855 3582 4911 quam

1566 4939 1810 4994 VARI/E‘
1839 4938 2129 4995 LECTION
2137 4939 2238 4994 ES.

303 5038 406 5076 189³
439 5027 577 5086 add.
613 5033 632 5082 I
691 5029 737 5083 ὁ.
774 5036 866 5070 Im
914 5027 1116 5082 ceteris
1151 5031 1199 5082 I.
1235 5035 1327 5070 1³9³
1376 5026 1571 5081 inimis
1626 5031 1675 5082 I.
1711 5037 1804 5070 i896
1856 5032 2064 5083 cetazra
2121 5031 2169 5081 1.
2226 5034 2316 5069 ιθοτ
2371 5042 2481 5097 quc
2532 5025 2662 5081 add.
2700 5024 2778 5080 Ib.
2834 5034 2927 5070 1898
2957 5028 3094 5083 uiris
3130 5035 3212 5085 Ia.
3247 5040 3342 5075 im
3372 5033 3497 5087 illos
3523 5039 3573 5094 I.

227 5112 329 5146 I900
388 5099 654 5156 instituis
714 5105 731 5154 I
785 5117 837 5153 a.
880 5108 972 5142 ποθι
1033 5097 1317 5153 aciucibus
1365 5102 1413 5152 I.
1473 5107 1566 5140 ιοοι
1624 5116 1660 5151 n
1736 5115 1944 5156 erasum
1997 5102 2045 5152 I.
2100 5106 2194 5139 1°05
2240 5098 2492 5168 quadam
2551 5101 2634 5152 Ia.
2679 5106 2771 5138 ίνοι
2823 5099 3033 5153 uuillici
3089 5105 3174 5156 Ia.
3219 5111 3390 5156 19030.
3441 5104 3570 5161 add.

222 5177 261 5231 4
320 5173 378 5230 b.
424 5178 560 5243 post
606 5187 840 5243 erasum,
891 5178 984 5243 199°
1037 5175 1230 5224 coatus
1291 5171 1412 5226 1.ἱ.
1475 5185 1520 5222 e.
1567 5171 1795 5243 coactus
1836 5172 1943 5225 sive
1992 5173 2230 5223 conatus
2263 5185 2303 5243 ;r
2331 5184 2555 5222 sumere
2602 5169 2897 5243 praecepit,
2926 5187 3099 5242 quem
3137 5172 3215 5227 A.
3255 5172 3316 5228 S.
3359 5191 3412 5227 a.
3442 5178 3567 5233 993.

299 5251 404 5288 1907
424 5238 688 5297 hostem
725 5244 778 5297 2.
806 5241 882 5296 A.
913 5241 975 5297 S.
1037 5249 1130 5282 1°08
1161 5244 1388 5294 tantum
1419 5243 1438 5294 I
1477 5247 1649 5293 (1.1909
1682 5241 1761 5294 illi
1811 5245 1830 5295 1
1865 5257 1912 5295 c.
1968 5248 2061 5282 ίοίο
2095 5242 2314 5293 memet
2365 5243 2413 5292 I.
2473 5246 2564 5280 ίοίί
2623 5238 2852 5294 alterum
2886 5241 2903 5294 i
2941 5238 3158 5297 crasum
3210 5246 3258 5297 I.
3295 5249 3388 5286 ιοη
3420 5243 3479 5299 in
3512 5263 3566 5306 e.

225 5319 317 5373 1α.
357 5323 464 5359 ηιδ
500 5313 828 5367 nullatenus
861 5315 945 5367 1α.
981 5317 1071 5353 ίοίι
1100 5311 1360 5366 reuuolni
1394 5314 1476 5366 1α.
1529 5317 1622 5353 Im
1644 5315 1698 5366 in
1731 5329 1919 5366 rasura
1946 5314 1996 5369 I.
2030 5319 2124 5354 ¹⁰ι⁶
2158 5327 2238 5365 nn
2269 5313 2354 5366 Ia.
2399 5317 2490 5352 1917
2520 5310 2638 5364 ath.
2676 5313 2755 5365 Ic.

1804 5401 2026 5458 NOTIE.

2037 5488 2182 5561 (984)
2212 5489 2274 5561 Υ.
2303 5503 2475 5561 supra
2500 5489 2538 5544 I.
2568 5505 2666 5561 vn,
2700 5504 2750 5561 _c.
2779 5491 2846 5542 34
2876 5490 2934 5561 et
2958 5489 3044 5542 35.

2031 5558 2173 5641 (9851
2205 5558 2591 5641 CoufJYitam
2609 5558 3007 5641 Meiuwerctc.
3038 5561 3110 5621 32
3135 5563 3194 5620 et
3216 5563 3308 5627 ‘70.

1130 5629 1386 5716 mm.
2037 5629 2172 5641 "
2404 5634 2414 5641 ·
2920 5630 2995 5690 ιε»

299 5496 454 5568 (982)
588 5489 780 5568 AYitam
811 5489 1133 5548 Bernwardi
1155 5506 1204 5545 c.
1231 5492 1318 5547 34.

299 5564 462 5644 (983)
503 5564 664 5619 1011.

749 5633 985 5715 nmen.
