3994 6180
466 310 602 371 1419

1437 268 1790 364 summa
1817 302 2131 363 EPISCOPI
2156 298 2777 365 MERSEBURGENSIS

3578 316 3677 373 1120

460 437 613 496 hosti
633 436 908 503 minatur,
927 450 1028 506 pro
1053 431 1250 489 dolor!
1283 432 1519 503 patitur.
1537 433 1795 504 Namque
1814 449 1848 487 a
1867 432 2063 487 Freso-
2086 438 2142 497 Α
2161 430 2328 486 timet
2356 433 2576 503 vulgus,
2596 434 2697 488 sed
2727 450 2858 488 cum
2889 433 3282 491 misericordia
3305 434 3360 490 id
3376 435 3684 500 fluiri,ﬁdelis

464 528 635 583 nibus
666 534 759 570 ίοιθ
785 543 851 580 ex
886 521 1106 578 insidiis
1147 522 1399 594 undique
1437 522 1875 593 erumpentibus
1918 525 1976 575 et
2031 537 2066 574 a

468 633 573 688 pre
585 613 719 670 dicti
739 612 963 684 juvenis
993 610 1330 666 satellitibus
1354 629 1421 665 ex
1440 610 1732 682 inproviso
1757 610 1803 664 is
1814 609 2053 664 circum-

460 706 682 770 ventus,
712 701 867 756 dictu
894 699 1181 755 terribile!
1222 699 1414 771 gladio
1448 707 1541 742 191°
1573 701 1629 753 et
1653 716 1802 770 aqua
1830 698 1953 752 sine
1980 714 2069 752 re-

458 792 788 848 sistentium
841 792 1095 860 dampno
1150 789 1329 843 vitam
1380 789 1531 843 hanc
1580 787 1724 842 finit.
1761 786 2069 858 Episcopus

458 883 654 936 autem
681 879 742 935 in
757 879 1015 934 navicula
1033 879 1285 951 quadam
1306 877 1399 937 vix
1419 876 1586 947 fugit,
1607 893 1670 931 ac
1692 876 1804 930 dux
1820 875 1889 929 ab
1902 876 2069 929 hoste

458 971 704 1025 s’alvatus
728 974 813 1025 est
834 978 952 1039 1920,
977 972 1035 1023 et
1061 972 1122 1022 ut
1146 984 1376 1022 veraces
1404 952 1719 1032 afﬁrmant,
1742 967 1867 1035 plus
1892 979 2068 1036 quam

456 1062 574 1116 tres
607 1067 698 1102 "Si
724 1059 986 1131 legiones
1022 1057 1460 1113 interfectorum
1509 1058 1660 1109 sunt.
1712 1053 1910 1110 Omnis
1947 1053 2069 1106 haec

458 1148 644 1220 regio,
676 1147 982 1203 defensore
1007 1146 1144 1201 forti
1181 1161 1404 1210 carens,
1438 1143 1653 1216 piratas
1697 1141 2069 1196 advenientes

458 1236 648 1308 timet,
680 1235 914 1291 cottidie
948 1250 1200 1289 merens.
1221 1230 1560 1287 Godefridus
1582 1238 1675 1273 ιω
1707 1245 1902 1285 comes
1919 1227 2065 1283 occi-

462 1324 636 1393 ditur,
657 1324 950 1380 Johannes
980 1326 1172 1377 autem
1205 1320 1458 1392 optimus
1494 1318 1658 1373 miles
1684 1319 1857 1389 jacet,
1890 1331 2065 1388 quem

463 1429 694 1485 semper
720 1412 908 1485 patria
929 1412 1103 1467 deﬂet
1120 1411 1288 1483 (986).
1314 1410 1530 1464 Horum
1564 1417 1658 1451 1923
1688 1406 1936 1462 consocii
1961 1422 2065 1460 no-

463 1500 606 1554 biles
630 1500 688 1569 (f.
724 1499 847 1571 190)
863 1504 919 1555 et
938 1499 1114 1554 incliti
1126 1500 1515 1568 hactenusque
1529 1498 1854 1568 pugnantes
1869 1494 2068 1547 dextra

463 1587 701 1653 victrici,
732 1604 887 1642 nunc
932 1590 1177 1658 pausant
1203 1588 1354 1639 sorte
1397 1583 1631 1638 infelici.
1685 1582 1811 1660 huit
1861 1596 2068 1652 corpus

467 1692 690 1743 eorum,
707 1675 861 1746 quod
886 1673 1210 1746 promeruit
1230 1674 1456 1727 macula
1472 1674 1835 1737 nostrorum;
1869 1668 1988 1734 sed,
2007 1670 2069 1721 ut

2164 526 2357 594 sperat
2388 525 2667 597 popellus.
2710 526 2791 580 De
2814 525 2925 579 hiis
2950 525 3234 582 similibus
3268 527 3463 582 clamat
3477 529 3686 584 Jeremias

2165 611 2459 666 veredicus
2490 629 2504 667 :
2545 612 2657 678 Qui
2678 617 2781 669 scit
2827 615 3107 679 universa,
3143 618 3291 670 novit
3318 616 3429 684 illa;
3462 624 3503 670 et
3528 618 3687 671 adiuve-

2166 705 2248 752 mt
2281 716 2341 753 ea
2368 702 2559 755 suimet
2582 718 2679 757 sua
2702 703 2989 773 prudentia
3030 703 3276 775 (Baruch
3326 720 3406 762 in.
3430 706 3524 775 32).
3560 703 3690 759 Stella

2167 786 2291 857 haec
2311 805 2438 858 quae
2470 788 2681 844 effulsit
2704 792 2831 861 plus
2855 808 3031 863 quam
3067 795 3133 847 14
3161 792 3283 846 dies
3302 792 3413 846 visa
3426 795 3517 847 est.
3533 794 3583 847 ln
3600 809 3693 864 pro-

2168 874 2355 931 vincia
2379 877 2815 949 Northuringun
2861 880 3012 934 dicta
3058 884 3174 934 tres
3204 879 3323 952 lupi
3373 897 3571 951 semper
3590 896 3693 934 con-

2169 963 2369 1034 gressi,
2418 982 2525 1019 nec
2555 968 2728 1022 antea
2757 984 2823 1021 ex
2848 968 3270 1023 habitatoribus
3298 968 3403 1023 hiis
3425 968 3532 1036 visi,
3552 969 3693 1023 homi-

2169 1051 2338 1107 nibus
2379 1053 2574 1108 multis
2603 1058 2777 1126 atque
2820 1055 3122 1127 pecoribus
3160 1055 3509 1111 ineﬂ'abiliter
3532 1072 3696 1110 nocue-

2166 1143 2324 1198 runt.
2354 1142 2470 1196 Hoc
2500 1159 2727 1215 quoque
2752 1143 3028 1215 indigena
3058 1145 3250 1199 omnis
3273 1145 3605 1200 vehementer
3625 1161 3699 1199 ex-

2166 1244 2494 1300 pavescens,
2537 1231 3051 1301 majoribusicurat
3084 1232 3295 1304 inpleri
3341 1233 3408 1287 de
3447 1232 3695 1288 trimentis.

2166 1316 2371 1372 Beatus
2410 1334 2660 1390 namque
2712 1320 2968 1392 loquitur
2996 1320 3303 1392 Gregorius
3335 1337 3349 1376 :
3379 1319 3537 1375 Multa
3558 1320 3699 1376 debent

2164 1405 2309 1460 mala
2330 1424 2662 1477 precurrere,
2700 1416 2762 1462 ut
2790 1409 2885 1465 illa
2916 1410 3131 1466 valeant
3172 1416 3285 1465 sine
3319 1411 3465 1465 omni
3488 1410 3579 1479 ﬁne
3604 1426 3701 1464 ven-

2167 1498 2288 1547 tura
2316 1498 2590 1551 nunc-iure.
2617 1497 2680 1550 In
2701 1497 3038 1569 supradictis
3057 1498 3327 1553 omnibus
3345 1499 3562 1569 desuper
3577 1497 3701 1551 nobis

2166 1580 2253 1635 ira
2292 1584 2534 1638 caelestis
2570 1586 2873 1653 revelatur,
2920 1587 3023 1641 sed
3067 1586 3563 1658 circumspeccione
3584 1584 3704 1655 vigili

2169 1678 2264 1713 M9
2293 1673 2415 1727 haec
2446 1673 2516 1727 ab
2552 1674 2804 1733 humana
2831 1675 3143 1746 fragilitate
3172 1692 3287 1730 non
3325 1675 3623 1730 attenditur.

466 1763 1165 1836 spero,gaudebiteorum
1196 1761 1414 1828 anima,
1442 1763 1561 1814 tam
1585 1758 1744 1831 gravi
1768 1749 2137 1813 exacerba—B
2243 1762 2327 1814 15.
2364 1760 2424 1832 (f.
2477 1760 2600 1832 191)
2636 1765 2742 1817 Iste
2786 1770 2880 1805 mo
2914 1779 3100 1817 annus
3140 1779 3287 1818 nova
3338 1762 3708 1832 nuncupacione

467 1852 634 1908 cione
662 1856 923 1926 purgata.
941 1851 1053 1907 Sed
1071 1869 1144 1906 ne
1165 1855 1414 1923 stupeas,
1432 1851 1634 1917 lector,
1651 1849 1825 1903 talem
1848 1859 2065 1910 casum,

466 1944 794 2017 perpendas
822 1941 997 1997 etiam
1038 1944 1251 1997 ortum.
1284 1938 1612 1993 Thiedricus
1648 1936 1741 1991 ille
1789 1935 2070 1989 infaustus

466 2033 709 2108 predicti
734 2031 1003 2087 antistitis
1034 2031 1258 2085 satelles
1287 2029 1421 2096 fuit;
1450 2028 1544 2081 hic
1570 2026 1629 2080 in
1660 2026 1911 2099 quadam
1932 2023 2071 2077 silva

465 2122 719 2179 Mirwidu
749 2129 843 2163 im
860 2123 1059 2175 vocata
1081 2118 1222 2189 (987)
1249 2134 1531 2189 magnum
1551 2116 1752 2170 habuit
1783 2112 2067 2186 predium,

466 2211 623 2285 quod
645 2210 752 2264 sibi
782 2208 1135 2280 ex'ejusdem
1175 2210 1339 2273 parte
1382 2205 1592 2276 injuste
1637 2204 1893 2257 ablatum
1920 2200 2066 2266 fore,

464 2300 653 2356 cuncti
666 2296 1177 2370 comprovinciales
1193 2293 1371 2348 cesari
1384 2293 1443 2346 in
1462 2291 1806 2361 Niumagum
1822 2305 2072 2361 querun-

458 2392 574 2443 tur.
608 2387 769 2443 Unde
799 2402 932 2439 cum
964 2383 1199 2438 consilio
1232 2380 1589 2453 optimorum
1612 2379 1930 2450 imperator
1947 2377 2065 2448 epi-

458 2492 631 2548 sc0po
660 2472 1007 2545 Trajectensi
1028 2472 1148 2524 haec
1178 2470 1305 2523 loca
1328 2467 1586 2539 precepit
1611 2465 1839 2520 incendi
1856 2468 1915 2519 et
1935 2481 2066 2519 con-

457 2563 838 2621 clamantibus
859 2559 1052 2625 reddi;
1077 2573 1324 2628 cumque
1355 2553 1644 2610 seniorem
1660 2569 1827 2606 suum
1841 2551 2065 2623 juvenis

456 2651 742 2709 nefandus
752 2667 786 2704 a
798 2647 1085 2703 mandatis
1104 2645 1307 2699 talibus
1319 2658 1682 2714 compescere
1697 2640 2061 2712 nequivisset,

452 2740 748 2796 licentiam
770 2735 1017 2793 abeundi
1039 2733 1232 2805 peciit,
1260 2735 1318 2786 et
1339 2748 1399 2786 se
1420 2730 1480 2784 id
1500 2730 1926 2802 prohibiturum
1942 2745 2061 2782 esse

450 2828 737 2902 promisit.
751 2827 863 2880 Nec
888 2840 1073 2891 mora,
1095 2822 1316 2876 factum
1333 2821 1419 2875 est
1437 2819 1593 2891 quod
1609 2817 1723 2873 dixi
1736 2818 1862 2888 plus
1892 2833 2062 2871 causa

450 2917 633 2973 nostri
671 2913 963 2981 facinoris,
1000 2928 1176 2984 quam
1219 2925 1324 2981 pro
1368 2907 1576 2962 merito
1621 2905 1869 2960 victoris.
1904 2906 2059 2959 Hanc

2170 1848 2339 1903 terra:
2370 1857 2461 1891 19³1
2494 1850 2684 1905 mocio
2712 1851 2798 1905 vel
2827 1868 3046 1923 magna
3093 1851 3373 1907 contricio
3413 1868 3476 1906 ex
3500 1850 3573 1904 rei
3597 1848 3707 1903 veri-

2168 1937 2288 1990 tate
2314 1938 2592 2009 appellari
2633 1942 2840 2011 potest.
2903 1939 3210 1994 lneﬂ'abilis
3266 1941 3427 1995 enim
3465 1936 3711 1994 tribulacio

2168 2026 2389 2080 mundo
2436 2026 2685 2082 instabili
2733 2030 2930 2083 exorta
2957 2028 3313 2083 habitatores
3365 2031 3478 2100 ejus
3504 2027 3711 2097 undique

2167 2116 2440 2184 turbavit,
2467 2117 2626 2187 cujus
2656 2122 2883 2189 partem
2913 2117 3153 2189 predixi,
3196 2122 3253 2172 et
3269 2122 3410 2173 tunc
3430 2134 3545 2190 qua:
3570 2117 3718 2189 prete-

2168 2202 2384 2258 rieram
2411 2204 2522 2258 alte
2549 2204 2770 2275 gemitu
2800 2207 2981 2259 tracto
3004 2205 3307 2276 explicam.
3349 2204 3595 2260 Balderici
3614 2218 3714 2274 pre-

2168 2291 2303 2345 sulis
2328 2295 2385 2345 et
2409 2291 2837 2347 Cameracensis
2867 2292 3123 2364 episcopi
3142 2293 3357 2348 milites
3370 2309 3527 2366 paene
3554 2306 3719 2346 omnes

2166 2378 2425 2450 predicta
2439 2380 2814 2450 oppecierunt
2832 2380 2891 2434 in
2912 2381 3118 2447 insula,
3146 2381 3280 2436 etin
3299 2380 3565 2452 proximis
3577 2379 3719 2432 tribus

2165 2466 2475 2537 provinciis
2505 2484 2623 2521 non
2656 2471 2954 2539 supererat
3004 2485 3117 2522 una
3161 2469 3392 2535 domus,
3442 2467 3531 2523 ubi
3555 2467 3723 2521 saltem

2149 2548 2284 2608 inon
2329 2554 2551 2610 deesset
2590 2555 2881 2610 habitator
2930 2573 3095 2611 unus.
3122 2559 3258 2612 Post
3287 2560 3546 2630 tempore
3571 2552 3721 2609 Caroli

2163 2641 2225 2697 in
2264 2651 2359 2685 1°32
2390 2661 2508 2698 una
2534 2644 2627 2698 die
2657 2646 2743 2698 vel
2775 2661 2928 2699 anno
2960 2645 3179 2717 aliquid
3206 2646 3267 2699 in
3292 2646 3406 2700 hiis
3442 2642 3724 2716 regionibus

2164 2731 2276 2785 tale
2307 2748 2425 2786 non
2455 2731 2678 2799 accidit,
2727 2732 2871 2787 sicut
2908 2736 3157 2788 vetustas
3202 2734 3427 2788 asserit.
3469 2729 3722 2797 Quomodo

2161 2830 2442 2891 umquam
2471 2820 2805 2875 ceciderunt
2837 2821 2977 2874 tales
3001 2821 3107 2876 viri
3126 2822 3343 2893 absque
3371 2821 3608 2891 dampno
3633 2818 3720 2872 ho-

2158 2907 2311 2961 stili?
2329 2907 2441 2962 Sed
2466 2908 2654 2962 nullus
2674 2907 2729 2962 id
2762 2910 3023 2975 miratur,
3039 2909 3138 2980 qui
3161 2909 3271 2963 hoc
3304 2909 3415 2963 rite
3431 2908 3725 2970 meditatur,

444 3005 798 3061 ineffabilem
835 3018 900 3057 ac
921 2999 1094 3056 nimis
1114 2997 1509 3053 invincibilem
1537 3010 1844 3049 erumnam
1864 2993 2055 3047 avium
2076 3027 2124 3087 C
2158 2994 2303 3067 quia
2324 2995 2369 3049 is
2400 2996 2479 3049 nil
2510 2998 2699 3065 potest
2727 3012 3008 3066 pugnare,
3052 3013 3229 3067 quem
3272 2997 3446 3068 culpa
3471 2998 3549 3049 sui
3572 2990 3726 3064 gravis

445 3094 893 3165 undiquessecus
940 3090 1051 3143 huc
1093 3088 1578 3158 congregatarum
1607 3085 1664 3137 et
1695 3083 1878 3137 semet
1906 3079 2055 3152 ipsas

444 3181 691 3238 invicem
730 3177 962 3249 ungulis
997 3172 1477 3230 interﬁcientium
1520 3170 1828 3224 multitudo
1878 3169 2053 3237 longe

445 3267 818 3345 presignavit,
882 3264 1270 3334 eumdemque
1313 3261 1527 3327 locum,
1578 3274 1691 3330 quo
1733 3256 1825 3311 isti
1854 3259 2055 3328 postea

446 3344 765 3430 oppetiere,
782 3351 1203 3424 preoccupavit.
1239 3348 1403 3413 Quod
1424 3346 1601 3401 David
1625 3344 2054 3430 sanctusmonti

445 3429 657 3500 Gelboe
682 3441 1029 3513 imprecatus
1059 3439 1144 3491 est
1184 3434 1267 3505 (11
1295 3435 1429 3504 Reg.
1463 3450 1503 3500 1,
1547 3430 1660 3504 21),
1692 3430 1826 3485 huic
1853 3429 2053 3483 insulae

445 3546 556 3602 ego
585 3528 796 3583 nullius
824 3525 1018 3580 meriti
1048 3539 1277 3595 semper
1303 3523 1534 3592 exopto.
1560 3518 1886 3574 Baldericus
1912 3518 2052 3572 Leo-

2158 3083 2408 3137 vindicta
2435 3083 2535 3138 Dei
2565 3083 2768 3138 nititur
2793 3082 3120 3154 deprimere
3142 3092 3257 3137 1m.
3285 3084 3391 3138 Hic
3421 3084 3726 3151 inexupera-

2152 3171 2283 3226 bilis
2309 3187 2468 3226 casus
2497 3175 2697 3242 postea
2726 3170 2837 3226 cito
2865 3171 3259 3239 obliviscatur;
3304 3172 3444 3245 quia
3472 3169 3580 3227 God
3593 3165 3727 3224 efridi

2155 3259 2314 3315 ducis
2355 3259 2561 3314 auxilio
2612 3258 2990 3314 Athelboldus
3028 3260 3268 3316 antistes
3309 3278 3445 3315 cum
3469 3257 3731 3314 Thiedrico

2152 3347 2318 3401 hoste
2344 3346 2781 3415 reconciliatur;
2811 3350 2869 3401 et
2892 3347 3007 3401 hoc
3036 3348 3195 3402 venit
3225 3364 3349 3403 non
3377 3362 3446 3403 ex
3475 3345 3731 3401 voluntate

2155 3451 2277 3503 sua,
2329 3435 2430 3490 sed
2473 3451 2541 3489 ex
2589 3434 2926 3489 necessitate
2979 3452 3229 3490 summa.
3262 3437 3395 3492 Non
3448 3438 3566 3491 erat
3604 3431 3736 3487 enim

2155 3523 2315 3586 istius
2333 3522 2587 3594 regionis
2613 3523 2758 3577 ullus
2786 3526 3106 3594 prepotens
3133 3523 3434 3592 defensor,
3466 3524 3510 3579 si
3527 3519 3733 3593 amplius

447 3615 692 3674 dicensis
740 3623 835 3659 1m
879 3612 1176 3687 episcopus
1221 3610 1361 3666 obiit
1407 3609 1467 3665 in
1504 3608 1659 3664 Tiele
1702 3607 1912 3662 eodem
1965 3605 2057 3662 die
2157 3610 2486 3684 insurgeret
2508 3610 2774 3665 inimicus
2794 3610 3083 3670 acrior.Si
3104 3611 3395 3667 damnum
3415 3612 3528 3667 hox
3544 3624 3734 3665 excon-

445 3705 622 3780 (988).
2162 3717 2333 3755 sensu
2364 3698 2555 3755 divino
2584 3698 2801 3754 factum
2849 3701 2952 3767 est,
3013 3699 3139 3772 quis
3183 3702 3382 3771 potest
3409 3696 3633 3754 ulcisci?
3671 3693 3738 3747 sin

2166 3787 2523 3861 autem,quis
2555 3786 2908 3842 vindicatore
2928 3787 3311 3844 insanabilior
3334 3796 3433 3832 1m
3447 3786 3582 3843 illo?
3608 3784 3739 3840 Nunc

526 3887 609 3946 14.
642 3885 707 3959 (f.
762 3882 907 3955 191.)
937 3882 1002 3938 In
1050 3879 1251 3936 diebus
1285 3878 1394 3934 illis
1443 3876 1504 3932 in
1545 3874 1880 3949 episcopatu
1928 3888 2060 3928 meo
2167 3880 2233 3931 ut
2256 3878 2484 3931 sanctus
2514 3875 2664 3931 abba
2688 3883 2784 3918 im
2812 3874 3203 3930 Columbanus
3232 3875 3294 3931 in
3344 3878 3534 3932 morte
3578 3868 3741 3942 magni

451 3980 673 4049 septem
691 3972 983 4045 mancipia
1011 3971 1221 4042 fungos
1248 3967 1671 4025 manducavere
1704 3980 1823 4018 non
1852 3965 2059 4030 rectos,
2168 3964 2514 4036 inperatoris
2530 3962 2717 4019 Caroli
2740 3963 2994 4033 fecit,ita
3006 3981 3109 4019 nos
3127 3964 3492 4037 stringamus
3510 3961 3738 4019 lacrimas

454 4070 514 4124 et
537 4066 654 4122 acri
685 4064 893 4120 ardore
923 4057 1204 4125 succensi,
1236 4055 1500 4111 celeriter
1548 4052 1764 4109 mortui
1811 4054 1963 4107 sunt.
2000 4051 2125 4125 Et_
2168 4068 2483 4125 precesque
2510 4051 2821 4106 fundamus
2852 4059 2948 4094 im
2970 4052 3279 4125 proﬁcuas.

544 4120 748 4211 mense
776 4153 1032 4224 Augusto
1060 4120 1364 4220 (am-1018)
1392 4144 1557 4199 stella
1598 4142 1867 4215 quadam
1899 4140 2065 4212 juxta
2086 4120 2142 4180 D
2169 4120 2189 4125 —
2244 4143 2328 4196 16.
2360 4120 2475 4195 Nec
2516 4141 2828 4195 tacendum
2873 4120 2991 4208 est,
3029 4140 3179 4212 quod
3210 4140 3272 4195 in
3299 4140 3514 4197 Ruscia
3542 4131 3747 4224 contigit

457 4247 782 4319 plaustrum
816 4219 980 4283 ίοῖσοετ
1022 4219 1248 4291 neviter
1283 4248 1586 4306 apparens,
1627 4229 1806 4286 radiis
1842 4228 2067 4283 eminus
2169 4229 2413 4301 lugubre
2444 4228 2750 4283 damnum.
2784 4226 3096 4281 Bolizlavus
3127 4243 3389 4300 namque
3421 4245 3551 4284 eam
3575 4219 3747 4298 grandi

462 4309 683 4390 emissis
702 4332 936 4386 cunctos
961 4327 1263 4381 cernentes
1292 4312 1500 4376 terruit
1529 4320 1698 4391 (989).
1734 4320 2063 4391 Numquam
2172 4317 2420 4373 exercitu
2434 4315 3009 4387 peciit,multumque
3030 4314 3081 4369 ei
3106 4320 3305 4371 nostro
3327 4316 3549 4372 famine
3567 4309 3747 4370 nocuit.

466 4421 623 4476 enim
641 4417 821 4474 nostri
834 4410 1257 4471 memoriatalis
1271 4407 1749 4474 exoritur,etideo
1763 4406 2067 4478 unusquis-
2169 4406 2358 4461 Mense
2380 4404 2597 4459 etenim
2625 4403 2771 4459 Julio
2804 4406 2863 4457 et
2896 4405 2981 4457 11.
3006 4404 3293 4459 Kalendas
3323 4404 3567 4478 Augusti
3590 4398 3748 4475 predi-

469 4524 581 4581 que
612 4513 707 4550 ωδ
729 4504 841 4560 hoc
876 4510 969 4545 m9
1011 4499 1352 4567 admiratur,
1396 4495 1733 4568 prodigium
1768 4494 1878 4549 hoc
1928 4510 2068 4563 esse,
2174 4497 2295 4549 ctus
2321 4500 2416 4536 1987
2448 4492 2560 4547 dux
2606 4492 2681 4548 ad
2710 4491 2774 4564 (f.
2826 4494 2951 4560 192)
2996 4493 3291 4564 quendam
3346 4492 3587 4549 ﬂuvium
3628 4485 3751 4562 (990)

1797 4632 2033 4688 VARIIE
2068 4631 2444 4689 LECTIONES

546 4776 641 4813 ms
668 4760 1012 4820 fresionibus
1040 4763 1063 4815 1
1100 4776 1152 4813 a.
1183 4765 1276 4800 1m
1297 4754 1421 4813 add.
1464 4753 1549 4810 lb.
1578 4762 1673 4797 im
1694 4753 1765 4809 ab
1789 4735 1859 4807 1ιῖ
1884 4768 1931 4807 s.
1962 4770 2014 4809 e.
2048 4752 2130 4809 ib.
2164 4754 2227 4808 in
2256 4752 2366 4825 ioco
2396 4768 2535 4807 raso.
2561 4759 2652 4795 mi
2681 4757 2783 4825 (res
2812 4750 3007 4825 iit_1060
3033 4767 3151 4825 raso
3183 4750 3264 4825 16.
3296 4760 3400 4825 ιω
3429 4769 3489 4825 g.
3518 4768 3566 4807 c.
3590 4753 3757 4806 Μίδα

472 4844 596 4897 tem
625 4836 751 4892 add.
782 4833 868 4888 1b.
894 4841 987 4876 ιω
1016 4831 1191 4902 Hujus
1219 4832 1311 4902 1a.
1337 4836 1431 4902 mf
1448 4825 1631 4897 Supra
1659 4842 1696 4878 u
1710 4827 1867 4902 prius
1892 4840 2157 4902 cerasum
2185 4824 2413 4902 videtur,
2434 4827 2598 4902 itaut
2630 4822 2943 4902 Mircuuidu
2977 4826 2999 4876 1
3030 4823 3086 4880 ὂ.
3120 4823 3380 4902 voluerit,
3406 4822 3504 4867 1535
3526 4839 3555 4878 c
3582 4832 3756 4902 erasqu

479 4888 745 4970 iri-92331
757 4906 922 4976 juxta
950 4888 1180 4976 signum
1200 4898 1439 4976 majoris
1477 4888 1627 4965 urse,
1658 4888 1815 4967 quod
1850 4888 2407 4976 vulgouplaustrum'
2432 4894 2721 4976 dicitur_'2.
2771 4902 2886 4976 ,ηιξ
2916 4910 3063 4949 unus
3090 4893 3232 4974 .add.
3277 4888 3504 4976 .1939
3541 4891 3659 4976 add.

475 4959 572 5028 ἔξω
599 4981 708 5037 alia
727 4959 906 5050 pergit
933 4959 1097 5027 miinu
1129 4974 1181 5050 1.
1213 4959 1384 5050 "81"
1405 4972 1454 5022 1.
1485 4976 1579 5011 im
1603 4959 1633 5050 It
1671 4959 1796 5050 corr
1824 4982 1842 5020 ι
1876 4969 1925 5020 1.
1946 4959 2081 5050 ’ίοδιί
2118 4966 2430 5050 ρερςίωἰεθ
2482 4968 2531 5020 1.
2577 4963 3026 5050 Inﬂuuindipazu
3086 4964 3474 5050 insanabilius
3533 4968 3553 5019 1
3597 4959 3754 5034 (spatio

471 5035 654 5113 relicto
673 5035 903 5125 ᾳᾶαιιῖον
926 5050 1022 5102 aut
1049 5043 1279 5113 quinque
1300 5039 1622 5111 litterarum)
1668 5045 1762 5080 1°35
1789 5053 2005 5094 erasum
2035 5040 2086 5092 1.
2116 5035 2209 5079 ινδιξ
2239 5036 2537 5092 fundimus
2569 5039 2618 5091 1.
2643 5043 2738 5078 1°37
2765 5035 3062 5107 prodictus
3097 5039 3147 5091 1.

2020 5158 2246 5215 NOTIE.

2246 5277 2396 5351 (987)
2422 5280 2485 5332 In
2518 5277 2777 5351 districtu
2809 5277 2978 5333 hodie
3014 5280 3211 5332 vocato
3241 5275 3456 5333 Merwe
3486 5289 3655 5351 prope
3694 5266 3759 5323 ci-

2173 5349 2410 5405 vitatem
2443 5350 2781 5405 Dordrecht.

2243 5421 2393 5491 (988)
2424 5421 2643 5474 Necrol.
2674 5419 3048 5489 Merseburg.,
3078 5435 3139 5474 m
3170 5419 3480 5492 l_(al.AAug.

2248 5483 2395 5563 (989)
2424 5494 2506 5563 De
2536 5491 2643 5545 hac
2667 5495 2896 5546 cometa
2915 5483 3141 5547 v."A'nn.
3164 5483 3507 5560 Quedtinh.,
3533 5504 3585 5544 ει.
3606 5483 3752 5550 1018;

2172 5562 2393 5629 Alpert.
2424 5562 2465 5617 1.
2498 5578 2562 5629 ιι,
2595 5577 2646 5619 c.
2692 5565 2777 5620 19.

2268 5635 2397 5704 990)
2433 5631 2526 5691 Sc.
2559 5633 2702 5707 Bog.
2772 5654 2777 5661 ·

538 5295 687 5372 (986)
712 5287 1128 5372 Κδιθηᾷδξίιξηξ
1147 5281 1656 5372 Μενεεὺξξτεημψι.
1869 5278 2064 5372 Godqu

465 5376 518 5425 et
542 5352 813 5423 il—oihdnnes
855 5369 903 5418 et
947 5358 1216 5429 Godefridq
1239 5352 1457 5411 comites
1505 5369 1627 5429 cum
1672 5352 1955 5429 innumerﬁa
1982 5367 2063 5429 so_-

463 5421 672 5496 ciorum
719 5438 909 5491 suimet
962 5421 1303 5486 multitudine
1357 5424 1626 5496 perempti
1653 5493 1664 5496 _
1693 5434 1834 5475 sunt.
1898 5421 2062 5496 conf.

463 5493 687 5567 Necrol.
745 5505 1098 5573 Luneburg.,
1143 5499 1250 5555 Jul.
1284 5493 1381 5573 8οξ
1407 5493 1901 5573 Cenf._Alpe1:tuin
2001 5508 2063 5573 ri,

461 5563 638 5645 8.221,
660 5576 758 5631 ubi
785 5576 895 5630 hoc
921 5563 1188 5645 praelium
1214 5567 1461 5625 refertur
1487 5565 1562 5623 ad
1582 5564 1692 5623 Jul.
1725 5566 1813 5635 29,
1844 5566 1903 5619 et
1928 5563 2059 5619 Bal-

463 5644 723 5707 dericum
746 5646 786 5701 1.
819 5661 904 5712 in,
922 5644 979 5699 'c.
1010 5644 1097 5702 19.

3750 5706 3779 5729 ⁸)
