4012 6180
336 386 445 440 1421

1578 372 2003 431 CHRONICON.
2029 404 2097 413 —
2138 373 2266 434 LIB.
2289 375 2408 431 ΝΠ.

3537 387 3675 442 1422

337 500 573 564 veniens,
599 495 812 552 ibidem
829 491 1148 548 exercitum
1161 492 1934 564 suimetcastrametaripon-
1959 497 2014 554 Α
2041 492 2347 565 dringente
2374 494 2666 548 habentur
2703 491 2963 549 ecclesiae
2995 497 3058 548 et
3081 505 3369 558 mercatus
3394 508 3445 571 8,
3474 505 3673 576 populi

335 591 519 658 tesque
565 581 912 638 necessarios
932 598 1143 654 parare
1180 583 1367 652 jubet.
1415 584 1580 636 Juxta
1619 597 1795 656 quem
1837 597 1938 634 rex

341 676 638 729 Ruscorum
656 679 746 713 19³⁸
770 672 886 740 (991
903 675 1066 739 )cum
1082 671 1201 724 suis
1219 671 1447 736 sedens,
1475 671 1734 724 futurum
1764 668 1939 723 duelli

338 761 563 818 invicem
585 759 824 814 condicti
860 764 1132 812 eventum
1164 759 1438 812 sollicitus
1471 759 1826 828 expectabat.
1853 759 1939 810 In-

343 850 495 905 terim
529 847 892 902 Poleniorum
916 847 1334 916 provocacione
1375 855 1471 888 1m
1501 845 1681 900 hostis
1702 862 1939 916 presens

337 937 402 991 ad
427 936 637 991 bellum
693 934 968 989 excitatur
993 938 1052 988 et
1093 934 1166 988 ab
1198 951 1396 1000 amne,
1431 951 1605 1005 quem
1645 935 1934 1000 tuebatur,

337 1023 692 1095 exinopinata
716 1021 1095 1092 prosperitate
1153 1022 1409 1092 fugatur.
1457 1023 1534 1074 Ex
1567 1023 1675 1076 hoc
1700 1039 1936 1077 rumore

336 1111 634 1166 Bolizlavus
659 1109 965 1175 extollitur,
997 1111 1055 1163 et
1079 1109 1377 1164 consocios
1432 1110 1627 1179 parari
1678 1113 1736 1164 et
1776 1126 1935 1164 acce-

334 1201 509 1255 lerare
572 1214 800 1268 rogans,
844 1196 1102 1264 ﬂuvium,
1142 1196 1246 1251 etsi
1297 1196 1614 1262 laboriose,
1665 1198 1936 1252 velociter

333 1285 697 1342 transcendit.
745 1285 982 1339 Inimica
1025 1288 1219 1338 autem
1257 1284 1411 1338 acies
1449 1288 1657 1338 contra
1709 1289 1933 1340 turma-

337 1376 434 1430 tim
460 1383 557 1417 mo
579 1373 838 1428 ordinata
868 1373 1114 1445 patriam
1158 1370 1477 1426 defendere
1518 1389 1681 1426 suam
1720 1373 1931 1427 frustra

334 1465 547 1520 nititur.
571 1463 824 1532 Namque
855 1462 912 1515 in
939 1461 1128 1532 primo
1161 1460 1433 1515 conﬂictu
1469 1460 1639 1527 cedit,
1665 1476 1730 1514 ac
1762 1478 1934 1515 num-

331 1568 497 1626 quam
524 1553 721 1621 postea
749 1549 980 1603 fortiter
1000 1548 1233 1603 resistit.
1255 1547 1340 1603 lbi
1359 1550 1488 1601 tum
1517 1564 1646 1602 cesa
1660 1551 1745 1602 est
1764 1548 1936 1602 innu-

329 1655 482 1694 mera
504 1637 818 1692 multitudo
832 1636 1187 1706 fugieucium
1212 1639 1455 1706 etparva
1467 1636 1938 1690 victorum.Heri-

326 1744 414 1782 cus
449 1727 619 1782 miles
643 1725 869 1780 inclitus
900 1742 966 1779 ex
999 1725 1208 1779 nostris
1238 1723 1505 1796 oppetiit,
1539 1741 1713 1795 quem
1758 1725 1938 1796 impe-

2043 583 2237 634 autem
2269 581 2468 652 ignota
2491 599 2717 648 manus,
2754 596 2885 652 qua:
2917 581 3062 637 sicut
3085 586 3215 641 onis
3237 589 3358 644 hazc
3383 591 3674 662 provincia

2042 685 2109 720 ex
2142 668 2514 739 fugitivorum
2547 671 2763 724 robore
2795 684 3099 727 servorum
3131 675 3242 730 huc
3263 679 3513 750 undique
3539 695 3674 735 con-

2045 756 2379 823 tlueucium,
2406 761 2463 810 et
2484 758 2738 811 maxime
2773 773 2841 809 ex
2877 757 3171 816 velocibus
3200 765 3389 832 Danis,
3424 767 3671 822 multum

2041 859 2101 898 se
2136 845 2480 899 nocentibus
2492 845 2794 917 Pecincgis
2817 846 3100 903 hactenus
3122 853 3421 907 resistebat
3442 855 3498 906 et
3527 855 3672 908 alios

2040 933 2322 988 vincebat.
2359 935 2484 988 Hac
2537 935 2718 990 elatus
2771 937 3162 1005 prosperitate
3201 942 3526 1006 Bolizlavus,
3574 958 3671 996 ar-

2040 1021 2472 1094 chiepiSCOpum
2500 1022 2776 1093 predictaz
2841 1029 2935 1063 19“
2993 1026 3068 1080 ad
3106 1028 3439 1082 Jarizlavum
3485 1027 3667 1093 misit,

2040 1109 2137 1179 qui
2163 1111 2234 1164 ab
2275 1126 2342 1164 eo
2374 1109 2554 1164 ﬁliam
2584 1110 2798 1164 suimet
2823 1111 3019 1167 reduci
3066 1119 3305 1186 peteret,
3335 1119 3391 1168 et
3429 1131 3668 1168 uxorem

2038 1213 2203 1252 suam
2237 1213 2369 1252 cum
2397 1213 2640 1252 noverca
2674 1200 2734 1252 et
2772 1202 3179 1258 consororibus
3226 1201 3390 1261 reddi
3427 1201 3672 1271 promit-

2038 1285 2208 1338 teret.
2239 1285 2375 1338 Post
2401 1285 2527 1338 heec
2565 1285 2846 1340 dilectum
2872 1287 3143 1344 abbatem
3174 1305 3359 1345 suum.
3384 1289 3529 1340 Tum
3563 1296 3660 1330 ιω

2037 1371 2113 1426 ad
2143 1376 2408 1427 nostrum
2443 1373 2848 1444 inperatorem
2881 1391 3010 1429 cum
3055 1377 3281 1448 magnis
3319 1373 3664 1428 muneribus

2042 1459 2220 1527 misit,
2247 1465 2309 1514 ut
2325 1477 2488 1515 suam
2520 1461 2773 1531 amplius
2804 1462 3054 1532 gratiam
3087 1470 3143 1519 et
3167 1462 3442 1518 auxilium
3471 1461 3668 1532 acqui-

2039 1549 2215 1613 reret,
2245 1551 2302 1602 et
2354 1565 2412 1602 se
2458 1552 2664 1604 cuncta
2719 1557 2816 1592 i916
2867 1549 2973 1604 sibi
3032 1550 3326 1621 placencia
3374 1547 3669 1601 facturum

2043 1634 2328 1689 indicaret
2350 1636 2519 1704 (996).
2551 1637 2637 1690 Ad
2667 1637 2930 1691 Greciam
2954 1647 3046 1680 m7
3068 1653 3300 1710 quoque
3343 1633 3448 1688 sibi
3475 1636 3672 1706 proxi-

2042 1740 2204 1777 mam
2229 1723 2471 1779 nuncios
2501 1725 2678 1792 misit,
2712 1724 2810 1796 qui
2834 1726 3092 1795 ejusdem
3114 1722 3462 1796 imperatori
3495 1723 3673 1794 bona,

325 1818 478 1871 rator
509 1817 704 1869 noster
743 1813 801 1870 in
850 1812 1091 1870 vinculis
1122 1812 1218 1867 diu
1246 1811 1487 1866 retinuit
1520 1815 1695 1880 (992).
1735 1813 1810 1866 Ex
1842 1807 2009 1866 illaB
2042 1811 2088 1865 si
2119 1812 2293 1866 vellet
2319 1812 2383 1882 (ἰ.
2443 1815 2561 1884 193)
2622 1813 2809 1867 ﬁdelis
2853 1813 3070 1868 amicus
3096 1810 3332 1878 haberi,
3371 1815 3678 1882 promitte-

323 1903 411 1957 die
434 1902 737 1957 Bolizlavus
761 1904 959 1972 optata
984 1899 1650 1971 prosperitateinimicos
1672 1902 1940 1969 palantes

321 1990 657 2062 insequitur,
679 1991 737 2044 et
750 1989 821 2044 ab
844 1988 1049 2043 incolis
1071 1988 1342 2042 omnibus
1372 1987 1679 2059 suscipitur
1711 1989 1938 2043 multis-

319 2095 426 2150 que
456 2078 794 2132 muneribus
822 2079 1167 2133 honoratur.
1194 2076 1688 2146 Intereaqucdam
1719 2076 1937 2144 civitas,

313 2165 475 2220 fratri
500 2183 602 2220 suo
632 2168 766 2236 (993)
803 2169 938 2220 tunc
971 2165 1271 2231 obediens,
1303 2181 1336 2218 a
1364 2164 1636 2218 Jarizlavo
1690 2164 1741 2217 vi
1773 2165 1932 2235 capi-

317 2256 428 2322 tur,
461 2257 521 2309 et
552 2255 839 2309 habitator
895 2253 1159 2324 ejusdem
1189 2251 1512 2307 abducitur.
1546 2251 1690 2305 Urbs
1740 2255 1937 2307 autem

317 2345 522 2399 Kitava
569 2344 712 2415 (994)
762 2343 934 2398 nimis
984 2342 1171 2396 valida
1228 2343 1299 2395 ab
1341 2339 1602 2394 hostibus
1656 2342 1938 2399 Pedeneis

319 2436 511 2487 ortatu
539 2432 795 2486 Bolizlavi
828 2433 1002 2486 creba
1044 2428 1471 2500 inpugnacione
1527 2429 1853 2484 concutitur
1879 2435 1938 2486 et

315 2520 590 2576 incendio
618 2521 774 2591 gravi
818 2521 1164 2595 minoratur.
1224 2518 1474 2572 Defensa
1503 2519 1588 2569 est
1632 2522 1827 2573 autem
1863 2503 1935 2576 ab

318 2611 433 2663 suis
463 2609 907 2676 habitatoribus,
961 2608 1062 2662 sed
1114 2606 1378 2661 celeriter
1426 2603 1612 2676 patuit
1643 2609 1937 2664 extraneis

317 2696 851 2768 viribus;namque
881 2713 914 2750 a
945 2712 1082 2766 rege
1135 2702 1232 2737 m1
1281 2709 1382 2747 suo
1426 2691 1483 2745 in
1533 2691 1734 2763 fugam
1771 2712 1932 2751 verso

317 2786 548 2852 relicta,
586 2789 670 2841 19.
718 2785 1003 2839 Kalendas
1033 2781 1390 2856 Septembris
1447 2779 1821 2850 Bolizlavum,
1875 2786 1935 2837 et

307 2891 487 2946 quem
525 2874 623 2929 diu
654 2873 943 2939 amiserat,
975 2871 1386 2943 Zentepulcum
1419 2867 1709 2924 seniorem
1740 2887 1929 2937 suum,

315 2964 483 3034 cujus
515 2961 704 3033 gratia
725 2964 782 3015 et
811 2964 1140 3015 nostrorum
1189 2959 1400 3013 timore
1423 2956 1613 3010 omnis
1640 2958 1745 3011 hec
1771 2958 1932 3028 regio

308 3067 600 3105 conversa
629 3052 732 3116 est,
780 3048 1043 3119 suscepit.
1071 3046 1546 3116 ArchiepiscOpus
1585 3044 1782 3114 (£192)
1808 3045 1935 3098 civi-

2042 1901 2177 1954 rent
2201 1917 2216 1968 ;
2251 1900 2338 1954 sin
2361 1903 2580 1968 autem,
2610 1901 2839 1955 hostem
2865 1900 3281 1957 ﬁrmissimum
3305 1900 3685 1964 acinvincibi—

2042 1989 2158 2042 lem
2185 1989 2308 2043 ﬁeri
2339 1988 2700 2043 intimarent.
2734 1991 2890 2043 Inter
2917 1990 3038 2044 haec
3070 1989 3289 2045 omnia
3318 1994 3688 2071 omnipotens

2042 2079 2194 2132 Deus
2227 2077 2451 2131 assistat
2484 2077 2729 2144 medius,
2771 2080 2829 2131 et
2876 2077 3012 2147 quid
3038 2078 3154 2133 sibi
3221 2081 3298 2136 sit
3330 2084 3604 2156 placitum
3635 2097 3693 2151 et

2045 2165 2213 2219 nobis
2241 2165 2590 2236 proficuum,
2617 2165 2935 2219 clementer
2956 2167 3340 2228 ostendat.ln
3364 2174 3561 2237 diebus
3586 2183 3692 2241 illis

2045 2253 2167 2307 Udo
2191 2268 2386 2307 comes
2400 2259 2518 2316 1948,
2538 2267 2719 2323 nepos
2740 2269 2922 2320 meus,
2937 2253 3683 2341 Hirimanum,coequalerr

2043 2340 2152 2394 sibi
2190 2345 2309 2394 tam
2340 2339 2399 2393 in
2446 2339 2754 2395 nobilitate
2785 2357 2958 2411 quam
2983 2341 3040 2395 in
3064 2347 3390 2422 potestate,
3421 2339 3592 2428 cepit,
3628 2369 3687 2419 et

2044 2428 2286 2482 invitum
2317 2429 2375 2482 in
2406 2443 2573 2481 suam
2601 2429 2997 2483 municionem
3021 2431 3210 2487 duxit.
3234 2435 3323 2491 Ob
3338 2441 3448 2496 hoc
3474 2460 3684 2504 vereor

2045 2517 2302 2589 aliquam
2351 2517 2563 2571 ﬁlicem
2635 2518 3019 2587 periculosam
3079 2521 3244 2592 oriri,
3289 2543 3422 2598 quas
3461 2533 3551 2587 vix
3582 2542 3684 2593 aut

2046 2607 2373 2660 nullatenus
2403 2605 2580 2676 possit
2610 2607 2910 2663 eradicari.
2983 2601 2992 2610 ’

2118 2697 2204 2747 17.
2239 2695 2319 2747 De
2341 2693 2697 2764 imperatore
2719 2698 2914 2749 nostro
2947 2711 3103 2751 nunc
3126 2714 3322 2756 sermo
3350 2703 3496 2759 mihi
3523 2709 3672 2765 oria-

2042 2783 2154 2848 tur,
2191 2782 2286 2853 qui
2317 2783 2388 2836 de
2436 2782 2617 2835 invisa
2648 2784 3022 2854 expedicione
3063 2785 3215 2857 (997)
3257 2806 3519 2847 reversus
3552 2798 3666 2866 (an.

2043 2872 2202 2935 1818,
2235 2868 2430 2939 Sept.),
2460 2868 2539 2922 nil
2563 2867 2632 2922 de
2671 2869 2968 2938 promissis
2996 2875 3275 2942 percepit,
3319 2877 3422 2930 sed
3450 2894 3661 2947 parum

2038 2957 2146 3010 sibi
2177 2957 2561 3010 renitentibus
2594 2957 2807 3014 nocuit.
2842 2958 3018 3027 Hujus
3039 2960 3204 3015 miles
3235 2963 3465 3033 egreius
3484 2971 3660 3040 atque

2039 3043 2245 3111 fidelis,
2275 3045 2387 3097 dux
2412 3042 2745 3098 Thiedricus
2777 3045 2950 3115 (998),
2985 3062 3119 3101 cum
3149 3048 3221 3102 ab
3261 3066 3330 3103 eo
3358 3059 3658 3121 separatus

304 3139 448 3193 tatis
479 3137 635 3192 illius
661 3153 793 3191 cum
830 3135 1086 3207 reliquiis
1117 3137 1448 3188 sanctorum
1503 3135 1561 3184 et
1591 3131 1811 3186 caeteris
1839 3149 1931 3187 or-
1960 3111 2006 3170 Ο
2037 3131 2281 3186 domum
2312 3149 2552 3204 pergere
2585 3133 2870 3200 voluisset,
2908 3149 2942 3187 a
2971 3136 3228 3204 quodam
3256 3137 3504 3208 seniore,
3534 3142 3656 3198 Ste-

297 3226 546 3280 natibus
566 3224 798 3280 diversis
823 3225 928 3279 hos
948 3222 1316 3278 advenientes
1333 3219 1637 3274 honoravit
1659 3220 1716 3273 in
1739 3223 1932 3275 sancte

290 3312 670 3370 monasterio
702 3312 936 3378 Sofhize,
973 3311 1130 3383 quod
1159 3310 1215 3363 in
1241 3307 1416 3379 priori
1447 3323 1601 3361 anno
1635 3308 1932 3363 miserabi-

287 3403 432 3459 liter
459 3419 602 3457 casu
631 3401 925 3455 accidente
953 3399 1325 3454 combustum
1353 3398 1436 3450 est
1476 3396 1621 3466 (995)
1650 3397 1741 3457 [an
1771 3400 1928 3465 1018,

283 3489 592 3561 Aug.].1bi
617 3488 728 3541 fuit
753 3502 1000 3542 noverca
1029 3485 1182 3556 regis
1213 3483 1477 3556 predicti,
1513 3500 1672 3550 uxor,
1698 3487 1755 3538 et
1776 3487 1807 3538 9
1836 3502 1927 3539 so-

282 3595 461 3634 rores
482 3576 770 3647 ejusdem,
794 3591 1040 3647 quarum
1071 3589 1244 3627 unam
1274 3571 1429 3643 prius
1460 3571 1531 3626 ab
1559 3587 1627 3626 eo
1662 3581 1756 3614 19H
1780 3571 1926 3626 desi-

284 3668 578 3723 deratam
602 3665 870 3736 antiquus
899 3663 1217 3719 fornicator
1237 3661 1569 3726 Bolizlavus,
1586 3661 1764 3715 oblita
1795 3677 1928 3715 con-

280 3756 498 3812 tectali
525 3769 649 3820 sua,
682 3753 890 3824 injuste
939 3747 1513 3806 duxeratJneffabilis
1559 3748 1637 3802 ibi
1684 3748 1928 3820 pecunia

278 3844 340 3898 ei
365 3841 737 3908 ostenditur,
760 3842 918 3912 cujus
951 3856 1168 3910 magna
1211 3853 1344 3909 pars
1369 3836 1692 3908 hospitibus
1716 3837 1830 3891 suis
1861 3853 1927 3891 ac

281 3931 640 3988 fautoribus
672 3929 1050 3996 distribuitur,
1101 3927 1351 3998 quedam
1399 3941 1532 3979 vero
1576 3927 1649 3980 ad
1677 3926 1925 3997 patriam

276 4020 613 4076 mitttitur.
644 4019 893 4072 Fuerant
926 4019 986 4072 in
1009 4015 1217 4071 auxilio
1243 4013 1485 4085 predicti
1505 4014 1662 4069 ducis
1683 4031 1748 4069 ex
1760 4017 1924 4084 parte

272 4113 507 4166 nostra.
547 4107 812 4173 trecenti,
845 4109 904 4160 et
931 4122 1001 4160 ex
1032 4103 1295 4173 Ungariis
1325 4102 1650 4174 quingenti,
1683 4120 1749 4157 ex
1780 4102 1928 4157 Peti-

244 4197 415 4252 .neis
449 4197 663 4251 autem
705 4194 862 4249 mille
891 4193 1017 4248 viri.
1050 4192 1264 4247 Omnes
1291 4191 1373 4244 hii
1394 4193 1532 4244 tunc
1562 4191 1804 4245 domum
1830 4199 1924 4232 1913

265 4284 784 4349 remittebantur,
798 4299 930 4338 cum
951 4280 1254 4351 indigenas
1271 4279 1807 4345 adventare,tideles
1819 4278 1924 4334 sibi

257 4388 614 4445 apparere,
644 4370 836 4425 senior
866 4371 1121 4442 prefatus
1147 4367 1449 4421 lctabatur.
1487 4367 1550 4420 In
1578 4383 1795 4438 magna
1816 4367 1924 4422 hac

2035 3221 2228 3291 phano
2257 3229 2352 3261 1919
2385 3219 2865 3283 nomine,cesaris
2894 3225 3067 3293 atque
3087 3224 3322 3293 suimet,
3351 3230 3415 3281 ut
3441 3233 3649 3301 patuit,

2035 3308 2296 3377 inimico,
2331 3309 2467 3363 locis
2525 3309 2901 3381 impugnatur
2942 3312 3193 3382 abditis;
3228 3318 3287 3370 et
3343 3333 3475 3371 cum
3521 3319 3652 3390 jam

2035 3395 2215 3450 victor
2237 3397 2524 3463 existeret,
2559 3397 2740 3452 milite
2770 3399 2828 3452 in
2863 3399 3106 3470 predam
3137 3404 3401 3472 cadente,
3435 3405 3650 3464 iterum

2033 3485 2229 3553 initur,
2279 3490 2336 3540 et
2379 3503 2482 3559 pro
2517 3487 2681 3540 dolor
2711 3489 2722 3541 !
2752 3493 3072 3560 superatus,
3127 3508 3259 3548 cum
3312 3496 3506 3566 paucis
3552 3506 3648 3542 mo

2032 3573 2250 3644 effugit.
2287 3575 2415 3628 Hanc
2461 3574 2567 3628 fuit
2591 3575 2645 3644 ei
2672 3575 2730 3630 in
2758 3577 2964 3633 talibus
2995 3583 3250 3637 secunda
3292 3585 3643 3658 temptacio;

2030 3661 2278 3716 etfaciat
2297 3663 2446 3718 Deus
2475 3666 2536 3716 ut
2565 3680 2683 3717 non
2713 3665 2939 3720 eveniat
2961 3667 3041 3721 illi
3065 3671 3241 3726 tercia
3266 3672 3641 3742 periclitacio.

2029 3750 2352 3820 Imperator
2381 3754 2578 3806 noster
2611 3767 2744 3807 cum
2776 3753 2846 3807 de
2887 3754 2975 3808 his
3014 3759 3286 3814 omnibus
3316 3769 3409 3802 19⁵1
3451 3761 3644 3819 efﬁce-

2028 3839 2188 3890 retur
2207 3840 2413 3903 certus,
2447 3855 2627 3891 unum
2661 3839 2720 3892 in
2761 3840 2965 3895 Suevia
3002 3845 3244 3915 regione
3287 3847 3641 3919 colloquium

2030 3923 2100 3977 de
2129 3941 2191 3977 re
2223 3926 2453 3996 publica
2477 3925 2698 3994 habuit,
2727 3931 2786 3981 et
2817 3944 2951 3983 mox
2981 3948 3086 4001 per
3115 3934 3338 3988 Renum
3367 3935 3640 3993 sollicitus

2029 4011 2608 4084 descendit.Namque
2621 4019 3029 4086 cooperatores
3041 4021 3162 4092 ejus
3176 4025 3233 4075 et
3246 4021 3412 4093 regni
3425 4022 3639 4080 suimet

2027 4100 2292 4154 columne
2307 4102 2563 4156 maxima
2580 4109 2742 4172 parte
2757 4120 2860 4174 pro
2883 4104 3048 4162 dolor
3065 4107 3078 4163 l
3112 4108 3390 4178 cecidere,
3413 4109 3635 4183 sibique

2026 4204 2200 4258 grave
2215 4192 2442 4261 pondus
2455 4192 2744 4245 occultum
2769 4199 2861 4234 195!
2882 4192 3014 4247 ﬁdei
3027 4195 3390 4253 simulatores
3402 4201 3636 4256 occultis

2025 4277 2290 4331 resistere
2340 4279 2559 4334 insidiis
2607 4295 2713 4350 per
2752 4283 3055 4338 extraneos
3085 4284 3369 4354 nituntur,
3406 4289 3468 4341 ut
3514 4305 3631 4344 non

2024 4363 2194 4419 liceat
2241 4366 2293 4421 ei
2332 4367 2598 4422 libertate
2656 4370 2997 4439 congruenti
3052 4372 3340 4443 inperare,
3409 4392 3636 4433 eorum-

264 4461 557 4527 civitate,
588 4458 885 4530 queistius
914 4457 1080 4529 regni
1111 4458 1284 4526 caput
1302 4457 1409 4518 est,
1431 4454 1558 4527 plus
1589 4471 1762 4527 quam
1794 4472 1928 4526 qua-
1947 4453 2000 4512 D
2026 4453 2424 4526 queinjustam
2437 4455 2989 4514 temeritatemlmin
3001 4460 3194 4532 aliquo
3209 4461 3502 4520 minorare
3514 4473 3629 4523 i9“.

1625 4544 1860 4598 VARIIE
1897 4543 2299 4599 LECTIONES.

343 4628 460 4696 1989
500 4620 856 4696 rurorumt.
879 4625 989 4696 _1839_
1015 4613 1424 4696 provocatione
1450 4617 1626 4696 1..“1910
1657 4615 1949 4696 tuimatim
1973 4620 2034 4696 1.7
2049 4623 2137 4696 13f}
2165 4617 2248 4695 ιἐιι·
2379 4614 2442 4670 S.
2475 4631 2646 4686 agere
2676 4619 2870 4696 μηδ’.
2895 4617 3100 4696 habeo
3138 4624 3156 4675 1
3194 4639 3248 4696 _a,
3268 4627 3326 4696 et
3355 4625 3430 4678 ita
3458 4625 3626 4696 infra.

253 4704 366 4740 Im
407 4694 678 4749 domum
714 4695 735 4745 1
773 4693 830 4743 in
857 4684 1062 4742 duabus
1087 4686 1387 4764 lz'nesi._19“
1415 4684 1612 4764 scilicet
1650 4687 1922 4764 ecclesias,
1944 4695 2038 4730 ίοιι
2068 4685 2274 4764 Thurii,
2308 4686 2366 4740 in
2398 4684 2828 4764 quo'regnabat
2861 4691 2980 4742 tota
3004 4684 3358 4764 hypochrisis
3383 4698 3435 4750 2.
3460 4684 3535 4752 ΑΖ
3563 4696 3627 4754 S.

252 4775 369 4810 m6
435 4766 629 4818 cunct
669 4764 716 4814 1.
780 4768 871 4801 M7
903 4775 1069 4829 gram
1110 4761 1170 4828 1.
1202 4757 1407 4829 urbem
1449 4758 1499 4809 2.
1527 4765 1647 4829 “17949
1694 4773 1818 4812 oms
1867 4761 1928 4829 1.
1973 4764 2067 4799 196°
2120 4757 2374 4829 stphano
2418 4757 2481 4829 ’4:
2529 4757 2630 4799 loso’
2679 4776 2712 4828 ρ

2720 4775 2856 4813 auos
2900 4764 2945 4816 1.
2982 4769 3073 4802 1°“
3129 4765 3397 4820 omnibus
3451 4771 3498 4822 1.
3534 4777 3628 4812 19"

245 4837 319 4894 in
355 4834 618 4893 occulto
649 4827 993 4884 imminebat
1021 4827 1258 4900 2.7.4.8.
1294 4835 1388 4869 1³⁵³
1419 4830 1477 4880 et
1522 4827 1832 4900 libertatis,
1861 4827 2240 4900 insolentiam,
2264 4831 2296 4881 2
2338 4827 2512 4900 A._S.
2569 4827 2819 4900 1954004,
2855 4834 2887 4883 2
2910 4832 2963 4882 ίη
2991 4833 3096 4900 ﬁne
3120 4834 3272 4889 addit
3308 4853 3322 4891 ε
3359 4838 3630 4894 continet

243 4910 376 4964 ίειε
415 4906 591 4977 liber
619 4907 778 4977 gesta
809 4902 1062 4977 quinque
1091 4899 1530 4977 imperatorum,
1661 4902 1758 4977 est.
1793 4899 2040 4977 IAleinrici
2072 4898 2246 4977 primi
2265 4901 2335 4977 et
2363 4897 2541 4977 trium
2565 4899 2815 4977 ﬁliorum
2867 4897 3008 4970 ejus,
3043 4905 3288 4974 Ottonis,
3320 4908 3417 4977 qui
3447 4910 3628 4964 dictus

241 4984 351 5035 est
397 4968 718 5040 Rufus;et
738 4968 1248 5042 Ottbnis_secundy,
1273 4985 1378 5042 nec
1393 4985 1509 5022 non
1530 4971 1586 5021 et
1608 4969 1763 5022 tertii
1793 4970 2040 5032 Ottonis,
2072 4968 2182 5040 'qui
2209 4968 2540 5042 _dicebatur
2590 4971 2827 5042 pulcher
2847 4968 3008 5042 puer,
3039 4968 3361 5031 etHeinrici
3391 4981 3627 5034 secundi

239 5050 349 5107 cui
382 5061 636 5103 nomen
687 5044 910 5097 adhesit
944 5040 1325 5114 pietatis,_Qui
1357 5039 1738 5114 imperatores
1765 5039 2182 5114 Romanum’et
2208 5039 2933 5114 Teutonicumimperium
2969 5061 3071 5114 per
3089 5062 3274 5102 annos
3303 5054 3535 5103 centum
3569 5053 3628 5104 et

237 5124 525 5192 septem
571 5110 1521 5192 strennuenreierunt._t]enscripsit
1547 5115 1743 5165 autem
1771 5113 2238 5192 ea‘Thietrnarus
2269 5110 2750 5192 Merseburgensis
2790 5110 3126 5187 episcopus;
3159 5119 3292 5189 quia
3313 5135 3446 5174 saxo
3478 5124 3623 5191 erat,

237 5180 560 5250 maxime
591 5185 728 5258 quid
759 5186 818 5238 in
837 5182 1084 5239 Saxonia
1111 5180 1192 5234 hii
1221 5180 1608 5251 imperatores
1639 5182 2224 5310 egerint§8%qrgbere
2255 5183 2498 5237 videtur.

328 5344 440 5414 (99
458 5342 519 5414 1)
566 5336 819 5414 J_aris_lav.

327 5405 523 5480 (992)
565 5407 740 5480 ‘Conf.
775 5423 946 5480 supra
978 5405 1017 5460 1.
1042 5421 1138 5470 v11,
1181 5419 1230 5458 c.
1267 5405 1350 5457 12.

320 5478 524 5550 (993)
557 5478 918 5548 Swaetopolk.

348 5555 522 5621 994)
572 5550 748 5621 Kiew.

349 5617 514 5684 995i
570 5617 792 5675 Conf.l.
821 5634 895 5684 iv,
926 5633 976 5672 c.
1021 5619 1107 5671 37.

338 5687 517 5772 996)
564 5690 628 5756 γ.
652 5693 812 5751 Anu.
835 5687 1168 5764 Quedlinb.,
1197 5704 1251 5746 θ..
1295 5688 1459 5772 1018.

2091 5331 2230 5413 (99.7)
2272 5333 2488 5413 Nempe
2517 5335 2978 5413 eanurgundia.
3023 5336 3188 5413 Conf.
3216 5354 3392 5413 supra
3414 5357 3539 5413 cap.
3574 5345 3627 5399 9.

2021 5403 2123 5460 Die
2154 5404 2310 5474 Sept.
2347 5410 2399 5467 9,
2426 5406 2484 5458 in
2503 5405 2728 5460 civitate
2754 5406 2952 5459 Zurich
2970 5403 3320 5464 monasterib
3347 5403 3633 5470 Meinrad-

2021 5475 2150 5560 szell
2183 5475 2404 5560 silvam,
2437 5476 2494 5531 in
2520 5493 2635 5550 qua
2667 5477 2844 5531 situm
2875 5479 2977 5544 est,
3012 5477 3264 5550 donavit,
3305 5485 3448 5540 teste
3479 5485 3634 5560 ejus-

2022 5547 2157 5603 dem
2189 5546 2405 5601 charta.

2095 5618 2241 5693 (998)
2267 5617 2656 5693 Lotharingias
2684 5615 3013 5694 superioris.
