4012 6180
338 417 472 478 1423
985 415 1350 474 BRIDFERTI
1398 409 1852 473 RAMESIENSIS
1902 406 2164 464 MONCHI
2193 409 2350 467 VITA
2395 412 2640 474 SANCTI
2661 411 3034 474 DUNSTANI.
3553 425 3688 484 ηπ

348 546 591 599 tenuem
607 539 880 614 (3)nostri
895 537 1071 594 libelli
1091 542 1345 611 segetem
1370 537 1692 592 litterarum
1715 533 1955 607 pedibus
1979 534 2034 593 Α
2073 531 2164 586 vix
2198 533 2448 592 ebenina
2485 544 2589 612 (Η)
2615 537 2950 594 titulatione
2981 536 3242 609 styloque
3271 539 3526 601 fuscanti
3550 563 3688 605 con-

351 634 804 696 transmeantes,
822 631 944 684 toto
975 629 1166 685 cordis
1186 628 1414 694 intuitu,
1431 631 1643 699 tuoque
1661 625 1848 698 potius
1876 624 1954 693 (4)
2063 625 3056 691 cretam,contraomnesinvisorios
3073 630 3314 684 aemulos
3334 631 3550 691 invicta
3561 655 3690 710 pro-

343 719 640 790 suﬁ'ragio,
668 718 867 772 itidem
886 718 1077 773 facere
1099 733 1450 789 permoneo;
1484 720 1609 770 astu
1631 719 1848 779 tamen,
1884 727 1956 765 ne
2055 712 2412 782 pugnatione
2436 719 2740 784 tuendam,
2784 732 2908 770 non
2937 714 3154 770 favorio
3188 717 3452 776 deditam
3485 741 3687 782 rumu-

343 810 454 866 rari
471 806 1318 881 germinisseminariaincaute
1333 801 1958 876 calcantesdeprimant
2056 800 2232 866 sculo,
2267 803 2368 856 sed
2392 807 2505 858 tuae
2534 804 2874 876 specialiter
2905 802 3247 859 sublimitati
3282 809 3586 872 collatam.
3624 818 3688 870 ln

343 916 455 953 neu
474 898 702 952 interea
717 894 900 965 (dum)
919 894 978 948 in
994 911 1233 950 annona
1253 895 1521 964 depressa
1538 893 1787 965 petitura
1799 891 1958 946 olera
2055 887 2164 941 hac
2191 888 2402 962 quippe
2422 893 2652 947 litterati
2677 890 2957 963 planitie,
2983 896 3239 948 mentem
3260 898 3449 968 magis
3461 906 3693 970 sponta-

353 986 583 1059 penitus
610 985 922 1056 exstirpare
945 983 1229 1051 nituntur,
1251 984 1406 1053 justa
1434 982 1622 1054 potius
1647 979 1954 1053 plantaria,
2058 993 2229 1030 neam
2252 979 2768 1052 ambientis,quam
2785 983 3080 1050 agrestem
3105 988 3511 1055 componentis
3531 989 3693 1061 igna-

2057 1065 2234 1131 viam,
2254 1068 2542 1136 explorari
2560 1068 2677 1139 (1'2)
2693 1069 2959 1139 deposco
2987 1085 2999 1122 :
3024 1071 3217 1141 teque,
3237 1072 3359 1127 sine
3380 1076 3492 1130 tuae
3515 1079 3696 1134 oﬂ‘en-

2061 1151 2236 1207 sionis
2267 1155 2552 1224 molestia,
2584 1173 2833 1223 moneo,
2876 1157 3025 1211 tanti
3058 1159 3241 1214 Patris
3269 1161 3572 1219 virtutibus
3597 1167 3692 1221 in-

2063 1240 2326 1308 formari,
2355 1245 2631 1315 exemplis
2648 1245 2775 1315 ejus
2799 1244 3036 1314 instrui,
3057 1248 3314 1304 moribus
3341 1253 3701 1322 muniri,dis-

2064 1329 2287 1399 ciplinis
2308 1332 2618 1400 justiﬁcari
2657 1350 2668 1386 :
2719 1337 2788 1387 ut
2815 1334 2982 1404 cujus
3011 1336 3272 1391 exstitisti
3311 1357 3601 1398 successor
3631 1344 3702 1400 in

2065 1418 2254 1486 terris,
2299 1420 2420 1490 ejus
2474 1421 2758 1475 merearis
2813 1423 3098 1491 perennis
3149 1442 3269 1479 esse
3311 1429 3605 1486 confessor
3633 1433 3702 1488 in

2067 1506 2242 1572 caelis,
2290 1507 2570 1578 largiente
2611 1509 2872 1564 Domino
2907 1515 3105 1565 nostro
3157 1514 3288 1567 Jesu
3318 1515 3561 1584 Christo,
3595 1522 3710 1590 qui

2070 1609 2202 1648 cum
2245 1599 2534 1651 coaeterno
2591 1599 2763 1652 Patre
2823 1603 3144 1671 sanctoque
3196 1601 3413 1674 Spiritu
3451 1605 3585 1662 vivit
3645 1613 3715 1664 ct

357 1693 612 1748 refutata
636 1691 994 1754 temnuntur,
1046 1687 1352 1758 ignoratur
1383 1685 1580 1756 utique
1619 1686 1758 1757 quid
1796 1686 1970 1741 satius
2069 1686 2278 1754 regnat
2307 1685 2474 1752 Deus,
2508 1702 2614 1756 per
2643 1687 2854 1741 omnia
2874 1690 3083 1743 saecula
3105 1691 3709 1753 seeculorum.Amen.

367 1781 687 1851 inceptem,
722 1793 894 1848 quam
930 1779 991 1830 ut
1018 1775 1255 1847 propria
1289 1774 1568 1840 falcicula,
1597 1775 1731 1829 licet
1761 1775 1830 1828 sit
1849 1791 1971 1828 sca-
1998 1849 2032 1851 _
2606 1774 2837 1828 CAPUT
2871 1777 3160 1832 PRIMUM.

362 1849 928 1933 brosa,mutilatione
944 1862 1226 1917 tenuatim
1244 1862 1814 1932 obducta,propriam
1830 1879 1976 1916 mes-
1997 1849 2048 1908 Β
2075 1859 2256 1926 Ortus,
2289 1860 2552 1925 educatio,
2602 1861 2807 1931 studia,
2841 1880 2995 1916 mora
3039 1865 3093 1917 in
3137 1865 3266 1920 aula
3295 1872 3456 1940 regis,
3493 1877 3544 1925 et
3573 1872 3708 1928 inde

367 1972 492 2010 sem
530 1953 719 2008 sudati
761 1951 970 2006 laboris
1000 1968 1104 2022 pro
1136 1967 1301 2022 posse
1341 1950 1548 2004 virium
1586 1950 1745 2021 piare
1773 1967 1974 2022 proce—
2749 1951 3008 2021 expulsio.

367 2043 504 2098 dam
531 2059 544 2096 :
568 2041 616 2095 si
645 2044 843 2095 tamen
870 2040 1124 2111 quodam
1143 2037 1567 2092 demonstranti
1590 2038 1829 2108 digitulo
1853 2056 1974 2094 cor-

370 2130 618 2202 rigentis
643 2129 926 2182 indicetur
957 2144 1070 2198 qua
1097 2129 1258 2198 parte
1285 2127 1544 2180 locorum
1569 2127 1784 2181 inserta
1810 2127 1975 2182 vitia-

365 2219 498 2273 bilis
515 2216 704 2286 campi
719 2215 998 2286 vituperia
1009 2217 1350 2286 provocatus
1368 2210 1639 2268 incidam.
1659 2216 1805 2286 Ergo
1829 2232 1975 2286 quo-

373 2307 534 2362 niam
561 2321 732 2359 causa
756 2303 992 2357 inscitiae
1023 2302 1080 2356 id
1110 2302 1235 2356 ﬁeri
1267 2302 1422 2372 quod
1444 2303 1570 2355 volo
1603 2302 1882 2372 nequibit,
1917 2303 1974 2358 id

376 2395 616 2450 tandem
640 2393 793 2464 quod
814 2408 960 2464 queo
989 2392 1131 2444 velle
1155 2390 1494 2462 compellor.
1520 2390 1635 2444 Hoc
1665 2390 1972 2460 siquidem,

343 2486 438 2538 'ut
463 2483 574 2550 (ad)
614 2483 870 2551 optatam
897 2479 1190 2550 praelocuti
1224 2477 1478 2547 theologi
1514 2479 1587 2547 (6)
1610 2478 1972 2534 mentionem

372 2575 573 2643 (quam
597 2569 788 2641 lepido
805 2567 1092 2621 facilitatis
1111 2566 1482 2636 eulogio,vel,
1499 2566 1541 2618 si
1565 2568 1972 2637 possim,sum-

379 2659 586 2712 matim
623 2658 698 2722 (7)
725 2656 984 2722 rimatus,
1008 2655 1272 2725 capilella
1287 2670 1641 2724 omnemque
1673 2670 1974 2724 proceram

377 2748 614 2816 hujusce
631 2748 868 2799 texturas
883 2743 1112 2808 seriem,
1129 2740 1493 2812 chrysidineo
1512 2745 1582 2806 (8)
1603 2743 1895 2796 schemate
1911 2759 1976 2797 ac

371 2834 608 2891 biformi
635 2836 707 2904 (9)
733 2831 1036 2886 renitentis
1061 2831 1256 2886 electri
1285 2830 1476 2883 colore
1503 2831 1847 2900 gemmatim
1871 2831 1978 2885 dis-

349 1092 480 1130 cum
505 1075 673 1129 malis
690 1075 904 1145 pariter
919 1072 1137 1126 secanti
1162 1070 1482 1143 intercepta
1512 1072 1754 1137 sarculo,
1771 1068 1958 1124 eradi-

345 1163 532 1218 cando
561 1161 909 1234 praecidant;
939 1160 1038 1214 sed
1060 1159 1434 1213 exsecrabilia
1453 1160 1622 1229 hujus
1637 1157 1957 1230 superﬁciei

348 1251 507 1318 lolia,
535 1251 788 1322 quodam
822 1249 929 1302 levi
968 1248 1298 1314 conamine,
1327 1247 1539 1319 passim
1567 1263 1670 1318 per
1697 1248 1958 1301 locorum

358 1339 545 1412 spatia
565 1338 926 1408 negligenter
941 1351 1226 1406 respersa,
1243 1335 1422 1389 fundo
1443 1338 1612 1389 tenus
1627 1333 1960 1406 explodant.

365 1428 424 1481 Si
453 1428 575 1481 haac
597 1425 739 1480 mihi
756 1424 1043 1479 affectanti
1069 1422 1966 1494 prmcaminaw)...concedenda

363 1514 680 1588 persentio,
714 1513 846 1567 satis
875 1511 1128 1582 gratiosa
1148 1511 1431 1566 beneﬁcia
1459 1511 1835 1582 rependenda
1865 1510 1965 1563 de-

356 1619 603 1676 promo;
633 1602 717 1656 sin
745 1604 936 1655 autem
958 1599 1169 1662 invidis
1189 1601 1530 1654 aemulorum
1550 1598 1968 1653 abdicamentis

2143 2044 2357 2102 2.Cum
2395 2040 2714 2095 multorum
2757 2043 3097 2111 temporum
3130 2058 3164 2096 a
3185 2059 3319 2098 vero
3350 2047 3503 2101 cultu
3529 2047 3698 2101 Chri-

2075 2134 2277 2188 stianae
2300 2129 2601 2200 religionis
2623 2144 2803 2182 vacua
2833 2129 3137 2184 transisset
3157 2132 3456 2202 curricula,
3489 2136 3698 2206 quibus

2071 2225 2291 2276 vetusto
2327 2218 2508 2273 errori
2550 2217 2665 2272 ritu
2687 2217 3033 2288 gentilitatis
3062 2236 3205 2290 gens
3233 2223 3556 2293 Anglorum
3577 2241 3699 2280 ma-

2074 2310 2160 2381 gis
2192 2325 2367 2380 quam
2415 2307 2638 2361 Christo
2687 2306 2951 2360 Creatori
2999 2312 3338 2364 cunctorum
3373 2312 3698 2386 mancipari

2075 2397 2444 2461 decernebat,
2481 2394 2811 2448 misericors
2857 2395 3162 2463 Dominus,
3202 2415 3274 2451 ne
3318 2400 3544 2455 factura
3573 2419 3694 2468 sua,

2075 2484 2295 2557 laqueis
2313 2483 2530 2537 irretita
2552 2481 2922 2536 diabolicisin
2943 2486 3230 2537 aeternum
3256 2485 3534 2540 damnata
3553 2490 3699 2558 peri-

2074 2578 2184 2641 ret,
2201 2573 2400 2627 salutis
2416 2575 2648 2624 internae
2674 2570 3002 2625 remedium
3029 2573 3288 2642 ejusdem
3312 2575 3551 2628 czecitati
3569 2593 3698 2646 pro-

2076 2661 2279 2733 spexit,
2311 2676 2373 2713 ac
2397 2658 2800 2712 venerandum
2833 2660 3066 2713 Patrem
3093 2661 3473 2730 Augustinum
3495 2663 3630 2733 (13),
3663 2683 3698 2719 a

2076 2752 2244 2805 beato
2269 2764 2420 2818 papa
2433 2747 2679 2800 electum
2698 2747 2996 2814 Gregorio,
3013 2748 3086 2800 ad
3101 2748 3270 2817 hujus
3287 2752 3480 2816 partes
3492 2752 3694 2820 patriae

2079 2836 2385 2889 miseratus
2399 2830 2735 2885 destinavit:
2755 2832 2854 2902 qui
2877 2832 3065 2902 sagaci
3080 2832 3537 2903 mentisingenio
3555 2836 3694 2891 inde

379 2939 592 2988 serere,
632 2921 971 2992 gestiebam.)
999 2936 1152 2974 nunc
1194 2921 1396 2973 saltem
1429 2918 1674 2989 satyrica
1714 2919 1977 2972 fatuitate

376 3027 690 3085 gressuque
719 3009 978 3080 lapsandi
1012 3008 1169 3079 quasi
1200 3007 1392 3061 minus
1411 3007 1638 3077 sapiens
1659 3008 1975 3064 vacillaudo

2079 2935 2417 2978 conversam
2468 2918 2700 2987 plebem
2755 2919 3035 2984 ﬁdelium,
3097 2918 3390 2972 hazredem
3447 2920 3696 2976 sociaret

2079 3013 2248 3066 beato
2283 3005 2666 3062 contubernio
2692 3008 3058 3078 angelorum.
3077 3005 3200 3059 Mox
3220 3005 3395 3075 igitur
3414 3011 3476 3061 ut
3493 3007 3575 3061 vir
3591 3009 3693 3063 Dei

373 3098 867 3155 incedam.Melius
889 3101 1084 3150 tamen
1108 3100 1284 3150 tanta:
1307 3095 1432 3149 vitae
1459 3099 1819 3150 venustatem
1852 3096 1980 3151 ido-
2015 3098 2232 3184 Cintcr
2267 3096 2462 3150 insciaa
2494 3095 2744 3150 nationis
2777 3111 2978 3167 vepres
3033 3094 3253 3147 sulcum
3295 3095 3692 3152 celeberrima:

372 3188 498 3243 neis
514 3183 1242 3256 compositoribusmibeati
1275 3181 1545 3236 antistitis
1569 3182 1976 3240 imminentem
2024 3179 2360 3242 vdoctrinae
2405 3199 2824 3255 vomeremque
2887 3181 2988 3236 Dei
3032 3179 3372 3234 visitationis
3399 3180 3601 3250 inﬁxit,
3636 3188 3693 3238 et

370 3275 519 3329 iram
535 3271 1440 3345 pertimescam)conscribendam
1455 3274 1847 3344 reservo;quia
1861 3291 1978 3330 non

379 3379 612 3417 summa
641 3361 968 3432 proﬁtente,
1021 3375 1310 3431 quoquam
1362 3359 1421 3412 in
1465 3361 1634 3431 hujus
1663 3363 1841 3416 cosmi
1871 3363 1980 3418 situ

378 3449 787 3520 praestantior;
823 3453 909 3503 ast
945 3448 1208 3520 personis
1264 3447 1553 3514 omnibus,
1601 3450 1731 3504 divo
1780 3468 1981 3506 carens

379 3540 679 3608 dogmate,
698 3538 1040 3608 despectior.
1057 3537 1199 3590 Nam
1223 3553 1253 3589 e
1275 3537 1652 3607 prudentibus
1684 3539 1980 3594 neminem

375 3625 602 3680 liberali
634 3625 924 3678 eruditum
955 3625 1190 3694 ingenio
1215 3624 1638 3695 propemodum
1665 3627 1977 3696 pernoscis,

375 3713 476 3785 qui
497 3717 613 3767 tam
637 3713 889 3767 deformi
918 3713 1186 3766 facundia
1213 3713 1271 3766 in
1297 3711 1610 3766 scribendis
1631 3714 1982 3785 prologis,ut

376 3819 511 3874 ego,
525 3803 784 3856 videatur
803 3802 977 3856 abuti.
999 3803 1106 3856 Has
1123 3806 1319 3856 tamen
1334 3805 1638 3872 sequentes
1655 3804 1978 3874 paginulas,

379 3909 560 3963 parvo
577 3890 904 3961 capacitatis
926 3890 1128 3944 fomite
1153 3895 1440 3961 utcunque
1458 3891 1982 3961 compositas,ﬁdis-

379 3981 528 4035 sima
545 3979 799 4033 ﬁdelium
824 3978 1190 4033 attestatione
1209 3979 1600 4050 purgato(lO),
1623 3979 1667 4032 si
1708 3997 1822 4050 qua
1848 3997 1979 4051 pro-

378 4067 509 4141 pria
539 4067 865 4120 temeritate
891 4065 1147 4137 efﬁgiata
1177 4065 1424 4136 insignia
1452 4065 1511 4119 in
1544 4065 1630 4119 his
1661 4083 1756 4122 me
1779 4084 1978 4122 conse-

382 4154 564 4209 ruisse
596 4154 841 4220 difﬁdas,
875 4153 983 4207 nisi
1014 4154 1164 4207 forte
1195 4170 1321 4224 quae
1347 4155 1434 4207 vel
1483 4155 1731 4210 videndo
1760 4158 1847 4210 vel
1879 4173 1979 4210 au-

377 4243 612 4310 diendo,
652 4242 784 4297 licet
835 4241 1132 4296 intellectu
1181 4241 1455 4312 torpenti,
1489 4243 1561 4296 ab
1609 4243 1730 4313 ipso
1764 4244 1981 4298 didice-

374 4349 540 4399 ram;
573 4333 657 4386 vel
685 4331 861 4385 etiam
885 4347 951 4383 ex
979 4330 1101 4400 ejus
1127 4329 1396 4392 alumnis,
1423 4345 1567 4400 quos
1596 4347 1630 4385 a
1650 4334 1863 4386 tenella
1885 4334 1978 4403 ju-

2081 3275 2370 3330 triticeum
2389 3275 2599 3327 sanctae
2613 3271 2910 3326 Trinitatis
2934 3285 3130 3324 semen
3151 3267 3420 3336 inseruit;
3441 3270 3517 3324 sic
3533 3271 3690 3340 vipe-

2080 3380 2247 3418 reum
2279 3360 2572 3433 pereuntis
2593 3359 2714 3413 lolii
2740 3375 2983 3431 germen
3021 3357 3090 3410 ab
3120 3357 3225 3410 hac
3255 3357 3603 3430 exstirpavit,
3633 3363 3695 3414 ut

2082 3451 2320 3508 ulterius
2343 3448 2567 3504 dumosi
2590 3449 2741 3504 ruris
2766 3448 2979 3503 rudera
2999 3446 3057 3499 in
3089 3462 3158 3500 ea
3185 3447 3465 3517 pullulare
3494 3449 3696 3520 prohi-

2082 3541 2330 3607 beret,et
2347 3538 2554 3609 dignos
2576 3538 2695 3592 Deo
2720 3535 3077 3611 poenitentia:
3102 3535 3317 3590 fructus
3343 3536 3691 3595 documento

2083 3628 2300 3702 pariter
2328 3631 2386 3681 et
2431 3627 2695 3696 exemplo
2739 3626 2951 3682 debere
2999 3623 3190 3678 offerri
3245 3625 3691 3685 demonstraret.

2080 3719 2298 3787 Itaque,
2332 3714 2430 3787 qui
2478 3715 2612 3767 ante
2647 3731 2782 3769 eam
2816 3714 3130 3784 spreverat,
3161 3712 3402 3766 credidit
3447 3715 3690 3772 Domino

2082 3803 2378 3858 universus
2410 3800 2724 3856 Albionum
2749 3800 3016 3873 populus,
3056 3802 3114 3853 et
3143 3798 3446 3869 adjunctus
3475 3804 3560 3856 est
3587 3819 3693 3873 per

2079 3907 2229 3947 vera;
2279 3889 2415 3944 ﬁdei
2459 3889 2824 3959 agnitionem
2858 3890 2974 3941 Deo
3003 3903 3122 3940 suo.
3173 3887 3272 3941 Hic
3302 3891 3520 3951 autem,
3566 3890 3691 3946 sine

2081 3980 2238 4049 cujus
2270 3977 2653 4033 sollicitudine
2681 3975 2840 4048 parvi
2864 3990 2982 4028 non
2997 3975 3381 4030 succumbunt
3407 3993 3688 4048 passeres,

2079 4083 2277 4122 curam
2297 4067 2533 4138 Optimae
2550 4061 2946 4136 proventionis
2958 4063 3030 4117 ob
3048 4080 3163 4117 suae
3180 4065 3392 4118 statum
3409 4065 3690 4123 conditio-

2080 4155 2168 4210 nis
2184 4153 2288 4225 ipsi
2316 4155 2524 4209 deinde
2542 4152 2825 4207 adhibuit.
2853 4150 3038 4221 Elegit
3059 4167 3312 4222 namque
3338 4152 3592 4208 venturis
3613 4156 3688 4210 ad

2080 4260 2138 4296 se
2166 4241 2369 4296 exinde
2390 4240 2587 4297 liberis
2608 4239 2897 4305 nutritios,
2921 4255 3107 4310 reges,
3139 4239 3460 4310 pontiﬁces,
3494 4241 3686 4312 duces,

2082 4331 2714 4402 decanos,praepositos,
2729 4331 3081 4398 coeterosque
3098 4327 3355 4384 Ecclesia:
3369 4347 3484 4384 suae
3499 4334 3690 4386 recto-

374 4419 627 4474 ventutis
655 4422 823 4473 aetate
851 4418 924 4472 ad
953 4417 1103 4480 viros
1130 4433 1306 4487 usque
1339 4418 1643 4488 perfectos,
1689 4420 1978 4476 doctrina-
2009 4439 2062 4498 Ῑ)
2083 4436 2194 4485 res,
2221 4418 2316 4488 qui
2341 4422 2463 4490 post
2481 4433 2718 4472 emensa
2738 4416 3098 4487 singulorum
3117 4415 3300 4486 spatia
3316 4434 3554 4490 gregem
3569 4421 3687 4477 Deo

375 4526 507 4564 rum
539 4507 760 4580 pabulis
785 4507 1057 4560 decenter
1076 4505 1401 4572 instractos,
1419 4504 1663 4574 ipsemet
1682 4509 1981 4564 educando

375 4596 632 4652 deduxit.
655 4597 948 4663 Acceptes,
973 4594 1232 4659 obsecro,
1253 4593 1374 4646 sola
1399 4597 1593 4664 septus
1623 4596 1982 4652 connexione

373 4683 689 4750 charitatis,
718 4683 931 4736 horum
953 4681 1327 4752 apicellorum
1360 4684 1597 4736 tenuem
1623 4685 1976 4756 congeriem,

447 4811 516 4874 (3)
552 4807 787 4870 Terrem,
814 4803 962 4858 forte
983 4810 1230 4860 ten-eam.

451 4878 519 4946 (4)
551 4876 781 4930 Potitus.

454 4945 528 5018 (5⁷)
562 4947 883 5018 Ρνρσνανηιήα
927 4945 1333 5018 θάάυηιίιιῐηιιθ
1361 4945 1706 5018 hmeVerba’
1736 4949 1981 5018 quiscun"

372 5016 522 5093 quee
546 5017 918 5093 nebulosorum
951 5016 1197 5093 gare-uiis,
1231 5032 1382 5093 quae
1419 5016 1759 5093 videbantur
1783 5035 1977 5093 “posse

375 5087 596 5154 abesse,
655 5088 839 5160 donec
892 5087 1112 5141 felicior
1167 5087 1497 5157 conjectura
1555 5087 1976 5160 intelligibilem

375 5176 607 5216 sensum
640 5158 965 5229 reperisset.

452 5234 532 5299 (6)
559 5227 794 5283 Videtur
815 5228 878 5283 S.
911 5227 1255 5281 Dunstanum
1286 5244 1461 5299 quem
1504 5245 1676 5299 supra
1716 5229 1977 5284 decentem

375 5298 665 5380 aedituum,
684 5299 842 5380 quasi
868 5299 1089 5380 dignum
1120 5299 1307 5380 domus
1327 5298 1553 5353 Domini
1574 5298 1858 5368 custodem,
1883 5316 1977 5372 ap-

377 5373 624 5445 pellarat
653 5370 741 5424 hic
769 5370 1071 5424 nominare
1105 5370 1417 5438 theologum.

453 5449 522 5508 (7)
554 5442 901 5496 Summorum
932 5444 1206 5494 rimatum.

455 5515 528 5583 (8)
559 5512 938 5622 Cligysidineus
962 5539 977 5577 ,-
1010 5529 1082 5566 an
1116 5511 1323 5566 dicitur
1344 5511 1504 5584 quasi
1525 5531 1718 5566 aureus
1741 5516 1827 5568 vel
1849 5533 1978 5569 auro

455 5590 613 5622 ’ραι-1ης

381 5589 613 5640 intextus
641 5589 661 5636 ’ἐ

452 5655 522 5725 (9)
556 5655 733 5708 Prosa
765 5653 978 5708 scilicet
1019 5654 1076 5707 et
1125 5670 1308 5722 versu,
1359 5656 1527 5726 atque
1582 5653 1661 5709 ita
1711 5655 1980 5728 deinceps

608 5795 678 5846 ι

2083 4509 2352 4562 renatum
2380 4507 2484 4561 sub
2510 4507 2666 4577 pacis
2694 4504 2951 4560 custodia
2988 4508 3260 4576 regerent
3287 4524 3418 4563 cum
3442 4509 3684 4582 justitia.

2153 4598 2206 4652 3.
2240 4596 2394 4648 Inter
2441 4596 2545 4650 hos
2573 4594 2892 4666 praecipuos
2927 4593 3100 4666 regite
3133 4597 3486 4667 praalationis
3514 4599 3684 4671 viros,

2083 4700 2258 4756 quem
2288 4682 2756 4738 Christianissimi
2778 4687 2837 4737 et
2865 4682 3168 4738 orthodoxi
3194 4685 3360 4738 multi
3380 4689 3684 4758 regnando

2078 4806 2264 4887 varios
2295 4822 2511 4887 versus,
2537 4807 2635 4887 sed
2665 4809 2866 4887 metro.
2887 4823 3170 4878 perquam
3191 4807 3488 4887 vacillanti
3526 4809 3681 4865 inve-

2079 4879 2203 4952 nies
2225 4877 2516 4952 contextui
2544 4877 2691 4952 Vitae
2714 4877 3031 4952 admistosi
3057 4879 3212 4950 quod
3235 4896 3368 4935 mox
3392 4883 3681 4952 appellare

2078 4949 2303 5003 videtur
2333 4949 2637 5018 satyricam
2668 4949 3016 5004 fatuitatem.

2153 5021 2258 5091 (10)
2286 5018 2565 5091 ῌςνῃαῦο.

2152 5089 2260 5160 (ll)
2299 5089 2545 5143 Ebenina
2579 5089 2880 5146 titulatione
2905 5090 3147 5145 indicari
3174 5095 3313 5161 puto
3343 5093 3678 5161 scriptionem

2067 5167 2560 5235 per_atramentum
2591 5162 2702 5235 (est
2753 5163 2910 5235 enim
2955 5162 3174 5235 ebenum
3203 5164 3393 5235 colore
3424 5162 3677 5235 nigrum)

2077 5237 2136 5285 et
2156 5232 2232 5286 sic
2255 5248 2426 5303 supra
2442 5232 2732 5306 usurpavit
2739 5233 3042 5303 plorantem
3056 5232 3396 5302 pinm'culam
3410 5232 3679 5303 pre/luen-

2077 5305 2143 5360 tis
2171 5320 2295 5357 enea
2304 5305 2424 5357 usti.

2146 5375 2262 5444 (l2)
2293 5375 2612 5446 Explorare.

2151 5438 2260 5517 (13)
2296 5438 2575 5516 Coluntur
2597 5443 3026 5517 S._Augustiiiils
3052 5438 3203 5517 infra
3247 5443 3314 5494 26
3345 5443 3496 5512 Maii,
3529 5449 3585 5500 et
3613 5447 3676 5499 δ’,

2083 5509 2376 5586 Gregorius
2407 5521 2469 5572 l2
2495 5515 2698 5583 Martii,
2732 5530 2764 5568 a
2785 5509 2910 5584 quo
2944 5512 3034 5565 ille
3068 5509 3273 5566 missus
3305 5517 3461 5571 venit
3485 5509 3543 5571 in
3573 5520 3683 5571 An-

2082 5588 2256 5659 gliam
2289 5605 2442 5645 anno
2476 5593 2598 5644 597.
