3994 6180
323 425 345 482 l
355 423 459 481 527

1350 409 1717 468 BRIDFERTI
1764 404 2224 465 RAMESIENSIS
2259 406 2588 466 MONACHI.

3513 413 3645 470 H28

323 545 783 619 praecesserant,
799 557 1046 614 quorum
1063 555 1216 598 nunc
1241 543 1794 600 nominadifficultas
1824 553 1941 595 non
1965 533 2023 593 Α,
2051 549 2308 606 Plurima
2333 550 2640 606 verborum
2670 565 2847 605 vacuo
2865 547 3140 620 jac},th
3166 545 3239 604 ab
3265 561 3387 603 οη,

324 637 464 692 sinit
491 634 695 692 rimari
730 650 836 706 per
863 633 1114 707 singula,
1166 637 1446 708 gloriosus
1498 653 1597 691 rex
1644 637 1941 691 Ethelsta—

322 743 430 780 nus
453 727 556 793 (14)
591 723 758 778 annis
783 726 1229 781 succedentibus
1254 731 1338 781 est
1366 744 1462 781 rex
1485 728 1803 798 Anglorum
1836 744 1940 781 an-

322 815 683 868 numeratus.
720 813 895 884 Hujus
929 813 1103 883 igitur
1135 814 1364 886 imperii
1378 815 1736 887 temporibus
1758 814 1940 870 oritur

320 919 466 975 puer
497 905 769 956 strenuus
794 902 852 957 in
880 905 1320 958 Westsaxonum
1346 903 1557 958 finibus
1589 905 1696 975 (15)
1728 921 1740 958 :
1778 905 1938 975 cujus

318 993 485 1062 pater
514 991 860 1046 Heorstanus
886 991 1025 1062 (16),
1060 996 1246 1047 mater
1297 1011 1431 1048 vero
1465 993 1816 1064 Cynedrydis
1845 1010 1938 1048 vo-

321 1078 546 1133 citatur.
585 1078 767 1142 Quem
798 1079 875 1149 pii
907 1081 1355 1149 parentes,sacri
1381 1081 1742 1153 baptismatis
1769 1080 1935 1136 undis

322 1170 620 1230 renatum,
658 1169 1021 1224 Dunstanum
1078 1172 1441 1225 vocaverant.
1504 1169 1692 1225 Crevit
1742 1169 1934 1241 itaque

322 1272 487 1329 puer,
519 1259 578 1311 et
601 1256 836 1312 effectus
877 1259 962 1312 est
1017 1260 1138 1312 tam
1194 1260 1309 1313 Deo
1375 1276 1550 1330 quam
1602 1258 1935 1313 hominibus

325 1345 552 1402 charus.
609 1347 743 1401 Erat
777 1348 972 1401 autem
1007 1347 1273 1417 quaedam
1312 1348 1522 1418 regalis
1575 1347 1632 1402 in
1681 1346 1932 1403 confinio

325 1434 593 1505 ejusdem
616 1434 841 1504 praefati
871 1433 976 1488 viri
1005 1435 1210 1501 insula,
1241 1435 1479 1506 antiquo
1501 1435 1817 1490 vicinorum
1843 1452 1935 1490 vo-

323 1522 527 1577 cabulo
563 1522 855 1576 Glastonia
895 1527 1245 1593 nuncupata,
1279 1523 1404 1576 latis
1427 1524 1686 1577 locorum
1707 1522 1932 1577 dimen-

323 1626 386 1664 sa
415 1607 652 1674 sinibus,
688 1608 925 1679 piscosis
982 1611 1144 1682 aquis
1185 1610 1551 1681 stagneisque
1605 1611 1936 1664 circumdu-

325 1700 416 1752 cta
453 1696 808 1764 fluminibus,
871 1701 928 1751 et
977 1697 1239 1768 plurimis
1290 1699 1563 1752 humanae
1597 1698 1933 1768 indigentiae

2059 640 2326 695 Cladibus
2347 640 2434 694 his
2459 640 2639 694 fessus
2658 638 3038 694 committitur
3061 640 3120 692 et
3136 637 3364 693 mulieri

2055 727 2316 794 Cuidam,
2342 745 2467 799 quae
2483 731 2681 783 tereno
2704 730 2840 781 tunc
2860 727 3253 799 suppeditaret
3276 727 3539 793 alumno,

2051 816 2120 871 Et
2150 831 2346 870 curam
2369 819 2599 886 gereret
2628 817 2732 870 sub
2757 832 2825 870 ea
2850 833 2923 870 ne
2953 819 3111 887 peste
3138 815 3371 886 periret.

2039 904 2114 957 At
2145 907 2470 959 memorata
2495 905 2615 960 lues
2646 921 2889 976 puerum
2921 920 3092 975 super
3113 904 3229 958 alta
3247 904 3575 974 premebat,

2042 993 2114 1047 Ut
2149 994 2306 1046 velut
2330 993 2610 1047 exanimis
2626 992 2898 1061 jacuisset
2937 994 3011 1048 ad
3039 992 3242 1047 ultima
3269 995 3503 1050 stratus.

2043 1079 2324 1136 Omnibus
2351 1085 2407 1136 et
2433 1081 2712 1136 membris
2732 1080 3070 1152 ﬁeretquasi
3091 1080 3214 1152 jam
3237 1080 3574 1135 moriturus.

2051 1171 2310 1241 Cumque
2338 1169 2434 1222 diu
2464 1169 2543 1223 sic
2562 1169 2716 1224 mole
2736 1169 2873 1223 mali
2902 1172 3238 1240 gravaretur
3261 1168 3482 1239 operti;

2048 1259 2434 1330 Eccerepeute
2461 1273 2700 1312 movens
2721 1257 2905 1324 abiitll
2919 1256 3361 1328 8),propereque
3373 1256 3644 1328 resurgit,

2035 1347 2262 1401 Fustem
2295 1362 2361 1401 ac
2395 1347 2720 1401 surculeum
2746 1345 2937 1416 rapuit
2965 1350 3100 1400 tunc
3121 1345 3269 1401 forte
3286 1348 3586 1418 repertum
3627 1363 3640 1413 ;

2045 1434 2168 1498 Quo
2201 1451 2330 1489 cum
2357 1434 2681 1505 percutiens
2709 1434 2991 1488 ambabus
3017 1433 3275 1504 partibus
3302 1449 3494 1501 auras,

2037 1525 2083 1576 A
2116 1522 2350 1577 canibus
2371 1522 2580 1577 rabidis
2609 1521 2769 1593 quasi
2788 1538 2847 1576 se
2884 1521 3244 1587 defenderet,
3273 1521 3412 1578 ibat.

2038 1610 2128 1666 Sic
2144 1628 2374 1681 quoque
2393 1612 2561 1664 nocte
2584 1610 2776 1664 ferunt
2793 1613 2854 1664 ut
2875 1609 2948 1663 ad
2963 1626 3140 1681 usque
3164 1609 3425 1681 peribola
3443 1609 3640 1680 templi

2036 1697 2331 1767 Solivagus
2362 1700 2722 1769 properaret,
2753 1699 2813 1750 et
2836 1696 2971 1750 inde
2999 1696 3218 1751 veniret
3235 1696 3306 1749 ad
3329 1697 3476 1750 altos

325 1789 461 1856 apta
493 1786 705 1851 usibus,
733 1788 908 1858 atque
941 1787 1116 1841 sacris
1143 1788 1325 1858 (quod
1356 1789 1673 1842 maximum
1701 1788 1807 1858 est)
1834 1787 1931 1842 Dei
1959 1839 2009 1858 ﬁ
2037 1788 2316 1842 Ascensus
2334 1785 2642 1857 graduum,
2667 1801 2780 1855 quo
2806 1785 3081 1839 scandere
3129 1800 3356 1838 summa
3381 1785 3644 1839 solebant

328 1873 517 1928 dicata
546 1874 900 1929 muneribus.
931 1877 993 1929 In
1023 1892 1092 1929 ea
1130 1875 1416 1947 siquidem
1459 1876 1634 1948 ipsius
1665 1878 1787 1932 loca
1817 1877 1932 1946 pri-
1954 1839 2009 1900 B
2040 1876 2299 1930 Artiﬁces
2321 1891 2584 1944 operum,
2618 1873 2868 1943 quicum
2896 1872 3222 1927 discrimine
3255 1872 3463 1942 grandi

328 1961 410 2017 mi
441 1962 735 2016 catholicae
768 1963 910 2034 legis
940 1965 1214 2035 neopbyti
1245 1963 1678 2035 antiquam(l7)
1706 1966 1822 2020 Deo
1855 1966 1936 2019 di-

328 2053 519 2105 ctante
550 2053 893 2121 repererunt
923 2053 1246 2118 ecclesiam,
1277 2054 1435 2107 nulla
1473 2053 1777 2108 hominum
1811 2055 1932 2108 arte

328 2141 741 2207 constructam,
777 2139 896 2195 imo
953 2141 1227 2195 humanae
1286 2140 1451 2196 saluti
1499 2141 1716 2196 caelitus
1773 2159 1935 2212 para-

329 2229 486 2281 tam:
524 2244 697 2298 quam
721 2229 1095 2298 postmodum
1136 2229 1256 2299 ipse
1301 2231 1576 2284 caelorum
1608 2230 1936 2284 Fabricator

328 2313 524 2369 multis
555 2315 970 2370 miraculorum
997 2316 1171 2387 gestis
1201 2317 1508 2387 multisque
1529 2317 1933 2388 mysteriorum

329 2401 656 2469 virtutibus,
685 2403 835 2457 hanc
872 2404 977 2457 sibi
1005 2409 1335 2474 sanctasque
1357 2405 1622 2475 genitrici
1668 2422 1782 2458 suae
1813 2407 1931 2460 Ma-

328 2487 432 2544 ria:
489 2493 884 2544 consecratam
939 2491 1064 2545 fore
1120 2492 1553 2546 demonstravit.
1590 2492 1725 2546 Huic
1755 2492 1932 2546 etiam

330 2575 486 2630 aliud
511 2576 859 2631 addiderunt
888 2594 1065 2649 opere
1086 2579 1378 2650 lapideum
1413 2579 1752 2646 oratorium,
1778 2581 1934 2651 quod

333 2663 554 2717 Christo
588 2663 823 2735 ejusque
853 2667 1113 2735 apostolo
1160 2666 1216 2720 S.
1278 2667 1449 2721 Petro
1501 2667 1930 2721 dedicaverunt.

330 2752 510 2806 Porro
544 2752 750 2806 dehinc
772 2752 1166 2809 universorum
1201 2755 1648 2827 circumquaque
1673 2756 1933 2810 fidelium

330 2837 657 2910 frequentia
686 2841 931 2908 colebat,
960 2845 1019 2895 et
1043 2844 1172 2913 jam
1203 2844 1369 2898 dictu:
1401 2845 1597 2898 insulae
1618 2844 1935 2915 pretiosum

331 2927 525 2980 locum
566 2927 862 2983 humiliter
890 2929 1314 3002 frequentabat.
1380 2931 1638 3002 Contigit
1667 2949 1805 3002 ergo
1832 2932 1936 2986 hu-

324 3013 651 3085 juscemodi
682 3015 862 3071 causis
890 3019 1229 3089 praedictum
1289 3020 1476 3073 virum
1531 3021 1938 3086 Heorstanum,

2036 1965 2232 2036 Ipsius,
2271 1965 2384 2019 heu
2420 1960 2648 2016 timidi!
2685 1965 2878 2015 texere
2906 1959 3207 2015 cacumina
3237 1960 3462 2031 templi.

2037 2053 2244 2117 Illic,ut
2262 2050 2798 2116 validus,summam
2821 2047 3228 2102 conscenditin
3251 2063 3469 2114 arcem,

2037 2142 2104 2195 Et
2131 2139 2304 2195 nimis
2336 2139 2562 2193 incaute
2595 2153 2766 2208 super
2795 2138 2898 2192 hac
2928 2137 3085 2192 stetit
3110 2139 3281 2208 atque
3306 2137 3540 2192 meavit.

2042 2229 2153 2284 Sed
2178 2227 2412 2282 Domini
2443 2227 2624 2298 pietas
2647 2225 2834 2296 rapuit
2872 2225 2943 2279 de
2974 2224 3336 2294 fastigiorum

2038 2317 2275 2372 Casibus
2292 2315 2602 2378 insontem;
2629 2329 2849 2384 ponens
2870 2329 3099 2383 quoque
3119 2312 3252 2367 inde
3273 2313 3546 2367 deorsum

2044 2405 2399 2459 Incolumem
2432 2401 2733 2467 membris,
2768 2402 3005 2464 salvum,
3039 2416 3360 2471 senumque
3391 2401 3642 2456 locatum

2035 2495 2194 2547 Intus
2218 2491 2275 2545 in
2299 2491 2407 2545 hoc
2433 2490 2588 2544 idem
2619 2489 2922 2558 templum,
2972 2489 3043 2542 de
3089 2488 3341 2542 culmine
3367 2492 3592 2544 vectum
3627 2506 3639 2555 ;

2044 2582 2167 2646 Quo
2190 2581 2302 2634 duo
2327 2579 2590 2633 custodes
2617 2577 2835 2648 pariter
2867 2577 2937 2631 de
2969 2593 3133 2632 more
3160 2577 3470 2644 cubabant,

2047 2673 2116 2726 Ut
2147 2671 2315 2724 simul
2344 2669 2494 2722 inter
2521 2684 2619 2722 eos
2639 2667 2909 2738 pausaret
2939 2665 3138 2720 tertius
3165 2665 3282 2720 ille.

2038 2761 2162 2828 Ipse
2197 2762 2388 2811 tamen
2425 2754 2680 2820 nescivit,
2713 2770 2828 2824 qua
2857 2753 3086 2808 ratione
3117 2753 3358 2819 veniret,

2037 2847 2370 2916 Excogitare
2384 2841 2958 2912 modum,vivensque
2973 2841 3077 2896 sub
3090 2841 3302 2895 aethere
3315 2842 3637 2914 quisquam.

2043 2933 2196 2990 Ostia
2225 2949 2361 2987 nam
2395 2930 2596 3002 templi
2628 2930 2768 2984 nulli
2795 2933 3030 2999 patuere
3063 2930 3305 2996 meanti,

2039 3021 2235 3078 Arcuit
2264 3024 2350 3075 ast
2380 3018 2584 3073 eadem
2611 3017 2829 3072 ferrum
2868 3017 2972 3071 sub
3003 3017 3214 3072 cortice
3266 3017 3475 3072 durum
3506 3021 3638 3084 (l9).

336 3104 651 3160 comitante
684 3122 877 3161 secum
899 3107 1068 3161 beato
1103 3124 1279 3179 puero
1329 3109 1652 3176 Dunstano,
1697 3108 1938 3162 transire
1966 3106 2018 3170 C'.
2041 3111 2267 3182 Optime
2297 3124 2447 3162 nunc
2478 3108 2676 3170 lector,
2709 3104 2880 3158 celeri
2910 3121 3179 3159 sermone
3203 3104 3406 3171 fatere,

337 3192 713 3257 Glastoniam,
749 3198 806 3248 et
831 3211 962 3248 cum
989 3195 1130 3249 inibi
1158 3213 1326 3250 causa
1344 3195 1618 3250 orationis
1638 3201 1936 3268 pernocta-

335 3282 624 3348 rent,ecce
645 3281 831 3336 suavis
849 3281 950 3336 imi
965 3283 1186 3354 saporis
1200 3283 1425 3337 felicem
1441 3284 1660 3338 obtexit
1680 3283 1939 3355 pausatio

336 3384 582 3440 puerum
602 3369 856 3442 viditque
889 3371 1091 3425 mentis
1125 3387 1352 3426 excessu
1397 3372 1710 3441 quemdam
1741 3387 1941 3425 senem

339 3454 503 3510 niveo
535 3456 786 3511 candore
817 3457 1104 3527 vestitum,
1129 3475 1231 3529 per
1261 3475 1562 3512 amoenase
1578 3459 1722 3512 sacri
1742 3458 1943 3529 templi

339 3541 486 3596 atria
499 3542 900 3612 ducentem,ac
915 3547 1234 3600 monastica
1253 3547 1514 3613 aediﬁcia,
1539 3564 1667 3618 qua:
1692 3551 1821 3620 post
1841 3565 1944 3619 per

339 3628 463 3700 ejus
493 3633 847 3701 pastoratum
881 3633 1221 3689 aediﬁcanda
1246 3635 1498 3701 fuerant,
1536 3635 1940 3690 demonstran-

341 3717 484 3786 tem,
511 3734 580 3772 eo
605 3719 806 3775 ordine
837 3739 949 3794 quo
973 3740 1124 3777 nunc
1145 3727 1358 3779 statuta
1388 3724 1716 3779 referuntur
1749 3725 1942 3784 fuisse.

420 3825 475 3878 4.
508 3824 713 3880 Postea
737 3844 870 3884 vero
901 3828 1154 3900 religiosi
1181 3830 1344 3902 pueri
1371 3831 1647 3886 Dunstani
1674 3835 1948 3903 parentes

339 3919 516 3978 sacris
541 3934 675 3974 eum
715 3917 1040 3972 litterarum
1099 3919 1232 3973 otiis
1286 3921 1658 3974 contulerunt
1710 3922 1944 3976 studen-

340 4011 463 4064 tem
498 4023 512 4064 :
547 4006 636 4062 cui
663 4005 965 4061 confestim
996 4007 1274 4061 Dominus
1301 4010 1525 4062 tantam
1558 4008 1617 4062 in
1658 4008 1744 4064 his
1774 4009 1947 4080 largi-

340 4096 476 4153 tatis
507 4111 624 4150 sua‘.
653 4094 919 4150 conferre
950 4094 1218 4166 dignatus
1261 4097 1348 4148 est
1401 4095 1674 4166 gratiam,
1710 4100 1772 4150 ut
1803 4113 1947 4152 coae-

343 4188 548 4242 taneos
573 4199 830 4257 quosque
855 4184 1229 4254 praecelleret,
1277 4185 1336 4236 et
1394 4199 1632 4238 suorum
1683 4187 1951 4256 tempora

345 4272 669 4329 studiorum
693 4271 845 4327 facili
871 4287 1039 4327 cursu
1066 4270 1382 4326 transiliret
1407 4289 1424 4324 :

347 4361 461 4417 Sed
485 4361 642 4434 quod
664 4361 988 4416 contulerat
1011 4359 1114 4414 sibi
1147 4359 1378 4431 signum
1405 4377 1636 4416 summa
1665 4363 1948 4434 Majestas,

348 4451 410 4504 In
437 4449 636 4505 studiis
664 4449 800 4519 ipsis
832 4465 1005 4520 parvo
1037 4464 1140 4518 pro
1167 4464 1333 4518 posse
1360 4450 1592 4521 patebo.

350 4535 609 4607 Contigit
629 4537 782 4590 hunc
804 4538 1066 4592 laborare
1097 4537 1192 4592 diu
1224 4555 1361 4592 nam
1392 4538 1648 4593 febribus
1689 4541 1878 4608 arctis,

347 4625 417 4681 In
444 4627 674 4680 tantum
686 4627 749 4678 ut
764 4625 1062 4694 phrenesis
1072 4626 1342 4680 morbum
1358 4629 1924 4698 patereturamarum
1936 4671 1953 4700 ,

352 4715 650 4768 Inmemor
675 4716 848 4786 atque
873 4712 957 4768 sui
985 4729 1088 4785 per
1117 4713 1502 4769 deliramenta
1534 4732 1842 4786 nugarum,

425 4821 537 4892 (14)
564 4820 952 4876 zEthelslanus
964 4818 1111 4892 patri
1136 4836 1236 4874 suo
1253 4821 1530 4892 Edwardo
1556 4822 1951 4890 seniori,anno

356 4891 461 4950 924
482 4895 735 4958 mortuo,
765 4891 1047 4945 successit.
1073 4891 1379 4961 Itapassim
1407 4908 1627 4946 omnes.
1665 4893 1860 4948 Solum
1895 4896 1953 4950 in

358 4961 1075 5034 ChronologiaSaxonica,
1112 4961 1276 5015 Bedze
1311 4962 1568 5016 Historias
1592 4963 1957 5034 subnexa,re-

357 5037 543 5113 fertur
568 5033 680 5113 hoc
703 5033 1030 5113 adannum
1058 5036 1420 5113 sequentem.

428 5106 540 5179 (15)
561 5104 755 5179 Secuti
778 5102 1208 5179 Wigorniensis,
1240 5104 1660 5179 D_u_nelmcnsis,
1682 5105 1958 5162 Westmo-

359 5172 730 5234 nasteriensis
783 5175 994 5246 aliique
1011 5173 1119 5247 _his
1177 5175 1362 5229 verbis
1390 5193 1401 5229 :
1433 5172 1606 5244 Cujus
1637 5179 1957 5247 temporibus

358 5251 534 5304 oritur
559 5266 694 5320 puer
722 5245 967 5320 strenuus
994 5245 1309 5320 Dunstanus
1341 5248 1397 5301 in
1430 5245 1804 5320 Wcstsaxoni'w
1827 5251 1956 5318 fini-

363 5321 475 5385 bus,
508 5317 724 5376 scilicet
753 5319 810 5372 in
844 5317 1285 5372 Somersettensi
1318 5318 1614 5371 comitatu.

433 5388 1108 5463 (l6)gHeorsrtanus,_aliis_
1141 5387 1442 5463 Herstanus
1473 5405 1484 5442 :
1519 5392 1588 5463 at
1611 5388 1955 5458 Uynedrydis

361 5459 878 5529 aliis,'Kynedrida,
920 5459 1211 5515 Kirwdrita
1245 5463 1301 5513 et
1335 5459 1663 5514 Cln'neclrz'la.

435 5536 546 5603 (l7)
589 5535 666 5588 De
710 5533 814 5586 hac
832 5531 1069 5602 antiqua
1087 5531 1392 5603 traditione
1420 5530 1824 5603 (ilastoniensis
1852 5532 1956 5586 Ec-

361 5600 566 5670 clesiaz,
606 5603 663 5658 in
696 5604 868 5658 citato
900 5600 1339 5674 Somerscttensi
1367 5602 1643 5674 comitatu
1669 5600 1956 5674 sita;,egi-

363 5692 491 5729 mus
513 5673 781 5729 Kalendis
801 5671 979 5725 Martii
997 5677 1128 5726 ante
1150 5673 1334 5725 Vitam
1361 5672 1397 5727 S
1442 5672 1660 5726 Davidis
1676 5671 1951 5743 archiepi-

2043 3201 2190 3265 Quid
2221 3198 2323 3253 tibi
2346 3195 2590 3251 veridico
2619 3193 2880 3248 videatur
2901 3193 2958 3246 in
2991 3194 3099 3248 hoc
3121 3195 3361 3263 pusione
3386 3211 3400 3248 :

2047 3289 2103 3343 Si
2133 3289 2308 3342 talem
2332 3283 2556 3339 dubites
2585 3298 2854 3353 superum
2889 3282 3276 3336 conscendere
3311 3284 3596 3354 templum
3626 3299 3642 3350 ;

2044 3378 2151 3442 Qui
2184 3377 2274 3431 hic
2304 3373 2505 3428 clausis
2528 3369 2749 3425 foribus
2782 3385 2885 3440 pro
2913 3370 3224 3424 salvatione
3250 3371 3434 3424 ruinas

2047 3465 2325 3522 Conditur
2345 3462 2403 3515 in
2417 3459 2773 3529 templo,(ut)
2793 3457 3044 3512 redimat
3063 3458 3132 3512 de
3148 3458 3278 3512 labe
3305 3459 3564 3531 maligna

2044 3557 2255 3611 Postea
2280 3550 2576 3623 perplures
2607 3551 2664 3601 et
2694 3545 2885 3600 mittat
2918 3546 2991 3599 ad
3021 3546 3239 3600 aethera
3264 3550 3505 3614 turmas,

2047 3644 2332 3712 Dogmata
2363 3636 2842 3700 distribuens,nec
2866 3649 2985 3688 non
3009 3635 3276 3705 exempla
3293 3635 3646 3707 relinquens.

2046 3731 2324 3800 Exsurgat
2352 3725 2575 3798 patiens
2602 3721 2855 3788 humilis,
2883 3724 3014 3776 ruat
3042 3724 3215 3793 atque
3243 3723 3546 3793 superbus.

2051 3821 2193 3874 Nam
2225 3819 2440 3887 quanto
2469 3814 2593 3866 erat
2621 3810 2930 3864 crescendo
2961 3809 3286 3877 sublimior,
3311 3814 3477 3865 tanto
3501 3811 3649 3866 acui-

2049 3906 2182 3962 tatis
2207 3902 2443 3975 ingenio
2473 3897 2849 3970 locupletior;
2883 3901 3214 3969 quantoque
3254 3897 3513 3953 roticulis
3551 3917 3651 3955 an-

2053 4011 2262 4051 norum
2291 3989 2594 4054 maturior,
2628 3990 2787 4042 tanto
2816 3986 2921 4040 Dei
2947 3986 3254 4041 dilectione
3293 3987 3610 4044 ferventior
3636 4007 3650 4057 ;

2052 4086 2269 4159 quanto
2302 4094 2434 4133 vero
2479 4077 2537 4130 in
2580 4073 2784 4129 divinis
2815 4073 3079 4129 laudibus
3134 4073 3435 4143 assuetior,
3491 4080 3652 4133 tanto

2051 4165 2438 4246 perseveranti
2463 4163 2659 4219 animo
2686 4161 3015 4217 instantior.

2123 4268 2174 4318 5.
2204 4253 2676 4322 Videntesitaque
2693 4253 2960 4321 parentes
2994 4251 3403 4322 prenominali
3429 4260 3653 4314 tantam

2052 4354 2136 4412 sui
2161 4343 2556 4407 excellentiam
2600 4338 2722 4404 ﬁlii,
2774 4337 3019 4410 dignum
3079 4341 3184 4395 sibi
3238 4343 3522 4400 clericalis
3549 4349 3650 4418 (20)

1979 4475 2032 4533 D
2051 4446 2378 4514 imposuere
2409 4443 2711 4486 censuram
2740 4426 2935 4493 ofﬁcii,
2958 4427 3134 4499 inque
3165 4430 3391 4486 famoso
3439 4435 3652 4490 Glasto-

2055 4529 2239 4590 niensi
2257 4520 2514 4582 Ecclesiae
2531 4515 2894 4571 sociaverunt
2913 4517 3208 4586 coenobio;
3245 4525 3534 4591 quatenus
3553 4524 3628 4578 ibi
3643 4553 3657 4564 -

2057 4626 2189 4680 dem
2213 4619 2302 4672 die
2337 4611 2623 4678 noctuque
2663 4605 2778 4658 Deo
2807 4605 3025 4677 Deique
3049 4610 3315 4678 genitrici
3346 4611 3658 4668 deserviret

2057 4710 2535 4774 Marim,temp0re
2553 4692 2848 4748 continuo.
2872 4698 3115 4770 Jamque
3151 4701 3467 4774 disciplinis
3497 4703 3657 4758 inne-

2057 4819 2210 4891 scopi
2222 4818 2352 4891 Men
2361 4811 2800 4891 evensi.s,_num‘..
2822 4811 2907 4890 1?.

2129 4877 2241 4959 (38)
2263 4877 2591 4959 Adalardus'
2605 4878 3043 4959 Blandipiensis,
3062 4877 3381 4959 ςῳιεειίῃὶῃᾳ
3399 4879 3659 4959 nngelicq,

2062 4949 2264 5016 ιιέύετίσ
2293 4957 2436 5012 credi
2460 4956 2546 5026 [as
2575 4960 2670 5020 est,
2702 4951 2904 5006 medela
2942 4953 3193 5022 prz'stina'
3237 4951 3408 5004 saluti
3434 4959 3509 5003 est
3537 4949 3665 5004 red-

2058 5033 2197 5086 ditus
2207 5073 2220 5086 .

2132 5105 2240 5173 (19)
2269 5099 2425 5152 Idem
2455 5094 2783 5173 Adalardus.
2801 5093 2970 5173 addit
3031 5108 3042 5145 :
3090 5092 3170 5144 At
3214 5099 3485 5173 matrona,
3512 5091 3663 5158 cujus

2057 5161 2198 5233 cura:
2223 5161 2484 5240 aegrotans
2541 5173 2614 5220 est
2663 5163 2916 5240 credita-3,
2972 5179 3135 5233 usque
3181 5161 3250 5214 ad
3302 5170 3662 5240 transcensum

2053 5231 2232 5317 pinna:
2262 5231 2528 5317 indefessa
2557 5235 2887 5317 exploraui:
2916 5231 3455 5317 cuna—tupr'o‘spiqifns
3474 5231 3664 5317 celem

2053 5249 2232 5317 pinna:
2262 5249 2528 5308 inde/assa
2557 5249 2887 5313 εωριοναιτιτ
2916 5249 3455 5355 ουηειαῖνᾭςρισιεης
3474 5249 3658 5286 celem

2051 5317 2297 5388 prodigio
2345 5310 2503 5388 ﬁdele
2548 5309 2900 5388 (est-{nimiunn
2963 5303 3120 5385 per/cz
3163 5309 3257 5356 uit.
3315 5302 3658 5388 Maracalum

2046 5373 2499 5459 plancl’divinum,
2556 5379 2706 5447 cujus
2756 5393 2889 5459 Cmft
2926 5393 2978 5428 se
3011 5376 3135 5444 pius
3180 5381 3512 5459 pernegaret.
3542 5389 3659 5459 con-

2056 5446 2239 5513 scium.
2298 5461 2465 5507 totum
2519 5446 2726 5504 constat
2777 5446 2975 5502 coalitus
3025 5451 3332 5516 peractum,
3387 5454 3438 5498 et
3495 5450 3655 5497 totum

2055 5532 2220 5600 fuisse
2245 5526 2512 5600 deiﬁcum.

2126 5601 2234 5672 ('20,.
2258 5599 2354 5652 Ms.
2367 5636 2380 5662 ,
2411 5593 2704 5648 clericatus.
