3994 6180
375 417 514 477 1429

1603 405 1762 462 VITA
1798 402 2047 461 SANCTI
2081 403 2449 462 DUNSTANI.

3556 412 3693 482 1430

372 554 485 595 xus
503 534 752 605 Deiﬂcis,
791 533 1069 592 florentes
1087 548 1204 590 suae
1245 530 1563 606 pubertatis
1591 547 1776 587 annos
1804 530 1986 587 evicta
2009 528 2065 588 A
2088 527 2210 599 ipse
2240 531 2518 588 Dominus
2542 531 2601 587 in
2626 530 2936 605 Evangelio
2966 531 3082 589 ait:
3114 529 3278 589 Beati
3302 536 3448 592 eritis
3473 551 3694 594 cumcos

363 627 668 699 juventute
694 623 966 681 calcavit:
991 626 1049 677 et
1066 623 1253 694 justus
1283 621 1343 676 in
1374 622 1551 676 domo
1582 620 1680 676 Dei
1709 620 1817 687 sui,
1839 620 1985 674 sicut

371 715 578 770 cedrus
608 713 831 781 Libani,
860 710 1153 784 vigoribus
1180 709 1454 765 virtutum
1504 708 1699 764 ﬂoruit
1750 724 1763 762 :
1808 707 1985 779 inque

372 802 579 859 divinis
609 802 901 874 plantatus
931 798 1109 865 atriis,
1139 797 1485 853 incrementi
1510 797 1596 852 sui
1634 796 1847 852 robora
1867 796 1982 851 sin-

374 890 524 962 gulis
567 889 772 945 diebus
817 886 1205 962 protendebat
1248 887 1321 942 ad
1357 886 1564 942 sidera.
1608 886 1834 941 Interea
1863 888 1984 939 tam

371 995 590 1051 magna
609 995 727 1033 suae
748 977 1085 1033 constantiae
1110 977 1269 1031 fama
1289 975 1441 1047 regis
1465 974 1522 1029 in
1540 974 1753 1046 palatio
1777 972 1980 1045 patuit,

370 1070 437 1123 ut
465 1069 638 1138 longe
665 1070 897 1139 lateque
926 1064 1249 1138 magniﬁcis
1277 1080 1473 1119 rerum
1495 1063 1869 1118 laudabilium
1895 1061 1984 1116 di-

369 1156 704 1229 vulgaretur
732 1154 979 1210 indiciis.
1014 1155 1139 1208 Non
1167 1155 1361 1208 autem
1391 1152 1486 1223 buj
1498 1168 1560 1206 us
1580 1150 1783 1205 mundi
1805 1166 1983 1206 vanos

365 1245 649 1316 captabat
690 1243 935 1309 favores,
989 1242 1091 1297 sed
1133 1241 1314 1313 copiis
1355 1241 1631 1296 virtutum
1658 1242 1981 1310 prmventus

362 1332 525 1388 illam
552 1331 754 1387 aeterni
779 1330 949 1401 Regis
974 1329 1222 1401 gloriam
1242 1329 1313 1383 ab
1332 1328 1484 1383 intus
1504 1328 1786 1398 gestabat,
1801 1342 1979 1400 quam

361 1420 469 1475 sibi
496 1420 720 1491 pollens
734 1418 1040 1490 sapientia,
1057 1418 1225 1473 docto
1248 1417 1427 1488 digito
1452 1416 1735 1471 donorum
1758 1415 1982 1487 spirita-

361 1509 530 1576 lium,
547 1508 823 1563 varietate
839 1506 1015 1561 etiam
1028 1506 1373 1572 studiorum,
1390 1522 1495 1559 nec
1512 1521 1627 1559 non
1642 1508 1979 1576 gemmante

362 1598 553 1653 nitore
566 1613 876 1652 aureorum
901 1597 1237 1663 ornatuum,
1256 1595 1506 1652 dictavit.
1528 1595 1671 1649 Nam
1694 1594 1980 1648 multasa-

362 1702 603 1743 crorum
634 1688 694 1740 et
720 1684 1045 1739 divinorum
1074 1683 1434 1738 voluminum
1466 1686 1651 1754 prata,
1683 1683 1836 1737 velut
1856 1681 1978 1753 apis

2085 622 2290 676 oderint
2338 623 2589 688 homines,
2638 625 2745 677 etc.
2780 621 2933 693 (Luc.
2974 640 3048 689 v1,
3097 627 3206 690 22).
3237 625 3304 679 Et
3334 625 3693 683 auditoribus

2087 710 2201 764 suis
2227 729 2239 765 :
2270 710 2339 766 Si
2364 711 2426 765 de
2456 710 2652 765 mundo
2673 711 2925 782 fuissetis,
2957 711 3185 767 mundus
3213 713 3354 785 quod
3380 731 3538 770 suum
3578 722 3691 773 erat

2089 798 2366 868 diligeret;
2395 801 2521 870 quia
2548 816 2668 854 vero
2717 799 2784 854 de
2817 801 3014 855 mundo
3043 817 3149 855 non
3166 802 3310 870 estis,
3331 802 3420 856 sed
3443 819 3537 875 ego
3561 803 3695 874 elegi

2087 903 2177 941 vos
2206 886 2268 940 de
2296 887 2516 954 mundo,
2540 892 2819 959 propterea
2860 888 2969 944 odit
3008 906 3097 943 vos
3125 890 3356 945 mundus
3382 890 3567 957 (Joan.
3598 908 3688 961 xv,

2088 975 2198 1045 19).
2244 975 2506 1046 Itemque
2541 992 2553 1029 :
2584 976 2753 1032 Beati
2794 978 2913 1032 estis
2958 994 3081 1033 cum
3130 979 3504 1034 maledixerint
3545 980 3691 1038 vobis

2087 1062 2376 1130 homines,
2426 1070 2475 1117 et
2495 1066 2763 1135 persecuti
2788 1084 2877 1120 vos
2914 1067 3142 1136 fuerint,
3183 1074 3233 1122 et
3269 1067 3501 1123 dixerint
3539 1085 3691 1124 omne

2086 1149 2297 1203 malum
2328 1150 2611 1205 adversum
2636 1168 2748 1221 eos,
2775 1156 3083 1209 mentientes
3091 1162 3314 1227 prOpter
3334 1174 3436 1213 me.
3454 1156 3691 1218 Gaudete

2080 1236 2140 1290 in
2173 1237 2269 1293 illo
2302 1238 2393 1293 die
2425 1246 2473 1292 et
2500 1240 2780 1308 exsultate,
2800 1244 3053 1313 quoniam
3077 1259 3272 1302 merces
3292 1252 3465 1302 vestra
3484 1249 3690 1319 copiosa

2081 1334 2155 1383 est
2183 1329 2242 1383 in
2287 1327 2427 1383 cretis
2458 1325 2684 1399 (Matth.
2731 1346 2786 1396 v,
2850 1330 2958 1401 11).
3013 1332 3126 1387 Hac
3166 1350 3305 1404 ergo
3354 1352 3546 1391 servus
3585 1335 3690 1393 Dei

2082 1418 2412 1471 Dunstanus
2441 1416 2771 1473 firmissima
2796 1419 3103 1490 sponsione
3134 1422 3509 1492 confortatus,
3534 1426 3691 1481 velut

2080 1503 2261 1558 homo
2294 1504 2501 1559 surdus
2531 1507 2588 1558 et
2609 1504 2771 1578 quasi
2800 1522 2998 1561 vocem
3021 1508 3439 1579 objurgationis
3458 1528 3577 1566 non
3598 1528 3692 1568 cu-

2077 1609 2235 1658 rans,
2266 1592 2499 1646 etl‘ectus
2520 1595 2604 1646 est
2638 1609 2650 1647 :
2684 1610 2815 1649 cum
2831 1595 2919 1648 vix
2948 1612 3205 1668 unquam
3231 1597 3468 1653 canibus
3487 1603 3691 1657 contra

2078 1694 2139 1731 se
2166 1677 2507 1732 latrantibus
2532 1679 2822 1749 aperuerit
2843 1697 2905 1735 os
2935 1698 3099 1736 suum
3126 1699 3233 1753 per
3257 1700 3472 1740 amarae
3501 1686 3691 1743 incre-

363 1773 691 1845 ingeniosa,
720 1771 798 1827 sic
816 1770 1020 1842 rapido
1040 1786 1206 1825 cursu
1232 1770 1454 1842 capacis
1472 1769 1691 1842 ingenii
1718 1771 1979 1840 pervola-
2078 1765 2329 1837 pationis
2354 1766 2669 1837 eloquium.
2687 1767 2795 1839 Ipsi
2815 1769 3021 1823 veroin
3037 1771 3508 1829 machinamento
3528 1774 3692 1830 mali-

358 1862 461 1930 vit,
479 1864 542 1916 ut
568 1862 827 1916 mentem
847 1858 1036 1930 potius
1065 1874 1239 1930 quam
1262 1875 1469 1930 corpus
1490 1857 1696 1913 divinis
1716 1858 1979 1913 reﬁceret
2007 1847 2057 1905 B
2078 1853 2171 1907 tiae
2190 1856 2641 1924 perseverantes,
2655 1854 2945 1911 criminati
2959 1858 3267 1913 suntillum
3281 1859 3423 1915 falsa
3434 1861 3688 1933 quadam

365 1947 735 2014 lectionibus,
758 1948 816 2001 et
837 1946 1265 2016 receptaculum
1289 1944 1426 2000 casti
1450 1944 1977 2016 pectusculi,sancti
2082 1940 2410 2011 objections
2462 1960 2658 1997 coram
2705 1961 2864 2016 rege,
2903 1944 3473 2020 impetraveruntque
3514 1953 3577 2004 ut
3613 1950 3686 2007 ab

361 2035 611 2107 Spiritus
634 2034 774 2089 ﬂatu
800 2033 1119 2105 perfusum,
1137 2036 1305 2103 gustu
1329 2035 1599 2088 nectareo
1622 2033 1826 2087 devote
1846 2050 1975 2105 ευρ·
2079 2045 2291 2084 eorum
2316 2031 2603 2086 consortio
2625 2033 2936 2101 pelleretur
2965 2050 2978 2087 :
3012 2050 3186 2106 quem
3214 2035 3260 2090 si
3287 2052 3442 2091 sanae
3474 2038 3689 2094 mentis

356 2123 548 2195 pleret
579 2138 833 2176 sensum.
868 2123 1047 2176 Porro
1080 2120 1541 2176 Hiberniensium
1571 2119 1862 2192 peregrini
1886 2121 1975 2176 lo-
2077 2120 2287 2181 essent,
2306 2117 2470 2173 unice
2490 2119 2832 2175 dilexissent.
2858 2121 3079 2176 Deinde
3105 2122 3461 2180 atrocissima
3479 2125 3685 2198 impie-

358 2226 515 2276 cum,
547 2226 722 2281 quem
754 2208 890 2277 dixi,
917 2208 1222 2263 Glastoniaz
1270 2209 1416 2263 sicut
1465 2211 1523 2262 et
1570 2211 1792 2263 caeteras
1836 2208 1974 2262 ﬁde-
2074 2204 2208 2259 tatis
2234 2207 2676 2277 praevalescente
2705 2209 2887 2275 rabie,
2918 2210 3208 2281 rapientes
3228 2211 3521 2267 insontem
3543 2230 3684 2286 qua-

355 2298 502 2355 lium
536 2298 742 2364 turbaa,
775 2313 991 2369 magno
1021 2297 1287 2351 colebant
1303 2296 1530 2363 affectu,
1554 2299 1612 2350 et
1630 2296 1880 2351 maxime
1899 2297 1971 2351 ob
2074 2294 2937 2360 driﬁdismembris,velutovem
2955 2297 3685 2375 patientem,manibusque

357 2388 419 2445 B.
454 2386 682 2441 Patricii
725 2385 836 2457 (21)
860 2384 1108 2457 junioris
1150 2385 1460 2451 honorem,
1504 2384 1601 2456 qui
1626 2385 1843 2439 faustus
1872 2384 1973 2439 ibi-

361 2474 495 2529 dem
522 2474 583 2528 in
633 2473 880 2529 Domino
911 2473 1188 2545 quievisse
1224 2476 1511 2529 narratur.
1550 2474 1767 2527 Horum
1793 2472 1969 2528 etiam

355 2562 539 2618 libros
567 2564 738 2617 rectae
766 2559 901 2615 fidei
918 2560 1212 2615 tramitem
1238 2560 1711 2632 philosophantes
1731 2560 1971 2632 diligen-

354 2652 445 2704 ter
468 2649 734 2713 excoluit,
766 2649 1128 2720 aliorumque
1156 2648 1549 2720 prudentium,
1582 2666 1726 2721 quos
1774 2649 1846 2703 ab
1876 2650 1965 2703 in-

354 2737 500 2792 timo
534 2738 722 2793 cordis
751 2740 985 2808 aspectu
1011 2739 1250 2792 Patrum
1279 2739 1611 2792 sanctorum
1651 2737 1965 2803 assertione

354 2826 631 2881 solidatos
646 2842 769 2881 esse
790 2825 1332 2897 persensit,solubili
1356 2841 1587 2896 semper
1613 2825 1963 2880 scrutamine

349 2911 665 2985 indagavit.
698 2916 782 2969 Ita
802 2930 936 2968 vero
963 2914 1089 2968 vitae
1118 2930 1234 2969 suae
1259 2914 1514 2968 studium
1546 2913 1868 2980 coercebat,
1902 2916 1965 2968 ut

351 3002 805 3074 quotiescunque
831 3002 1037 3057 divinae
1068 3001 1377 3073 Scriptura:
1398 3002 1572 3057 libros
1588 3004 1958 3071 scrutaretur,

348 3091 498 3146 Deus
523 3106 652 3145 cum
682 3106 752 3145 eo
790 3090 1007 3163 pariter
1059 3091 1427 3162 loqueretur;
1474 3090 1698 3161 quoties
1741 3093 1957 3159 autem,

348 3177 500 3232 curis
532 3178 898 3233 saecularibus
922 3180 1161 3241 solutus,
1207 3178 1539 3233 orationum
1579 3178 1708 3232 otiis
1739 3179 1955 3233 mulce-

346 3264 537 3332 batur,
568 3266 690 3337 ipse
718 3283 851 3321 cum
880 3266 1127 3321 Domino
1158 3266 1375 3337 pariter
1401 3266 1509 3320 fari
1541 3266 1846 3324 videretur.

418 3356 471 3408 6.
504 3354 683 3426 Igitur
711 3356 851 3410 dum
898 3354 1025 3409 haec
1069 3354 1334 3410 exercitia
1364 3354 1655 3410 bonorum
1709 3371 1953 3426 operum

342 3458 540 3498 secum
561 3447 896 3515 agerentur,
910 3443 1173 3498 nonnulli
1193 3443 1563 3515 propriorum
1591 3442 1873 3497 sodalium
1894 3445 1954 3498 et

342 3530 760 3601 palatinorum,
791 3534 916 3585 tum
949 3548 1125 3602 quam
1158 3530 1408 3585 maxime
1437 3546 1571 3585 vero
1602 3530 1947 3601 consangui-

340 3634 589 3673 neorum
614 3635 873 3686 suorum,
894 3620 991 3691 qui
1015 3618 1323 3674 salutiferis
1346 3618 1565 3673 actibus
1587 3619 1707 3689 ejus
1726 3618 1944 3674 invide-

337 3707 502 3773 bant,
520 3710 732 3762 sanctae
746 3706 926 3762 vineae
942 3708 1120 3762 vitem
1135 3707 1579 3779 palmitemque,
1602 3706 1676 3761 ad
1694 3708 1945 3764 cmlestia

336 3810 524 3865 regna
551 3795 913 3863 tendentem,
938 3796 1175 3851 beatum
1206 3795 1469 3850 videlicet
1490 3795 1852 3850 Dunstanum
1881 3796 1943 3851 in

340 3882 563 3938 Christo
575 3884 913 3954 pollentem,
935 3883 1146 3955 linguis
1157 3884 1338 3938 acutis
1361 3884 1716 3955 serpentium
1734 3886 1942 3941 morsi-

336 3970 558 4043 busque
593 3971 850 4028 dirorum
881 3972 1163 4036 dentium,
1200 3975 1260 4026 ut
1288 3972 1431 4026 hirci
1461 3971 1714 4043 setigeri,
1734 3974 1943 4029 rodere

335 4060 422 4114 vel
435 4059 746 4131 praecidere
757 4060 948 4115 conati
963 4064 1113 4115 sunt.
1132 4060 1473 4116 Conflabant
1484 4061 1641 4115 enim
1653 4061 1757 4115 sub
1769 4061 1941 4117 livido

335 4149 502 4202 antro
551 4147 764 4204 naevosi
804 4147 1433 4221 pectorisinopinatam
1454 4149 1512 4203 in
1539 4164 1673 4203 eum
1689 4149 1941 4205 scabiem

334 4236 645 4303 mendacii,
682 4236 938 4293 dicentes
994 4236 1156 4291 illum
1207 4254 1275 4291 ex
1322 4236 1482 4293 libris
1511 4238 1853 4293 salutaribus
1883 4242 1941 4294 et

333 4321 466 4377 viris
493 4323 713 4394 peritis,
760 4341 880 4379 non
921 4324 1089 4379 saluti
1119 4324 1450 4380 animarum
1482 4325 1802 4397 profutura,
1835 4328 1935 4383 sed

332 4410 498 4466 avitae
527 4412 866 4483 gentilitatis
908 4412 1217 4468 vanissima
1261 4412 1521 4468 didicisse
1564 4414 1843 4483 carmina,
1877 4418 1936 4471 et

328 4497 701 4555 historiarum
726 4501 957 4556 frivolas
988 4503 1176 4557 colere
1206 4501 1667 4558 incantationum
1691 4504 1934 4565 naeniae.

2073 2399 2137 2437 ac
2170 2383 2411 2455 pedibus
2436 2384 2784 2451 restrictum,
2810 2385 3178 2457 projeccrunt
3201 2387 3261 2441 in
3289 2389 3573 2444 lutulenta
3590 2408 3685 2462 pa-

2080 2470 2347 2525 lustrium
2386 2472 2511 2525 loca
2544 2488 2558 2527 :
2592 2475 2650 2525 et
2679 2477 2743 2527 ut
2771 2490 2903 2527 eum
2934 2473 2991 2527 in
3023 2474 3234 2528 furoris
3275 2475 3361 2529 sui
3392 2476 3687 2534 dementia

2070 2558 2659 2631 contemptibiliorem
2695 2560 3013 2629 efficerent,
3045 2562 3287 2632 pedibus
3308 2564 3683 2637 superimpri-

2070 2646 2314 2699 mebant
2332 2662 2344 2699 :
2363 2664 2680 2718 quousque,
2698 2648 3017 2702 secundum
3030 2650 3548 2706 voluntatiseornm
3565 2669 3686 2708 ma-

2068 2733 2277 2795 litiam,
2334 2733 2393 2787 in
2452 2735 2656 2789 fetenti
2705 2738 3006 2791 volutabro
3057 2737 3530 2797 dehonestarent.
3570 2741 3682 2796 Illis

2068 2824 2263 2875 autem
2290 2822 2712 2889 recedentibus,
2734 2824 2820 2878 vix
2839 2824 2958 2897 ipse
2981 2826 3231 2897 epalude
3245 2826 3675 2899 ﬂuminisquasi

2066 2908 2360 2980 depicatus
2380 2911 2656 2965 surrexit:
2681 2916 2740 2966 et
2769 2913 2841 2967 ad
2862 2913 3173 2985 quemdam
3198 2913 3541 2982 amicorum,
3556 2933 3671 2972 uno

2063 2996 2198 3051 inde
2233 2998 2543 3053 distantem
2572 3000 2866 3068 milliario,
2899 3003 2960 3055 ut
2984 3000 3062 3055 ibi
3084 3019 3143 3056 se
3163 3002 3442 3070 ablueret,
3476 3003 3671 3060 venire

2062 3084 2357 3156 disposuit.
2379 3086 2907 3144 Occurreruntvero
2926 3088 3006 3143 illi
3028 3105 3197 3143 canes
3218 3090 3479 3162 ejusdem
3508 3107 3666 3147 acer-

2058 3172 2191 3227 rimi
2228 3190 2239 3229 :
2276 3177 2332 3229 et
2357 3175 2636 3246 quoniam
2684 3178 2804 3231 luto
2850 3177 3242 3249 deturpatum,
3275 3179 3461 3250 magis
3494 3196 3667 3236 mon-

2056 3264 2240 3315 strum
2271 3279 2445 3334 quam
2480 3264 2783 3320 hominem
2811 3269 3178 3337 putaverunt,
3211 3266 3427 3322 crudeli
3452 3269 3663 3323 latratu

2055 3349 2209 3404 hunc
2236 3350 2601 3408 invaserunt:
2630 3357 2828 3409 tamen
2860 3358 2922 3409 ut
2949 3354 3300 3410 blandientis
3328 3372 3528 3412 vocem
3559 3375 3659 3414 au-

2056 3439 2305 3507 dierunt,
2340 3457 2473 3496 mox
2502 3442 2664 3513 (esse)
2699 3442 2847 3497 illius
2872 3460 2939 3497 ex
2974 3460 3042 3499 eo
3085 3446 3494 3501 tantummodo
3520 3446 3661 3503 reti-

2051 3532 2244 3583 centes
2274 3533 2653 3600 agnoverunt.
2692 3532 2847 3587 Tunc
2875 3532 2970 3587 ille
3013 3548 3208 3587 secum
3257 3550 3325 3588 ex
3365 3535 3658 3607 profundo

2050 3616 2239 3671 cordis
2268 3618 2510 3690 suspirio
2546 3619 2953 3691 ingemiscens,
2986 3621 3065 3675 ait
3097 3637 3110 3675 :
3144 3620 3187 3677 Ο
3223 3639 3372 3677 saeva
3415 3622 3658 3695 pr'opin-

2047 3722 2297 3777 quorum
2329 3724 2593 3763 meorum
2625 3708 2873 3777 vesania,
2898 3708 2956 3762 in
2987 3709 3258 3764 caninam
3284 3709 3563 3767 saevitiam
3582 3712 3654 3767 de

2045 3793 2366 3849 dilectionis
2381 3795 2742 3851 humanitate
2776 3796 3031 3851 mutata!
3065 3799 3209 3851 Nam
3241 3797 3653 3854 irrationabilis

2044 3904 2254 3944 canum
2279 3890 2485 3941 natura
2512 3884 2888 3939 humanitatis
2914 3884 3057 3939 mihi
3076 3885 3444 3943 dilectionem
3467 3891 3651 3947 cauda

2042 3974 2367 4032 blandienti
2399 3974 2654 4029 exhibuit
2683 3990 2697 4027 :
2731 3972 3131 4046 propinquitas
3160 3992 3294 4031 vero
3323 3976 3649 4036 humanita-

2042 4064 2115 4119 tis
2155 4064 2352 4130 oblita,
2402 4079 2613 4118 canum
2660 4061 2806 4117 mihi
2852 4062 3252 4118 infestantium
3281 4065 3644 4121 severitatem

2042 4151 2320 4219 inseruit;
2354 4151 2432 4206 sic
2460 4151 2756 4224 improbus
2780 4151 2921 4206 ordo
2952 4151 3259 4208 amborum
3287 4151 3348 4208 in
3390 4153 3645 4227 utrisque

2041 4239 2285 4296 mutavit
2306 4239 2524 4311 justam
2554 4238 2727 4294 viam.

2679 4331 2902 4386 CAPUT
2928 4333 2998 4388 II.

2035 4417 2412 4492 Monac/ratus
2452 4416 2900 4492 S.7_Dunstani._
2933 4418 3093 4475 Gesta
3162 4424 3212 4475 et
3275 4421 3402 4492 pius
3443 4422 3643 4492 iobitus

2105 4489 2200 4544 1E
2205 4487 2458 4558 thel/Ieda:
2481 4489 2673 4544 viduas.
2703 4488 3017 4561 Antiphona
3042 4507 3105 4545 ex
3120 4487 3324 4546 cithara
3327 4491 3571 4563 prolata.

328 4586 469 4641 Huic
498 4591 693 4644 autem
732 4589 938 4645 morbo
973 4589 1261 4645 mendacii
1303 4590 1504 4646 beatus
1544 4590 1656 4646 tiro
1703 4608 1935 4665 semper
1960 4596 2014 4655 D
2108 4602 2163 4651 7.
2191 4594 2477 4651 lntellexit
2497 4595 2673 4666 igitur
2701 4596 2796 4651 ille
2827 4597 3007 4653 avitus
3024 4598 3267 4654 humani
3282 4599 3513 4671 generis
3530 4600 3641 4657 lni-

329 4674 621 4730 Christum
668 4677 955 4749 Opposuit,
1005 4677 1104 4749 qui
1143 4678 1364 4742 omnia,
1412 4681 1726 4751 antequam
1768 4680 1931 4750 ﬁant,

325 4762 485 4817 novit
511 4778 525 4817 :
560 4762 620 4817 in
643 4764 803 4834 cujus
832 4780 1081 4835 persona
1102 4765 1389 4837 benignus
1419 4768 1702 4837 propheta
1731 4769 1931 4836 David,

324 4854 384 4904 et
402 4850 768 4906 ﬁdelissimus
785 4852 907 4923 ejus
926 4852 1106 4919 testis,
1129 4854 1361 4908 oraculo
1398 4857 1723 4924 praeventus
1753 4856 1931 4929 Spiri-

321 4940 412 4992 tus
444 4939 650 5006 sancti,
693 4938 754 4993 in
802 4940 975 4996 falsos
1014 4943 1277 4996 auctores
1305 4942 1622 4998 Dominicm
1652 4944 1933 5017 passionis

320 5023 402 5080 ita
414 5025 705 5097 inquiens,
727 5026 834 5082 ait:
859 5026 1272 5083 Insurrexerunt
1292 5031 1348 5083 in
1372 5047 1456 5084 me
1487 5038 1633 5086 testes
1657 5034 1854 5105 iniqui,
1882 5040 1932 5088 et

319 5115 543 5168 mentita
557 5121 635 5168 est
655 5116 927 5188 iniquitas
952 5117 1055 5171 sibi
1062 5116 1244 5188 (Psal.
1268 5134 1422 5186 xxvr,
1462 5120 1569 5193 12).
1592 5121 1658 5175 Et
1674 5120 1884 5176 iterum
1912 5137 1925 5176 :

321 5200 430 5268 Qui
455 5202 763 5273 quaerebant
814 5205 953 5259 mihi
988 5204 1159 5273 mala,
1200 5206 1368 5263 locuti
1411 5215 1537 5262 sunt
1566 5211 1847 5277 vanitates,
1881 5215 1929 5263 et

315 5288 462 5345 dolos
518 5296 629 5345 tota
684 5290 770 5348 die
817 5292 1215 5349 meditabantur
1243 5293 1418 5368 (Psal.
1458 5313 1667 5361 xxxv",
1712 5298 1824 5369 13).
1862 5298 1930 5351 Et

364 5482 503 5563 .(21)
527 5484 904 5563 locelinusin
926 5487 1060 5563 Χίῳ.
1088 5487 1145 5544 S.
1199 5489 1428 5545 Patricii
1456 5492 1699 5563 apostoli
1728 5494 1925 5551 Iliber-

322 5556 494 5632 niuea
511 5556 682 5632 nobis
707 5561 727 5632 l_
740 5563 772 5613 7
799 5557 981 5632 Martii
1004 5558 1306 5632 illustrata,
1340 5556 1507 5617 num:
1530 5565 1650 5632 163,
1683 5581 1925 5624 enume-

325 5627 415 5679 rat
442 5624 594 5680 inter
630 5627 800 5698 hujus
824 5628 1122 5702 discipulos,
1167 5634 1262 5705 qui
1294 5624 1410 5705 ejus
1439 5635 1582 5690 Acta
1609 5624 1923 5710 conscripse-

2035 4682 2235 4750 micus,
2267 4686 2661 4739 memoratum
2676 4684 2977 4755 juvenem,
3005 4703 3110 4758 per
3133 4686 3393 4743 sinistros
3409 4688 3644 4745 nuntios

2035 4771 2363 4826 invidorum
2393 4771 2679 4826 sodalium
2714 4788 2858 4843 quos
2882 4773 3138 4842 miserat,
3171 4775 3361 4846 pravis
3375 4778 3642 4833 volunta-

2035 4858 2187 4914 tibus
2207 4858 2320 4913 suis
2342 4875 2550 4929 parum
2567 4860 2821 4928 cessisse,
2836 4861 3043 4933 quibus
3071 4863 3128 4917 in
3157 4880 3293 4919 eum
3312 4863 3639 4921 insidianti-

2034 4947 2138 5002 bus
2159 4946 2337 5001 armis
2357 4945 2635 5003 dimicare
2663 4947 2981 5019 inchoavit;
3014 4950 3114 5006 sed
3137 4955 3357 5025 quanta
3384 4953 3493 5008 sibi
3518 4956 3639 5007 ten-

2033 5037 2429 5090 tamentorum
2460 5037 2776 5092 luctamina
2818 5039 3141 5111 ingesserit,
3184 5057 3431 5113 sequens
3459 5040 3634 5095 libelli

2030 5125 2200 5195 hujus
2211 5125 2427 5196 pagina
2437 5126 3246 5196 partimintimabit.Primum
3260 5128 3415 5184 enim
3427 5128 3635 5184 mulie-

2029 5230 2161 5269 rum
2187 5213 2269 5268 illi
2300 5212 2497 5285 injecit
2516 5231 2803 5284 amorem,
2835 5234 2949 5289 quo
2978 5234 3082 5289 per
3105 5215 3411 5271 familiares
3426 5216 3632 5274 mulie-

2029 5319 2161 5358 rum
2184 5305 2480 5376 amplexus
2506 5305 2821 5361 mundanis
2859 5304 3293 5362 oblectamentis
3320 5305 3629 5366 frueretur.

2027 5505 2173 5567 runt,
2200 5498 2261 5574 S.
2296 5501 2599 5574 Patriciam
2642 5500 2868 5573 ﬁliolum
2896 5501 3030 5571 ejus,
3062 5502 3182 5573 qui,
3204 5508 3324 5574 post
3364 5502 3630 5559 decessum

2016 5573 2208 5644 patrui
2240 5573 2327 5644 sui
2343 5572 2694 5629 Britanniam
2727 5589 2980 5639 remeans,
3015 5572 3219 5644 inflata
3246 5574 3458 5633 decessit
3486 5585 3534 5632 et
3570 5578 3629 5633 in

2033 5641 2397 5699 Glastoniensi
2415 5645 2634 5701 ecclesia
2661 5643 2894 5716 sepultus
2923 5651 2996 5700 est
3024 5641 3325 5715 honoriﬁce.
