3994 6180
403 425 530 482 1431

1431 427 1799 485 BRlDFERTI
1837 425 2300 485 RAMESIENSIS
2343 429 2676 490 MONACHI.

3573 442 3702 498 M32

399 546 615 606 laterea
632 550 985 625 propinquas
1012 550 1184 624 ipsius
1195 553 1480 627 Elphegus
1498 553 1626 625 (22),
1647 551 1998 623 cognomine
2017 551 2072 609 A
2097 546 2265 622 lapsu
2281 551 2338 607 in
2354 556 2569 609 terram
2591 556 2834 626 corruit;
2858 558 3200 633 tantumque
3223 560 3467 634 tangens
3478 561 3702 633 capillos

404 638 622 707 Calvus,
637 643 842 713 prmsul
867 660 1094 716 quoque
1108 644 1309 711 fidelis,
1326 643 1699 717 petitionibus
1719 642 1913 696 multis
1942 644 2000 695 et

403 727 791 798 spiritualibus
817 731 1053 786 monitis
1082 750 1215 787 eum
1246 733 1469 805 rogavit
1496 735 1557 786 ut
1585 732 1751 785 fieret
1795 746 1999 784 mona-

400 816 556 870 chus.
575 817 850 881 Quodille
869 819 1142 875 instinctu
1161 822 1384 893 praefati
1411 819 1758 876 fraudatoris
1786 825 2000 873 rentm-

398 903 568 967 tians,
605 905 808 960 maluit
841 910 1517 979 sponsarejuvenculam,
1549 910 1709 980 cujus
1745 905 2003 980 quotidie

397 993 690 1050 blanditiis
702 996 1090 1070 foveretur,qu
1099 1015 1189 1053 am
1206 1015 1369 1054 more
1383 1000 1790 1054 monachorum
1804 996 2003 1050 biden-

395 1081 531 1137 tinis
555 1083 714 1139 indui
743 1086 1080 1156 panniculis.
1116 1089 1187 1142 Ut
1217 1091 1409 1142 autem
1457 1087 1542 1141 vir
1572 1087 1670 1142 Dei
1701 1087 1874 1141 verba
1899 1084 1998 1139 ab-

397 1171 629 1226 nuentis
646 1173 881 1239 audivit,
899 1191 1031 1230 mox
1053 1192 1120 1230 ex
1139 1175 1256 1230 imo
1281 1175 1526 1246 pectoris
1542 1174 1785 1245 suspirio
1805 1173 2001 1245 petivit

395 1275 580 1331 regna
629 1278 880 1332 superna
921 1267 1250 1334 regentem,
1292 1267 1573 1335 quatenus
1626 1263 1705 1318 illi
1757 1262 1999 1315 inferret

395 1349 820 1404 correctionum
839 1368 1070 1406 suarum
1085 1351 1320 1422 judicia,
1343 1357 1406 1406 ut
1422 1352 1579 1422 cujus
1603 1351 1827 1406 monita
1849 1353 1994 1403 tem-

392 1439 559 1490 neret
588 1437 797 1492 acriter
816 1443 1188 1508 agnosceret:
1215 1441 1520 1512 quod,Deo
1549 1440 1998 1494 misericorditer

390 1522 640 1585 favente,
655 1524 712 1578 in
731 1526 888 1595 parvi
912 1528 1195 1581 momenti
1216 1528 1398 1599 spatio
1421 1529 1632 1583 factum
1651 1545 1777 1583 com
1788 1527 1993 1599 proba-

386 1613 483 1664 tur
505 1611 698 1668 fuisse.
727 1615 804 1668 Eo
825 1631 1076 1686 namque
1096 1616 1271 1670 modo
1291 1616 1648 1688 turgentium
1679 1616 1993 1670 vesicarum

395 1699 563 1754 dolor
589 1700 966 1756 intolerabilis
1001 1719 1176 1756 omne
1211 1720 1416 1773 corpus
1455 1704 1630 1774 ipsius
1671 1703 1905 1769 obtexit,
1934 1705 1996 1757 ut

386 1789 826 1859 elephantinum
845 1792 1117 1846 morbum
1135 1809 1192 1846 se
1205 1792 1320 1863 pati
1344 1795 1592 1863 putaret,
1610 1797 1668 1847 et
1686 1809 1848 1863 spem
1865 1794 1992 1848 vita:

2098 639 2396 714 utriusque
2428 645 2650 716 capitis,
2685 647 2907 700 nullum
2935 663 3138 703 eorum
3171 650 3352 716 lassit;
3403 667 3605 722 quem,
3647 651 3702 706 ni

2101 727 2290 797 fallor,
2327 730 2422 785 ille
2455 732 2742 804 malignus
2761 735 3033 806 cujusque
3045 737 3183 807 justi
3201 737 3393 807 operis
3417 737 3700 805 inimicus,

2102 832 2169 870 ex
2201 816 2588 889 improbitatis
2623 838 2737 875 sua:
2769 822 2977 892 jaculis
3009 823 3250 879 furendo
3281 825 3515 896 dejecit,
3547 827 3703 899 quasi

2101 905 2398 975 geminam
2426 908 2572 962 iram
2603 908 2661 962 in
2690 910 2945 982 utrisque
2969 912 3120 966 foret
3151 914 3391 973 ulturus.

2173 996 2223 1047 9.
2260 994 2515 1065 Contigit
2543 1000 2736 1051 autem
2765 998 2970 1054 iisdem
3000 1001 3363 1072 temporibus
3387 1004 3705 1076 quemdam

2098 1079 2510 1138 Glastoniensis
2540 1085 2802 1141 Ecclesia:
2834 1087 3161 1156 diaconem,
3187 1091 3428 1146 nomine
3460 1094 3705 1148 Wulfre-

2099 1169 2261 1236 dum,
2295 1175 2542 1226 mortem
2587 1173 2825 1229 subiisse
2850 1177 3232 1247 temporalem
3267 1195 3280 1233 :
3319 1180 3414 1251 qui
3450 1183 3512 1235 B.
3553 1183 3706 1236 Dun-

2097 1261 2284 1324 stano,
2315 1261 2578 1331 tempore
2609 1261 2746 1316 dum
2777 1262 3011 1329 viveret,
3056 1267 3324 1336 praelatus
3344 1269 3457 1337 (24)
3488 1271 3708 1340 pariter

2097 1346 2309 1400 exstitit
2324 1351 2381 1402 et
2402 1349 2702 1404 familiaris
2719 1367 2810 1405 am
2819 1352 3072 1406 ator.I-lic
3084 1370 3221 1426 ergo
3245 1372 3360 1410 non
3384 1357 3704 1415 admodum

2094 1435 2271 1503 longo
2299 1439 2563 1507 tempore
2582 1443 2713 1508 post
2733 1440 3042 1495 discessum
3060 1444 3327 1514 apparuit
3346 1444 3397 1500 ei
3419 1447 3702 1517 gaudens,

2094 1524 2275 1577 multa
2290 1523 2360 1578 de
2373 1526 2694 1581 coelestibus
2705 1527 3040 1599 incognita,i
3048 1547 3149 1584 nsu
3155 1548 3258 1602 per
3267 1532 3341 1586 eti
3349 1550 3442 1586 am
3463 1550 3704 1592 omnem

2093 1609 2303 1665 seriem
2316 1611 2442 1666 vitae
2456 1630 2592 1680 suae,
2610 1630 2840 1687 suaeque
2857 1616 3064 1671 futuras
3085 1619 3288 1686 astatis,
3306 1625 3365 1674 et
3387 1625 3704 1677 eventuum

2095 1699 2382 1754 bonorum
2412 1702 2768 1757 malorumve
2801 1704 2917 1758 fata
2958 1705 3257 1765 definiens.
3306 1709 3533 1763 Auditis
3567 1727 3703 1766 vero

2094 1786 2294 1841 beatus
2315 1788 2399 1842 vir
2419 1790 2594 1844 tantis
2610 1791 3016 1862 mysteriorum
3039 1795 3703 1870 luminibus,talibusque

386 1876 636 1948 propriae
686 1878 914 1948 penitus
968 1897 1084 1933 non
1129 1881 1390 1935 haberet,
1427 1881 1581 1936 Tunc
1630 1881 1990 1948 festinanter,
2017 1869 2066 1927 Β
2093 1875 2518 1931 inevitabilibus
2539 1877 2665 1932 vitae
2687 1896 2801 1933 suae
2821 1879 3062 1947 casibus,
3085 1881 3165 1936 ait
3186 1883 3243 1936 in
3271 1900 3503 1940 excessu
3533 1869 3705 1940 men-

384 1981 602 2036 magno
627 1983 844 2038 angore
857 1972 1172 2039 correptus,
1197 1969 1373 2035 misit,
1395 1973 1452 2024 et
1467 1970 1539 2024 ad
1559 1987 1618 2023 se
1635 1971 1989 2041 pontiﬁcem,

382 2054 508 2126 jam
541 2058 675 2110 ante
705 2073 739 2110 a
767 2072 826 2110 se
856 2060 1137 2127 spretum,
1182 2058 1384 2113 humili
1435 2075 1602 2131 prece
1645 2059 1884 2126 vocavit,
1935 2063 1992 2115 et

387 2143 624 2198 obedire
672 2161 730 2199 se
779 2146 922 2199 velle
964 2147 1086 2218 ejus
1124 2147 1466 2202 salutaribus
1503 2147 1738 2202 monitis
1769 2148 1992 2203 nuntia-

385 2230 465 2284 vit
489 2247 502 2285 :
537 2234 597 2287 at
625 2232 721 2287 ille
745 2233 1028 2289 visitando
1049 2235 1306 2301 veniens,
1335 2237 1696 2290 consolatum
1720 2239 1777 2290 et
1799 2252 1994 2290 emen-

388 2319 588 2375 datum
621 2322 738 2376 Deo
770 2323 1120 2377 monachum
1158 2324 1528 2379 consecravit.

460 2410 512 2462 8.
531 2407 664 2462 Pius
683 2408 860 2479 igitur
881 2413 938 2463 et
959 2410 1573 2466 misericorsDominus
1587 2428 1812 2466 servum
1825 2428 1992 2466 suum

388 2497 749 2551 Dunstanum
778 2498 850 2551 ab
881 2515 1080 2553 amore
1109 2501 1416 2554 mulierum
1459 2501 1650 2555 taliter
1690 2502 1995 2556 miseratus

393 2583 632 2638 retraxit
658 2601 670 2638 :
697 2584 792 2655 qui
811 2585 898 2654 (ut
918 2585 1169 2641 historiae
1188 2589 1442 2647 tradunt)
1462 2590 1746 2643 Joannem
1764 2591 1993 2658 aposto-

388 2671 514 2725 lum
538 2673 596 2725 et
623 2672 1032 2742 evangelistam
1057 2675 1380 2746 specialiter
1392 2676 1497 2731 sibi
1518 2677 1788 2731 dilectum
1808 2693 1842 2730 a
1866 2677 1991 2731 tha-

391 2757 558 2813 lamis
581 2759 913 2831 nuptiarum
944 2763 1242 2817 revocavit.
1267 2764 1408 2818 Cum
1432 2765 1538 2818 hac
1569 2781 1708 2833 ergo
1741 2764 1838 2819 Dei
1867 2781 1992 2818 cor-

391 2845 669 2913 rectione,
695 2851 751 2903 et
769 2849 921 2903 beati
945 2850 1214 2905 antistitis
1225 2852 1460 2923 Elphegi
1487 2853 1833 2907 documento
1849 2853 1992 2906 salu-

375 2933 728 2996 tari,amoris
741 2935 974 2992 effectus
985 2939 1992 3010 essetintelligentiazmonnunquam

384 3025 516 3095 post
532 3023 794 3095 ejusdem
811 3025 1099 3097 pontificis
1120 3027 1386 3093 almitati,
1394 3028 1580 3099 gratia
1599 3028 1992 3083 saluberrima!

385 3109 664 3166 doctrinm
717 3129 1000 3184 causaque
1049 3117 1384 3184 parentelae,
1415 3117 1613 3172 sedula
1660 3117 1992 3170 adhmrebat

2093 1962 2165 2017 tis
2194 1964 2413 2035 positus
2447 1982 2459 2020 :
2495 1965 2550 2020 Si
2579 1982 2705 2036 quae
2726 1970 2884 2022 certo
2915 1969 3100 2024 relatu
3126 1971 3382 2026 affirmas
3403 1989 3538 2028 vera
3571 1977 3710 2029 sunt

2093 2054 2151 2107 et
2179 2053 2490 2120 credenda,
2526 2055 2678 2109 unde
2700 2058 3092 2126 cognoscam?
3131 2057 3348 2122 Quibus
3375 2059 3556 2131 signis
3603 2078 3709 2132 pa-

2095 2141 2224 2194 tulas
2256 2141 2770 2197 demonstrationis
2793 2143 2890 2198 illa
2938 2145 3081 2200 mihi
3136 2147 3461 2216 patebunt?
3505 2151 3580 2203 At
3612 2149 3706 2204 ille

2093 2228 2252 2283 duxit
2276 2246 2408 2283 eum
2436 2229 2491 2283 in
2520 2231 2727 2284 atrium
2753 2232 2972 2302 templi,
3001 2250 3114 2304 quo
3137 2250 3381 2305 corpora
3396 2236 3706 2292 defuncto-

2091 2333 2220 2371 rum
2249 2318 2487 2372 humata
2512 2318 2829 2388 quiescunt,
2848 2320 3142 2392 digitoque
3159 2322 3582 2378 demonstravit
3604 2341 3707 2380 au-

2093 2405 2252 2460 strali
2280 2405 2530 2460 ecclesiae
2563 2409 2724 2478 parte
2745 2407 2934 2461 locum
2965 2408 3389 2478 inconvulsum,
3421 2415 3480 2465 et
3510 2411 3659 2467 dixit
3690 2428 3704 2466 :

2095 2493 2239 2557 Quia
2265 2495 2408 2560 haec,
2430 2511 2556 2565 quae
2580 2495 2680 2550 tibi
2697 2495 2885 2562 retuli,
2904 2513 3038 2551 vera
3067 2503 3219 2565 sunt,
3241 2499 3540 2554 evidenter
3557 2501 3706 2555 scito

2095 2581 2230 2652 quia
2273 2583 2380 2636 hoc
2411 2583 2467 2636 in
2497 2584 2621 2638 loco
2671 2586 2806 2638 ante
2849 2583 3105 2639 triduum
3135 2586 3436 2657 presbyter
3461 2587 3706 2658 quidam

2092 2669 2419 2739 sepelietur,
2436 2672 2493 2723 et
2508 2670 2765 2724 nondum
2783 2671 3108 2726 infirmatur
3121 2689 3135 2739 ;
3150 2674 3552 2744 corpusculum
3567 2692 3706 2731 vero

2093 2759 2215 2829 ejus
2233 2758 2302 2812 ab
2326 2758 2663 2812 occidentali
2688 2764 2849 2829 parte
2867 2760 3070 2832 templi
3089 2761 3385 2831 praesentis
3407 2765 3707 2818 tumulan-

2096 2846 2234 2900 dum
2259 2846 2571 2902 deferetur.
2600 2849 2685 2902 Ad
2711 2849 2857 2902 hanc
2885 2848 3116 2904 visionis
3143 2866 3342 2904 vocem
3389 2851 3592 2906 beatus
3614 2868 3708 2906 ex-

2094 2934 2457 3006 pergefactus
2483 2936 2830 3002 Dunstanus,
2845 2941 3087 3008 postque
3104 2937 3306 2992 horam
3320 2939 3574 3008 primam
3590 2940 3708 2995 diei

2094 3039 2322 3078 memor
2351 3022 2514 3077 mirae
2541 3024 2930 3091 revelationis,
2951 3041 3082 3079 cum
3101 3025 3444 3097 quibusdam
3468 3028 3528 3082 in
3550 3045 3711 3098 prae-

2093 3111 2357 3163 notatum
2399 3108 2504 3163 sibi
2534 3110 2908 3180 spiritualiter
2955 3114 3268 3167 coemeterii
3299 3115 3492 3169 locum
3522 3117 3704 3184 venit,

374 3200 1087 3257 continuatione.lnterea
1113 3203 1989 3276 religiosiWintoniensiumt23)
2013 3197 2057 3212 υ
2091 3213 2196 3251 nec
2251 3213 2368 3251 11011
2400 3197 2685 3270 aCCiPieﬂS
2731 3199 2982 3268 lapidem
3040 3217 3221 3254 unum
3244 3201 3610 3272 ἇεοῐᾶδίιθω,
3649 3205 3705 3259 in
3733 3203 3748 3228 ⁸

371 3287 1989 3364 civisinvitarunteumdemDeipontiﬁcemadquamdam
2091 3300 2227 3338 eum
2286 3285 2546 3357 projecn,
2579 3285 2802 3358 hocque
2829 3286 3052 3341 addidit
3081 3305 3094 3341 ε
3126 3288 3182 3343 Si
3213 3305 3348 3344 vera
3396 3294 3534 3344 sunt
3573 3309 3707 3363 quae

374 3390 544 3430 nova:
572 3376 823 3431 ecclesiae
853 3377 1294 3444 dedicationem,
1334 3396 1506 3450 quam
1539 3379 1598 3433 in
1630 3396 1731 3433 sua
1761 3378 1987 3432 civitate
2088 3371 2149 3426 in
2171 3374 2388 3427 somnis
2416 3373 2550 3440 Vidi,
2585 3374 2821 3445 quidam
2843 3377 3142 3448 presbyter
3163 3378 3253 3431 hic
3282 3382 3416 3433 ante
3440 3379 3705 3435 triduum

376 3462 696 3530 Wintonia,
716 3482 830 3537 qua
847 3466 1108 3538 regimen
1130 3467 1594 3538 prazsulatusipse
1611 3467 1860 3533 tenebat,
1879 3483 1984 3537 pro
2089 3460 2263 3514 debet
2292 3461 2543 3516 humari.
2579 3464 2758 3517 Porro
2788 3464 3191 3519 recedentibus
3217 3464 3324 3519 illis
3352 3467 3511 3520 venit
3539 3468 3707 3540 cuju-

377 3551 592 3606 summi
624 3553 888 3608 Numinis
917 3555 1238 3609 reverentia
1269 3555 1668 3620 condiderant,
1711 3555 1770 3608 in
1819 3558 1984 3625 parte
2086 3549 2250 3603 sdam
2281 3549 2660 3616 IEthelﬂedae,
2711 3551 3080 3606 nobilissimae
3135 3569 3202 3606 ac
3255 3553 3705 3625 religiosissima

377 3637 707 3693 meridiana
719 3641 1010 3710 popularis
1027 3643 1254 3711 plateas,
1275 3659 1402 3713 qua:
1421 3659 1572 3696 nunc
1588 3641 1823 3696 ecclesia
1835 3643 1984 3696 occi-

377 3726 595 3781 dentali
619 3731 782 3799 parte
807 3729 1076 3783 omnibus
1109 3728 1356 3784 ecclesiis
1386 3728 1625 3784 vicinior
1651 3728 1987 3800 perhibetur

377 3831 520 3871 esse.
537 3817 598 3870 In
623 3815 792 3887 hujus
814 3817 1245 3872 consecratione
1259 3818 1442 3871 adfuit
1457 3818 1609 3873 inter
1637 3817 1777 3872 alios
1799 3819 1990 3889 plures

373 3919 507 3958 cum
521 3905 793 3976 pontifice
807 3905 980 3960 etiam
994 3905 1341 3973 Dunstanus,
1364 3923 1493 3961 cum
1510 3907 1811 3978 praecipuis
1825 3923 1988 3960 unus.

375 3989 499 4056 Qua
525 3993 789 4048 dedicata
835 3998 1152 4065 coegerunt
1182 4011 1347 4049 more
1393 3995 1775 4050 humanitatis
1805 3994 1989 4049 virum

373 4081 774 4136 venerandum
788 4097 919 4136 cum
935 4082 1047 4136 suis
1069 4083 1140 4137 ad
1165 4086 1367 4154 parata
1393 4083 1688 4138 charitatis
1713 4083 1988 4141 convivia:

196 4212 206 4218 .
286 4243 292 4248 Ι
376 4169 577 4224 laetum
599 4169 756 4224 diem
769 4186 874 4242 pro
897 4170 1043 4224 tanti
1060 4171 1165 4225 viri
1178 4171 1550 4226 veneratione
1564 4189 1784 4244 proque
1798 4188 1992 4227 conse-

375 4256 650 4313 crationis
681 4258 958 4312 ducentes
974 4258 1326 4314 celebritate.
1357 4259 1620 4313 Pontifex
1646 4263 1841 4314 autem
1865 4263 1990 4331 post

375 4345 698 4416 gratiarum
729 4346 985 4401 actiones
1014 4363 1144 4400 cum
1178 4348 1290 4401 suis
1311 4347 1658 4402 imminente
1674 4349 1799 4419 jam
1819 4350 1987 4402 nocte

2089 3640 2395 3703 matronze,
2430 3637 2706 3711 magister
2727 3643 2784 3692 et
2810 3641 3077 3695 sacerdos
3105 3657 3236 3695 cum
3264 3642 3703 3699 alio~sociorum

2090 3726 2600 3789 contuberbernio,
2632 3731 2690 3780 et
2717 3728 2970 3782 obtinuit
3006 3729 3113 3784 sibi
3163 3729 3317 3784 inter
3359 3731 3557 3803 aliqua
3584 3733 3705 3786 elo-

2091 3813 2361 3885 quiorum
2402 3815 2625 3870 famina
2651 3817 2923 3870 eumdem
2963 3819 3153 3872 locum
3208 3818 3267 3872 in
3321 3820 3704 3890 sepulturam,

2092 3902 2288 3957 dicens
2318 3920 2330 3957 :
2366 3903 2507 3958 Cum
2542 3907 2804 3958 mortuus
2851 3905 3036 3973 fuero,
3067 3906 3181 3973 hic,
3208 3922 3431 3977 precor,
3466 3909 3706 3978 sepelito

2093 4007 2208 4045 me.
2226 3993 2360 4047 Erat
2382 3993 2667 4063 siquidem
2685 3993 2809 4067 ipse
2822 3995 3137 4048 multorum
3160 3994 3493 4050 testimonio
3521 3997 3707 4051 adhuc

2092 4078 2150 4134 in
2197 4098 2437 4154 corpore
2495 4099 2702 4150 sanus;
2760 4083 2859 4137 sed
2908 4099 3040 4137 cum
3098 4081 3232 4137 inde
3281 4087 3411 4153 post
3455 4102 3702 4156 paucum

2090 4168 2383 4234 abiissent,
2416 4170 2576 4242 gravi
2625 4171 2831 4225 morbo
2878 4170 3141 4224 finitima:
3201 4169 3328 4224 vita:
3382 4172 3702 4226 sarcinatus

2090 4261 2191 4311 est.
2227 4257 2442 4312 Deinde
2494 4257 2554 4312 in
2589 4261 2756 4312 nocte
2807 4257 3002 4311 futura
3053 4261 3374 4312 extremum
3427 4258 3698 4330 spiritum

2089 4345 2310 4399 Christo
2351 4345 2600 4400 Domino
2635 4345 3084 4412 commendavit,
3113 4348 3170 4399 et
3196 4349 3329 4400 ante
3353 4345 3613 4402 triduum
3641 4348 3696 4401 in

373 4411 641 4502 surrexit,
675 4437 733 4488 et
763 4435 897 4489 data
944 4433 1348 4490 benedictione
1392 4411 1820 4491 convivantibus
1864 4439 1985 4491 tam
2007 4411 2058 4469 I’
2086 4433 2207 4506 ipso
2239 4451 2354 4488 sua:
2387 4433 2682 4488 electionis
2703 4434 2850 4498 loco,
2883 4433 2980 4504 qui
3004 4434 3064 4487 Β.
3093 4433 3390 4489 Dunstano
3422 4435 3580 4505 prius
3607 4451 3694 4490 as-

373 4519 511 4575 viris
529 4538 705 4594 quam
729 4522 980 4591 feminis,
999 4524 1183 4577 Deum
1209 4523 1628 4589 benedicendo,
1653 4523 1724 4578 ad
1750 4524 1985 4595 propria
2077 4521 2340 4594 signatus
2372 4523 2580 4588 fuerat,
2611 4522 2865 4594 sepultus
2895 4524 3000 4576 est.

376 4609 683 4677 remeavit;
707 4613 765 4664 et
786 4610 1412 4666 veneruntincedentes
1431 4611 1696 4682 perviam
1711 4611 1783 4665 ad
1802 4613 1981 4666 eccle-

373 4696 519 4751 siam
550 4697 794 4771 B.'papaa
816 4697 1090 4770 Gregorio
1127 4705 1520 4753 consecratam
1545 4717 1558 4767 ;
1592 4699 1786 4770 ibique
1807 4700 1984 4755 subsi-

370 4787 531 4840 stens
550 4785 850 4857 episcopus
863 4786 1002 4841 dixit
1030 4787 1090 4841 Β.
1107 4788 1431 4842 Dunstano:
1459 4787 1866 4859 Compleamus
1891 4787 1984 4843 hic

374 4874 530 4946 apud
543 4873 862 4929 oratorium
877 4874 1213 4929 sanctiPatri
1223 4893 1246 4929 s
1259 4875 1438 4930 nostri
1453 4876 1709 4946 Gregorii
1727 4879 1981 4930 nostram

373 4961 737 5034 completorii
760 4962 990 5020 horam.
1014 4964 1082 5017 Et
1101 4967 1482 5030 accesserunt,
1501 4967 1630 5034 post
1657 4980 1822 5019 voces
1853 4981 1985 5020 ora-

369 5050 947 5122 tionum,jungentes
971 5050 1160 5122 capita
1180 5067 1281 5104 sua
1301 5051 1361 5104 in
1385 5069 1562 5106 unum
1593 5069 1605 5106 :
1627 5069 1740 5124 quo
1759 5054 1984 5108 confes-

367 5139 562 5194 siones
579 5155 708 5194 suas
728 5138 896 5194 solita
924 5138 1346 5193 consuetudine
1366 5139 1612 5194 vicissim
1639 5141 1980 5211 proderent.

371 5226 496 5292 Qua
523 5229 757 5299 peracta
789 5228 926 5283 dum
955 5227 1191 5282 daretur
1221 5228 1292 5281 ab
1333 5228 1601 5300 episc0po
1640 5228 1980 5284 delictorum

367 5315 652 5385 remissio,
684 5315 830 5390 lapis
859 5332 1214 5388 permagnus
1245 5317 1315 5370 ab
1347 5317 1462 5370 alto
1503 5333 1635 5370 aere
1680 5317 1868 5386 irruit,
1900 5323 1978 5386 et,

366 5407 640 5473 parcente
671 5405 941 5471 Domino,
971 5405 1124 5460 inter
1154 5408 1397 5476 utraque
1433 5404 1621 5475 capita
1651 5405 1978 5460 vehementi

434 5510 541 5578 (22)
566 5511 704 5582 Acta
728 5509 791 5565 S.
824 5510 1054 5582 Elphegi
1090 5511 1354 5566 dedimus
1401 5514 1464 5582 l2
1488 5509 1707 5582 Martii,
1742 5527 1857 5565 non
1891 5515 1974 5566 ta-

366 5597 502 5652 men
534 5581 791 5652 elogium
824 5580 1290 5652 hujus‘auctoris,
1319 5581 1416 5634 sed
1449 5580 1717 5652 aliorum.
1742 5582 1977 5637 Praefuit

365 5651 627 5706 Ecclesiae
653 5651 1033 5705 Wintoniensi
1068 5653 1140 5705 ab
1173 5669 1325 5706 anno
1355 5655 1456 5708 935
1490 5651 1561 5705 ad
1595 5669 1812 5706 annum
1847 5657 1969 5708 951.

2153 4613 2307 4665 Tunc
2333 4609 2565 4664 Domini
2597 4627 2790 4664 servus
2821 4609 3000 4664 sensit
3028 4626 3131 4681 per
3151 4611 3358 4666 secula
3383 4611 3626 4677 faustus,

2153 4699 2377 4753 Talibus
2403 4715 2468 4752 ex
2492 4697 2672 4769 signis
2699 4698 2932 4752 fuerant
2957 4697 3093 4768 quia
3115 4703 3322 4753 cuncta
3347 4698 3565 4767 futura,

2155 4787 2291 4851 Quae
2315 4786 2420 4841 sibi
2431 4786 2558 4857 jam
2587 4785 2765 4840 dictas
2796 4785 3049 4840 Wull‘red
3073 4802 3341 4840 sermone
3363 4787 3624 4843 ferebat:

2154 4875 2375 4930 Visibus
2397 4879 2572 4946 atque
2595 4873 2718 4928 istis
2745 4874 2978 4929 humilis
3007 4874 3351 4946 sapiensque
3383 4875 3607 4942 beatus,

2155 4964 2305 5018 Felix
2337 4967 2394 5037 et
2421 4962 2661 5028 validus,
2690 4965 2911 5028 cautus,
2939 4964 3240 5033 castusque
3273 4961 3520 5030 refulsit,

2157 5056 2304 5106 Ante
2336 5053 2517 5105 Deum
2543 5052 2628 5105 vel
2657 5054 2791 5105 ante
2820 5051 3088 5105 homines
3110 5066 3216 5122 per
3247 5053 3518 5122 tempora
3549 5052 3688 5106 vita.

2158 5143 2242 5194 lO.
2267 5141 2422 5193 Nunc
2441 5142 2690 5208 emptum
2712 5154 3043 5192 sermonem
3069 5138 3349 5208 paulatim
3373 5132 3687 5195 differendo

2084 5225 2424 5293 intermitto,
2444 5226 2627 5280 donec
2645 5225 2912 5296 quaedam
2937 5225 3128 5280 brevia
3157 5225 3350 5292 verba,
3378 5243 3509 5298 quin
3526 5227 3684 5283 omit-

2084 5314 2260 5368 tenda
2286 5330 2402 5368 non
2435 5317 2696 5380 autumo,
2730 5329 2907 5383 parvo
2939 5313 3232 5384 proferam
3258 5315 3514 5386 eloquio.
3564 5316 3683 5369 Erat

2083 5419 2335 5474 namque
2364 5401 2628 5473 quadam
2651 5400 2932 5472 praedives
2965 5404 3254 5467 matrona,
3279 5403 3464 5472 regali
3492 5420 3556 5457 ex
3569 5418 3684 5473 pro-

2154 5509 2265 5578 (23)
2297 5507 2610 5580 Sequentia
2641 5507 2711 5561 ad
2741 5508 2882 5562 Acta
2903 5505 2964 5562 S.
3013 5505 3245 5577 Ego/tegi
3276 5513 3511 5580 possent
3536 5506 3678 5570 addi,

2083 5583 2216 5634 tunc
2245 5596 2360 5652 non
2392 5579 2664 5652 perlecta.

2153 5651 2257 5721 (24)
2283 5652 2366 5704 An
2387 5647 2657 5720 prwcarus
2689 5648 2776 5702 vel
2801 5647 3107 5718 probatus?
