4012 6180
495 460 631 518 1435

1532 450 1900 508 BRIDFERTI
1938 449 2389 509 BAMBSIENSIS
2436 447 2770 507 MONACHI.

3694 455 3712 510 l
3723 455 3814 513 136

501 582 573 638 de
602 578 737 636 sein
777 579 946 634 nocte
971 575 1083 633 hoc
1115 575 1173 632 in
1205 575 1298 633 die
1325 577 1590 634 futurum
1620 577 1764 648 (erat
1784 575 2100 648 ostensum)
2127 582 2182 640 Α
2205 576 2308 632 Dei
2331 576 2450 631 Deo
2475 575 2718 630 reddere
2750 572 3039 630 festinavit
3077 572 3268 645 (Matii
3294 590 3435 643 xm,
3475 577 3591 649 21).
3621 575 3814 634 Simili-

499 669 702 724 ordine
735 684 846 739 quo
887 666 1231 739 prmdixerat
1272 667 1588 722 certissime
1631 668 1940 738 complevit
1973 685 1988 733 ;
2021 667 2101 720 ita

495 755 756 827 inquam,
791 759 855 809 ut
883 758 1012 827 post
1037 755 1225 810 missae
1281 755 1640 826 mysterium,
1695 759 1826 827 post
1847 755 2104 809 saluber-

495 843 712 899 rimam
764 843 1130 898 Eucharistia:
1191 847 1444 914 gustum,
1502 842 1624 913 ipsa
1697 843 1915 915 pariter
1970 859 2103 897 cum

494 931 662 986 finita
691 931 868 987 missa
895 931 1071 986 vitam
1103 930 1329 985 felicem
1352 930 1411 985 in
1442 929 1691 986 Domino
1719 932 1851 986 Jesu
1882 930 2101 985 Christo

499 1020 715 1075 finiret.

494 1107 935 1178 Tuncprzevisor
947 1106 1406 1172 ovans,animam
1425 1122 1557 1160 cum
1580 1108 1733 1160 sorte
1757 1104 2102 1175 propinqua,

499 1196 804 1251 Commisit
837 1195 1107 1262 Domino,
1138 1197 1435 1248 tumulans
1459 1195 1561 1249 sub
1589 1194 1812 1248 honore
1843 1193 2102 1259 cadaver,

497 1286 568 1340 Et
595 1301 698 1340 sua
729 1285 827 1340 dat
857 1283 1085 1349 sanctis,
1105 1283 1249 1338 sicut
1282 1287 1454 1338 antea
1483 1283 1607 1353 ipsa
1632 1281 1860 1336 volebat

497 1373 752 1443 Corpore
785 1372 923 1426 dum
953 1371 1106 1438 vixit,
1137 1370 1250 1425 Sed
1276 1372 1333 1424 et
1364 1371 1576 1424 assecla
1603 1369 1751 1423 liber
1781 1368 1995 1434 abibat,

501 1459 718 1531 Optans
749 1459 875 1524 hoc,
910 1458 1141 1513 Domini
1172 1458 1494 1530 requiescat
1525 1462 1585 1512 ut
1611 1458 1668 1512 in
1699 1458 1995 1515 suavitate.

573 1552 660 1602 l2.
691 1548 787 1603 Hic
817 1546 992 1603 etiam
1020 1547 1171 1601 inter
1200 1563 1361 1602 sacra
1382 1548 1703 1602 litterarum
1719 1547 1925 1612 studia,
1959 1549 2020 1600 ut
2045 1546 2104 1601 in

504 1635 774 1691 omnibus
803 1639 951 1690 esset
980 1635 1238 1702 idoneus,
1285 1639 1469 1689 artem
1501 1635 1810 1700 scribendi,
1853 1651 1958 1688 nec
1989 1652 2105 1688 non

500 1723 870 1778 citharizandi
885 1723 1211 1793 pariterque
1228 1723 1500 1793 pingendi
1521 1722 1786 1794 peritiam
1801 1721 2107 1792 diligenter

501 1811 765 1877 excoluit,
785 1814 977 1881 atque,
997 1816 1059 1866 ut
1088 1811 1164 1864 ita
1183 1811 1391 1877 dicam,
1427 1811 1688 1865 omnium
1720 1827 1913 1864 rerum
1941 1815 2102 1864 uten-

2204 668 2292 720 ter
2321 667 2514 719 autem
2529 663 3173 735 ,B.Jacobi(30)apostoli
3194 665 3534 720 admonitus
3543 666 3809 737 jussione,

2203 753 2365 808 omni
2397 754 2667 807 humanae
2685 756 2961 807 creaturas
2982 754 3349 824 maximeque
3369 754 3602 824 potenti
3628 770 3686 808 se
3704 755 3813 808 sub-

2205 841 2342 895 dere
2373 857 2490 894 non
2523 840 2778 905 cessavit,
2833 842 2942 894 sive
2988 843 3101 910 regi
3149 843 3310 911 quasi
3331 842 3690 911 praecedenti,
3719 845 3820 897 sive

2203 929 2423 982 ducibus
2447 936 2705 999 tanquam
2727 929 2794 982 ab
2819 946 2877 983 eo
2909 929 3173 995 missis,ad
3203 930 3512 985 vindictam
3532 932 3811 992 malorum,

2206 1017 2415 1070 laudem
2445 1033 2564 1070 vero
2597 1017 2872 1083 bonorum,
2893 1020 2998 1071 etc.
3025 1016 3077 1082 (1
3095 1017 3456 1084 Petr.u,l3).
3489 1019 3615 1072 Non
3643 1019 3820 1074 minus

2207 1120 2363 1172 vero,
2398 1105 2457 1158 ni
2481 1105 2902 1170 fallor,B.Pauli
2921 1105 3334 1174 apostoliinfra
3356 1106 3823 1168 comminiscens.

2206 1192 2302 1264 qui
2362 1192 2482 1260 ait;
2534 1192 2720 1247 Omnis
2772 1195 2956 1246 anima
3006 1194 3369 1263 potestatibus
3424 1195 3828 1250 sublimioribus

2203 1280 2415 1336 subdita
2444 1287 2554 1335 est:
2585 1298 2689 1334 non
2719 1287 2792 1334 est
2824 1283 2963 1335 enim
3002 1287 3261 1351 potestas,
3296 1283 3408 1335 nisi
3431 1301 3464 1334 a
3496 1282 3608 1336 Deo
3649 1300 3661 1336 :
3702 1280 3830 1348 Qua

2205 1375 2382 1425 autem
2415 1375 2560 1432 sunt,
2589 1387 2620 1422 a
2647 1371 2761 1424 Deo
2787 1369 3041 1424 ordinata
3084 1379 3211 1424 sunt
3241 1399 3258 1436 ,-
3294 1374 3481 1442 itaque
3499 1373 3601 1442 qui
3636 1373 3832 1425 resistit

2196 1459 2578 1528 potestati,Dei
2604 1459 2932 1512 ordinationi
2949 1461 3176 1522 resistit;
3209 1461 3307 1530 qui
3336 1468 3524 1512 autem
3547 1461 3825 1525 resistunt,

2207 1547 2308 1615 ipsi
2335 1547 2440 1599 sibi
2464 1546 2864 1600 damnationem
2921 1550 3207 1618 acquirunt
3252 1547 3450 1617 (Prov.
3487 1564 3609 1612 xm,
3663 1551 3734 1614 1).
3770 1549 3832 1601 Et

2205 1633 2419 1688 iterum
2447 1651 2459 1687 :
2491 1635 2714 1687 Reddite
2743 1636 3114 1705 ergo,fratres,
3177 1637 3432 1689 omnibus
3472 1637 3648 1689 debita
3689 1654 3704 1702 ;
3738 1639 3828 1690 cui

2206 1721 2486 1786 tributum,
2513 1723 2776 1776 tributum
2805 1738 2819 1790 ς
2850 1723 2940 1776 cui
2970 1723 3212 1791 vectigal,
3238 1723 3518 1791 vectigal;
3543 1725 3637 1777 cui
3669 1727 3833 1777 timo-

2207 1826 2338 1877 rsm,
2373 1813 2652 1874 timorem;
2691 1811 2785 1863 cui
2833 1811 3104 1875 honorem,
3135 1811 3393 1864 honorem.
3425 1811 3688 1879 (lbid.,7)
3716 1831 3731 1876 ;
3769 1818 3821 1866 et

500 1898 693 1953 silium
721 1898 855 1968 vigil
899 1899 1194 1968 inspector
1235 1898 1464 1956 elfulsit.
1507 1899 1869 1970 QuaprOpter
1899 1898 2104 1952 nobilis
2136 1894 2350 1951 Bitem
2404 1899 2533 1952 huic
2555 1898 2746 1952 eidem
2805 1900 3063 1968 apostolo
3109 1899 3168 1952 in
3208 1899 3338 1969 ipsa
3392 1916 3499 1953 sua
3546 1900 3830 1955 electione

499 1986 708 2058 quieda
734 1991 1022 2051 matrona,
1077 1987 1409 2058 {Edelpyrm
1445 1990 1790 2058 nuncupata,
1850 1985 2103 2056 quodam

495 2076 860 2130 momentulo
886 2075 1104 2129 vocavit
1137 2092 1271 2129 eum
1302 2074 1574 2128 familiari
1621 2078 1856 2145 precatu
1920 2073 1990 2128 ad
2019 2091 2098 2136 se,

497 2165 779 2235 quatenus
809 2163 908 2217 ille
933 2163 1007 2218 ad
1034 2162 1291 2217 divinum
1310 2164 1525 2216 cultum
1549 2163 1863 2234 quamdam
1893 2163 2101 2217 stolam

493 2250 600 2305 sibi
625 2251 860 2305 diversis
883 2251 1266 2306 formularum
1297 2251 1681 2305 schematibus
1713 2251 1830 2322 ipse
1850 2251 2102 2322 praepin-

498 2341 862 2411 geret,quam
877 2341 1073 2409 postea
1093 2341 1282 2409 posset
1295 2355 1432 2392 auro
1449 2338 1810 2409 gemmisque
1824 2338 2097 2392 variando

495 2442 798 2497 pompare.
853 2427 1018 2489 Quod
1048 2443 1177 2481 cum
1229 2426 1430 2480 venien
1463 2427 1534 2480 do
1563 2426 1805 2491 fecisset,
1851 2425 2095 2495 sumpsit

495 2529 691 2568 secum
705 2531 772 2567 ex
786 2530 950 2568 more
964 2513 1247 2568 citharam
1261 2529 1419 2567 suam
1432 2530 1625 2583 ,quam
1640 2513 1840 2583 lingua
1855 2517 2098 2583 paterna

495 2602 740 2672 harpam
759 2617 1050 2665 vocamus,
1077 2618 1188 2672 quo
1213 2618 1270 2656 se
1293 2601 1650 2672 temporibus
1678 2603 1912 2655 alternis
1939 2619 2097 2657 men-

491 2691 690 2760 tesque
725 2689 798 2744 ad
827 2707 886 2743 se
913 2689 1274 2744 tendentium
1289 2689 1709 2758 jucundaretur
1731 2689 1788 2742 in
1820 2689 2094 2745 illa.Tunc

496 2778 709 2850 quippe
728 2779 980 2849 quadam
1007 2778 1098 2831 die
1129 2764 1763 2848 post-prandium,dum
1793 2778 1866 2832 ad
1891 2777 2095 2832 iterata

496 2881 673 2936 opera
705 2868 827 2920 tam
857 2865 979 2937 ipse
1011 2882 1183 2937 quam
1218 2865 1493 2936 praedicta
1523 2869 1792 2919 matrona.
1820 2881 1951 2919 cum
1981 2865 2094 2919 suis

495 2953 1438 3026 operatricibusreverterentur,ex
1467 2957 1673 3008 eventu
1686 2952 1935 3007 mirabili
1956 2969 2092 3007 con-

493 3041 627 3113 tigit
657 3046 719 3096 ut
745 3043 868 3096 haec
898 3041 1102 3096 eadem
1117 3041 1270 3097 beati
1284 3041 1485 3096 tironis
1505 3041 1742 3109 cithara,
1766 3041 2092 3112 pendensin

2201 1987 2484 2042 Dominus
2510 1987 2739 2041 dicebat
2768 2003 2780 2039 :
2809 1989 3026 2040 Durum
3059 1988 3144 2039 est
3177 1986 3279 2040 tibi
3311 1987 3834 2057 contratpotestatis

2203 2092 2351 2130 meae
2383 2075 2682 2128 stimulum
2703 2075 2999 2128 calcitrare
3020 2074 3090 2134 (Α
3104 2081 3176 2140 ct,
3211 2092 3287 2141 IV,
3324 2075 3402 2146 5).
3432 2075 3563 2128 Haec
3586 2075 3752 2129 enim
3780 2079 3832 2130 et

2202 2164 2289 2218 bis
2319 2163 2531 2218 similia
2582 2179 2878 2217 sacrarum
2910 2162 3344 2232 Scripturarum
3402 2167 3704 2234 praecepta
3773 2165 3832 2221 Β.

2200 2251 2532 2305 Dunstanus
2551 2251 2608 2304 in
2637 2250 2765 2303 sinu
2779 2249 2967 2304 cordis
2978 2249 3063 2303 sui
3085 2249 3400 2320 diligenter
3418 2250 3750 2314 abscondit,
3761 2268 3832 2305 ne

2200 2343 2465 2408 peccaret
2492 2339 2736 2392 Domino
2765 2355 2778 2405 ;
2803 2338 2903 2392 sed
2925 2338 2982 2391 in
3002 2337 3417 2391 mandatorum
3435 2339 3562 2408 ejus
3575 2339 3834 2409 eloquia,

2198 2428 2570 2499 faucibusque
2636 2427 2810 2496 ipsius
2854 2443 3024 2498 super
3079 2427 3194 2479 mel
3228 2431 3288 2480 et
3336 2427 3534 2480 favum
3571 2427 3838 2482 dulciora

2197 2515 2370 2588 (Psal.
2405 2533 2559 2581 xvni,
2599 2516 3008 2583 tl),lucernam
3028 2514 3144 2568 veri
3159 2515 3400 2568 luminis
3421 2516 3676 2585 pedibus
3697 2517 3832 2580 suis,

2197 2605 2402 2676 quibus
2432 2605 2546 2658 vias
2598 2603 2826 2658 Domini
2880 2604 3226 2668 ambularet,
3266 2603 3556 2674 disposuit
3603 2607 3740 2674 (31).
3773 2605 3836 2658 Et

2196 2696 2500 2763 postquam
2515 2709 2573 2744 se
2591 2691 2884 2744 mandatis
2903 2691 3001 2744 Dei
3015 2691 3101 2744 sui
3123 2691 3351 2744 cordati
3364 2709 3430 2745 us
3442 2691 3726 2746 edoctum
3747 2694 3834 2746 vel

2196 2780 2589 2834 illuminatum
2622 2783 2953 2850 agnoverat,
2987 2780 3202 2848 juravit
3249 2796 3452 2833 secum
3485 2784 3546 2833 et
3573 2781 3829 2837 firmiter

2194 2868 2392 2922 statuit
2417 2869 2475 2921 in
2503 2867 2764 2922 cordium
2797 2883 3032 2920 suorum
3081 2867 3339 2933 secretis,
3373 2869 3674 2922 custodire
3721 2870 3838 2924 ﬁne

2198 2958 2362 3010 tenus
2381 2956 2598 3026 judicia
2617 2955 2854 3026 justitia:
2870 2972 3006 3017 suae,
3035 2957 3096 3008 ut
3125 2954 3284 3009 idem
3311 2956 3604 3009 Dominus
3629 2956 3705 3010 de
3731 2958 3834 3011 hac

2196 3044 2399 3097 eadem
2433 3044 2721 3098 sententia
2751 3043 2885 3097 alibi
2935 3043 3161 3097 dicebat
3193 3061 3206 3106 ;
3251 3042 3368 3108 Qui
3385 3049 3828 3113 perseveraverit

495 3129 692 3184 cabilis
719 3131 959 3201 pariete,
979 3129 1341 3185 audientibus
1367 3130 1584 3183 cunctis
1600 3133 1804 3199 sponte
1834 3146 1954 3196 sua,
1975 3128 2096 3183 sine
2121 3135 2166 3196 C
2197 3149 2358 3202 usque
2388 3135 2443 3184 in
2470 3133 2740 3200 ﬁnemJiic
2789 3132 2966 3185 salvus
3020 3133 3119 3184 erit
3147 3130 3373 3203 (Matth.
3409 3137 3590 3200 1,22).
3637 3135 3712 3187 Et
3735 3135 3838 3188 ite-

490 3219 646 3272 tactu
675 3219 1032 3290 cujusquam,
1066 3217 1424 3286 jubilationis
1455 3217 1757 3271 modulum
1805 3219 1920 3271 alta
1961 3233 2096 3272 voce

488 3309 845 3376 personaret.
880 3306 1055 3375 Hujus
1085 3305 1240 3359 enim
1264 3305 1595 3376 antiphonze
1627 3305 1944 3359 melodiam
1965 3321 2097 3359 con-

489 3392 737 3447 cinendo
761 3393 1226 3464 personuit,etad
1249 3393 1427 3447 ﬁnem
1452 3409 1628 3462 usque
1649 3392 1792 3446 serie
1806 3393 2092 3447 cantando

487 3479 744 3550 perduin
772 3496 785 3533 :
817 3480 1080 3534 Gaudent
1108 3479 1166 3532 in
1197 3480 1350 3534 caelis
1378 3479 1591 3533 animae
1613 3484 1972 3547 sanctorum,
1996 3480 2091 3551 qui

489 3566 692 3621 Christi
711 3566 1094 3636 vestigiasunt
1125 3566 1299 3621 secuti
1326 3584 1340 3634 ;
1365 3569 1424 3621 et
1453 3565 1589 3637 quia
1608 3583 1711 3637 pro
1742 3567 1870 3638 ejus
1890 3584 2091 3622 amore

487 3654 830 3725 sanguinem
843 3671 1009 3708 suum
1025 3654 1316 3722 fuderunt,
1351 3653 1478 3709 ideo
1504 3671 1636 3709 cum
1655 3656 2094 3726 Christoregna—

489 3741 634 3797 bunt
652 3742 711 3797 in
741 3746 1044 3798 aeternum.
1088 3742 1249 3806 Quod
1293 3759 1424 3797 cum
1461 3742 1772 3810 audissent,
1801 3744 2094 3815 perterriti

484 3835 607 3887 tam
637 3833 758 3905 ipse
780 3848 954 3903 quam
971 3835 1296 3887 memorata
1314 3835 1600 3900 matrona,
1616 3850 1933 3904 omnesque
1955 3850 2094 3904 ope-

483 3920 720 3975 ratrices
748 3919 943 3991 ipsius,
998 3919 1400 3975 obliviscentes
1468 3921 1709 3975 omnino
1745 3937 1988 3991 operum
2033 3920 2092 3974 in

484 4009 773 4075 manibus,
807 4007 1037 4063 attoniti
1065 4024 1188 4062 sese
1243 4008 1499 4063 invicem
1530 4008 1905 4080 aspiciebant,
1956 4010 2092 4063 satis

484 4096 766 4152 mirantes
795 4096 933 4168 quid
953 4095 1093 4153 illud
1121 4096 1385 4152 mirabile
1419 4098 1646 4168 gestum
1666 4097 1797 4152 novi
1819 4099 2092 4169 praefigu-

485 4188 647 4241 raret
669 4185 937 4256 exempli.

1149 4272 1371 4328 CAPUT
1401 4275 1492 4328 IIl.

477 4359 582 4414 Res
607 4368 766 4432 gesta:
795 4361 888 4416 sub
915 4360 1203 4416 Edmundo
1231 4376 1370 4432 rege.
1417 4360 1662 4416 Abbatia
1710 4362 2089 4416 Glastoniensis

726 4455 966 4520 suscepta
997 4477 1013 4515 ,-
1043 4449 1345 4504 daemonum
1376 4449 1585 4504 insith
1613 4451 1841 4503 evitatas.

555 4537 640 4590 l3.
672 4537 890 4592 Deinde
916 4542 1112 4592 autem
1133 4538 1401 4594 defuncto
1429 4555 1565 4608 rege
1581 4537 1934 4593 [Ethelstano
1953 4539 2083 4608 (29),

483 4623 544 4676 et
572 4625 720 4677 statu
751 4624 1342 4697 regnimutato,regis
1362 4626 1738 4692 succedentis,
1762 4626 2083 4682 Eadmundi

483 4708 716 4777 scilicet,
743 4711 1067 4767 sublimitas
1093 4714 1152 4770 Β.
1179 4716 1561 4780 Dunstanum,
1584 4713 1683 4784 qui
1709 4713 1837 4768 vitae
1872 4715 2084 4784 proba-

482 4795 611 4852 bilis
639 4801 696 4851 et
725 4798 937 4870 linguas
961 4800 1257 4856 exstiterat
1271 4801 1529 4868 eruditae,
1553 4802 1946 4872 conspectibus
1961 4803 2082 4873 ejus

482 4883 679 4939 adesse
711 4886 1072 4956 praecepit,ut
1096 4889 1270 4943 etiam
1300 4889 1420 4961 ipse
1443 4888 1596 4944 inter
1617 4891 1807 4960 regios
1819 4905 2083 4960 proceres

481 4975 542 5028 et
569 4972 853 5043 palatinos
882 4972 1173 5045 principes
1205 4982 1690 5032 annumeraretur
1722 4979 1953 5032 electus.
1989 4977 2082 5031 His

476 5059 574 5115 ille
598 5059 856 5132 imperiis
870 5063 1088 5116 temere
1102 5079 1216 5116 non
1232 5065 1627 5131 resistens,sed
1642 5081 1869 5120 memor
1892 5065 2082 5137 potius

477 5147 713 5204 Domini
738 5148 1033 5219 praecepti,
1056 5165 1184 5220 quae
1205 5151 1355 5221 regis
1383 5155 1551 5205 erant
1567 5151 1711 5222 regi,
1741 5170 1868 5224 quae
1885 5155 2079 5208 autem

545 5255 684 5324 (29).
715 5252 1103 5308 {Ethelstanus
1125 5270 1226 5308 rex
1246 5257 1510 5309 mortuus
1539 5259 1623 5309 est
1643 5272 1796 5310 anno
1829 5261 1957 5323 940,
1989 5259 2081 5314 die

475 5341 531 5380 γι
550 5326 834 5381 Kalendas
846 5324 1202 5392 Novembris,
1225 5325 1679 5381 cuiEadmundus
1704 5327 2082 5384 siveEdmun-

475 5395 574 5451 dus
603 5397 784 5451 frater
807 5395 1090 5450 successit.

548 5466 660 5606 (30)
700 5469 820 5521 lmo
844 5468 903 5522 Β.
935 5466 1085 5521 Petri
1113 5468 1198 5519 est
1228 5464 1602 5520 dictuslocus.

573 5537 659 5605 31)
685 5538 961 5606 Expungo
991 5536 1282 5606 superﬂua
1312 5537 1424 5591 duo
1454 5537 1602 5591 verb:

573 5537 659 5612 31)
685 5538 961 5608 Expungo
991 5536 1282 5609 superﬂua
1312 5537 1424 5591 duo
1454 5537 1650 5604 verba,
1677 5539 2086 5612 misericorditer

475 5606 868 5662 ministrarent.

554 5677 671 5747 (32)
693 5677 808 5744 Ns,,
836 5679 1222 5751 Conversionis.

2197 3236 2356 3274 rum:
2389 3219 2519 3273 Esto
2570 3221 2740 3288 ﬁdelis
2803 3237 2964 3291 usque
3019 3219 3089 3272 ad
3146 3228 3397 3287 mortem,
3455 3227 3506 3275 et
3566 3222 3708 3276 dabo
3738 3224 3841 3276 tibi

2196 3323 2442 3361 coronam
2468 3312 2589 3362 vitae
2619 3308 2923 3378 (Apoc.};n,
2955 3308 3060 3378 l0).
3097 3307 3189 3362 Sic
3241 3325 3531 3380 namque,
3569 3313 3838 3382 quamvis

2194 3395 2498 3461 laboriose,
2519 3413 2634 3448 una
2658 3412 2790 3448 cum
2823 3395 3162 3449 sublimibus
3192 3395 3251 3449 in
3280 3397 3470 3467 regali
3497 3399 3717 3466 palatio
3735 3399 3832 3452 diu

2196 3482 2462 3551 degebat,
2493 3482 2655 3536 binas
2683 3483 2934 3536 habenas
2962 3499 3124 3538 sacro
3155 3483 3579 3538 moderamine
3597 3490 3831 3553 tenens,

2193 3569 2606 3640 legisvidelicet
2627 3574 2682 3624 et
2699 3571 2986 3636 theoricae,
3009 3587 3116 3624 nec
3140 3587 3259 3624 non
3287 3575 3348 3625 et
3375 3574 3654 3643 practicee
3680 3575 3832 3629 vitae.

2198 3656 2466 3712 Videntes
2478 3674 2608 3712 vero
2623 3659 2883 3712 nonnulli
2897 3674 3236 3712 commoran
3246 3659 3395 3712 tium
3413 3660 3670 3715 militum
3685 3663 3835 3717 hanc

2195 3747 2879 3817 conversationis(32;suze
2909 3748 3325 3814 constantiam,
3355 3756 3668 3820 caepe—runt
3696 3767 3833 3804 eum

2195 3834 2363 3888 unica
2393 3834 2684 3888 charitatis
2732 3835 3033 3889 dulcedine
3063 3837 3152 3889 vel
3179 3837 3595 3906 germanitatis
3625 3853 3828 3894 amore

2196 3920 2774 3992 diligere.Perplures
2786 3926 2966 3976 autem
2983 3939 3012 3976 e
3029 3923 3664 3991 contrario,nebulosis
3679 3942 3824 3979 meu-

2195 4009 2346 4063 tibus
2372 4009 2624 4076 obducti,
2661 4026 2882 4080 coepere
2913 4010 3191 4064 eumdem
3225 4011 3327 4064 Dei
3358 4012 3556 4066 virum
3583 4013 3823 4066 amaris-

2193 4095 2339 4151 simo
2375 4096 2506 4150 odio
2563 4097 2832 4151 vanitatis
2890 4097 3188 4164 detestari,
3238 4102 3296 4152 et
3338 4099 3827 4170 prosperitatibus

2191 4183 2366 4254 ipsius
2395 4187 2580 4238 morte
2617 4184 3161 4239 tenusinvidere.Hi
3192 4186 3473 4240 nimirum
3502 4190 3827 4242 exsecratu-

2189 4287 2301 4338 res,
2324 4272 2382 4326 in
2410 4277 2789 4342 augmentum
2823 4272 3058 4327 malitia:
3105 4290 3630 4345 suae,quoscunque
3675 4275 3818 4337 alios

2190 4363 2479 4430 poterant,
2513 4361 2584 4415 ad
2613 4361 3078 4431 persequendum
3134 4362 3313 4416 etiam
3360 4363 3650 4416 famulum
3715 4360 3812 4417 Dei

2190 4447 2596 4518 deposcebant.
2627 4448 2848 4503 Tandiu
2898 4449 3055 4503 enim
3108 4449 3261 4504 circa
3298 4449 3464 4504 illum
3521 4455 3822 4504 torserunt

2186 4535 2504 4590 funiculum
2538 4536 2854 4608 iniquitatis
2901 4553 3128 4603 eorum,
3172 4538 3390 4609 seipsos
3431 4538 3620 4609 potius
3652 4537 3718 4592 in
3751 4554 3818 4592 eo

2186 4624 2384 4679 nexuri
2423 4625 2796 4695 quamillum,
2822 4628 2883 4678 ut
2904 4626 3090 4695 ipsum
3108 4643 3312 4696 regem
3359 4626 3642 4681 infectum
3684 4625 3812 4680 vitii

2184 4710 2440 4783 ipsorum
2482 4713 2896 4768 attaminarent
2929 4716 2986 4766 et
3014 4714 3316 4768 credulum
3341 4714 3581 4768 fallaciis
3603 4729 3818 4767 eorum

2185 4800 2482 4854 ofﬁcerent
2537 4817 2548 4854 :
2575 4800 2672 4871 qui
2702 4802 3067 4867 continuo,ut
3087 4802 3248 4871 prius
3278 4803 3467 4856 fuerat
3498 4802 3572 4856 ab
3592 4801 3818 4872 iniquis

2183 4889 2509 4952 instructus,
2553 4904 2768 4958 magno
2797 4889 2992 4942 furore
3041 4894 3368 4959 permotus,
3421 4889 3591 4960 jussit
3655 4905 3816 4952 eum,

2199 4975 2390 5029 ablata
2415 4975 2896 5045 dignitate,etiam
2923 4976 3084 5029 omni
3107 4977 3333 5030 honore
3362 4976 3595 5046 privari,
3619 4974 3806 5030 etsibi

2193 5062 2318 5116 seni
2344 5067 2635 5116 moratum
2667 5066 2784 5131 (33)
2815 5064 2912 5117 ubi
2948 5059 3137 5130 vellet,
3165 5064 3292 5118 sine
3323 5080 3382 5118 se
3421 5064 3646 5135 suisque
3679 5080 3817 5117 con-

2200 5150 2448 5223 quirere.
2490 5151 2670 5205 Erant
2690 5153 2882 5206 autem
2905 5151 3056 5222 apud
3088 5150 3380 5206 Ceodriun
3408 5154 3543 5222 (34),
3566 5152 3669 5206 ubi
3693 5153 3816 5206 hac

2253 5258 2367 5325 (33)
2402 5255 2676 5321 Moratus,
2709 5257 2767 5311 id
2799 5262 2905 5322 est,
2929 5257 3212 5312 habitatio.

2258 5330 2367 5396 (34)
2408 5327 2677 5396 Suspicor
2705 5327 2979 5383 Seorsium
3033 5328 3381 5398 legendum,
3434 5328 3606 5398 idque
3645 5327 3808 5398 idem

2183 5415 2305 5452 esse
2335 5398 2489 5468 quod
2508 5398 2746 5451 nomine
2769 5399 3087 5469 composito
3102 5397 3709 5468 ’v'ulgariterlt’indsor
3727 5397 3810 5450 di-

2184 5469 2352 5535 citur,
2385 5470 2679 5522 castellum
2711 5470 2956 5538 regium,
3001 5469 3124 5523 aliis
3169 5470 3512 5538 Iliade/“ora,
3553 5470 3806 5523 adsitnm

2187 5540 2405 5593 habens
2426 5555 2663 5609 parcum
2693 5540 2765 5593 ad
2795 5540 3165 5594 venationem
3189 5545 3249 5594 et
3293 5541 3491 5595 silvam
3525 5542 3636 5592 late
3672 5554 3806 5608 pro-

2184 5613 2430 5664 tensam.
2463 5611 2585 5664 Mox
2618 5609 2841 5667 Ceoddis
2879 5611 3168 5678 scribitur,
3209 5611 3369 5683 quod
3403 5611 3626 5682 longius
3661 5609 3803 5662 abit.
