4012 6180
155 440 284 498 H37
1405 433 1564 493 VI‘I’A
1602 429 1850 491 SANCI‘I
1871 428 2253 489 DUNSTANI.
3387 443 3530 502 4433

151 567 302 626 facta
312 563 564 634 fuerant,
585 560 686 621 viri
699 561 1079 632 venerabiles,
1101 562 1272 637 regni
1292 563 1556 620 videlicet
1571 560 1772 617 Orien-
1797 561 1854 621 A
1878 578 2017 616 num
2044 578 2060 630 ;
2086 562 2146 614 et
2161 560 2532 632 apprehensa
2561 565 2685 638 ejus
2715 563 2974 628 dextera,
2989 575 3161 620 causa
3187 563 3533 636 placationis

151 647 220 708 tis
250 653 359 724 (35)
388 652 592 716 nuntii,
610 669 740 707 cum
765 669 904 724 rege
925 656 1061 708 tunc
1082 654 1466 725 hospitantes:
1493 671 1634 727 quos
1655 653 1769 720 ille,
1871 667 1972 705 seu
1997 649 2185 704 etiam
2213 647 2828 718 dignitatis‘osculatus
2851 655 2936 706 est
2978 650 3164 723 illum,
3198 654 3532 730 ducensque

157 742 314 816 quasi
369 743 490 812 jam
534 740 723 796 exsilio
769 741 1099 809 deputatus,
1147 742 1301 797 aliud
1351 743 1456 798 sibi
1495 745 1770 815 ignorans
1871 738 1945 793 ad
1974 736 2407 793 sacerdotalem
2441 744 2808 807 cathedram,
2852 743 2912 794 et
2939 740 3249 812 imponens
3278 744 3444 800 illum
3472 747 3531 804 in

150 831 449 887 consilium
479 846 777 901 aggressus
809 835 916 897 est,
951 830 1009 885 id
1059 847 1232 886 orans
1264 849 1337 886 ne
1359 849 1418 886 se
1450 833 1714 888 relictum
1735 851 1770 888 ει
1873 843 2030 892 eam,
2065 823 2244 880 dixit:
2277 825 2412 880 Esto
2436 831 2588 884 sedis
2613 831 2778 884 istius
2805 828 3078 902 princeps
3108 836 3532 906 potensquein-

149 935 282 991 rege
308 918 410 990 ipsi
435 919 780 983 desererent,
800 919 901 973 sed
919 935 1112 974 secum
1138 920 1210 974 ad
1235 920 1482 991 patriam
1507 921 1769 992 quamvis
1872 931 2088 976 sessor,
2123 915 2180 966 et
2212 917 2518 983 praesentis
2547 919 2818 974 Ecclesia:
2842 917 3209 976 fidelissimus
3241 923 3448 992 abbas;
3473 929 3532 982 et

146 1007 217 1061 ad
251 1007 561 1062 incolatum
593 1006 998 1078 perducerent.
1051 1010 1126 1061 At
1173 1008 1251 1062 illi
1279 1009 1566 1064 maestitiae
1593 1009 1770 1080 ipsius
1871 1001 2163 1075 quidquid
2193 999 2296 1055 tibi
2329 1005 2406 1059 ad
2438 1007 2615 1061 divini
2666 1009 2860 1062 cultus
2901 1014 3285 1080 augmentum
3335 1015 3419 1069 vel
3455 1015 3530 1071 ad

146 1093 582 1165 compatientes,
614 1094 1057 1167 spoponderunt
1093 1095 1143 1149 ei
1185 1113 1429 1167 quaeque
1481 1097 1651 1168 regni
1683 1097 1769 1152 sui
1876 1107 2057 1147 sacrm
2085 1091 2304 1160 regulae
2336 1097 2820 1167 supplementum
2841 1095 2914 1149 de
2940 1098 3178 1169 propria
3207 1100 3529 1160 adminicu-

148 1181 475 1245 commoda,
499 1182 541 1237 si
572 1199 763 1236 secum
798 1182 1176 1237 comitaturus
1201 1183 1405 1238 adiret.
1873 1179 2097 1235 latione
2148 1178 2421 1248 defuerit,
2468 1200 2577 1254 ego
2624 1184 2772 1239 illud
2815 1183 2984 1255 regia
3026 1186 3292 1259 largitate
3323 1190 3526 1248 devote

216 1275 298 1327 14.
327 1271 449 1326 ibat
476 1271 668 1342 itaque
697 1288 797 1326 rex
830 1287 964 1325 mox
997 1271 1178 1326 altera
1208 1271 1319 1340 die,
1371 1289 1487 1344 quo
1548 1289 1611 1328 se
1655 1290 1775 1328 una
1872 1268 2180 1340 supplebo.
3091 1267 3102 1279 ‘

141 1376 274 1415 cum
298 1359 407 1413 suis
446 1375 607 1414 more
653 1359 821 1414 solito
863 1360 1284 1428 jucundaretur
1341 1361 1664 1417 venabulo:
1717 1369 1774 1421 et
1952 1360 2038 1411 i5.
2074 1356 2254 1428 Igitur
2286 1361 2416 1426 P081
2473 1360 2595 1415 hinc
2643 1377 2848 1415 servus
2889 1360 2992 1415 Dei
3049 1364 3374 1421 Dunstan—us
3398 1369 3523 1438 jam

141 1448 280 1503 dum
336 1448 406 1502 ad
438 1448 600 1502 silvas
623 1448 881 1502 venaturi
911 1449 1278 1519 perveniunt,
1317 1449 1572 1504 diversos
1604 1452 1774 1505 calles
1875 1443 2089 1499 dictam
2119 1444 2468 1516 dignitatem
2489 1449 2653 1519 jussu
2670 1449 2832 1519 regis
2858 1451 3098 1520 regendi
3121 1454 3306 1523 gratia
3335 1473 3520 1511 susce-

139 1552 580 1592 nemorosorum
605 1536 905 1591 tramitum
932 1537 1195 1592 certatim
1219 1537 1525 1608 arripiunt.
1555 1540 1623 1592 Et
1641 1556 1773 1594 ecce
1873 1534 1986 1604 pit:
2015 1537 2072 1589 et
2098 1535 2207 1589 hoc
2237 1536 2516 1604 praedicto
2543 1538 2722 1592 modo
2777 1538 3219 1595 saluberrimam
3251 1542 3308 1597 S.
3339 1545 3518 1599 Bene-

139 1641 206 1679 ex
238 1625 579 1680 multimodo
636 1625 1118 1680 corniculantium
1165 1627 1406 1696 strepitu
1439 1643 1770 1699 canumque
1873 1621 2008 1676 dicti
2049 1639 2297 1694 sequens
2318 1623 2774 1690 institutionem,
2803 1626 3028 1698 primus
3057 1629 3235 1684 abbas
3265 1629 3371 1699 (36)
3400 1633 3516 1686 An-

135 1714 368 1779 latratu,
404 1714 568 1768 multi
600 1730 899 1768 cervorum
933 1715 1122 1768 levem
1149 1715 1347 1786 fugam
1382 1714 1669 1770 inierunt:
1700 1734 1768 1770 ex
1871 1712 2034 1780 glicaa
2050 1711 2302 1767 nationis
2322 1714 2558 1768 enituit:
2587 1715 2786 1786 sicque
2805 1717 3194 1785 spontaneum
3221 1734 3289 1771 ex
3305 1719 3512 1774 affectu

133 1802 340 1873 quibus
372 1819 470 1856 rex
492 1804 643 1857 solus
663 1818 792 1857 cum
825 1819 1038 1857 canum
1070 1807 1299 1858 caterva
1329 1820 1512 1858 unum
1545 1804 1769 1859 sibive-
1794 1845 1844 1902 B
1869 1800 2420 1855 cordisfamulatum
2437 1804 2552 1856 Deo
2567 1803 2816 1857 reddere
2831 1803 3165 1858 devovebat.
3180 1805 3333 1859 Tunc
3346 1822 3508 1876 ergo,

133 1894 374 1945 naturus
392 1891 638 1962 excepit:
660 1895 716 1944 et
730 1892 882 1945 hunc
900 1891 997 1945 diu
1017 1908 1120 1961 per
1136 1892 1358 1946 diversa
1371 1891 1537 1945 devia
1553 1893 1766 1963 equina
1794 1888 1844 1902 ⁴¹
1869 1888 2231 1959 perprudens
2245 1889 2442 1959 opilio,
2462 1889 2719 1960 primum
2736 1893 2900 1960 septa
2911 1891 3291 1946 claustrorum
3308 1909 3509 1947 mona-

129 1978 393 2048 agilitate
415 1979 1132 2050 canumqueinsectatione
1148 1979 1429 2048 fatigavit.
1461 1980 1764 2035 Estautem
1869 1977 2022 2032 sticis
2048 1976 2305 2032 aediliciis
2341 1979 2683 2050 ueterisque
2725 1977 3254 2045 immunitionibus,
3296 1983 3359 2034 ut
3378 1980 3502 2050 jam

128 2065 207 2120 ibi
246 2066 306 2120 in
334 2067 613 2137 proximis
643 2066 778 2120 locis
807 2067 1070 2132 Ceoddis,
1129 2067 1427 2138 quoddam
1459 2066 1614 2122 inter
1651 2067 1766 2122 alia
1871 2065 2010 2120 olim
2027 2065 2326 2137 aquodam
2342 2082 2479 2119 sene
2494 2065 2960 2119 sibidenotatum
2974 2065 3500 2135 perrevelationem

126 2156 300 2226 plura
327 2155 549 2226 praecisi
582 2155 796 2208 montis
818 2155 1224 2226 praecipitium,
1257 2156 1405 2210 mira
1438 2155 1673 2226 quidem
1706 2160 1764 2211 et
1868 2155 2074 2218 fuerat,
2104 2170 2172 2206 ex
2205 2153 2365 2208 omni
2394 2156 2556 2224 parte
2592 2152 2841 2207 firmiter
2896 2151 3172 2220 munivit;
3227 2152 3324 2207 ubi
3366 2170 3500 2208 oves

126 2243 422 2296 immensa
443 2242 834 2312 profunditate
859 2243 1135 2297 devexum
1162 2260 1174 2297 :
1199 2243 1272 2296 ad
1289 2243 1444 2313 quod
1468 2243 1618 2296 idem
1648 2261 1766 2298 ccr-
1867 2239 2214 2303 Dominiras,
2244 2241 2417 2310 longe
2450 2241 2682 2310 lateque
2716 2240 3008 2310 gregatim
3039 2241 3326 2305 collectas,
3360 2257 3435 2293 ne
3463 2255 3498 2294 a

125 2347 252 2396 vus,
285 2330 479 2384 nescio
512 2346 626 2400 quo
658 2332 846 2400 pacto,
909 2329 1013 2383 nisi
1049 2347 1114 2384 ex
1145 2330 1240 2384 Dei
1273 2333 1329 2384 et
1355 2331 1578 2384 occulto
1610 2330 1762 2385 arbi-
1867 2330 2000 2398 lupo
2049 2327 2318 2381 invisibili
2361 2327 2806 2394 dilaniarentur,
2858 2328 3196 2383 includeret.
3250 2327 3493 2395 Deinde,

122 2418 266 2484 trio,
293 2417 571 2488 fugiendo
594 2417 852 2483 devenit;
877 2420 933 2470 et
963 2433 1216 2488 praeceps
1245 2435 1365 2472 sese
1390 2417 1448 2472 in
1480 2417 1760 2488 imaejus-
1867 2415 2023 2470 idem
2042 2414 2581 2486 Deidogmatizator
2599 2410 2985 2486 aggregatum
3014 2414 3343 2470 ccenobium
3359 2412 3492 2468 sibi-

120 2505 264 2560 dem
316 2505 634 2576 prazcepitii
670 2522 780 2559 una
827 2522 957 2560 cum
997 2505 1235 2558 canibus
1263 2505 1635 2576 sequentibus
1663 2507 1764 2562 de-
1866 2519 1978 2573 que
2005 2503 2377 2557 commissum
2399 2501 2578 2556 divini
2603 2502 2761 2556 verbi
2781 2503 3229 2574 cospitfomento
3251 2500 3494 2565 nutrire,

121 2593 360 2659 mersit,
400 2597 459 2646 et
498 2592 883 2662 particulatim
913 2591 1091 2647 attriti
1144 2593 1203 2646 in
1257 2596 1507 2646 mortem
1546 2593 1766 2664 pariter
1865 2593 1924 2644 et
1953 2591 2113 2645 fonte
2143 2606 2414 2662 superno,
2435 2606 2610 2644 sacrae
2630 2590 2844 2644 scilicet
2875 2589 3184 2660 Scriptura:
3212 2586 3494 2642 mellifluo

118 2683 500 2735 corruerunt.
536 2679 814 2734 Similiter
842 2683 1034 2734 autem
1061 2683 1120 2733 et
1145 2697 1239 2733 rex
1270 2697 1515 2750 sequens
1531 2697 1762 2738 cervum
1867 2679 2214 2733 documento
2245 2681 2466 2748 potare,
2490 2677 2702 2731 docens
2718 2693 2821 2747 per
2861 2681 3132 2749 augustas
3165 2676 3333 2745 huius
3365 2674 3494 2728 vitai

119 2772 184 2822 et
223 2785 426 2832 canes,
455 2784 587 2822 cum
611 2784 826 2838 magno
850 2768 1092 2822 volantis
1108 2767 1240 2839 equi
1267 2767 1486 2838 impetu
1507 2770 1680 2838 venit,
1705 2778 1764 2829 et
1864 2765 2097 2820 semitas
2127 2766 2198 2819 ad
2217 2768 2460 2819 aeternas
2472 2765 2702 2818 delicias
2721 2766 3021 2836 epularum
3035 2763 3355 2819 caelestium
3370 2776 3491 2814 esse

116 2856 328 2910 statim
386 2855 502 2909 viso
556 2854 871 2926 praecipitio
924 2872 1153 2909 cursum
1205 2855 1574 2910 accelerantis
1603 2858 1759 2928 equi,
1863 2843 2300 2907 transeundum.
2319 2853 2480 2905 Patet
2500 2868 2754 2922 namque
2778 2852 3050 2906 omnibus
3075 2865 3225 2921 pene
3251 2847 3498 2900 circum-

115 2945 419 3014 quantum
476 2941 674 3012 quibat
700 2942 930 3009 viribus,
962 2943 1216 2996 retinere
1247 2946 1483 2997 conatus
1513 2947 1616 2998 est.
1647 2945 1761 3000 Sed
1864 2956 2090 3012 quaque
2128 2939 2409 3005 fidelibus,
2451 2938 2627 3009 quod,
2667 2943 2798 3010 post
2847 2953 3169 3009 paucorum
3205 2949 3494 2988 annorum

113 3030 418 3104 quoniam
451 3031 581 3085 colli
621 3032 975 3085 contumacis
1005 3034 1063 3086 et
1114 3031 1313 3102 rigida:
1358 3030 1589 3086 cervicis
1611 3049 1697 3088 era

1909 3026 2345 3097 ltercapedines,
2373 3026 2633 3096 discipuli
2666 3043 2809 3096 quos
2836 3025 2956 3096 ipse
2987 3030 3224 3082 teneros
3254 3020 3310 3074 in
3342 3035 3493 3074 verae

117 3136 255 3174 non
280 3118 487 3189 potuit.
525 3118 670 3182 Quid
697 3118 915 3174 multa?
942 3118 1110 3174 Omni
1139 3135 1236 3190 spe
1252 3119 1378 3173 vitae
1400 3137 1514 3174 sua:
1546 3120 1756 3190 ablata,
1785 3125 1831 3185 (ζ’,
1860 3115 1994 3170 ﬁdei
2011 3113 2496 3181 vitem,Cbristum
2510 3107 3494 3175 videlicetetDominum,suadendo

117 3207 182 3260 in
235 3222 453 3260 manus
503 3206 603 3260 Dei
641 3206 725 3260 sui
767 3206 1021 3261 animam
1070 3207 1518 3274 commendavit,
1565 3208 1760 3264 dicens
1860 3203 2205 3269 inseruerat,
2232 3201 2484 3256 ubertim
2532 3201 2886 3267 crescebant,
2947 3203 3010 3255 et
3075 3201 3325 3254 fructum
3356 3197 3493 3253 boni

117 3297 344 3348 tamen
378 3293 530 3347 intra
564 3309 650 3347 se:
683 3294 900 3348 Gratias
945 3293 1047 3348 tibi
1103 3309 1234 3364 ago,
1273 3293 1577 3360 Altissime,
1607 3298 1762 3367 quod
1865 3291 2054 3364 operis
2074 3289 2366 3356 morigera
2408 3290 2702 3342 venustate
2748 3288 3040 3344 ferebant.
3063 3286 3338 3360 Quodque
3365 3285 3499 3360 post

120 3397 229 3436 me
257 3397 380 3435 non
411 3380 650 3435 memini
697 3381 945 3452 aliquem
1001 3381 1088 3435 bis
1147 3381 1346 3435 diebus
1396 3383 1623 3449 laesisse,
1657 3386 1766 3442 nisi
1867 3384 1990 3438 haec
2020 3379 2248 3452 plurimi
2275 3377 3492 3449 Ecclesiarumpastores,documentisillius

116 3471 323 3524 solum
348 3469 706 3523 Dunstanum
729 3485 741 3524 :
771 3473 828 3523 et
855 3470 960 3523 hoc
974 3472 1247 3540 prompta
1266 3472 1557 3524 voluntate
1578 3475 1635 3526 et
1651 3473 1768 3528 vita
1870 3475 1928 3526 et
1951 3469 2229 3542 exemplis
2258 3468 2539 3534 instructi,
2565 3467 2639 3521 ad
2668 3467 2912 3521 diversas
2950 3467 3082 3536 jam
3129 3468 3381 3524 civitates
3403 3471 3491 3526 vel

120 3561 368 3611 servata
397 3557 792 3612 reconciliatus
820 3557 926 3611 sibi
972 3558 1317 3612 emendabo.
1354 3559 1439 3612 Ad
1476 3561 1630 3630 quod
1675 3563 1764 3616 di-
1867 3561 1940 3615 ad
1969 3560 2082 3614 alia
2110 3561 2437 3613 sanctorum
2465 3558 2592 3610 loca
2611 3556 2979 3627 petebantur,
3011 3555 3179 3611 electi
3211 3561 3272 3611 ut
3301 3562 3493 3614 essent

117 3648 325 3710 ctum,
360 3644 515 3698 beati
551 3645 654 3699 viri
684 3645 923 3711 meritis,
976 3645 1183 3699 restitit
1213 3662 1392 3716 equus
1431 3646 1610 3718 (quod
1631 3649 1760 3718 jam
1866 3648 2010 3705 inibi
2041 3645 2185 3702 sacri
2217 3644 2517 3716 regiminis
2547 3647 2604 3697 et
2631 3659 2854 3697 norma:
2878 3643 3117 3713 justitia:
3148 3645 3488 3716 imbutores,

127 3731 665 3796 horreodicere)in
684 3733 884 3787 ultimo
907 3731 1564 3805 prmcipitiicespite,ubi
1587 3739 1762 3807 pedes
1866 3733 2160 3808 praepositi
2196 3733 2477 3799 videlicet,
2509 3731 2732 3797 decani,
2773 3729 3030 3796 abbates,
3064 3731 3313 3802 episcopi
3345 3734 3486 3805 (37),

119 3820 369 3891 priores
399 3819 531 3891 equi
557 3820 728 3891 ipsius
753 3837 902 3893 pene
931 3821 1165 3875 fuerant
1217 3820 1276 3874 in
1326 3821 1444 3876 ima
1483 3825 1764 3895 voragini-
1865 3825 2041 3880 etiam
2073 3820 2502 3892 archiepisc0pi,
2534 3820 2756 3874 czeteris
2786 3835 2853 3872 ex
2878 3816 3177 3872 ordinibus
3205 3825 3485 3889 praestan-

113 3907 370 3965 ruituri.
402 3908 556 3963 Tunc
577 3909 669 3964 ille
699 3909 870 3964 corde
892 3909 1109 3980 pariter
1147 3911 1205 3963 et
1223 3927 1320 3964 ore
1345 3911 1626 3967 maximas
1645 3917 1761 3972 Deo
1865 3912 2086 3968 tissimi.
2142 3909 2476 3980 Quicunque
2529 3911 2723 3963 autem
2779 3906 2850 3960 de
2898 3903 3237 3975 discipulatu
3308 3905 3484 3977 ipsius

124 4015 251 4070 pro
268 3996 402 4051 vitae
423 4013 538 4052 sua:
557 3997 917 4052 restitutione
938 3997 1152 4067 gratias
1169 3998 1526 4054 referebatet
1546 4001 1760 4071 laudes,
1865 4000 2067 4067 iisdem
2130 3996 2485 4067 temporibus
2537 3993 2830 4064 corporeis
2879 3991 3117 4046 nexibus
3173 3991 3288 4046 fine
3314 3996 3483 4049 tenus

116 4101 339 4140 secum
369 4085 540 4155 plane
561 4085 911 4156 intelligens,
935 4088 993 4139 et
1023 4084 1230 4156 saepius
1260 4085 1319 4139 in
1351 4086 1610 4142 cordium
1632 4106 1766 4146 suo-
1865 4087 2119 4152 enodati,
2143 4101 2346 4139 necem
2393 4083 2692 4139 subierunt
2737 4078 3149 4150 inevitabilem,
3170 4079 3286 4133 alta
3312 4082 3480 4151 polo-

118 4187 276 4227 rum
309 4171 542 4226 secretis
580 4189 1051 4243 recompensans,
1088 4189 1146 4229 se
1187 4189 1310 4227 esse
1347 4190 1452 4244 pro
1494 4177 1637 4232 tanti
1665 4177 1765 4232 viri
1866 4194 1997 4233 rum
2030 4173 2239 4246 gaudia
2255 4175 2450 4243 procul
2472 4173 2646 4228 dubio
2668 4170 2976 4242 petierunt.

123 4258 403 4315 vindicta
420 4260 672 4314 finitimae
688 4261 860 4314 morti
880 4261 1061 4316 ferme
1083 4261 1521 4332 deputatum;et
1538 4266 1768 4329 veniens
1943 4269 2028 4322 16.
2062 4266 2319 4333 Cumque
2366 4265 2633 4316 veternus
2662 4259 2876 4314 invisor
2918 4259 3112 4312 mente
3171 4256 3477 4330 perspicaci

117 4348 416 4412 domum,
440 4347 609 4416 jussit
627 4348 729 4402 sibi
760 4365 1004 4420 propere
1049 4349 1104 4402 Β.
1157 4351 1513 4405 Dunstanum
1548 4369 1764 4424 magna
1784 4363 1838 4422 D
1865 4351 2212 4425 comperiret
2237 4350 2604 4421 quodbeatus
2623 4351 2812 4414 Pater,
2832 4345 3099 4418 equidem
3128 4347 3474 4414 Dunstanus,

104 4450 267 4488 cum
299 4433 668 4490 festinatione
699 4436 982 4490 advocari.
1009 4435 1116 4499 Qui
1151 4452 1279 4490 cum
1311 4442 1542 4494 vocatus
1571 4443 1760 4496 venis.
1860 4445 2049 4497 tantas
2071 4439 2177 4493 sibi
2201 4441 2418 4492 turmas
2440 4436 2766 4508 diripiendo
2791 4453 2822 4492 e
2844 4433 3111 4490 manibus
3125 4432 3471 4488 extorsisset:

101 4525 239 4587 set,
273 4521 360 4574 ait
387 4521 460 4574 ad
489 4538 619 4575 eum
645 4539 771 4577 rex:
808 4522 1032 4578 Festina
1058 4525 1396 4595 quantocius
1428 4533 1755 4598 prteparare
1856 4529 2150 4603 fraudibus
2181 4526 2615 4598 quibuscunque
2645 4523 2819 4579 valuit
2857 4521 3143 4577 adversari
3173 4520 3300 4588 sibi,
3326 4522 3471 4580 sicut

100 4609 235 4664 tibi
262 4608 571 4674 caballum,
593 4614 655 4664 ut
684 4611 862 4682 possis
894 4628 1120 4666 mecum
1150 4629 1322 4682 parvo
1344 4615 1618 4670 comitatu
1640 4635 1754 4688 quo
1848 4620 1973 4690 jam
2001 4615 2261 4683 superius
2284 4614 2440 4684 loqui
2464 4613 3053 4684 caspimus,diebusac
3071 4610 3332 4664 noctibus
3352 4627 3470 4665 non

95 4698 318 4753 iturus
363 4711 489 4750 sum
521 4696 620 4752 ire.
656 4699 722 4752 Et
748 4699 1045 4766 continuo,
1085 4701 1332 4755 ascensis
1370 4703 1548 4773 equis,
1601 4707 1755 4763 viam
1856 4703 2110 4760 cessavit.
2144 4705 2286 4757 Nam
2307 4701 2558 4774 quadam
2584 4701 2926 4767 nocte,dum
2951 4699 3166 4753 athleta
3195 4698 3295 4753 Dei
3318 4697 3472 4752 infra

95 4801 264 4858 quae
296 4783 455 4838 ducit
484 4785 831 4840 Glastoniam
874 4791 1030 4842 recto
1057 4788 1287 4842 tramite
1329 4791 1665 4860 tenuerunt;
1700 4790 1758 4848 et
1857 4797 2019 4864 septa
2042 4794 2420 4846 claustrorum
2461 4787 2791 4860 psalmodiis
2843 4787 3156 4858 vigiliisque
3204 4790 3472 4842 constans

87 4888 264 4928 cum
317 4871 450 4926 illuc
493 4873 696 4928 ducatu
754 4879 1160 4944 pervenerunt,
1222 4877 1484 4932 ecclesias
1535 4879 1657 4944 Dei,
1696 4894 1759 4944 ut
1857 4882 2288 4947 immoraretur,
2308 4879 2578 4950 apparuit
2597 4877 2648 4932 ei
2667 4874 3466 4932 Deiethominuminimicus:

88 4957 414 5032 oportuit,
449 4961 662 5015 oraturi
694 4961 1074 5018 intraverunt.
1127 4965 1194 5017 Et
1241 4964 1456 5030 statim,
1495 4968 1759 5037 precibus
1857 4968 2111 5041 hispidus
2141 4971 2198 5020 et
2227 4967 2467 5020 horrens
2495 4966 2554 5019 in
2604 4965 2800 5020 ursina
2841 4965 3048 5036 specie,
3098 4965 3294 5020 volens
3333 4980 3464 5018 eum

87 5046 391 5119 impletis
447 5048 718 5120 tersisque
782 5051 976 5106 ocellis
1034 5069 1064 5106 e
1115 5053 1500 5122 lacrymarum
1543 5053 1756 5126 rivulis,
1859 5055 2290 5128 quodammodo
2321 5059 2478 5110 torva
2507 5052 2921 5125 imaginatione
2950 5055 3374 5125 perterrere,et
3395 5051 3466 5104 ab

85 5154 225 5194 rex
253 5135 465 5190 iterato
495 5143 792 5194 vocaverat
820 5141 892 5194 ad
931 5157 990 5194 se
1038 5142 1320 5196 famulum
1371 5141 1471 5196 Dei
1513 5143 1756 5200 Dunsta-
1860 5143 2305 5216 operesatissibi
2325 5145 2614 5200 contrario
2631 5140 3234 5199 dolositatisindustria
3253 5139 3466 5209 aliqua-

185 5242 317 5322 (θεέ)
355 5238 623 5322 θνίιζηίαίθ
652 5259 879 5316 regnum
911 5244 1168 5316 intelligo
1189 5245 1494 5314 Essemiam,
1515 5250 1758 5306 orienta-
1858 5266 1990 5322 pag.
2021 5255 2073 5315 8,
2106 5251 2482 5322 archiepiscopi
2509 5253 2566 5305 et
2594 5252 2820 5322 episcopi
2857 5266 2888 5322 e
2918 5249 3203 5322 conventu
3244 5245 3461 5322 Glasto-

76 5315 234 5385 lem-
259 5311 586 5385 Sati'Pniam-
709 5311 727 5316 ⁷
1098 5311 1123 5316 ν
1481 5311 1487 5314 ⁷
1857 5311 1967 5376 ξιῙῶ
1997 5311 2070 5376 ad
2093 5311 2341 5376 diversas
2369 5311 2528 5376 sédes
2557 5311 2832 5385 electifet
2857 5321 3009 5374 inter
3022 5319 3124 5370 hos
3154 5318 3462 5369 censentur

184 5384 320 5457 (36)-
349 5381 659 5457 Nempe,ut
691 5385 743 5439 in
777 5386 1037 5457 sequenti
1060 5386 1492 5457 VitaOsbernus
1508 5405 1670 5444 num.
1694 5391 1747 5456 4,
1854 5392 2097 5457 proximi
2130 5393 2187 5448 S.
2222 5393 2499 5447 Dunstani
2543 5381 2893 5446 successores
2945 5387 3292 5455 Athelgarus,
3339 5384 3458 5457 sive

75 5455 221 5533 grai
256 5453 566 5533 Glastonias
589 5459 721 5509 tunc
741 5453 916 5533 erant
939 5456 1225 5533 monachi,
1253 5458 1630 5533 monasticam
1663 5453 1748 5514 co-
1848 5453 2149 5533 Edelgarus
2179 5467 2236 5518 et
2262 5462 2472 5518 Siricus
2521 5463 2634 5517 sive
2687 5461 2972 5533 ιδᾏᾳρνὶςυε,
3021 5453 3310 5533 ζαπὶιαροξι
3337 5455 3456 5510 hinc

77 5524 599 5614 Ιξ)
617 5527 802 5614 gentis
823 5527 1080 5614 suaeAritu
1103 5545 1136 5582 a
1170 5527 1535 5614 Benedictino
1558 5530 1746 5587 diver-
1844 5524 2216 5614 Acta'scripta
2240 5533 2304 5614 S,
2335 5533 2605 5614 ﬁgi/tegas
2627 5524 2964 5614 etElnethus
2994 5526 3108 5581 sive
3138 5524 3450 5599 Egehwtus.

77 5598 148 5651 si
189 5597 437 5676 simum,
470 5598 698 5676 qualem
733 5598 884 5676 idem
927 5597 1212 5676 Osbernus
1241 5598 1529 5676 describit.
1572 5672 1604 5676 __
1727 5674 1734 5676 _
1845 5605 2040 5661 Plures
2059 5597 2548 5676 episcopi—ibidem
2579 5603 2921 5658 indicantur.

188 5666 312 5733 (37)
338 5662 470 5718 Late
487 5661 852 5721 deducuntur
872 5671 1028 5722 temo
1059 5670 1097 5722 l.
1122 5669 1419 5724 monastici
1442 5672 1738 5742 Anglicani
