4012 6180
596 482 734 540 1439
1643 470 2009 529 BRIDFERTI
2045 467 2500 527 BAMESIENSIS
2539 466 2872 525 MONACHI.
3741 473 3843 528 mo

590 599 761 657 tenus
780 591 1102 653 dissociare.
1157 591 1270 650 Sed
1296 607 1426 648 cum
1455 589 1718 664 agonista
1744 592 1845 648 Dei
1875 593 2200 647 monstrum
2224 595 2276 655 Α
2298 590 2527 660 sumpto
2556 587 2900 659 psalmodio,
2924 587 3015 644 ille
3031 587 3753 662 nebulosusillusoragnitas
3764 595 3843 663 est,

595 683 1007 742 hocinimicale
1020 681 1261 755 spiritali
1287 681 1474 753 magis
1499 698 1671 753 quam
1696 679 2201 751 corporaliintuitu
2296 679 2451 732 velut
2482 678 2689 731 umbra
2719 676 3035 749 nigerrima
3064 678 3122 733 in
3161 679 3435 751 praedicto
3463 680 3726 735 schemate
3749 698 3843 736 con-

586 772 987 846 perspexisset,
1018 787 1087 827 eo
1109 770 1364 825 securior
1386 768 1629 840 inceptis
1650 769 1748 824 Dei
1769 769 2034 823 laudibus
2051 768 2204 821 velut
2299 766 2456 820 fusus
2475 764 2803 820 abscedere.

587 860 675 917 vir
710 859 949 915 invictus
970 858 1317 932 perduravit.
1348 860 1552 913 Postea
1582 861 1774 912 autem
1823 872 1997 927 parvo
2019 855 2204 910 inter-
2376 858 2461 908 l8.
2481 855 2616 908 Erat
2636 870 2888 925 namque
2909 855 3037 909 huic
3056 856 3247 911 eidem
3277 856 3399 910 viro
3439 856 3540 911 Dei
3564 874 3627 911 ex
3650 858 3847 912 humana

591 948 768 1004 misso
794 950 1095 1003 momento
1121 946 1306 1001 adfuit
1324 944 1404 999 illi
1425 946 1656 1012 iterum,
1673 961 1790 999 non
1812 944 1870 998 in
1893 943 2097 1015 prioris
2116 944 2202 997 lu-
2301 944 2609 1015 parentum
2633 944 3047 1014 propagatione
3063 945 3303 1016 quidam
3325 961 3647 1016 germanus,
3665 948 3846 1000 nomine

590 1035 770 1092 sionis
799 1035 1013 1107 efﬁgie,
1043 1035 1144 1090 sed
1173 1034 1232 1089 in
1258 1033 1466 1088 canina
1481 1033 1613 1088 satis
1632 1033 1741 1087 sibi
1767 1032 2057 1103 condigna
2076 1047 2202 1103 spe-
2302 1029 2625 1097 Wulfricus,
2658 1046 2831 1100 quem
2860 1030 2967 1086 sibi
2988 1032 3304 1087 forinsecus
3326 1032 3383 1086 in
3411 1034 3659 1087 villarum
3671 1050 3847 1087 suarum

591 1124 700 1191 cie,
730 1127 795 1179 ut
812 1126 945 1179 sunt
960 1123 1192 1179 fraudes
1212 1121 1458 1193 ipsiusin
1473 1120 2053 1191 omnibusimprohee;
2073 1135 2206 1190 qua-
2304 1116 2554 1188 negotiis
2586 1120 2885 1186 potentem
2909 1120 3299 1191 praepositum,
3320 1138 3393 1175 ne
3414 1122 3499 1175 vel
3521 1121 3632 1191 ipse
3649 1123 3723 1175 vel
3738 1121 3852 1192 quis-

594 1214 761 1268 tenus
802 1211 956 1267 hunc
993 1211 1262 1267 simulata
1312 1225 1521 1265 canum
1565 1208 1779 1263 saevitia
1833 1206 2205 1279 impediendo
2305 1206 2461 1276 piam
2485 1221 2552 1258 ex
2583 1207 2902 1262 monastica
2924 1208 3281 1280 professione
3303 1209 3445 1263 foris
3464 1208 3853 1280 vagaretur,ine-

597 1299 915 1367 deluderet,
947 1302 1006 1354 et
1033 1299 1105 1354 ab
1152 1298 1428 1353 orationis
1483 1296 1689 1363 studio,
1719 1295 1760 1349 si
1792 1312 1905 1367 quo
1931 1294 2209 1367 potuisset
2305 1297 2406 1367 pta
2433 1291 2516 1345 rei
2543 1298 2830 1353 saecularis
2850 1296 3218 1364 discussione,
3249 1296 3565 1352 constituit.
3594 1296 3678 1350 Hic
3696 1312 3856 1367 nempe

592 1386 1259 1459 ingenio,sequestraret.
1284 1385 1894 1457 Nequidquamtamen
1925 1386 2094 1436 tenax
2114 1382 2208 1435 ille
2308 1393 2439 1461 post
2453 1405 2754 1445 emensum
2780 1385 3054 1456 temporis
3082 1384 3169 1439 sui
3201 1384 3676 1455 spatium,|etha1i
3707 1383 3858 1439 condi.

596 1478 850 1531 teutator
873 1474 933 1528 in
951 1474 1231 1528 famulum
1250 1474 1350 1528 Dei
1373 1472 1635 1527 nefandis
1650 1471 1909 1526 versutia:
1929 1487 2043 1524 sua:
2060 1470 2212 1523 frau-
2309 1479 2469 1533 tione
2500 1480 2825 1550 praeventus
2853 1474 3234 1544 temporalem
3273 1489 3480 1527 necem
3509 1471 3858 1527 obeundosub-

597 1563 763 1619 dibus
790 1563 1055 1619 insaniit:
1088 1578 1263 1633 quem
1288 1562 1541 1632 undique
1581 1560 1758 1614 armis
1787 1559 1919 1613 fidei
1949 1558 2212 1613 fulcitum
2310 1566 2448 1621 ibat,
2501 1566 2613 1620 Hac
2642 1565 2714 1620 de
2743 1578 2911 1617 causa
2925 1561 3386 1631 contigitomnes
3403 1559 3696 1632 praescripti
3709 1559 3860 1630 templi

601 1651 774 1708 fuisse
794 1651 1218 1723 comprobavit;
1267 1649 1513 1721 ideoque
1563 1666 1628 1703 ex
1682 1648 1888 1703 eodem
1937 1647 2185 1718 praedicti

2310 1655 2629 1709 monachos
2649 1652 2718 1707 ad
2758 1650 2930 1704 funus
2950 1649 3125 1719 ipsius
3160 1649 3392 1716 exiisse;
3418 1649 3728 1718 nullumque
3743 1663 3860 1701 exce-

604 1741 813 1793 sancto:
832 1738 1013 1792 crucis
1024 1736 1421 1809 spiculo,quod
1454 1752 1683 1806 semper
1698 1751 1890 1789 secum
1912 1734 2069 1788 chira
2097 1733 2186 1804 (38

2312 1745 2412 1815 pto
2443 1742 2650 1796 abbate
2691 1739 2812 1794 solo
2867 1753 3156 1809 parvoque
3209 1736 3551 1791 scholastico
3589 1735 3692 1807 (qui
3717 1738 3863 1805 postea

603 1824 1219 1891 dexteraconvehebat,
1235 1839 1598 1894 repercussus
1610 1822 1959 1877 annihilatus
1979 1824 2083 1875 est.
2099 1820 2213 1875 Sed
2235 1884 2283 1901 ἢ
2311 1829 2572 1901 pontifex
2594 1827 2848 1892 effectus,
2867 1827 2985 1880 haec
3008 1824 3178 1878 nobis
3197 1824 3509 1894 intimavit)
3532 1824 3677 1878 domi
3690 1839 3864 1876 reman-

605 1916 663 1967 et
691 1912 811 1984 ipse
842 1912 1215 1968 nihilominus
1252 1912 1312 1966 in
1351 1912 1580 1966 laudem
1614 1910 1816 1965 Christi
1863 1910 1969 1977 sui,
2008 1909 2214 1979 spretis
2234 1884 2285 1943 Β
2311 1884 2475 1983 Ξίεεο,
2508 1920 2571 1971 ut
2594 1933 2727 1971 cum
2758 1914 2933 1970 sacris
2984 1913 3267 1984 exsequiis
3297 1884 3567 1967 examine
3618 1927 3789 1983 corpus
3818 1908 3869 1963 ad

595 2000 899 2056 adversarii
920 2000 1316 2066 tentamentis,
1336 1998 1957 2070 manebatintrepidus.
1980 1995 2212 2061 Addidit
2316 2004 2760 2070 monasterium,
2784 2019 2899 2074 quo
2920 2001 3325 2056 tumulandum
3357 2003 3509 2066 erat,
3543 1999 3865 2071 perducerent

597 2105 828 2162 quoque
855 2089 1007 2144 idem
1038 2087 1293 2160 perfidus
1317 2087 1488 2142 draco
1516 2103 1677 2141 more
1697 2086 1924 2156 vipereo
1942 2080 2112 2140 tertio
2128 2101 2214 2139 re—
2316 2096 2545 2148 mter-ea
2572 2093 2749 2147 abbas
2769 2108 2899 2146 cum
2926 2090 3130 2145 eodem
3152 2089 3498 2143 scholastica
3516 2084 3864 2147 ambulabat,“

597 2193 851 2250 serpere,
882 2176 1132 2248 probans
1161 2175 1207 2229 si
1236 2176 1383 2230 forte
1406 2174 1591 2229 adhuc
1611 2173 1793 2228 virum
1817 2174 1916 2228 Dei
1933 2172 2218 2228 remissio-
2318 2181 2631 2235 videndum
2659 2183 2745 2251 (ut
2763 2177 3020 2248 autumo)
3045 2178 3088 2230 si
3101 2178 3228 2248 jam
3271 2176 3486 2230 fratres
3522 2191 3645 2230 cum
3681 2172 3871 2228 defuncti

594 2263 677 2319 ris
704 2264 884 2320 animi
908 2264 981 2319 ad
996 2261 1691 2318 vincenduminvenisset:
1724 2264 1782 2315 et
1806 2264 1942 2315 tunc
1986 2260 2219 2331 quidem
2321 2270 2658 2341 corpusculo
2684 2268 3187 2339 propinquassent,
3213 2266 3279 2318 Et
3292 2265 3440 2319 dum
3453 2280 3669 2335 semper
3687 2279 3743 2316 ex
3760 2276 3873 2315 more

601 2351 1579 2425 eximprobacordiscompositione
1600 2367 1721 2404 sese
1755 2348 1997 2404 mutavit
2017 2348 2075 2402 in
2098 2354 2218 2403 tur-
2319 2358 2619 2430 psallendo
2640 2357 2955 2423 incederet,
2999 2354 3156 2409 venit
3185 2371 3251 2409 ex
3283 2353 3596 2426 improviso
3616 2353 3746 2405 ιιιιη
3768 2348 3876 2403 anu.

601 2457 736 2513 pem
762 2442 1145 2512 vulpeculam,
1170 2444 1231 2494 ut
1254 2441 1340 2494 vel
1356 2440 1432 2492 sic
1453 2440 1734 2493 famulum
1766 2438 1865 2492 Dei
1887 2437 2068 2491 cauda
2084 2454 2185 2508 qua

2321 2462 2498 2518 quam
2525 2445 2822 2500 ecclesiam
2846 2442 3138 2515 quoddam
3159 2442 3381 2496 missile
3402 2435 3876 2506 saxum,vehemeuti

602 2528 768 2585 tienti
802 2528 1075 2600 varioque
1102 2527 1355 2582 discursu
1376 2527 1448 2581 ab
1470 2525 1794 2580 intentione
1814 2524 1912 2579 Dei
1935 2525 2020 2579 sui
2057 2541 2186 2579 aver

2321 2536 2509 2589 volatu
2545 2536 2755 2588 conatu
2775 2530 2927 2586 beati
2948 2530 3131 2585 Patris
3156 2533 3328 2601 caput
3358 2528 3660 2595 collidere;
3680 2525 3779 2591 sed,
3796 2525 3874 2578 De)

604 2619 774 2672 teret.
813 2614 996 2679 Quem
1039 2631 1171 2669 cum
1227 2615 1428 2670 beatus
1474 2615 1644 2668 Pater
1697 2615 2023 2668 Dunstanus
2053 2612 2219 2668 toties
2322 2622 2693 2686 defendente,
2730 2619 3038 2691 nequibat:
3084 2620 3502 2671 verumtamen
3544 2618 3756 2689 pilenm,
3799 2627 3875 2682 quo

601 2705 1051 2759 transmutatum
1106 2702 1354 2770 vidisset,
1385 2702 1687 2757 subridens
1715 2701 1855 2755 dixit
1900 2701 2013 2755 illi:
2067 2701 2221 2761 Vade
2320 2712 2491 2781 caput
2524 2709 2770 2775 velabat,
2801 2707 3000 2778 procul
3025 2704 3188 2777 quasi
3204 2704 3492 2776 perticam
3512 2718 3721 2763 unalna
3743 2700 3875 2771 capite

596 2791 1022 2863 jam,inimice,
1041 2791 1174 2863 quia
1194 2807 1345 2845 nunc
1375 2791 1604 2845 tibimet
1619 2790 1753 2845 satis
1768 2790 1967 2845 similis
1988 2789 2221 2846 effectus
2323 2798 2626 2852 decussum
2652 2794 2916 2867 projecit.
2951 2793 3386 2857 Quiconversus
3422 2792 3565 2847 dixit
3594 2788 3881 2845 secumin

608 2879 943 2952 apparuisti,
957 2880 1221 2951 factoque
1241 2879 1420 2934 crucis
1439 2879 1732 2952 signaculo
1756 2879 2020 2936 inimicus
2031 2880 2220 2951 dispa-
2323 2885 2481 2940 denti
2510 2884 2871 2939 scholastico:
2894 2882 3161 2936 Accelera
3179 2897 3345 2952 ergo,
3375 2884 3437 2935 et
3459 2897 3595 2951 cape
3614 2874 3880 2950 quantocius

607 2967 742 3027 ιἰιίι·
2320 2976 2430 3030 hoc
2462 2972 2705 3028 rotabile
2736 2987 2957 3036 saxum,
2983 2973 3044 3023 ut
3065 2969 3290 3023 deferas
3320 2986 3466 3023 eum
3484 2963 3879 3038 conspiciendum

679 3058 765 3113 l7.
797 3053 893 3109 His
921 3057 979 3109 et.
1005 3053 1398 3127 hujuscemodi
1433 3054 1609 3109 armis
1632 3055 1936 3110 larvalibus
1967 3072 2115 3127 saepe
2133 3070 2219 3108 se-
2322 3063 2396 3117 ad
2430 3078 2543 3118 me,
2578 3059 2741 3124 Quod
2773 3075 2904 3113 cum
2936 3058 3029 3112 ille
3062 3058 3233 3111 nimis
3260 3058 3656 3129 ponderosum
3686 3070 3741 3108 ex
3766 3052 3878 3121 jussu

606 3142 810 3198 ductor
831 3142 1102 3214 antiquus
1128 3143 1362 3197 beatum
1388 3144 1618 3197 Patrem
1673 3145 2053 3210 Dunstanum,
2088 3143 2190 3197 lice

2294 3151 2503 3243 :Patris
2523 3150 2608 3203 vix
2632 3148 2908 3202 elevando
2932 3146 3249 3212 reveheret,
3296 3145 3382 3200 ait
3403 3143 3745 3201 venerandus
3760 3142 3878 3194 Pater

602 3230 764 3285 inani
791 3229 1080 3296 οοηηίοιιι,
1102 3229 1388 3300 ἲαιίεεινὶι;
1411 3230 1561 3284 νθιιιι
1585 3230 1756 3285 etiam
1774 3234 2036 3303 tempore
2070 3247 2218 3302 quo-
2255 3220 2302 3244 υ
2323 3240 2647 3293 Dunstanus
2672 3252 2683 3290 :
2716 3236 2759 3290 Ο
2791 3236 3099 3289 adversans
3122 3233 3389 3288 inimice!
3409 3234 3538 3304 jam
3566 3232 3656 3287 diu
3689 3247 3746 3283 ex
3768 3227 3880 3281 indu-

602 3317 759 3385 dam,
784 3317 922 3372 dum
954 3317 1013 3370 in
1044 3316 1323 3371 orationis
1371 3332 1544 3386 opere
1573 3321 1707 3371 ante
1736 3318 1913 3372 altare
1944 3318 2211 3387 martyris
2323 3326 2463 3381 sti-ia
2506 3324 2763 3395 maligna
2795 3324 2964 3394 hujus
3010 3321 3151 3375 mihi
3201 3321 3420 3392 lapidis
3464 3321 3639 3376 ictum
3676 3315 3879 3372 insidians

603 3404 811 3459 Christi
853 3404 2215 3478 Georgivigilandodesudaret.Ignoraturitaque
2324 3413 2708 3486 praeparemus.
2734 3412 2857 3465 Non
2889 3409 3044 3464 enim
3072 3413 3217 3475 erat,
3240 3409 3588 3463 testimonio
3613 3407 3877 3461 multorum.

605 3508 719 3564 quo
747 3507 901 3558 casu,
931 3495 1128 3545 utrum
1158 3507 1227 3545 ex
1254 3491 1478 3562 prmfati
1506 3492 1852 3547 fraudatoris
1882 3493 2218 3565 injectione,
2322 3500 2653 3572 hujusmodi
2699 3498 2844 3568 lapis
2900 3497 3217 3552 admodum
3262 3513 3525 3568 magnus
3579 3495 3659 3551 vel
3689 3490 3881 3548 modicus

608 3595 683 3633 an
697 3595 764 3633 ex
785 3579 1107 3649 vigiliarum
1128 3579 2223 3654 continuatione,sibisubitointerpsal-
2326 3589 2385 3645 in
2418 3589 2507 3643 his
2537 3585 3056 3642 Sumerseteusium
3115 3585 3232 3655 (39)
3288 3585 3534 3650 ﬁnibus,
3569 3583 3666 3638 nisi
3703 3578 3877 3634 fortein

608 3665 1364 3739 lentiaverbalenissoporis
1379 3667 2213 3739 dormitioirrepseratzvisum-
2327 3676 2675 3750 quibuslibet
2703 3674 2945 3747 lapideis
2963 3673 3255 3744 operibus:
3293 3677 3354 3728 et
3386 3673 3601 3728 idcirco
3632 3671 3791 3743 palam
3811 3679 3879 3735 pa-

609 3771 722 3827 que
768 3757 856 3809 est
884 3753 986 3822 illi,
1024 3770 1150 3818 nec,
1188 3757 1248 3809 ut
1276 3754 1354 3809 ita
1383 3754 1591 3822 dicam,
1624 3756 1852 3827 penitus
1881 3757 2219 3825 dormienti,
2328 3766 2435 3820 tnit
2461 3766 2530 3820 de
2561 3764 2721 3835 cujus
2750 3763 3016 3835 improba
3041 3777 3218 3817 manu
3250 3762 3504 3817 emissus
3524 3759 3787 3833 prosilivit.
3809 3754 3876 3805 Ve-

609 3843 762 3915 quod
783 3841 1041 3915 hispidus
1059 3842 1458 3914 ursus,ingens
1475 3847 1531 3898 et
1553 3844 2079 3917 horribilis,magno
2094 3862 2226 3901 cum
2328 3857 2659 3910 rumtamen
2691 3854 2820 3922 post
2842 3852 2965 3905 haec
2983 3849 3151 3921 jussit
3170 3848 3366 3919 ipsum
3394 3866 3619 3915 saxum,
3638 3847 3751 3902 licet
3770 3836 3875 3896 insﬁi

610 3930 832 4003 impetu
856 3929 1096 3998 veniret,
1118 3933 1474 4003 poneretque
1498 3932 1672 4002 pedes
1688 3933 2030 4001 horrendos,
2058 3934 2129 3989 ad
2144 3934 2227 3989 di-
2329 3942 2743 3997 detrimentum
2788 3940 3028 3994 missum
3069 3937 3291 4005 fuisset,
3342 3938 3619 3993 custodiae
3674 3936 3875 3990 inuti!um

609 4018 950 4075 laniandum
981 4020 1352 4091 praeparatos,
1381 4035 1551 4089 super
1575 4021 1882 4091 utrumque
1922 4021 2229 4077 humerum
2330 4030 2491 4104 quasi
2520 4045 2626 4101 pro
2659 4028 2986 4085 testimonio
3017 4043 3335 4082 reservare,

607 4106 758 4163 illius
778 4105 1219 4174 sedentis,avido
1242 4122 1471 4178 quoque
1489 4106 1647 4161 hiatu
1680 4117 2028 4179 superstans,
2062 4109 2226 4181 quasi
2967 4115 3190 4170 CAPUT
3221 4116 3313 4170 IV.

609 4195 683 4252 ad
712 4194 1106 4251 devorandum
1133 4210 1287 4249 eum.
1317 4194 1575 4266 Cumque
1601 4194 1686 4248 vir
1712 4196 1812 4249 Dei
1843 4213 1912 4250 ex
1941 4197 2097 4252 illato
2119 4201 2231 4252 ter-
2327 4206 2463 4264 Ασια
2520 4206 2617 4260 sub
2669 4203 2887 4260 Edredo
2940 4210 2989 4258 et
3042 4202 3237 4274 Εάυξίο
3320 4205 3560 4274 regibus.
3613 4200 3874 4272 Episcopum

610 4298 743 4338 rore
773 4282 1033 4337 funditus
1061 4280 1376 4352 evigilaret,
1409 4281 1655 4351 arripuit
1683 4283 2022 4353 quantocius
2051 4301 2229 4356 quem
2823 4285 3112 4329 νεουδαίυδ.
3155 4273 3460 4329 Ε-τ-τὶιίωη.

610 4387 807 4428 secum
841 4386 1073 4443 semper
1100 4349 1278 4425 manu
1320 4349 1637 4425 advehe—hat
1661 4349 1951 4438 baculum,
1982 4349 2136 4427 nisus
2162 4390 2228 4428 ex
2403 4368 2495 4420 19.
2524 4364 2834 4434 Perempto
2856 4362 3033 4434 igitur
3073 4378 3213 4434 rege
3236 4363 3587 4417 Eadmuudo
3616 4358 3716 4433 (40)
3734 4356 3792 4411 ab
3812 4349 3876 4443 illi

611 4460 869 4515 humano
886 4460 1080 4513 furore
1101 4457 1415 4512 nefandum
1433 4460 1757 4513 monstrum
1780 4463 2096 4530 percutere:
2114 4460 2191 4514 ict

2290 4457 2443 4525 lquo
2469 4454 2723 4523 cleptore
2759 4450 2893 4522 (41),
2936 4467 3068 4505 mox
3092 4452 3400 4523 proximus
3424 4452 3628 4518 haeres,
3664 4440 3874 4502 Eadredlﬁ

612 4548 810 4600 tamen
841 4561 1189 4617 supervacuo
1213 4545 1491 4617 percussit
1518 4545 1715 4617 templi
1742 4546 2227 4617 parietem,maxi-
2330 4541 2611 4607 videlicet,
2634 4554 2883 4611 regnum
2913 4538 3175 4593 naturale
3207 4538 3462 4593 fratrem
3484 4532 3872 4593 succedendosw

616 4649 779 4689 mum
804 4633 1067 4706 plausum
1097 4649 1203 4705 per
1221 4650 1395 4689 omne
1419 4635 1703 4706 templum
1720 4634 2086 4691 audientibus
2105 4636 2232 4691 red—
2330 4629 2527 4700 scepit.
2559 4629 2657 4682 Hic
2688 4628 2881 4698 itaque
2910 4626 2970 4681 in
2985 4625 3343 4681 sublimitate
3385 4627 3683 4681 roboratus

618 4721 779 4776 dens.
804 4702 937 4793 ipse
957 4702 1151 4775 autem
1168 4719 1225 4774 in
1248 4737 1307 4775 se
1336 4702 1692 4793 regrediens,
1713 4722 1998 4777 validioris
2018 4739 2230 4796 pugnae
2328 4719 2558 4772 Patrem
2588 4716 2952 4770 Dunstanum
2982 4718 3143 4769 tanto
3174 4714 3482 4768 charitatis
3511 4712 3704 4767 ardore
3721 4702 3873 4762 ἀίιειίίν

612 4823 951 4880 congressus
978 4806 1129 4874 iniit,
1150 4807 1302 4862 hunc
1325 4808 1587 4863 videlicet
1625 4810 1909 4880 psalmum
1938 4811 2083 4865 sacri
2104 4827 2229 4866 cer-
2328 4809 2391 4860 ut
2421 4805 2640 4859 nullum
2666 4819 2813 4874 pene
2838 4819 2906 4857 ex
2939 4803 3190 4875 primatu
3212 4801 3322 4857 sibi
3344 4801 3698 4872 praetulisset
3719 4797 3873 4848 Αὶοοη·

616 4894 851 4951 taminis
880 4894 1271 4951 decantando:
1298 4894 1577 4966 Exsurgat
1600 4896 1991 4970 Deus,usque;
2018 4900 2225 4971 n’cper-
2328 4897 2421 4949 tra
2444 4892 2528 4947 vir
2553 4892 2673 4957 Dei,
2707 4895 2769 4945 ut
2790 4890 3051 4961 diligenti
3074 4906 3135 4944 se
3179 4889 3365 4944 vicem
3401 4890 3620 4945 amoris
3641 4887 3705 4941 ab
3731 4881 3873 4937 intimo

616 4990 740 5040 eant
759 4987 1057 5055 peccatores
1079 4996 1116 5037 α
1136 4982 1277 5051 facie
1297 4982 1402 5036 Dei
1423 4984 1597 5057 (Psal.
1631 5001 1797 5054 van,
1826 4969 1903 5057 3i,
1931 4989 1993 5040 ut
2020 4969 2192 5060 supra
2215 5012 2229 5063 ;
2331 4980 2516 5036 cordis
2536 4980 2742 5035 affectu
2754 4980 3118 5050 rependerat,
3140 4978 3411 5032 omnium
3425 4977 3537 5032 sibi
3556 4969 3874 5063 charissimam

618 5088 756 5128 nam
787 5087 856 5126 eo
886 5069 945 5124 in
971 5068 1095 5123 loco
1133 5055 1495 5139 superatusia
1524 5087 1752 5141 somno,
1780 5055 2058 5145 psallendi
2086 5055 2232 5130 -stu;
2332 5069 2495 5123 solita
2540 5066 3132 5139 appellationeregem
3152 5065 3517 5120 acclamavit.
3537 5065 3609 5119 Ex
3622 5064 3715 5117 hac
3732 5055 3877 5129 ᾳιιὶρρο

622 5159 783 5217 dium
814 5153 1140 5226 dereliquit,
1169 5158 1227 5210 et
1249 5156 1575 5226 confestim,
1608 5163 1671 5213 ut
1697 5160 1878 5229 aiunt,
1912 5160 1971 5215 in
2001 5162 2111 5217 hoc
2142 5179 2234 5218 re-
2333 5155 2627 5211 charitatis
2657 5154 2886 5221 ﬁducia,
2908 5152 3201 5208 Commisit
3221 5151 3302 5207 illi
3350 5169 3456 5207 rex
3478 5152 3687 5224 optima
3705 5150 3875 5218 quas“

697 5267 813 5338 (38)
836 5262 1025 5338 Qbira,
1058 5260 1117 5315 id
1140 5263 1246 5338 est,
1275 5277 1487 5338 manus,
1519 5263 1711 5338 Greece
1739 5265 1866 5338 xslp.
1947 5336 1955 5338 _
1984 5337 1993 5338 ί
2334 5260 2558 5338 26_l_ttaii
2582 5259 2731 5338 feria
2759 5263 2812 5314 2.
2924 5329 2970 5338 __
3013 5330 3027 5338 ‘
3163 5328 3173 5338 ι
3272 5328 3283 5338 θ
3402 5328 3414 5338 _
3730 5331 3801 5338 ﬂ
3840 5316 3858 5327 ,

689 5328 808 5410 (39)
833 5328 1262 5415 βυυιεηερειεηετίς
1311 5328 1615 5415 comitatus
1661 5328 2107 5415 apiid'occiduos
2133 5339 2237 5415 $3-
2350 5401 2376 5415 ’
2406 5331 2545 5415 (4.1).
2572 5329 2803 5415 Cteptor,
2849 5346 2885 5383 a
2924 5328 3414 5415 Malmeshuriensi
3477 5328 3586 5415 lib.‘
3628 5340 3684 5415 ης
3715 5331 3870 5415 Si;

619 5393 804 5465 Iones
830 5407 892 5462 in
939 5404 1284 5476 cujusﬁagro
1317 5393 1742 5476 AGlastoniensis
1786 5407 2018 5463 abbatia
2069 5393 2236 5476 vulgo
2337 5393 2856 5476 ῥεὸίίιαινιιήστιὶιιε
2880 5400 3221 5471 appellatur;
3240 5415 3409 5476 quem
3430 5404 3639 5469 ρνορεσ

627 5460 1071 5556 ϐιαεξωξὸυζρξα
1109 5460 1368 5556 Ferrari0
1412 5475 1566 5556 male
1612 5476 1849 5556 confusa
1877 5460 2016 5556 cum
2037 5460 2211 5556 sim—ili

2338 5460 2721 5554 εζίιήιοηαρεονατ,
2770 5478 2819 5523 et
2866 5460 2984 5552 post
3008 5460 3337 5556 “sexennium
3401 5460 3671 5549 reor-essm,

625 5531 878 5604 nominis
898 5531 1008 5600 alio
1026 5543 1379 5601 monasterio
1410 5545 1469 5599 in
1505 5544 1729 5614 Cautio,
1752 5548 1824 5601 ad
1855 5531 2241 5607 confinia—Sta;
2337 5545 2505 5614 sicam
2540 5545 2595 5595 in
2613 5531 2800 5614 pectus
2831 5531 2968 5611 regis
2997 5540 3193 5609 inﬁxit,
3226 5539 3324 5593 sed
3372 5543 3433 5593 et
3466 5531 3582 5610 ipse
3616 5531 3868 5587 mmmm

625 5635 841 5675 xonum
864 5615 1351 5673 meridionalium.
1716 5612 1721 5614 ⁷
2336 5613 2586 5670 disseclus
2614 5612 2743 5681 fuit.

691 5687 807 5759 (40)
842 5686 1205 5745 Emimuan
1225 5703 1320 5743 rex
1345 5689 1679 5759 peremptus
1700 5687 1785 5742 est
1805 5704 1959 5745 anno
1976 5692 2102 5758 946,
2146 5691 2237 5746 die
