4012 6180
179 307 304 366 tul

1405 294 1568 355 VlTA
1609 285 1862 350 SANCTI
1898 285 2277 348 DUNSTANI.

3395 294 3420 353 ‘l
3432 298 3540 359 442

173 447 411 486 suorum
449 425 912 500 supellectilium,
946 440 1122 498 quam
1164 425 1358 497 plures
1383 422 1595 478 scilicet
1619 434 1785 473 rura-
1805 423 2082 480 Asecum
2111 410 2396 465 militibus
2431 413 2720 471 fetentem
2758 427 3039 467 nauseam
3075 419 3415 486 ex3puendo
3447 422 3536 477 fe.

175 521 258 575 les
320 521 586 584 cartulas,
639 516 817 572 etiam
848 519 1070 571 veteres
1098 513 1549 586 precedentium
1576 523 1783 579 regum

179 609 500 674 thesauros,
533 621 634 660 nec
662 621 781 659 non
809 607 869 659 et
897 604 1148 659 diversas
1178 601 1429 674 proprim
1461 595 1784 668 adeptionis

176 713 293 752 sua:
322 713 506 767 gazas,
539 695 638 748 sub
668 693 998 748 munimine
1055 689 1398 746 monasterii
1422 687 1507 742 sui
1536 684 1785 740 ﬁdeliter

180 783 596 838 custodiendas.
624 783 692 835 Et
713 781 858 836 dum
889 781 1019 852 post
1042 777 1304 834 meantia
1345 780 1613 847 tempora
1650 770 1785 826 felix

178 872 286 936 vir,
311 887 479 925 senex
539 868 748 924 scilicet
798 868 1120 938 Ethelgar,
1182 861 1631 936 Chrydionensis
1675 861 1787 925 (42)

178 958 439 1014 Ecclesia:
485 957 712 1028 prmsul,
768 955 992 1011 carnali
1041 956 1169 1025 lege
1221 955 1470 1016 coactus,
1521 949 1698 1004 vitam
1725 947 1786 1001 in

182 1046 403 1102 Christo
435 1045 643 1109 ﬁniret,
679 1043 963 1116 persuasit
984 1043 1111 1113 jam
1142 1040 1324 1095 dictus
1353 1056 1451 1094 rex
1473 1037 1658 1092 virum
1688 1033 1790 1090 Dei

181 1136 538 1189 Dunstanum
580 1132 794 1187 crebris
844 1129 1252 1197 hortamentis,
1285 1131 1572 1199 quatenus
1619 1124 1790 1179 orba-

184 1227 308 1278 tum
338 1225 502 1277 Patre
527 1221 934 1292 pontiﬁcatum
965 1219 1070 1273 sub
1092 1235 1229 1272 cura
1249 1213 1524 1288 pastorali
1552 1213 1672 1284 ipse
1699 1229 1791 1266 su-

183 1311 470 1383 scepisset.
499 1313 570 1364 At
599 1310 694 1363 ille
718 1307 916 1362 statim
938 1307 1119 1361 facilis
1148 1305 1254 1360 sibi
1283 1303 1440 1358 verbi
1471 1300 1791 1356 excusatio-

187 1415 325 1453 nem
349 1398 568 1469 rejecit,
597 1396 866 1468 inquiens
887 1413 946 1450 se
978 1412 1095 1450 non
1125 1409 1244 1448 esse
1279 1392 1450 1462 hujus
1488 1388 1795 1460 pastoralis

182 1504 334 1542 cura:
364 1489 751 1556 prospectum,
782 1499 890 1537 nec
922 1483 1106 1537 adhuc
1151 1480 1252 1535 tali
1282 1482 1580 1548 tantzeque
1612 1475 1798 1546 digni-

192 1575 298 1630 tati
321 1574 618 1639 idoneum,
653 1587 766 1644 quo
800 1574 994 1642 posset
1027 1573 1143 1624 tam
1174 1569 1356 1621 latum
1387 1565 1614 1621 Christo
1648 1564 1795 1617 ovile

181 1663 467 1736 probabili
497 1662 718 1716 cautela
745 1660 869 1713 sine
909 1658 994 1712 sui
1035 1656 1208 1711 exitio
1229 1654 1550 1710 custodire.
1584 1653 1713 1706 Haec
1739 1654 1798 1704 et

178 1753 271 1807 his
328 1751 540 1804 similia
589 1746 1111 1804 contradicentium
1153 1759 1488 1798 sermonum
1527 1757 1798 1794 nonnun-

180 1855 359 1910 quam
399 1837 522 1908 regi
549 1835 835 1908 opposuit,
859 1834 1046 1888 donec
1073 1847 1310 1886 omnem
1325 1831 1450 1899 ejus
1463 1827 1797 1883 suasionem

177 1927 416 1999 penitus
464 1924 768 1980 abnuendo
817 1923 1232 1992 compesceret.
1263 1919 1680 1971 Verumtamen
1708 1931 1797 1968 se-

179 2019 404 2072 cretam
449 2013 756 2069 voluntatis
798 2011 949 2065 illius
986 2009 1375 2063 intentionem
1423 2018 1798 2074 nequaquam

179 2106 375 2161 adhuc
405 2106 632 2159 mutare
670 2098 998 2171 praevaluit;
1033 2096 1309 2168 quoniam
1341 2109 1517 2164 quem
1542 2107 1660 2163 prae
1687 2107 1798 2144 caa-

179 2194 324 2250 teris
354 2191 525 2247 altius
551 2189 806 2255 amabat,
836 2187 992 2240 hunc
1036 2181 1254 2238 altioris
1284 2178 1639 2235 excellentiae
1672 2177 1798 2231 ﬁeri

179 2281 478 2353 cupiebat.
513 2277 878 2348 Quapropter
913 2271 1104 2344 posuit
1132 2271 1308 2325 verba
1341 2265 1652 2324 voluntatis
1680 2282 1798 2320 suae

177 2352 376 2424 inore
404 2364 656 2438 propria:
706 2359 1020 2434 genitricis,
1072 2357 1267 2411 dicens
1293 2354 1375 2408 illi
1409 2371 1421 2408 :
1456 2354 1615 2418 Volo,
1651 2369 1684 2406 o
1717 2352 1799 2406 mi

178 2454 567 2511 dilectissima
598 2453 807 2515 mater,
849 2451 913 2502 ut
939 2451 998 2500 tu
1027 2445 1130 2499 sub
1151 2442 1380 2514 prandii
1410 2442 1495 2496 tui
1530 2444 1798 2510 tempore

178 2546 454 2600 nostrum
484 2538 790 2612 specialem
817 2533 1071 2590 amicum
1094 2533 1456 2586 Dunstanum
1483 2532 1674 2582 tecum
1701 2529 1800 2583 ha-

181 2632 333 2687 beas
364 2628 692 2692 invitatum,
749 2627 806 2678 et
836 2624 974 2677 dum
1005 2622 1160 2675 inter
1188 2621 1319 2673 laeta
1346 2615 1602 2672 convivia
1629 2616 1796 2669 blan-

188 2719 284 2773 dis
310 2716 558 2770 vicissim
592 2710 822 2768 utimini
847 2709 1110 2781 loquelis,
1139 2705 1368 2761 studeas
1398 2719 1533 2758 eum
1557 2703 1802 2758 femina-

176 2806 222 2861 li
266 2803 541 2860 facundia
567 2798 888 2865 adhortari,
917 2813 1029 2869 quo
1057 2796 1160 2849 ﬁat
1192 2795 1355 2864 juxta
1393 2793 1651 2846 nostram
1675 2807 1801 2861 sug-

181 2893 520 2965 gestionem
548 2905 739 2961 nuper
767 2887 1010 2941 viduata:
1044 2881 1306 2937 Ecclesiae
1326 2878 1603 2950 pontifex.
1638 2877 1805 2941 Quod

180 2963 323 3036 eum
356 2980 458 3034 illa
487 2977 703 3032 nisibus
733 2973 1009 3028 universis
1039 2969 1284 3034 fecisset,
1314 2982 1431 3020 non
1464 2963 1651 3035 potuit
1669 2981 1804 3018 eum
1825 2968 1872 3028 C

180 3085 222 3123 ε,
268 3067 513 3137 pristino
563 3061 1011 3118 renuntiationis
1041 3056 1272 3127 eloquio
1311 3056 1619 3108 remutare.
1654 3052 1803 3106 Con-

194 3155 332 3211 silio
365 3159 562 3208 tamen
595 3151 770 3223 ipsius
800 3147 1129 3203 {Elfwoldus
1168 3146 1299 3215 (43),
1335 3142 1418 3195 vir
1446 3141 1806 3195 venerandus

191 3245 275 3300 ob
312 3243 639 3314 pollentem
661 3241 1045 3299 venustatem,
1072 3232 1306 3288 sortitus
1337 3234 1422 3285 est
1450 3229 1523 3283 ad
1571 3229 1804 3299 pontiﬁ-

175 3335 388 3387 catum
423 3328 715 3383 eumdem.

261 3423 355 3475 20.
383 3419 556 3472 Nocte
584 3417 776 3486 itaque
811 3408 1182 3483 subsequenti
1224 3407 1405 3462 visum
1454 3408 1538 3460 est
1591 3403 1668 3458 illi
1701 3420 1805 3475 per

181 3505 546 3564 nocturnam
579 3503 1013 3566 revelationem,
1049 3496 1205 3569 quod
1234 3512 1365 3550 cum
1397 3495 1667 3565 prompto
1708 3509 1804 3547 co-

178 3599 405 3656 mitatu
426 3596 667 3649 Romam
688 3604 1000 3663 p‘r0perare
1013 3580 1802 3654 deberet.Apparueruntipsi

176 3689 248 3744 in
270 3685 381 3739 viis
419 3681 636 3737 eisdem
667 3682 868 3734 Petrus
899 3680 956 3732 et
983 3676 1195 3731 Paulus
1225 3689 1355 3726 cum
1379 3670 1628 3735 Andrea,
1659 3686 1803 3741 pan-

181 3778 402 3832 dentes
418 3771 471 3825 ei
487 3770 710 3825 diversa
729 3771 786 3822 et
803 3765 1108 3836 inopinata
1129 3764 1438 3817 eventuum
1468 3774 1702 3813 suorum
1724 3775 1806 3812 se-

187 4125 560 4197 apostolatus
593 4119 772 4174 nostri
797 4115 1150 4173 consortium
1182 4112 1307 4166 heri
1325 4109 1642 4165 recusando
1663 4111 1809 4161 tem-

189 4196 388 4291 pisisti.
418 4209 740 4280 Statimque
771 4204 1204 4278 expergefactus
1225 4199 1602 4272 postdictum,
1622 4196 1808 4267 requi-
1829 4214 1884 4276 D

190 4285 335 4361 sivit
353 4301 663 4356 cubantem
686 4312 884 4351 coram
917 4309 976 4348 se
1001 4291 1374 4355 monachum,
1437 4285 1561 4357 quis
1618 4285 1807 4356 ipsum

197 4391 328 4448 acri
352 4387 587 4458 virgulae
613 4386 726 4438 ictu
745 4387 968 4438 temere
989 4377 1370 4452 percussisset.
1402 4375 1475 4428 At
1502 4374 1596 4427 ille
1633 4389 1644 4426 :
1677 4374 1811 4426 Nul-

195 4483 317 4545 lus,
343 4477 604 4546 inquam,
656 4477 712 4526 te
759 4470 1152 4542 quiescentem
1199 4464 1389 4534 aliquo
1434 4459 1811 4532 percussionis

195 4571 490 4632 tactu,me
502 4561 734 4626 sciente,
757 4557 1099 4627 contigerat.
1128 4557 1178 4607 Is
1203 4568 1362 4622 ergo,
1379 4548 1811 4622 praemeditatus

191 4655 287 4712 ait
319 4670 332 4707 :
368 4650 554 4715 Modo,
577 4649 655 4702 ﬁli
675 4647 776 4714 mi,
805 4644 941 4711 scio,
969 4643 1216 4709 modo,a
1235 4655 1346 4710 quo
1363 4639 1467 4692 sim
1494 4653 1808 4708 percussus,

191 4738 758 4813 agnosco.Eratque,
784 4732 936 4805 proh
969 4727 1170 4785 dolorl
1213 4744 1310 4781 rex
1339 4724 1813 4790 Eadraadus,dile-

188 4811 332 4888 ctus
346 4824 755 4895 Dunstani,per
779 4835 953 4876 omne
977 4822 1201 4888 tempus
1224 4815 1447 4886 imperii
1467 4813 1550 4867 sui
1570 4811 1810 4865 nimium

185 4923 513 4988 languens,
537 4912 616 4966 ita
643 4914 703 4965 ut
732 4906 1067 4964 refectionis
1091 4907 1356 4975 tempore
1403 4902 1596 4970 sorpto
1643 4915 1809 4953 succo

188 4986 495 5068 ciborum,
528 5000 807 5072 reliquam
838 4999 1064 5068 partem
1089 5005 1402 5063 parumper
1419 4988 1687 5043 dentibus
1717 4986 1814 5041 ob-

190 5094 409 5151 tritam
423 5090 494 5144 ab
513 5105 609 5143 ore
632 5085 942 5158 rejecisset,
976 5087 1033 5138 et
1067 5081 1146 5136 sic
1178 5095 1330 5152 saepe
1375 5075 1813 5132 convivantibus

279 5219 393 5280 (42)
429 5211 755 5280 Chrydzona,
807 5225 903 5280 seu
959 5205 1298 5280 Creditionz's,
1348 5199 1489 5280 urbs
1548 5196 1814 5280 Devonize

192 5268 390 5356 vulgo,
408 5268 801 5356 irtontfacta
816 5276 1150 5356 episcopalis
1169 5268 1322 5356 anno
1341 5273 1446 5356 602
1461 5287 1487 5350 ;.
1502 5285 1630 5356 quia?
1643 5268 1814 5356 ’se'des

196 5339 584 5434 postmodum
619 5339 734 5406 Exo
745 5339 898 5434 niam
945 5339 1036 5434 est.
1055 5339 1816 5434 translataniibi.

199 5405 303 5487 ius
335 5427 630 5498 episcopus
658 5424 918 5498 mortuus
961 5420 1047 5472 est
1105 5432 1258 5470 anno
1299 5417 1423 5479 953,
1482 5412 1563 5465 uti
1617 5405 1818 5463 asserit
1912 5405 1936 5498 ξ

201 5492 859 5556 Westmonasteriensis.

283 5550 775 5640 ῐιὶέςῑίΕζίυοιάιαε,
795 5563 921 5640 sive
943 5555 1263 5640 £1990sz
1289 5552 1440 5614 rexit
1467 5551 1683 5612 dictam
1714 5550 1816 5608 Ec-

207 5631 456 5726 clesia'm
481 5631 556 5700 ab
577 5651 733 5699 anno
758 5635 862 5697 953
891 5631 968 5693 ad.
989 5633 1119 5693 973.

1882 504 2071 558 cisset.
2113 499 2225 562 Qui
2258 499 2398 552 licet
2431 503 2512 556 sic
2540 505 2934 574 mgrotantem
2994 500 3176 556 vitam
3234 509 3535 582 utcunque
3642 504 3657 523 '

1884 591 1979 645 diu
2000 587 2256 645 vivendo
2289 586 2348 640 in
2377 589 2646 646 abutenti
2677 603 2927 660 corpore
2967 591 3360 662 pertraheret,
3404 597 3535 654 lan-

1883 695 2032 750 guor
2059 679 2265 730 tamen
2299 678 2762 747 augmentabilis
2792 675 3003 747 saepius
3034 677 3275 736 milleno
3308 685 3538 753 ponde-

1884 783 1947 821 re
1977 762 2315 820 invadendo
2335 763 2494 823 hunc
2509 784 2691 839 usque
2716 765 2794 820 ad
2814 765 3148 822 occubitum
3172 769 3384 826 misere
3402 789 3536 846 per-

1887 853 2070 908 duxit.
2105 851 2264 905 Tunc
2293 850 2491 919 ille\ex
2517 857 2697 927 longo
2733 853 3022 923 languore
3054 871 3266 928 anceps
3282 862 3536 933 propriae

1885 942 2044 1006 vita),
2080 937 2243 993 misit
2268 938 2731 1014 circumquaque
2784 941 2861 995 ad
2899 946 3341 1016 congregandas
3362 949 3540 1006 facul-

1887 1032 2040 1085 tates
2073 1044 2229 1093 suas,
2263 1043 2409 1098 quas
2433 1031 2576 1085 dum
2618 1033 2821 1102 posset
2862 1033 3185 1100 spontaneo
3234 1034 3535 1110 liberoque

1891 1117 2114 1172 dictatu
2165 1113 2282 1186 ipse
2323 1115 2441 1171 suis
2474 1118 2718 1173 vivendo
2763 1118 3123 1190 disponeret,
3149 1127 3388 1194 propter
3424 1127 3536 1181 hoc

1892 1206 2052 1259 enim
2081 1203 2170 1257 vir
2191 1202 2666 1270 DeiDunstanus,
2699 1207 2862 1260 velut
2910 1206 3007 1260 alii
3055 1209 3340 1281 regalium
3374 1230 3534 1285 gaza-

1891 1310 2023 1348 rum
2057 1290 2323 1348 custodes
2343 1291 2502 1360 ibat;
2540 1298 2602 1348 ut
2635 1310 2783 1364 quas
2829 1309 3002 1349 causa
3034 1299 3392 1355 custodiendi
3440 1319 3532 1356 se-

1894 1398 2027 1436 cum
2060 1380 2368 1447 habuerat,
2429 1381 2555 1452 regi
2601 1384 2962 1452 reportaret.
3011 1383 3079 1438 Et
3111 1385 3248 1438 dum
3279 1391 3408 1457 post
3433 1389 3533 1443 ali-

1896 1486 2042 1542 quos
2068 1469 2192 1522 dies
2222 1467 2399 1534 viam,
2436 1485 2542 1539 per
2572 1486 2752 1540 quam
2777 1473 3037 1536 venerat,
3071 1488 3202 1526 cum
3232 1475 3529 1530 sarcinatis

1896 1558 2239 1612 facultatum
2266 1556 2476 1626 opibus
2498 1559 2913 1624 reverteretur,
2947 1557 3100 1612 facta
3126 1564 3212 1613 est
3244 1577 3346 1614 vox
3368 1563 3522 1617 coeli-

1897 1649 1986 1699 tus
2011 1643 2290 1708 immissa,
2327 1643 2527 1697 dicens
2555 1644 2656 1697 illi.
2699 1645 2844 1697 Ecce
2895 1661 3050 1699 nunc
3095 1663 3194 1700 rex
3231 1649 3525 1703 Eadredus

1897 1734 2008 1805 (44)
2041 1731 2188 1788 obiit
2218 1731 2277 1785 in
2302 1732 2570 1802 pace.Ad
2597 1733 2751 1785 hanc
2777 1747 2918 1801 ergo
2939 1748 3138 1786 vocem
3165 1735 3436 1800 caballus,
3459 1737 3518 1789 in

1898 1838 2012 1893 quo
2044 1822 2129 1875 vir
2154 1819 2256 1874 Dei
2306 1819 2628 1890 equitabat,
2681 1819 2874 1873 subito
2926 1835 3226 1890 percussus
3276 1820 3515 1888 interiit,

1899 1909 2035 1980 quia
2083 1925 2200 1962 non
2253 1907 2484 1960 valebat
2535 1906 2909 1961 sublimitatis
2958 1907 3235 1977 angelica;
3276 1909 3516 1963 sufferre

1899 1995 2290 2068 praesentiam.
2341 1996 2411 2048 Et
2449 2011 2582 2048 cum
2613 1993 2887 2060 venisset,
2930 1994 3146 2065 reperit
3175 2011 3378 2065 regem
3408 1995 3514 2050 sub

1901 2083 2428 2153 eodemtempore,
2459 2097 2573 2152 quo
2606 2081 2852 2150 angelus
2908 2081 2960 2135 ei
3012 2081 3070 2135 in
3135 2081 3258 2152 ipso
3305 2082 3514 2136 itinere

1898 2171 2201 2237 nuntiavit,
2238 2173 2427 2223 morte
2485 2184 2764 2239 suprema
2815 2167 3090 2222 ﬁnitum:
3126 2169 3287 2239 cujus
3339 2168 3516 2222 amis-

1895 2276 2024 2312 sum
2049 2258 2308 2329 spiritum
2345 2259 2600 2310 astantes
2646 2259 2894 2310 catervae
2923 2255 3206 2323 ﬁdelium,
3266 2255 3516 2327 pariter-

1897 2362 2007 2416 que
2028 2345 2321 2400 exanimes
2351 2349 2510 2398 artus
2541 2359 2708 2396 more
2740 2343 3079 2398 mortalium
3124 2343 3512 2414 sepeliendos,

1897 2432 2180 2487 conditori
2210 2431 2461 2486 Domino
2492 2431 2595 2485 sub
2629 2429 2788 2501 pacis
2825 2430 3024 2500 requie
3061 2429 3515 2485 commendave-

1896 2524 2052 2577 runt.

1969 2683 2059 2735 2t.
2112 2679 2245 2732 Post
2288 2677 2440 2731 hunc
2485 2675 2730 2730 surrexit
2776 2675 3036 2748 Eadwig,
3067 2675 3220 2730 ﬁlius
3247 2671 3517 2727 videlicet

1900 2765 2228 2822 Eadmundi
2247 2764 2422 2835 regis,
2454 2766 2624 2818 aetate
2657 2764 2895 2835 quidem
2922 2763 3173 2834 juvenis,
3219 2775 3514 2831 parvaque

1901 2853 2189 2925 regnandi
2218 2851 2527 2922 prudentia
2544 2853 2786 2922 pollens,
2820 2852 2953 2905 licet
2981 2850 3042 2904 in
3066 2852 3312 2916 utraque
3343 2844 3514 2914 plebe

1903 2959 2148 3014 regnum
2166 2955 2438 2994 numeros
2456 2938 2811 3009 nominaque
2825 2938 3124 3008 suppleret
3135 2929 3516 2988 electus.Huic

1905 3026 2581 3104 quaedam,licetnatione
2599 3026 2892 3095 praecelsa,
2923 3024 3128 3096 inepta
3159 3024 3354 3073 tamen
3384 3033 3516 3073 mu-

1904 3121 2010 3174 lier
2030 3135 2160 3171 cum
2191 3116 2383 3170 adulta
2423 3114 2559 3180 ﬁlia,
2615 3129 2720 3183 per
2749 3111 3077 3166 nefandum
3108 3105 3520 3164 familiaritatis

1903 3205 2259 3262 lenocinium
2281 3201 2551 3256 sectando
2585 3200 2940 3254 inhaerebat:
2974 3205 3224 3256 eotenus
3257 3195 3522 3253 videlicet

1906 3310 2018 3365 quo
2046 3309 2166 3346 sese
2196 3292 2282 3344 vel
2314 3289 2489 3344 etiam
2513 3291 2709 3341 natam
2727 3303 2889 3341 suam
2909 3287 3020 3341 sub
3044 3286 3174 3356 conj
3186 3285 3335 3357 ugali
3351 3286 3517 3341 titulo

1907 3382 1988 3436 illi
2011 3379 2360 3436 innectendo
2378 3377 2654 3431 sociaret:
2680 3391 2821 3447 quas
2843 3375 3034 3440 ille,ut
3046 3375 3232 3443 aiunt,
3265 3376 3519 3433 alterna-

1905 3468 2194 3540 tim,quod
2206 3468 2329 3536 jam
2345 3465 2523 3537 pudet
2536 3461 2920 3533 dicere,turpi
2941 3465 3185 3536 palpatu
3216 3468 3275 3518 et
3302 3465 3518 3539 absque

1904 3556 2125 3629 pudore
2140 3553 2434 3623 utriusque
2455 3551 2764 3607 libidinose
2794 3551 3080 3605 tractavit.
3115 3553 3183 3606 Et
3212 3568 3343 3608 cum
3369 3557 3518 3611 tem-

1904 3661 2044 3717 pore
2064 3644 2274 3697 statuto
2300 3641 2372 3694 ab
2388 3638 3350 3710 universisAnglorumprincipibus
3363 3658 3518 3697 com-

1904 3731 2070 3788 muni
2097 3729 2380 3785 electione
2410 3729 2724 3797 ungeretur
2749 3728 2807 3779 et
2837 3728 3275 3780 consecraretur
3318 3727 3377 3782 in
3429 3747 3519 3785 re-

1905 3835 2060 3891 gem,
2081 3818 2174 3873 die
2206 3815 2412 3869 eodem
2440 3816 2571 3884 post
2588 3813 2784 3883 regale
2797 3827 2972 3866 sacrae
2995 3811 3373 3868 institutionis
3405 3833 3516 3872 un-

1906 3910 2206 3978 guentum,
2247 3906 2488 3974 repente
2511 3901 2808 3972 prosilivit,
2841 3898 3100 3966 lascivus,
3129 3899 3396 3970 linquens
3417 3903 3517 3958 lae-

1905 4000 1965 4049 ta
1996 3991 2253 4049 convivia
2282 3991 2368 4045 vel
2401 3988 2672 4044 decibiles
2703 3986 3054 4059 optimatum
3104 4003 3340 4042 suorum
3384 4006 3518 4045 con-

1907 4188 2038 4227 cum
2052 4169 2282 4223 vidisset
2303 4183 2564 4221 summus
2587 4165 2928 4236 pontiﬁcum
2958 4162 3080 4217 Odo
3099 4162 3203 4228 (45)
3230 4163 3383 4233 regis
3415 4181 3514 4236 pe-

1906 4257 2233 4322 tulantiam,
2260 4255 2510 4308 maxime
2529 4254 2584 4308 in
2599 4249 3046 4308 consecrationis
3067 4267 3184 4304 suae
3200 4249 3313 4317 die,
3350 4253 3516 4307 omni

1906 4364 2010 4419 per
2031 4360 2236 4416 gyrum
2250 4342 2560 4396 conﬁdenti
2573 4339 2794 4395 senatui
2806 4337 3514 4409 displicere,ait;coepisco-

1909 4433 1994 4504 pis
2023 4432 2135 4486 suis
2162 4434 2220 4484 et
2247 4430 2467 4484 caeteris
2495 4427 2884 4500 principibus:
2914 4427 3082 4491 Eant,
3121 4440 3245 4491 oro,
3279 4425 3518 4495 quilibet

1911 4539 1976 4576 ex
2004 4519 2164 4574 vobis
2190 4519 2262 4572 ad
2309 4518 2706 4572 reducendum
2758 4530 2982 4586 regem,
3035 4530 3152 4586 quo
3184 4513 3256 4568 sit
3281 4529 3518 4568 suorum

1910 4609 2245 4673 satellitum,
2277 4610 2340 4660 ut
2357 4605 2654 4672 condecet,
2691 4604 2750 4658 in
2783 4604 2893 4658 hoc
2931 4601 3113 4673 regali
3135 4601 3391 4656 convivio
3422 4604 3516 4674 ju-

1909 4698 2128 4753 cundus
2157 4711 2472 4750 consessor.
2507 4696 2580 4748 At
2611 4693 2692 4747 illi
2733 4691 3062 4747 molestiam
3095 4689 3250 4761 regis
3276 4690 3365 4744 vel
3396 4707 3520 4746 mu-

1910 4787 2114 4840 lierum
2129 4781 2555 4855 querimoniam
2571 4780 2878 4835 incurrisse
2895 4781 3220 4832 metuentes
3235 4777 3443 4848 singuli
3457 4795 3517 4833 se

1910 4873 2311 4929 subtrahentes
2327 4886 2591 4924 recusare
2612 4865 3023 4939 coeperuntAd
3037 4869 3365 4920 extremum
3381 4882 3516 4922 vero

1911 4963 2240 5033 selegerunt
2268 4976 2335 5013 ex
2369 4957 2640 5012 omnibus
2671 4956 2834 5022 duos,
2861 4970 3003 5026 quos
3032 4953 3228 5008 animo
3253 4956 3519 5008 constan-

1912 5051 2160 5106 tissimos
2193 5049 2495 5112 noverant,
2523 5047 2881 5100 Dunstanum
2910 5042 3122 5097 scilicet
3144 5042 3436 5107 abbatem,
3461 5043 3520 5094 et

1983 5176 2093 5243 (44)
2117 5171 2398 5228 Eadredus
2426 5187 2523 5225 rex
2549 5173 2808 5243 mortuus
2841 5169 3112 5243 an_._95§,
3172 5163 3378 5243 quinia
3429 5165 3511 5243 te-

1915 5231 2201 5302 stamento
2254 5258 2352 5296 suo
2385 5258 2487 5313 per
2512 5241 2848 5313 Michaelem
2897 5231 3210 5313 Alfordunf
3225 5231 3507 5313 editoA‘le-

1911 5299 2356 5386 ξιᾷὺίιῡαηςζαηο
2385 5299 2566 5386 abbati
2593 5310 2884 5386 Glastonia’
2929 5305 3322 5386 etmofiastezio
3363 5299 3508 5356 Gla-

1941 5387 2184 5450 tom'ensi,
2216 5385 2465 5438 ducentas
2494 5382 2673 5444 libras,
2731 5380 2793 5433 de
2838 5374 3174 5431 comitatibus
3223 5371 3507 5427 Somerset—

1915 5460 2048 5514 (ensi
2075 5463 2122 5509 et
2143 5456 2464 5509 Devonicnsi
2484 5450 2774 5508 solvendas.

1989 5529 2108 5658 ῗξὸ)
2142 5526 2204 5583 S.
2239 5525 2353 5581 0do
2391 5522 2847 5596 archiepiscopus
2890 5513 3339 5588 Cantuariensis,
3367 5530 3503 5575 eum

2060 5599 2363 5658 ingestune
2382 5609 2583 5658 regem
2612 5589 3000 5654 consecrarat.

1922 5620 1985 5666 1n

2060 5589 2363 5673 ingestune
2382 5589 3000 5670 regem'consecrarat.
