4012 6180
613 317 747 382 1H3

1669 317 2035 378 BRIDFERTI
2078 313 2530 375 RAMESIENSIS
2555 315 2887 376 MONACHl.

3747 335 3854 387 14H

612 446 930 518 Cynegium
959 445 1072 515 (46)
1104 443 1432 515 episcOpum
1456 443 1712 514 ejusdem
1748 442 2026 497 Dunstani
2065 457 2201 496 con-
2224 439 2285 508 Α
2310 439 2487 494 mina:
2521 441 2792 511 ejectum,
2821 459 2991 498 causa
3021 440 3321 498 charitatis
3361 447 3447 500 vel
3491 452 3857 519 compatientic

611 535 1015 604 sanguineum,
1038 535 1100 586 ut
1131 531 1395 587 omnium
1421 532 1601 602 jussui
1633 533 2100 603 obtemperantes
2120 547 2205 585 re-

607 639 739 694 gem
773 623 1062 674 volentem
1085 621 1172 674 vel
1191 622 1485 676 nolentem
1500 620 1843 674 reducerent
1857 619 1927 672 ad
1943 619 2202 672 relictam

604 711 822 766 sedem.
856 712 925 765 Et
952 709 1195 779 ingressi
1219 711 1383 780 juxta
1403 709 1728 780 principum
1761 725 1996 762 suorum
2023 708 2200 779 jussa,

602 797 948 853 invenerunt
971 797 1194 867 regiam
1218 813 1518 860 coronam,
1539 814 1663 867 qme
1680 796 1826 850 miro
1845 797 2078 850 metallo
2101 812 2203 849 au-

600 885 651 942 ri
682 888 766 941 vel
789 885 1014 956 argenti
1045 901 1523 957 gemmarumque
1545 885 1698 938 vario
1735 884 1920 939 nitore
1943 885 2203 938 confecta

601 969 962 1046 splendebat,
1005 975 1205 1045 procul
1252 990 1286 1028 a
1328 974 1514 1044 capite
1546 974 1617 1028 ad
1646 976 1865 1027 terram
1898 989 2075 1044 usque
2108 988 2202 1026 ne-

601 1063 891 1134 gligenter
919 1062 1194 1128 avulsam,
1224 1061 1526 1133 ipsumque
1560 1077 1721 1116 more
1755 1060 2012 1131 maligno
2052 1060 2204 1115 inter

607 1154 896 1221 utrasque,
928 1150 1086 1204 velut
1133 1149 1192 1202 in
1250 1149 1340 1203 vili
1373 1149 1670 1204 suillorum
1700 1149 2024 1217 volutabro,
2078 1165 2201 1203 cre-

581 1224 858 1294 berrime
887 1239 1265 1304 volutantem,
1289 1241 1346 1292 et
1375 1237 1641 1291 dixerunt
1667 1254 1679 1291 :
1714 1236 1901 1290 Nostri
1936 1253 2044 1291 nos
2066 1253 2200 1309 pro-

607 1342 765 1381 ceres
793 1325 866 1380 ad
897 1330 953 1379 te
980 1325 1286 1396 rogitando
1319 1325 1622 1392 miserunt,
1657 1329 1718 1378 ut
1747 1341 1842 1378 eas
1863 1325 2201 1395 quantocius

597 1415 671 1470 ad
699 1414 1058 1484 condignum
1091 1414 1356 1469 sessionis
1383 1417 1494 1468 tua;
1520 1415 1851 1480 triclinium,
1876 1419 1933 1468 et
1953 1432 2024 1469 ne
2047 1431 2199 1484 sper-

597 1521 702 1558 nas
732 1504 1077 1574 optimatum
1123 1507 1353 1558 tuorum
1404 1503 1548 1557 laetis
1598 1503 1871 1557 interesse
1902 1504 2195 1559 conviviis.

595 1595 669 1646 At
690 1595 1012 1647 Dunstanus
1041 1591 1293 1662 primum
1344 1591 1695 1663 increpitans
1728 1591 2036 1645 mulierum
2071 1592 2193 1645 ine-

594 1681 764 1752 ptias,
788 1696 964 1734 manu
985 1696 1104 1745 sua,
1135 1680 1272 1733 dum
1301 1681 1480 1733 nollet
1518 1697 1822 1750 exsurgere
1853 1681 1924 1742 ei,
1958 1679 2197 1734 extraxit

2303 527 2553 600 hospitio
2596 534 2992 602 susceperunt,
3023 533 3376 588 frementem
3407 535 3557 606 regis
3593 536 3719 592 iram
3757 556 3855 610 gra-

2301 613 2832 673 viterincurrerunt
2862 637 2875 674 :
2908 624 2966 674 et
2993 626 3303 692 propterea
3325 623 3558 677 insanos
3581 625 3855 682 ﬂuctustur-

2301 703 2423 757 hidi
2444 707 2689 776 sequoris
2721 707 3041 777 periculoso
3077 709 3308 780 navigio
3343 715 3589 777 tranare,
3613 716 3664 766 et
3685 714 3852 770 incerta

2302 792 2617 848 Galliarum
2657 795 2853 850 exsilia
2879 796 3036 852 adire
3063 801 3296 851 coactus
3340 802 3445 854 est.
3477 800 3544 852 Et
3573 801 3694 854 dum
3725 803 3856 857 veliﬁ-

2304 882 2430 934 cato
2459 881 2634 936 celoci
2657 884 2821 953 quasi
2861 883 2969 938 tria
2997 885 3266 940 milliaria
3289 887 3741 959 marisingressus
3758 890 3856 945 fuis-

2303 969 2409 1033 set,
2443 973 2727 1024 venerunt
2774 971 2963 1026 nuntii
2993 973 3064 1026 ab
3107 973 3309 1044 iniqua
3339 976 3698 1046 populatrice,
3720 980 3771 1031 ut
3792 978 3855 1032 ie-

2303 1059 2459 1121 runt,
2500 1057 2597 1128 qui
2633 1059 2828 1114 oculos
2856 1059 3024 1126 illius,
3053 1061 3096 1114 si
3122 1061 3179 1115 in
3207 1061 3299 1115 his
3330 1063 3508 1117 maris
3525 1063 3774 1119 littoribus
3791 1067 3852 1119 in-

2302 1147 2507 1198 ventus
2559 1144 2782 1211 fuisset,
2815 1148 3068 1202 eruendo
3109 1149 3520 1220 dempsissent.
3570 1151 3678 1222 Ipse
3704 1156 3854 1207 autem

2305 1247 2604 1302 aequoreas
2634 1233 2751 1287 vias
2771 1235 2936 1304 ponti
2965 1237 3196 1290 caerulei
3257 1238 3465 1307 rapido
3494 1254 3651 1293 cursu
3687 1242 3843 1295 transi-

2299 1317 2469 1384 liens,
2511 1318 2672 1374 venit
2701 1321 2774 1374 ad
2805 1320 3066 1392 ignotam
3097 1322 3406 1394 regionem
3439 1326 3565 1396 jam
3597 1327 3738 1381 dicte
3761 1329 3854 1381 Gal-

2301 1405 2411 1472 liae,
2441 1407 2602 1477 cujus
2630 1423 2777 1478 pene
2801 1410 3089 1480 loquelam
3112 1413 3413 1483 ritumque
3448 1414 3853 1484 ignorabaLSed,

2300 1493 2621 1548 comitante
2649 1512 2843 1550 secum
2873 1498 3265 1553 misericordia
3296 1500 3400 1554 Dei
3441 1502 3546 1567 sui,
3578 1502 3768 1556 invenit
3789 1519 3854 1556 co-

2297 1596 2423 1635 ram
2465 1583 2721 1652 quodam
2753 1587 2923 1638 terrae
2956 1585 3101 1640 illius
3127 1588 3519 1660 principe(-t7)
3541 1591 3850 1662 gratiam,qui

2297 1683 2431 1722 eum
2460 1673 2704 1739 paterno
2735 1672 3028 1728 charitatis
3055 1675 3264 1729 affectu
3298 1677 3407 1731 sub
3441 1680 3611 1732 exsilii
3636 1680 3707 1732 sui
3737 1683 3850 1733 tem-

592 1784 724 1823 eum
747 1767 817 1821 de
842 1767 1106 1822 mcechali
1137 1783 1454 1838 genearum
1486 1768 1774 1835 accubitu;
1808 1768 2194 1840 impositoque
2225 1764 2274 1822 B
2295 1771 2436 1825 Ρονθ
2463 1759 2782 1814 ουεῑοάίνῆ-
2805 1761 2906 1814 Hic
2932 1762 3144 1834 itaque,
3198 1766 3466 1834 quamvis
3518 1766 3743 1836 benigne
3775 1767 3850 1820 sub

593 1854 920 1910 diademate
958 1854 1115 1908 duxit
1146 1871 1361 1921 secum,
1407 1854 1540 1909 licet
1568 1855 1618 1909 vi
1652 1873 1685 1910 a
1714 1856 2051 1910 mulieribus
2107 1873 2194 1911 ra-

586 1947 776 2015 ptum,
804 1945 876 2000 ad
907 1946 1102 2016 regale
1131 1944 1505 2000 consortium.

659 2035 748 2089 22.
781 2034 936 2088 Tunc
959 2033 1166 2088 eadem
1192 2033 1591 2106 xEdelgyw,sic
1622 2037 1746 2088 erat
1770 2050 1986 2088 nomen
2019 2033 2192 2104 igno-

573 2120 851 2186 miniosae
880 2121 1159 2188 mulieris,
1206 2121 1408 2176 inanes
1436 2122 1604 2176 orbes
1626 2115 1928 2176 oculorum
1988 2125 2190 2177 contra

587 2208 985 2263 venerandum
1017 2209 1286 2263 abbatem
1321 2209 1562 2264 ferventi
1593 2210 1785 2264 furore
1808 2210 2058 2276 retorsit,
2100 2209 2189 2262 in-

587 2297 792 2368 quiens
821 2297 1150 2368 hujusmodi
1170 2297 1470 2352 hominem
1499 2299 1648 2352 ultra
1673 2299 1911 2352 modum
1937 2315 2055 2352 esse
2070 2315 2189 2353 ma-

567 2385 954 2456 gnanimum,
985 2384 1081 2456 qui
1113 2386 1264 2456 regis
1308 2385 1365 2438 in
1409 2388 1694 2440 secretum
1726 2386 2065 2440 temerarius
2095 2385 2188 2439 in-

586 2475 785 2527 traret.
813 2474 1148 2527 Audivimus
1169 2473 1328 2527 enim
1360 2473 1420 2527 in
1454 2477 1714 2528 veterum
1745 2491 1950 2544 regum
1980 2473 2186 2528 libellis

582 2561 902 2616 Jezabelem
955 2578 1150 2617 errore
1179 2563 1516 2632 gentilitatis
1569 2567 1627 2618 et
1680 2563 1907 2634 vipereo
1962 2579 2183 2619 veneno

583 2651 900 2720 perfusam,
951 2650 1044 2704 die
1102 2655 1388 2722 noctuque
1427 2652 1485 2706 in
1519 2654 1827 2724 prophetas
1855 2655 1954 2709 Dei
1988 2673 2187 2712 amara

584 2739 964 2795 detestatione
995 2741 1236 2808 saevisse,
1287 2744 1346 2795 et
1397 2741 1469 2795 ad
1502 2747 1752 2797 mortem
1784 2760 1960 2816 usque
1993 2762 2184 2816 perse-

580 2827 679 2899 qui
706 2845 822 2882 non
847 2827 1125 2882 destitisse
1156 2844 1168 2881 :
1200 2827 1279 2881 ita
1309 2831 1367 2882 et
1393 2829 1516 2882 haec
1549 2830 1853 2900 impudens
1876 2832 2094 2904 virago,
2118 2851 2186 2888 ex

579 2917 689 2972 hac
715 2918 807 2973 die
837 2918 1134 2988 praedicta,
1165 2919 1374 2972 eodem
1401 2920 1674 2976 Jezabelis
1701 2922 2183 2978 ﬂatuvenenifero

2295 1843 2556 1912 ejusdem
2591 1847 2870 1917 principis
2891 1865 3026 1903 cura
3049 1850 3348 1906 foveretur
3380 1854 3651 1924 quotidie,
3673 1853 3848 1907 assidua

2291 1932 2492 1985 tamen
2520 1937 2718 1988 mente
2740 1937 3018 1990 manebat
3055 1937 3114 1992 in
3158 1941 3371 2008 patria,
3416 1941 3488 1995 de
3517 1958 3624 2013 qua
3647 1945 3847 1996 remotus

2292 2016 2482 2072 fuerat
2507 2019 2631 2074 sine
2659 2021 2894 2091 pietatis
2934 2039 3196 2082 censura.
3232 2027 3340 2089 Qui
3373 2028 3552 2082 etiam
3572 2030 3849 2099 saepeahun-

2293 2104 2531 2160 dantem
2553 2108 2946 2181 lacrymarum
2983 2112 3232 2168 imbrem
3259 2131 3328 2169 ex
3351 2117 3649 2171 oculorum
3669 2116 3847 2172 ﬂuentis

2289 2190 2724 2263 ingemiscendo
2757 2197 3014 2266 deduxit,
3054 2202 3282 2272 quoties
3308 2204 3646 2259 constitutus
3668 2205 3716 2258 in
3743 2204 3846 2258 exsi-

2287 2279 2366 2334 lio
2399 2285 2672 2338 meminit
2723 2290 3002 2356 quantam
3050 2289 3352 2360 religionis
3393 2293 3760 2346 celsitudinem
3805 2293 3844 2345 in

2289 2370 2643 2425 monasterio
2678 2371 3002 2445 dereliquit.
3037 2376 3220 2430 Etiam
3255 2377 3354 2432 diu
3400 2380 3457 2433 in
3496 2381 3669 2435 mmsti
3695 2380 3839 2434 cordis

2288 2457 2665 2512 meditatione
2697 2459 2837 2514 dum
2867 2463 3018 2517 circa
3048 2481 3170 2518 rem
3212 2466 3551 2535 hujusmodi
3599 2469 3844 2538 cogitaret,

2287 2557 2418 2598 ecce
2450 2547 2703 2616 quadam
2753 2553 2924 2604 nocte
2979 2551 3119 2605 vidit
3170 2553 3396 2609 visione
3445 2556 3726 2612 notissima
3751 2555 3849 2609 dor-

2287 2631 2546 2702 miendo,
2577 2635 2728 2704 quod
2747 2635 2873 2706 jam
2904 2643 3101 2693 mente
3132 2641 3411 2710 peravida
3445 2644 3721 2697 ambiebat
3750 2643 3846 2711 τίείς

2284 2717 2459 2773 laudo
2484 2737 2498 2787 ;
2532 2721 2642 2776 hoc
2673 2722 2953 2778 duntaxat
2969 2726 3121 2796 quod
3133 2744 3298 2782 more
3315 2731 3493 2785 solito
3506 2730 3688 2785 fuisset
3701 2732 3749 2784 in
3765 2747 3847 2784 mo-

2287 2807 2542 2861 nasterio
2585 2826 2700 2863 una
2744 2827 2875 2865 cum
2908 2817 3131 2868 astante
3182 2816 3440 2871 fratrum
3490 2824 3718 2884 caterva,
3745 2818 3845 2871 dum

2283 2891 2481 2947 laudes
2525 2899 2935 2965 vespertinales
2973 2901 3271 2970 psallendo
3315 2906 3703 2975 persolverent
3725 2922 3847 2959 cane-

563 3006 832 3078 perfusa,
865 3007 998 3062 licet
1027 3007 1264 3062 nomine
1298 3007 1619 3064 Christiano
1647 3014 1903 3065 uteretur
1923 3011 2181 3083 indigna,
2211 3015 2258 3074 C
2283 2985 2712 3083 rentque’fo‘O’t,
2733 3001 3109 3083 novlsfmmum
3131 2994 3428 3083 “999mm
3448 2993 3847 3083 Maﬂ'ﬁcat‘.”

581 3095 768 3150 virum
789 3094 889 3150 Dei
919 3097 1282 3150 Dunstanum
1313 3098 1566 3152 consiliis
1594 3099 2185 3173 inimicabilibusper-

583 3183 741 3253 sequi
765 3200 882 3240 non
905 3183 1140 3255 quievit,
1174 3200 1471 3255 quousque
1495 3187 1823 3256 pestiferam
1847 3188 2185 3244 exsecratio-

584 3270 673 3324 nis
698 3288 814 3325 suae
847 3273 1202 3325 voluntatem
1242 3288 1372 3326 cum
1405 3273 1647 3329 adaucta
1689 3275 1842 3347 regis
1882 3276 2184 3332 inimicitia

582 3358 945 3428 adimpleret.
968 3359 1124 3411 Tunc
1157 3358 1253 3411 illa
1282 3375 1346 3412 ex
1389 3360 1646 3429 praedicti
1700 3363 1851 3433 regis
1901 3380 2183 3419 consensu

582 3459 821 3498 omnem
846 3445 996 3498 illius
1025 3445 1245 3499 ordinis
1265 3447 1551 3501 honorem
1605 3465 1959 3522 omnemque
2000 3455 2184 3524 supel-

579 3528 782 3584 lectilis
809 3547 925 3585 suze
964 3532 1341 3588 substantiam
1395 3535 1510 3589 suis
1564 3537 1784 3608 legibus
1813 3539 2132 3611 subjugavit
2163 3561 2178 3611 ;

582 3617 721 3689 quin
743 3618 942 3685 etiam,
971 3625 1214 3690 urgente
1240 3623 1392 3693 regis
1412 3623 1677 3695 imperio,
1712 3626 1899 3696 ipsum
1929 3630 2002 3684 ad
2027 3629 2182 3686 inco-

577 3703 763 3760 latum
794 3707 1137 3763 calamitatis
1160 3711 1418 3765 celeriter
1474 3711 1598 3782 ipsa
1648 3716 2000 3789 proscripsit.
2053 3719 2178 3774 Non

555 3794 734 3849 enim
757 3799 882 3850 erat
901 3797 1071 3866 hujus
1095 3797 1338 3854 furentis
1366 3799 1601 3856 femina:
1646 3804 1876 3858 vesania
1916 3806 2060 3861 adeo
2091 3813 2179 3863 at-

575 3884 890 3949 tendenda,
916 3885 1016 3940 sed
1037 3885 1466 3957 discipulorum,
1494 3906 1636 3960 quos
1666 3889 1787 3961 ipse
1820 3896 2051 3950 teneros
2081 3913 2176 3952 ne-

547 4010 550 4012 η
575 3973 770 4025 ctareo
792 3971 1068 4043 dogmate
1094 3973 1440 4030 imbuendos
1469 3977 2177 4046 nutriebat,clanculama-

575 4057 826 4113 chinatio
850 4059 1034 4132 magis
1061 4063 1345 4132 stupenda
1372 4080 1384 4118 :
1415 4081 1552 4118 nam
1588 4069 1647 4120 et
1670 4067 1776 4138 ipsi
1805 4070 2175 4140 conspiratio-

573 4147 664 4202 nis
693 4146 906 4219 iniqua:
935 4149 1039 4203 sub
1079 4155 1301 4208 occulta
1329 4154 1530 4210 fraude
1572 4161 1961 4214 assentatores
1987 4161 2169 4230 fuere,

570 4234 753 4322 qui,si
764 4241 998 4306 possent
1028 4237 1229 4311 iniqua
1258 4241 1380 4311 ejus
1409 4242 1710 4314 dispendia
1755 4247 2047 4314 detestari,
2079 4253 2174 4308 de-
2195 4263 2247 4322 D

571 4320 925 4379 buissent.Et
945 4325 1082 4380 dum
1105 4328 1382 4396 ejectores
1402 4331 1662 4401 ejusdem
1683 4340 1915 4392 cunctas
1956 4355 2048 4394 res
2077 4358 2173 4396 ec-

570 4411 912 4468 clesiasticas
927 4415 1001 4468 ad
1016 4417 1496 4474 conscribendum
1520 4423 1932 4494 prospicerent,
1958 4445 2087 4484 ecce
2110 4431 2170 4484 in

568 4500 733 4570 parte
752 4501 1120 4558 occidentalis
1141 4506 1341 4578 templi
1357 4525 1559 4579 aspera
1573 4513 1921 4570 voxridentis
1932 4516 2166 4584 diaboli,

571 4585 735 4678 quasi
765 4603 870 4678 vox
896 4591 1219 4659 plaudentis
1233 4596 1536 4665 ancillulae,
1561 4601 1756 4657 audita
1779 4605 1976 4659 est.Ad
1993 4623 2166 4678 quem

568 4673 655 4728 vir
681 4674 806 4743 Dei,
833 4676 971 4732 dum
997 4680 1124 4751 quis
1154 4687 1302 4738 esset
1331 4691 1526 4742 mente
1557 4692 1845 4762 perspexit
1871 4709 1885 4747 :
1915 4673 2062 4762 Noli,
2086 4694 2170 4751 in-

566 4761 710 4832 quit,
757 4763 1015 4854 inimice,
1069 4773 1295 4827 tantum
1353 4777 1646 4846 gaudere;
1695 4761 1834 4851 quia
1883 4761 2167 4854 quantum

566 4866 721 4905 nunc
752 4852 811 4907 in
846 4870 1072 4911 recessu
1120 4875 1250 4914 meo
1281 4863 1576 4932 gaudebis,
1613 4869 1837 4923 tantum
1866 4852 2077 4928 iterum
2106 4875 2166 4930 in

569 4938 838 5009 adventu,
866 4942 1183 5001 damnante
1214 4951 1269 5003 te
1298 4950 1436 5018 Deo,
1471 4953 1806 5014 tristaberis.

639 5034 728 5087 23.
755 5031 1092 5105 Quicunque
1112 5040 1308 5092 autem
1338 5040 1657 5099 amicorum
1691 5052 1820 5119 post
1858 5050 1981 5107 hac
2015 5053 2167 5110 hunc

565 5122 838 5177 eumdem
868 5121 1055 5178 virum
1087 5123 1437 5198 Dei,injusto
1452 5131 1688 5190 arbitrio
1703 5137 2062 5197 criminantis
2088 5145 2168 5200 fe-

629 5261 1687 5356 KﬁﬁtouikisQuesta,,avpellstur.
1731 5277 1980 5356 Osberto
2015 5285 2166 5356 apud

560 5331 792 5420 §urium
824 5331 1354 5420 Kinsinqs'ovoéatur
1383 5331 1401 5393 Ξ
1424 5331 1490 5420 et
1502 5348 1586 5420 est
1599 5331 1897 5420 episcopus
1915 5331 2168 5410 ἰῖίεῦῗὲιῖ

559 5403 770 5482 densis,
791 5405 898 5482 qui
922 5406 1155 5482 praefuit
1182 5409 1258 5482 ab
1289 5425 1442 5482 a_nno
1466 5414 1567 5482 948
1601 5403 1672 5468 ad
1701 5403 2073 5482 annum—stiti:

612 5474 1007 5568 “(elargiri/0
1041 5479 1254 5534 comite
1311 5479 1612 5554 Flandriaa,
1668 5489 1750 5542 uti
1794 5474 2167 5568 ίιῖςέᾱιῐέηιί

559 5539 690 5612 ,νῆα
716 5539 954 5601 dicetur;

627 5612 744 5688 (48)
775 5612 1141 5692 Quaecunque
1164 5619 1446 5683 habemus
1469 5625 1710 5703 antiqua
1733 5631 2021 5697 variarum
2047 5639 2152 5697 Ec-

2282 3083 2372 3120 ma
2402 3085 2520 3124 mea
2543 3069 2864 3139 Dominum,
2896 3075 3043 3128 hanc
3085 3077 3479 3148 antipbonam
3505 3092 3520 3136 :
3542 3080 3750 3144 «Quare
3771 3079 3845 3132 de-

2289 3155 2534 3210 traxistis
2572 3160 2946 3215 sermonibus
2969 3163 3228 3218 veritatis
3281 3182 3294 3219 :
3355 3168 3432 3222 ad
3485 3168 3843 3240 increpandam

2283 3243 2457 3296 verba
2470 3247 2901 3316 componitiszet
2919 3250 3248 3306 subvertere
3268 3255 3534 3309 nitimini
3555 3256 3844 3310 amicumve-

2285 3331 2500 3385 strum?
2514 3337 3183 3404 verumtamen....,»hoc
3200 3341 3260 3394 in
3280 3342 3414 3397 loco
3429 3344 3531 3398 visi
3545 3349 3669 3398 sunt
3685 3357 3845 3397 omnes

2283 3417 2504 3487 pariter
2535 3420 2731 3475 relicto
2763 3431 2935 3478 cantu
2964 3426 3192 3496 penitus
3222 3429 3496 3497 reticere,
3541 3448 3708 3503 neque
3738 3433 3843 3483 ulte-

2283 3505 2401 3559 rius
2421 3522 2549 3561 eam
2568 3509 2724 3563 nullo
2743 3511 2918 3565 modo
2935 3528 3101 3582 posse
3119 3515 3297 3571 verbo
3327 3521 3420 3573 vel
3458 3536 3588 3574 voce
3604 3517 3839 3591 perﬁnire.

2283 3595 2541 3662 quamvis
2553 3611 2707 3651 casso
2728 3597 2925 3654 labore
2945 3601 3238 3657 multoties
3257 3603 3538 3662 iteratam
3555 3623 3662 3660 non
3687 3605 3773 3660 nisi
3791 3603 3841 3657 ad

2281 3681 2759 3738 eumdemlocum
2783 3688 3072 3742 cantando
3088 3690 3514 3762 perducerent;
3543 3698 3840 3764 etnunquun

2279 3767 2393 3822 duo
2415 3769 2658 3826 finitima
2677 3773 2848 3828 verba
2865 3777 3238 3832 modulantes
3255 3780 3657 3836 admitterent.
3684 3786 3745 3834 At
3767 3781 3837 3832 ille

2277 3869 2383 3924 per
2396 3873 2522 3911 eam
2531 3858 2600 3913 de
2613 3875 2662 3913 tn
2680 3860 2959 3918 visionem
2974 3865 3282 3936 increpans
3294 3885 3430 3924 eos:
3453 3871 3583 3932 Cur.
3598 3866 3822 3941 inquiLad

2275 3942 2700 4011 perfiniendam
2731 3949 3113 4021 antiphonam
3143 3955 3253 4018 (48)
3286 3973 3415 4011 non
3461 3960 3623 4012 vultis
3647 3957 3827 4010 dicere:

2279 4049 2308 4079 ‹‹
2341 4029 2478 4093 Quae
2509 4033 2818 4104 cogitastis,
2851 4039 3152 4109 explete.»
3192 4043 3321 4098 Mox
3361 4045 3460 4100 ille
3511 4045 3742 4101 divinum
3763 4059 3825 4096 re.

2273 4132 2549 4188 sponsum
2571 4137 2637 4175 ex
2651 4123 2763 4176 alia
2776 4128 2939 4193 parte
2952 4129 3264 4197 perpendit
3278 4132 3392 4186 sub
3406 4133 3516 4188 hac
3540 4149 3665 4189 voce
3684 4131 3823 4192 :ldeo,

2273 4203 2538 4278 inquam,
2563 4209 2697 4280 quia
2720 4227 3014 4283 nunquam
3031 4217 3187 4285 quod
3205 4225 3415 4275 mente
3442 4223 3740 4277 moliuntur
3752 4219 3830 4272 im-

2271 4295 2543 4364 plebunt:
2573 4301 2636 4350 ut
2666 4302 2719 4352 te
2742 4315 2970 4370 quoque
2989 4303 3060 4357 ab
3085 4303 3260 4375 hujus
3282 4311 3622 4364 monasterii
3642 4312 3830 4381 potesta-

2272 4385 2329 4436 te
2349 4382 2665 4440 auferendo
2684 4387 3318 4464 evellant.Etevigilans
3328 4403 3469 4468 post
3488 4399 3656 4452 visum
3668 4395 3827 4468 gratias
3917 4381 3919 4391 ’

2272 4470 2393 4540 egit
2421 4474 2740 4529 consolanti
2767 4491 2825 4530 se
2847 4477 3158 4536 Altissimo.
3203 4484 3405 4540 Patuit
3441 4487 3644 4558 quippe
3669 4502 3726 4538 ex
3746 4485 3820 4536 hac
3915 4473 3917 4537 Ι

2272 4558 2590 4614 certissima
2610 4564 2959 4619 rerelatione
2989 4568 3163 4638 quod,
3195 4571 3347 4627 sicut
3379 4576 3634 4646 superius
3657 4585 3824 4626 sermo-

2248 4645 2441 4701 nibus
2478 4648 2827 4718 quibuslibet
2851 4645 3472 4731 commemoravimus,
3501 4660 3736 4718 nonnulli
3764 4673 3824 4711 eo-

2269 4749 2400 4788 rum
2430 4735 2672 4791 clanculi
2693 4744 3085 4810 persecutores
3105 4743 3260 4799 illius
3284 4749 3576 4805 exstitere.

2269 4979 2623 5058 Episcopatus
2670 4901 3154 5058 WigornigrtsELft
3171 4904 3604 5053 νὶοηᾰίηεηείςε
3633 4996 3735 5051 dem
3753 5010 3815 5046 αν·

2400 5053 2812 5126 chiepiscopatus
2840 5057 3267 5120 Cantuarzensz's.
3287 5065 3319 5118 1
3325 5075 3407 5121 (er
3425 5069 3724 5124 Romanum.

2340 5143 2428 5196 2t.
2454 5141 2684 5197 Factum
2711 5149 2796 5200 est
2821 5151 3016 5204 autem
3047 5154 3109 5204 ut
3134 5168 3230 5207 rex
3252 5155 3603 5225 prmfatusin
3628 5157 3814 5228 preter-

2267 5279 2568 5365 clesiarum
2588 5280 2889 5365 breviaria,
2905 5289 3114 5365 librum
3136 5291 3242 5346 Job
3265 5301 3604 5365 proponunt
3626 5293 3810 5365 recitan‘

2268 5350 2404 5436 dum
2432 5353 2621 5436 prima
2641 5350 3056 5436 ac_f_ereh'e_ti_am
3089 5350 3346 5419 secunda
3381 5350 3712 5423 hebdomata
3734 5361 3806 5436 δε,-

2309 5425 2587 5507 tembris;
2608 5427 2725 5507 ‘sed
2750 5429 2809 5482 in
2837 5429 3087 5507 Sabbato
3100 5436 3480 5507 praecedente
3493 5440 3597 5492 alia
3610 5432 3806 5507 praescri-

2309 5495 2424 5576 itur
2444 5495 2780 5576 antiphona,
2814 5495 3246 5576 qualisscilicet
3286 5505 3353 5576 in
3403 5495 3684 5566 Romano:
3712 5514 3803 5573 qut

2267 5567 2463 5652 autem
2488 5566 2812 5652 hic‘dicitur
2829 5566 3182 5652 antiphona,
3198 5575 3255 5652 in
3275 5575 3399 5633 illis
3433 5583 3522 5636 est
3544 5566 3796 5652 responio-

2261 5637 2413 5692 rium
2437 5640 2568 5713 post
2591 5637 2625 5696 3
2647 5637 3301 5707 lectionem'Dominieae
3337 5653 3394 5714 l.
