4012 6180
178 315 312 372 1445

1396 305 1550 363 νιτΑ
1574 295 1818 360 SANCTI
1855 293 2207 356 DUNSTANI
2223 340 2236 354 .

3400 304 3541 366 1446

171 433 442 488 euntibus
471 429 635 485 annis
663 423 890 500 penitus
912 444 945 482 a
969 424 1224 481 Brumali
1245 429 1358 497 (49)
1386 425 1596 498 populo
1623 421 1790 511 relin-
1815 473 1822 485 ι

1933 434 2174 492 astorali
2192 437 2575 494 servandam:
2601 439 2661 494 in
2680 455 2797 511 qua
2817 431 3019 490 statim
3039 449 3189 493 verae
3210 439 3346 497 ﬁdei
3373 443 3554 502 vitem

172 524 446 594 queretur
476 521 861 589 contemptus,
895 516 1171 588 quoniam
1205 515 1263 569 in
1296 513 1606 569 commisso
1637 510 1790 580 regi-

171 609 331 664 mine
361 607 691 677 insipienter
719 607 948 675 egisset,
975 621 1211 674 sagaces
1229 605 1313 656 vel
1336 602 1619 673 sapientes
1659 597 1791 652 odio

177 697 445 751 vanitatis
471 694 831 765 disperdens,
865 695 922 746 et
951 693 1183 762 ignaros
1209 707 1464 762 quosque
1491 689 1596 742 sibi
1616 686 1796 741 consi-

177 785 344 838 miles
389 783 571 837 studio
620 781 946 835 dilectionis
991 780 1287 834 ascissens.
1339 781 1473 833 Post
1516 777 1669 830 hunc
1717 774 1797 828 ita

174 872 434 926 omnium
466 869 893 940 conspiratione
925 868 1213 932 relictum,
1251 868 1479 936 elegere
1510 864 1637 929 sibi,
1678 863 1795 916 Deo

174 959 444 1024 dictante,
462 958 873 1028 Eadgarum,ej
883 957 1081 1010 usdem
1095 954 1346 1025 Eadwigi
1363 951 1798 1024 germanum,in

175 1064 398 1118 regem,
434 1047 529 1117 qui
550 1046 711 1116 virga
758 1045 1054 1117 imperiali
1083 1045 1325 1115 injustos
1353 1043 1507 1112 juste
1536 1044 1800 1112 percute-

174 1141 286 1199 ret,
313 1135 590 1204 benignos
624 1136 820 1187 autem
856 1134 961 1187 sub
1009 1133 1212 1186 eadem
1257 1130 1546 1202 aequitatis
1580 1131 1800 1200 virgula

173 1222 403 1293 paciﬁce
429 1221 761 1275 custodiret.
799 1219 1028 1291 Sicque,
1058 1220 1320 1274 universo
1351 1218 1568 1289 populo
1591 1221 1802 1272 testan-

175 1311 255 1374 te,
281 1308 504 1380 publica
527 1325 616 1362 res
655 1324 862 1378 regum
897 1325 963 1362 ex
1009 1307 1346 1361 deﬁnitione
1400 1305 1698 1374 sagacium
1720 1321 1804 1358 se-

168 1397 368 1467 juncta
399 1399 500 1462 est,
536 1400 596 1448 ut
629 1396 922 1449 famosum
976 1395 1192 1449 ﬂumen
1247 1396 1505 1448 Tamesae
1527 1409 1803 1463 .regnum

177 1483 604 1538 disterminaret
659 1485 990 1538 amborum.
1038 1485 1193 1537 Tunc
1237 1482 1534 1552 Eadgarus
1581 1498 1616 1534 a
1655 1496 1803 1551 pra:-

178 1571 326 1626 dicto
358 1573 570 1644 populo
601 1571 680 1625 sic
723 1572 958 1626 sortitus
1012 1571 1085 1625 ad
1145 1587 1416 1640 regnum,
1475 1568 1633 1623 misit
1661 1571 1807 1621 nutu

177 1659 280 1714 Dei
311 1661 382 1714 ad
419 1661 804 1714 revocandum
843 1659 1238 1714 venerandum
1254 1658 1527 1712 abbatem
1560 1657 1631 1710 ab
1664 1671 1807 1710 exo-

1893 525 2321 597 palmitemque
2347 523 2592 593 justitiaz
2613 525 2807 598 sagaci
2822 526 2978 578 cultu
2998 526 3300 597 plantavit,
3335 536 3394 587 et
3413 535 3562 598 triti.

1891 628 2064 667 ceum
2099 613 2312 662 sanctae
2334 611 2632 669 Trinitatis
2653 628 2857 668 semen
2891 613 2951 664 in
2975 613 3339 672 credentium
3367 624 3556 678 cordi-

1891 702 2020 763 bus,
2055 695 2264 752 evulsis
2288 713 2561 756 errorum
2593 701 2847 766 tribulis,
2882 699 3227 758 seminavit:
3257 722 3363 776 per
3377 712 3556 779 quod,

1895 792 2029 860 post
2060 785 2367 856 praesentis
2390 792 2584 846 saeculi
2616 793 2846 845 metam
2878 789 3172 846 bonorum
3198 809 3465 866 operum,
3485 800 3560 853 ad

1898 877 2079 930 vitam
2096 872 2319 944 jugiter
2365 883 2715 933 manentem
2733 877 3556 949 pervenirentindemnes.Vi-

1898 962 2045 1017 dens
2070 962 2269 1031 itaque
2288 977 2387 1017 rex
2402 967 2875 1034 praenominatus
2890 967 3046 1037 quod
3063 969 3436 1027 commissam
3460 975 3558 1029 Ec-

1897 1052 2138 1106 clesiam
2159 1049 2402 1121 pervigil
2416 1058 2615 1124 pastor
2635 1055 2748 1108 rite
2774 1054 3036 1124 regendo
3052 1058 3386 1126 custodiret,
3401 1076 3558 1116 com-

1900 1141 2061 1194 misit
2085 1139 2139 1192 ei
2171 1138 2648 1196 Lundoniensem
2698 1141 3041 1210 Ecclesiam,
3099 1144 3192 1215 pio
3230 1151 3430 1217 postea
3458 1165 3558 1219 pa-

1900 1231 2058 1283 store
2093 1229 2200 1298 (53)
2231 1225 2556 1297 viduatam,
2584 1246 2701 1302 quo
2727 1229 2986 1301 plurimo
3019 1230 3260 1287 civitatis
3287 1235 3435 1290 illius
3455 1253 3556 1307 po-

1901 1318 2185 1387 pulo,nec
2202 1330 2318 1368 non
2343 1318 2402 1370 et
2425 1318 2662 1388 reliquie
2688 1317 3069 1373 orientalium
3093 1321 3384 1377 Saxonum
3403 1327 3556 1379 mul-

1902 1403 2161 1470 titudini,
2187 1406 2430 1474 pontem
2468 1405 2647 1460 etiam
2686 1405 2764 1459 ad
2809 1406 2929 1459 alta
2957 1408 3225 1476 polorum
3253 1412 3554 1468 cacumina

1905 1490 2221 1546 scandendi
2252 1497 2635 1563 przepararat.
2673 1494 2787 1548 Has
2819 1493 2915 1548 ille
2953 1496 3217 1564 geminas
3250 1497 3546 1566 Ecclesias,

1907 1596 2012 1650 per
2042 1580 2224 1633 multa
2254 1595 2548 1634 annorum
2567 1581 2959 1634 traseuntium
2978 1585 3264 1654 tempora,
3279 1585 3382 1639 sub
3403 1585 3551 1656 regi-

1909 1668 2067 1721 mine
2098 1666 2446 1738 pontiﬁcalis
2487 1669 2846 1723 excellentiae
2885 1669 3106 1724 curiose
3163 1673 3432 1740 regebat;
3490 1677 3549 1729 et

175 1761 265 1815 so,
297 1748 355 1801 in
385 1765 496 1818 quo
521 1749 786 1818 degebat,
821 1749 1050 1802 exsilio:
1088 1764 1206 1801 non
1234 1746 1554 1800 immemor
1575 1748 1808 1816 quanta:

1931 1734 2139 1826 itriqu—e
2180 1754 2311 1808 ovili
2333 1755 2486 1808 viam
2519 1772 2647 1826 qum
2664 1756 2825 1810 ducit
2855 1756 2927 1810 ad
2958 1773 3091 1811 vera
3112 1734 3320 1812 Christi
3353 1734 3544 1827 ovilia,
3581 1766 3596 1771 “

176 1835 514 1890 reverentiae
546 1837 716 1890 fuerit
744 1835 1204 1891 antecessoribus
1235 1833 1436 1904 ipsius,
1469 1833 1675 1905 quibus
1720 1848 1810 1885 se-

177 1939 311 1977 cum
345 1940 478 1977 cum
535 1925 822 1979 salutifero
868 1923 1109 1979 consilio
1155 1922 1581 1992 infatigabilem
1625 1920 1812 1974 ﬁdelis

178 2013 508 2084 obsequelae
535 2013 877 2066 famulatum
919 2011 1218 2084 persolvit:
1245 2026 1419 2080 quem
1455 2010 1525 2062 al)
1555 2009 1810 2062 incolatu

176 2101 488 2155 reductum
526 2100 684 2154 omni
713 2101 933 2154 honore
959 2098 1273 2169 dignitatis,
1300 2101 1362 2150 ut
1393 2100 1621 2150 tantum
1644 2112 1805 2166 opor-

178 2189 313 2255 tuit,
337 2188 658 2243 custodivit.
684 2190 902 2242 Interea
929 2203 1242 2257 germanus
1257 2185 1517 2256 ejusdem
1536 2184 1808 2254 Eadgari,

178 2277 320 2348 quia
342 2277 502 2346 justa
531 2277 629 2330 Dei
651 2276 865 2346 judicia
896 2274 1177 2329 deviaudo
1206 2272 1536 2343 dereliquit,
1570 2272 1810 2326 novissi-

174 2377 348 2416 mum
384 2363 586 2416 ﬂatum
603 2363 812 2416 misera
833 2364 1019 2415 morte
1033 2361 1312 2431 expiravit
1327 2360 1458 2430 (50):
1475 2363 1534 2413 et
1552 2375 1810 2430 regnum

175 2443 340 2503 illius
366 2450 507 2519 ipse,
539 2451 694 2504 velut
723 2467 918 2520 aequus
975 2450 1160 2503 haeres
1216 2449 1286 2502 ab
1319 2452 1564 2518 utroque
1596 2449 1810 2519 populo

177 2538 420 2602 electus,
445 2538 712 2608 suscepit,
746 2538 1036 2608 divisaque
1068 2552 1380 2607 regnorum
1398 2534 1604 2604 jurain
1629 2552 1811 2588 unum

176 2624 291 2679 sibi
338 2628 628 2695 sceptrum
673 2625 971 2678 subdendo
1021 2623 1328 2693 copulavit.
1371 2623 1470 2676 llic
1498 2622 1704 2676 iterato
1749 2623 1808 2675 Β.

180 2714 548 2768 Dunstauum
582 2713 641 2766 in
663 2713 996 2782 ademptum
1019 2710 1273 2782 pristinae
1305 2709 1599 2780 dignitatis
1622 2709 1808 2764 hono-

179 2817 314 2855 rem
349 2801 616 2866 restituit,
642 2800 905 2852 similiter
932 2806 990 2853 et
1020 2803 1248 2852 atavam
1279 2814 1442 2851 suam
1474 2801 1531 2850 et
1561 2799 1814 2851 nonnul-

182 2889 276 2942 los
307 2888 470 2953 alios,
495 2904 638 2958 quos
661 2887 840 2940 frater
866 2886 1061 2957 ipsius,
1095 2887 1155 2940 in
1197 2886 1402 2939 eadem
1448 2888 1621 2938 antea
1641 2885 1816 2938 subli-

184 2975 398 3030 mitate
425 2976 782 3041 constitutus,
803 2974 1002 3046 iniquo
1018 2974 1235 3045 judicio
1259 2971 1504 3045 praedari
1525 2972 1816 3043 praecepit.

1913 1843 2177 1914 exemplo
2211 1841 2430 1914 pariter
2461 1845 2518 1897 et
2538 1843 2895 1898 documento
2928 1846 3271 1900 monstravit
3297 1847 3431 1918 (54).

1983 2021 2071 2074 26.
2099 2019 2413 2089 Postquam
2450 2020 2647 2071 autem
2669 2033 2830 2072 mors
2848 2018 3118 2090 peravida
3143 2020 3540 2075 venerandum

1913 2107 2097 2162 Odam
2131 2107 2259 2177 (55),
2309 2105 2779 2176 metropolitanze
2806 2107 3046 2162 civitatis
3076 2108 3541 2179 archiprtesulem

1909 2193 2287 2265 Ecclesizeque
2317 2193 2523 2248 Christi
2554 2195 2868 2260 rectorem,
2923 2210 2990 2247 ex
3036 2194 3318 2248 Adamica
3349 2193 3546 2251 condi-

1912 2283 2068 2336 tione
2089 2279 2848 2352 consumptum,insatiabili
2878 2284 3084 2336 voratu
3114 2281 3364 2344 ﬁnierat,
3402 2297 3545 2335 con-

1912 2373 2247 2424 numeratus
2278 2373 2363 2422 est
2412 2368 2683 2421 zElfsinus
2730 2369 3215 2422 Wintoniensium
3246 2372 3444 2438 pastor
3469 2367 3544 2421 ad

1913 2458 2181 2512 eamdem
2204 2455 2417 2510 summi
2446 2454 2754 2508 sacerdotii
2783 2456 3117 2520 sedem.Qui
3146 2471 3278 2508 cum
3295 2471 3364 2508 ex
3386 2470 3547 2507 sum-

1914 2561 2143 2599 morum
2178 2544 2520 2614 pontiﬁcum
2537 2541 2977 2609 consuetudine,
3005 2544 3398 2614 postulaturus
3430 2540 3549 2610 pal-

1913 2634 2053 2687 lium
2070 2631 2399 2702 principalis
2421 2630 2616 2684 inl‘ulae
2640 2631 2986 2684 Romuleam
3012 2631 3218 2685 urbem
3233 2627 3550 2684 contende-

1915 2724 2006 2774 ret
2020 2717 2547 2789 preperare,obfuit
2564 2717 2645 2770 illi
2659 2717 2716 2771 in
2745 2717 2964 2789 Alpinis
2982 2717 3283 2773 montibus
3299 2713 3547 2768 maxim-

1919 2808 2065 2862 nivis
2082 2807 2412 2872 difﬁcultas;
2439 2822 2565 2876 qua:
2584 2809 2747 2858 tanto
2772 2821 2904 2859 eum
2919 2807 3053 2876 gelu
3066 2802 3276 2873 rigoris
3293 2799 3552 2854 obstrina

1921 2898 2104 2961 xerat,
2132 2897 2194 2947 ut
2215 2894 2272 2946 in
2307 2893 2393 2945 his
2440 2892 2742 2960 moriendo
2775 2891 3073 2958 deﬁceret,
3103 2893 3161 2943 et
3189 2885 3435 2956 regressi
3462 2888 3555 2939 tu-

1922 2983 2141 3036 mulato
2175 2981 2448 3051 pontiﬁce
2487 2979 2748 3049 ejusdem
2772 2978 3123 3033 comitantes
3141 2972 3432 3039 tirunculi,
3459 2987 3554 3026 re-

771 3031 780 3041 .
905 3031 926 3046 ι
1018 3031 1039 3045 υ
1259 3031 1275 3045 .
1525 3031 1538 3042 .
1715 3031 1727 3043 ,
1922 3031 2135 3036 ---_-_--
2500 3031 2535 3049 γ,
2623 3031 2675 3032 η
2737 3031 2898 3032 κν
3419 3031 3429 3039 ,

267 3066 358 3118 25-
391 3065 596 3117 Ροδῐθθο
616 3063 796 3116 {ﬂetus
822 3065 906 3115 BSt
931 3078 1181 3132 magnus
1201 3060 1547 3129 sapientium
1580 3074 1824 3114 οοηνθη-
1848 3031 1896 3091 C‘
1926 3071 2261 3126 nuntiavere
2291 3067 2630 3138 lacrymanti
2661 3068 2869 3134 relatu,
2903 3069 3144 3122 tantum
3173 3061 3278 3117 sibi
3309 3060 3554 3116 infortu-

185 3165 289 3216 tus
318 3152 380 3205 in
401 3153 525 3206 loco
550 3151 645 3222 qui
663 3155 894 3206 vocatur
915 3152 1298 3205 Bradanfoort
1316 3153 1392 3220 (Sil
1411 3152 1508 3215 ),et
1537 3148 1676 3202 eoin
1700 3151 1824 3204 loco

189 3240 471 3295 omnium
509 3256 575 3293 ex
599 3239 879 3293 electione
909 3238 1209 3293 ordinatus
1261 3241 1346 3292 est
1395 3235 1723 3292 Dunstanus
1755 3238 1829 3292 ad

194 3331 564 3402 episcopum,
597 3331 835 3383 eotenus
863 3328 1114 3382 maxime
1144 3343 1256 3397 quo
1296 3327 1474 3398 regali
1505 3327 1827 3396 praesentiae

192 3420 448 3491 propter
465 3417 698 3488 provida
720 3417 1158 3488 prudentiarum
1173 3431 1407 3469 suarum
1427 3415 1664 3470 consilia
1681 3415 1828 3486 iugi-

194 3509 295 3560 ter
317 3504 609 3559 adfuisset.
632 3507 700 3559 Et
725 3507 863 3561 dum
895 3506 1080 3560 accitu
1106 3504 1284 3576 regali
1316 3504 1574 3559 moribus
1605 3505 1830 3558 Deiﬁcis

194 3610 306 3649 rex
337 3593 536 3647 fuisset
563 3610 596 3648 a
653 3595 712 3648 Β.
755 3595 1051 3649 Dunstano
1097 3595 1186 3648 vel
1229 3594 1448 3647 caateris
1479 3592 1832 3663 sapientibus

201 3683 488 3738 decenter
516 3682 844 3749 instructus,
872 3682 1043 3754 coepit
1081 3681 1294 3754 passim
1323 3680 1620 3751 improbos
1644 3680 1836 3750 oppri-

201 3787 397 3836 mere,
412 3771 598 3841 justos
617 3787 844 3842 quoque
867 3773 924 3825 et
962 3771 1256 3826 modestos
1282 3786 1425 3842 puro
1457 3771 1688 3840 pectore
1711 3768 1836 3823 dili-

206 3876 378 3932 gere,
396 3875 564 3930 reges
581 3864 637 3913 et
655 3863 932 3930 tyrannos
943 3859 1389 3929 circumquaque
1399 3855 1505 3910 sibi
1526 3857 1832 3928 subjicere,

207 3947 538 4002 destructas
557 3946 655 4000 Dei
681 3945 942 4000 ecclesias
991 3960 1269 3999 renovare
1326 3945 1409 3997 vel
1442 3944 1644 4010 ditare,
1678 3947 1735 3998 et
1761 3945 1835 3999 ad

208 4033 453 4089 laudem
470 4033 680 4086 summi
713 4033 970 4088 numinis
989 4033 1336 4087 famulantes
1353 4034 1603 4085 catervas
1626 4048 1837 4102 aggre-

213 4138 384 4194 gare,
409 4137 758 4193 omnemque
788 4122 1092 4193 regionem
1124 4119 1272 4174 illius
1317 4122 1420 4174 sub
1464 4121 1616 4189 pacis
1643 4119 1838 4174 muni-

216 4210 386 4264 mine
416 4209 686 4278 regaliter
715 4209 1020 4264 custodire.
1055 4207 1274 4263 Deinde
1293 4208 1707 4278 pastor(factus
1724 4210 1834 4273 est)

1928 3159 2090 3213 nium
2119 3157 2176 3211 in
2209 3155 2491 3228 praedictis
2523 3154 2815 3209 montibus
2873 3153 3210 3227 contigisse.
3245 3152 3378 3205 Post
3399 3151 3559 3222 cujus

1929 3244 2492 3302 consummationem
2520 3243 2750 3314 elegere
2779 3242 3210 3312 Byrhtelmum,
3244 3240 3557 3297 Dorceten-

1929 3337 2077 3389 sium
2098 3333 2487 3405 praevisorem,
2505 3331 2577 3385 ad
2597 3346 2892 3385 summum
2910 3334 3130 3386 sanctae
3155 3331 3559 3387 Doroberuen-

1929 3425 2002 3479 sis
2027 3421 2285 3476 Ecclesiae
2332 3419 2723 3474 sacerdotem:
2771 3420 2830 3472 et
2867 3421 2995 3471 erat
3035 3418 3121 3473 vir
3165 3418 3270 3475 iste
3295 3421 3472 3490 mitis,
3502 3425 3560 3478 et

1931 3512 2241 3576 modestus,
2266 3512 2323 3564 et
2355 3507 2611 3576 humilis,
2646 3511 2704 3561 et
2759 3504 3072 3576 benignus,
3120 3507 3180 3562 in
3218 3511 3448 3566 tantum
3495 3513 3560 3568 ut

1932 3599 2183 3655 tumidos
2205 3614 2462 3668 quosque
2507 3597 2594 3650 vel
2639 3595 2882 3650 rebelles
2911 3596 3020 3650 sub
3043 3598 3414 3653 correctionis
3439 3617 3561 3656 ver-

1932 3689 2090 3754 bere,
2125 3703 2264 3752 non,
2296 3689 2380 3752 ut,
2402 3683 2708 3750 debuisset,
2733 3681 3051 3737 cohiberet.
3073 3685 3170 3738 Est
3198 3689 3560 3759 namquejus

1935 3776 2328 3839 rectorum,ut
2357 3773 2505 3828 bene
2535 3774 2719 3828 bonos
2748 3769 3094 3839 custodiant,
3140 3774 3200 3825 et
3223 3773 3295 3826 ad
3316 3777 3562 3832 meliora

1936 3867 2218 3934 quantum
2249 3865 2468 3931 queunt
2506 3860 2719 3914 viribus
2754 3857 3034 3913 universis
3077 3858 3436 3927 informant;
3472 3880 3560 3917 re-

1934 3952 2147 4022 probos
2171 3952 2366 4003 autem
2383 3953 2440 4004 et
2461 3949 2702 4003 rebelles
2728 3947 2832 4002 sub
2861 3945 3184 4016 asperitatis
3197 3949 3557 4006 correctione

1933 4040 2311 4110 aedarguant,
2345 4038 2528 4092 donec
2557 4053 2654 4091 eos
2697 4053 2731 4091 a
2772 4035 2874 4089 viis
2923 4033 3244 4088 vanitatum
3274 4040 3558 4094 avertant.

1938 4126 2310 4200 Comperiens
2337 4141 2475 4196 ergo
2495 4141 2594 4178 rex
2621 4123 2775 4196 quod
2795 4121 3100 4194 praedictus
3150 4121 3408 4193 pontifex
3438 4126 3562 4180 hac

1931 4216 2064 4287 jura
2107 4212 2459 4286 prmscripta,
2511 4212 2571 4266 iu
2602 4212 2910 4267 commissa
2939 4210 3043 4264 sibi
3075 4209 3262 4280 plebe,
3297 4227 3568 4269 mansue-

213 4296 642 4387 Wigoricensis
689 4297 977 4352 Ecclesiae:
1039 4298 1238 4387 utpote
1278 4295 1699 4387 _Cynewa_lf1u8_
1722 4296 1834 4387 (52)
1860 4329 1912 4387 D
1939 4303 2149 4358 scendo
2182 4301 2424 4355 minime
2448 4301 2820 4371 adimpleret:
2834 4299 3006 4387 jussit
3027 4315 3160 4352 eum
3174 4298 3290 4351 vias
3304 4315 3563 4371 perquas

212 4401 390 4440 more
420 4385 750 4439 mortalium
783 4400 1063 4454 cursuque
1094 4383 1224 4436 Vit-53
1270 4383 1607 4453 ῐθῐηρονειιίε
1633 4383 1838 4437 θάυεῐο
1860 4383 1898 4387 ”
1940 4389 2430 4452 veniebatredire,
2462 4393 2520 4444 et
2547 4389 2808 4443 relictam
2840 4385 3183 4457 dignitatem
3209 4401 3403 4440 rursus
3427 4387 3565 4443 reci-

213 4471 542 4537 succubuit,
565 4475 622 4526 et
645 4472 890 4544 suscepit
915 4474 954 4525 Β
998 4471 1254 4542 pontifex
1277 4471 1601 4525 Dunstanus
1631 4470 1845 4525 consti-

217 4565 385 4617 tutus
414 4578 448 4614 a
473 4575 609 4632 rege
639 4561 786 4616 hanc
817 4561 1087 4615 eamdem
1137 4560 1447 4614 Ecclesiam
1487 4560 1591 4614 sub
1614 4558 1847 4613 solertia

301 4682 413 4751 (49)
442 4682 488 4734 Α
516 4680 875 4738 Mercensibus
937 4681 1148 4736 scilicet
1201 4683 1260 4736 et
1308 4681 1848 4736 Northimbrensibus

219 4753 312 4808 uti
350 4757 609 4806 asserunt
639 4752 1099 4824 Wirgorniensis,
1128 4752 1529 4807 Dunelmensis
1560 4756 1617 4806 et
1643 4753 1758 4820 alii,
1792 4755 1852 4806 et

221 4825 497 4881 referunt
527 4824 596 4877 ad
623 4841 842 4878 annum
873 4827 994 4878 957.

306 4895 422 4966 (50)
447 4897 614 4948 Anno
649 4897 750 4950 959
782 4894 1037 4949 Edwium
1090 4893 1374 4964 expirasse
1433 4892 1652 4963 passim
1698 4909 1850 4947 asse-

226 4969 376 5023 runt
403 4969 680 5023 auctores.
946 5000 952 5005 -

308 5037 426 5108 (51)
452 5035 721 5108 iBrtzd/‘ort
737 5035 887 5108 dicta
919 5037 1046 5106 loca
1068 5035 1178 5090 duo
1207 5036 1268 5089 in
1299 5032 1736 5108 Dorcestriensi_,
1773 5036 1858 5108 to:

227 5102 421 5163 tidem
448 5107 503 5159 in
537 5102 897 5172 De'voniensi,
931 5103 1109 5160 unum
1163 5108 1336 5161 etiam
1392 5107 1449 5160 in
1496 5102 1857 5158 Wiltoniensi

231 5178 606 5235 comitatibus
631 5178 1030 5244 inveniuntur;
1068 5194 1313 5247 quorum
1329 5181 1686 5247 postremum
1708 5175 1857 5228 cele-

233 5251 422 5314 brius,
476 5251 532 5319 et
575 5247 895 5301 Hundredte
948 5248 1113 5303 unius
1174 5252 1364 5319 caput,
1419 5247 1594 5302 biduo
1635 5247 1861 5300 circiter

235 5318 534 5378 Glastonia
573 5319 762 5372 distat.

318 5393 424 5460 {52)
501 5388 878 5458 Cynewatdus,
910 5389 1084 5460 gallis
1128 5387 1481 5460 Kinmoldus
1539 5405 1692 5443 anno
1758 5389 1861 5460 957

238 5457 510 5519 mertuus
540 5457 784 5530 traditur
809 5463 867 5514 et
893 5457 956 5512 S.
989 5459 1302 5513 Dunstanus
1336 5459 1654 5530 ordinatus,
1685 5461 1746 5514 ut
1780 5457 1864 5514 in-

239 5538 342 5599 tra
359 5531 536 5589 etiam
560 5529 715 5606 apud
735 5529 1057 5588 Osbernum
1085 5531 1314 5607 legitur.

1943 4497 2079 4551 pere
2101 4478 2530 4550 possidendam.
2565 4477 2780 4533 Dehinc
2813 4473 3108 4530 constituit
3137 4491 3205 4528 ex
3238 4473 3429 4528 divino
3469 4491 3564 4530 re-

1945 4573 2137 4640 spectu
2169 4571 2226 4622 et
2247 4566 2594 4639 sapientium
2617 4563 2851 4620 consilio
2871 4564 3251 4630 Dunstanum,
3271 4579 3445 4634 quem
3461 4580 3564 4619 no-

2019 4693 2136 4764 (53)
2204 4690 2814 4764 Blithelmoiepiscopo
2847 4685 3198 4764 Londinensi
3249 4701 3404 4764 anno
3444 4690 3563 4764 _958

1950 4757 2200 4829 mortuo,
2231 4761 2486 4832 Edgarus
2515 4757 2850 4832 Merciorum
2894 4775 2992 4813 rex
3033 4758 3192 4811 illam
3249 4757 3560 4813 Ecclesiam

1950 4835 2012 4892 S.
2042 4829 2525 4887 Dunstandetiam
2552 4829 2856 4885 commisit.

2025 4907 2140 4972 (54)
2169 4904 2340 4957 Addit
2364 4898 2985 4972 \Vestmonasteriensis
3001 4897 3074 4953 ad
3103 4897 3319 4972 dictum
3344 4914 3564 4953 annum

1955 4968 2089 5031 959:
2120 4968 2229 5039 Qui
2241 4975 2486 5044 protinus
2502 4972 2648 5041 apud
2683 4968 3234 5044 Westmonqsterium,
3257 4975 3561 5044 constructo

1953 5045 2024 5100 ad
2051 5037 2323 5098 duodecim
2350 5037 2630 5098 monachos
2658 5041 2906 5106 carnobio,
2946 5042 3009 5110 in
3037 5040 3146 5096 loco
3170 5042 3266 5095 ubi
3293 5037 3563 5110 quondam

1955 5116 2194 5171 Mellitus
2218 5117 2475 5185 episcopus
2524 5112 2594 5166 B.
2640 5113 2804 5167 Petro
2848 5109 3147 5185 ecclesiam
3180 5109 3562 5185 fabricaverat,

1957 5187 2020 5243 S.
2062 5177 2262 5255 Ulﬁuni
2287 5177 2481 5239 ibidem
2507 5186 2774 5238 constituit
2803 5177 3264 5255 abbatem,_idque
3285 5179 3470 5255 [avere
3499 5177 3562 5234 δ’.

1959 5248 2248 5326 Dunstani,
2278 5261 2342 5311 ut
2360 5257 2418 5311 in
2449 5255 2597 5310 illius
2617 5255 2742 5310 Vita
2771 5255 2980 5325 legitur
3009 5255 3039 5304 8
3067 5248 3320 5305 Januarii
3345 5263 3459 5318 quo
3478 5264 3569 5303 co-

1961 5331 2114 5384 litur.

2035 5397 2232 5472 (55)S.
2267 5397 2380 5455 Odo
2432 5399 2694 5454 mortuus
2745 5399 2832 5454 est
2886 5408 3037 5450 anno
3095 5393 3226 5464 958;
3285 5390 3491 5448 colitur
3535 5393 3570 5450 4

1962 5471 2090 5532 Julii
2103 5512 2116 5528 .

3411 5633 3415 5638 .
3431 5620 3473 5638 σν
