4012 6180
559 340 582 394 l
593 339 699 394 447

1657 321 2019 380 BRIDFERTI
2072 319 2524 379 BAHESIENSIS
2579 318 2914 382 MONACHI.

3710 333 3814 389 1448

561 460 724 513 verat
750 468 870 511 esse
895 450 1280 514 constantem,
1315 445 1388 500 ad
1421 460 1713 499 summum
1746 442 2035 515 praedicta:
2067 443 2166 496 Ec-
2185 449 2244 508 Α
2266 440 2436 496 tifero
2487 445 2860 510 monstraret,
2890 441 3008 514 ipse
3033 442 3118 512 (ut
3141 441 3223 497 ait
3253 443 3576 514 Apostolus)
3601 449 3820 517 reprobus

552 546 739 602 clesias
771 539 1150 597 sacerdotem.

626 637 714 689 27.
745 630 865 685 Mox
909 627 1005 681 ille
1054 624 1316 694 suscepto
1347 620 1666 676 sacerdotio
1694 619 2045 691 prolixa(56)
2074 618 2164 673 iti-

551 736 715 784 nera,
739 733 865 788 quae
892 711 1137 768 summis
1163 713 1298 765 sunt
1320 708 1710 764 sacerdotibus
1733 707 1920 774 solita,
1954 707 2169 762 Roma-

554 823 692 864 nam
722 817 999 876 prospero
1013 800 1154 855 calle
1175 797 1422 852 tetendit
1440 796 1513 850 ad
1532 796 1762 863 urbem;
1793 797 2030 866 eratque
2058 795 2169 848 Do-

554 895 748 950 minus
769 890 953 947 socius
979 887 1197 943 itineris
1223 885 1392 950 illius,
1427 887 1485 937 et
1512 899 1656 954 pura
1682 883 1791 937 ﬁde
1821 899 1879 937 se
1908 881 2173 936 recinen-

550 987 672 1039 tem
701 997 818 1036 non
847 976 1100 1048 reliquit,
1131 975 1277 1028 sicut
1300 973 1420 1044 ipse
1448 987 1553 1042 per
1569 971 1919 1041 Prophetam
1936 969 2170 1024 cuicun-

551 1087 665 1144 que
695 1066 852 1122 ﬁdeli
893 1062 1226 1136 repromisit
1270 1060 1498 1115 dicens:
1530 1058 1863 1114 Intellectum
1889 1057 1992 1113 tibi
2013 1057 2169 1128 dabo,

553 1167 606 1217 et
639 1159 900 1212 instruam
931 1159 980 1206 te
1025 1153 1088 1206 in
1117 1152 1205 1204 via
1230 1149 1328 1202 hac
1354 1165 1462 1220 qua
1493 1147 1796 1226 gradieris;
1834 1146 2055 1215 ﬁrmabo
2080 1164 2170 1199 su-

544 1250 715 1321 perte
753 1243 926 1300 oculos
955 1257 1095 1296 meo:
1141 1236 1314 1309 (Psal.
1348 1253 1494 1304 xxxi,
1542 1236 1616 1296 8).
1675 1236 1744 1290 Et
1782 1234 2023 1290 iterum:
2051 1233 2173 1306 Ego

539 1342 680 1394 ante
708 1341 756 1388 te
777 1334 880 1403 ibo,
907 1339 957 1384 et
973 1329 1223 1400 gloriosos
1244 1333 1396 1380 terra
1445 1324 1734 1378 humiliabo
1761 1323 1893 1395 (13a.
1939 1340 2061 1391 XLV,
2094 1323 2169 1394 2).

558 1425 819 1494 Cumque
845 1421 955 1475 iter
984 1419 1224 1488 longum
1245 1413 1611 1486 properando
1643 1411 1882 1478 fecisset,
1902 1414 1960 1466 et
1978 1411 2175 1466 omnia

551 1509 840 1579 victualia,
869 1523 997 1579 quae
1016 1505 1106 1558 vel
1127 1503 1336 1574 equino
1359 1499 1681 1573 gestamine
1701 1501 1786 1553 vel
1819 1499 1930 1553 alia
1956 1498 2173 1553 condu-

551 1600 742 1656 ctione
781 1596 1064 1659 ferebant,
1099 1590 1314 1662 p0priis
1341 1590 1425 1642 vel
1444 1587 1643 1642 alienis
1664 1586 2173 1658 hominibuspeni-

552 1693 645 1742 tus
705 1685 945 1740 fuissent
991 1694 1256 1750 expensa,
1311 1676 1390 1730 ait
1428 1675 1785 1747 procuratori
1842 1691 1972 1729 suo:
2023 1674 2167 1738 Quid

2267 528 2596 584 efﬁceretur
2615 529 2672 595 (Ῑ
2706 528 2833 587 Cor.
2867 545 2938 593 ix,
2969 530 3076 599 27),
3099 529 3466 602 propriasque
3488 532 3816 603 praedicationi

2268 616 2612 671 contrarius.
2643 616 2864 671 Deinde
2896 623 3087 672 autem
3119 619 3414 672 destructa
3452 635 3721 687 renovare,
3745 641 3820 678 ne-

2269 705 2456 775 glecta
2480 720 2712 776 quoque
2734 705 3069 775 justiﬁcare,
3099 706 3224 760 loca
3245 709 3448 760 sancta
3475 705 3662 773 ditare,
3683 710 3820 779 justos

2271 807 2489 860 amare,
2511 796 2772 848 errantes
2804 793 2877 846 ad
2907 792 3059 847 viam
3084 809 3379 861 revocare,
3400 793 3740 852 Deiecclesias
3758 799 3818 852 ia-

2272 878 2516 947 bricare,
2551 896 2886 951 nomenque
2914 879 3033 935 veri
3058 881 3302 952 pastoris
3333 882 3395 935 in
3413 882 3667 938 omnibus
3682 886 3820 941 adim-

2273 967 2453 1038 plere.

2346 1060 2432 1112 29.
2466 1057 2586 1127 Ego
2608 1056 2866 1128 quidem,
2898 1057 2944 1112 si
2975 1057 3064 1114 die
3095 1061 3389 1130 noctuque
3422 1060 3674 1116 millenos
3695 1079 3824 1118 sonos

2271 1143 2461 1198 ferrea
2477 1144 2678 1216 lingua
2695 1149 2897 1200 contra
2918 1150 3184 1200 naturam
3205 1147 3564 1214 emitterem,
3584 1150 3824 1221 nequirem

2272 1231 2471 1303 utique
2501 1232 2699 1288 omnia
2735 1233 3084 1289 beneﬁciosa
3110 1234 3391 1290 virtutum
3429 1252 3652 1292 suarum
3675 1255 3826 1310 opera,

2251 1312 2402 1391 "quas
2426 1320 2511 1373 vel
2543 1321 2850 1376 manifeste
2872 1323 2956 1376 vel
2987 1323 3162 1378 etiam
3185 1328 3408 1378 secrete
3433 1326 3663 1396 peregit,
3681 1342 3829 1397 prom-

2274 1407 2468 1478 psisse.
2505 1409 2695 1463 Unum
2725 1413 2919 1464 autem
2941 1427 3006 1464 ex
3031 1410 3152 1480 ipso
3181 1427 3279 1464 me
3297 1427 3465 1481 posse
3479 1412 3676 1467 referre
3695 1415 3831 1484 proti-

2273 1497 2420 1560 teor,
2445 1495 2598 1566 quod
2631 1497 2889 1568 quamvis
2918 1498 3006 1552 hic
3022 1514 3232 1553 carneo
3255 1503 3457 1570 septus
3475 1500 3732 1556 velamine
3755 1504 3828 1558 de-

2272 1581 2488 1652 guisset
2515 1583 2575 1637 in
2636 1584 2788 1650 imis,
2835 1588 3028 1640 mente
3066 1589 3290 1649 tamen,
3313 1586 3436 1642 sive
3461 1587 3719 1658 vigilaret,
3744 1590 3831 1644 sive

2270 1685 2478 1725 somno
2507 1671 2774 1726 detentus
2831 1672 3169 1744 quiesceret,
3229 1691 3461 1746 semper
3521 1678 3757 1732 manebat
3787 1680 3830 1732 in

549 1765 1245 1832 nobisadministrationis
1274 1765 1450 1819 habes
1481 1765 1552 1818 ad
1567 1763 1749 1818 noctis
1766 1763 1933 1834 hujus
1946 1766 2166 1817 susten-
2189 1773 2242 1835 Β
2269 1759 2512 1828 superis,
2543 1763 2603 1814 ut
2653 1761 2859 1814 Paulus
2903 1760 3092 1814 aiebat
3115 1763 3444 1833 apostolus:
3476 1764 3664 1819 Nostra
3697 1776 3832 1820 autem

552 1862 836 1918 tationem
847 1853 1262 1912 conferendum
1276 1852 1304 1906 ?
1315 1854 1384 1905 At
1397 1852 1489 1906 ille
1506 1851 1920 1905 stomachando
1933 1867 2171 1921 respon-

555 1951 747 2015 debat,
781 1946 1002 2001 dicens:
1037 1945 1273 1996 Prorsus
1306 1940 1480 2006 nihil;
1518 1938 1653 2010 quia
1681 1941 1741 1992 tu
1772 1939 2000 1993 tibimet
2030 1937 2175 1994 nihil

550 2050 842 2094 reservare
855 2031 1115 2095 curabas,
1133 2029 1270 2083 dum
1297 2026 1576 2099 quidquid
1596 2026 1773 2080 victus
1793 2026 2008 2081 habere
2026 2027 2176 2080 vide-

556 2126 785 2189 bamur,
819 2118 1066 2193 propriis
1103 2117 1189 2171 vel
1211 2115 1461 2170 externis
1491 2114 1692 2186 dapsili
1705 2115 1862 2185 jussu
1879 2114 2178 2169 distribue-

553 2229 666 2270 ras.
699 2213 767 2265 Et
797 2208 936 2264 dixit
976 2206 1058 2261 illi
1086 2203 1415 2276 episcopus:
1471 2202 1617 2270 Noli,
1671 2218 1886 2274 quzeso,
1929 2202 2175 2257 nimium

551 2300 689 2356 inde
709 2295 960 2364 turbari;
988 2291 1265 2364 quoniam
1306 2289 1586 2344 Dominus
1603 2293 1800 2344 noster
1821 2291 1978 2344 Jesus
2013 2289 2173 2345 Chri-

551 2392 670 2444 stus
699 2401 838 2456 erga
866 2397 1069 2438 omnes
1090 2379 1148 2434 in
1189 2395 1248 2432 se
1283 2378 1584 2432 credentes
1618 2381 1703 2431 est
1723 2377 1858 2431 satis
1887 2379 2081 2449 largus
2119 2381 2176 2432 et

556 2476 731 2532 dives.
769 2471 964 2525 Atille
991 2482 1251 2522 rursum:
1305 2465 1493 2531 Modo,
1541 2464 1751 2535 inquit,
1795 2465 2012 2519 videbis
2037 2467 2174 2536 quid

549 2562 656 2618 tibi
685 2559 1010 2615 comesturo
1032 2553 1282 2608 Christus
1319 2555 1450 2606 tuus
1465 2552 1569 2606 sub
1599 2552 1768 2622 hujus
1790 2552 1971 2606 noctis
1989 2554 2171 2623 spatio

551 2649 626 2705 sit
669 2649 922 2704 daturus.
966 2645 1036 2697 Et
1066 2640 1310 2697 surrexit
1349 2639 1628 2710 pontifex,
1652 2640 1790 2711 quia
1812 2643 2040 2711 tempus
2075 2659 2174 2696 ve-

550 2736 872 2811 spertinum
902 2731 1174 2799 instabat,
1203 2732 1264 2783 ut
1307 2727 1367 2782 in
1395 2727 1534 2782 locis
1546 2728 1784 2782 remotis
1797 2744 2053 2800 congrua
2073 2747 2173 2784 ve-

550 2824 820 2898 spertina:
851 2819 1034 2876 laudis
1063 2817 1252 2874 ofﬁcia
1267 2815 1633 2893 adimpleret.
1649 2815 1848 2870 Adhuc
1871 2815 2026 2871 enim
2045 2819 2169 2889 jam

552 2913 734 2970 dictus
752 2910 1092 2983 procurator
1108 2905 1280 2960 stulto
1295 2919 1594 2958 murmure
1615 2908 1749 2973 post
1773 2905 2079 2972 clamabat,
2093 2905 2172 2960 di-

550 3017 713 3058 cens:
746 3000 926 3068 Perge
946 2993 1159 3066 oppido
1175 2993 1417 3047 adorare
1432 2994 1657 3046 tantum
1673 2991 1963 3047 Christum
1981 2996 2168 3061 tuum,

2269 1849 2597 1901 con-versatio
2623 1849 2676 1900 in
2697 1846 2838 1901 caelis
2867 1855 2976 1902 est:
3014 1849 3182 1918 (Phil.
3216 1865 3302 1916 ιιι,
3333 1853 3584 1921 20).ξΗοο
3612 1854 3832 1910 nimirum

2274 1935 2587 2006 saepissime
2635 1937 2840 2005 patuit,
2903 1937 3040 1991 dum
3065 1937 3344 2008 (dictavit)
3371 1939 3566 1995 divina
3595 1957 3832 1997 sacrorum

2275 2023 2740 2079 modulaminum
2772 2025 3011 2094 cantica,
3044 2041 3175 2096 quas
3205 2026 3278 2080 ab
3298 2027 3633 2083 hominibus
3649 2029 3834 2098 quidem

2276 2128 2577 2182 nunquam
2618 2112 2857 2183 accepit,
2888 2113 2988 2168 sed
3021 2129 3092 2167 ex
3115 2113 3302 2168 beatis
3333 2131 3599 2186 superna:
3633 2116 3834 2185 regionis

2219 2189 2242 2199 ’
2277 2199 2490 2254 civibus
2501 2217 2605 2271 per
2625 2200 2923 2271 sopitalem
2939 2200 3053 2273 (57)
3081 2201 3508 2257 revelationem
3533 2203 3707 2274 capaci
3725 2203 3837 2257 didi-

2275 2289 2434 2342 cerat
2459 2287 2774 2358 intellectu,
2805 2292 2866 2343 ut
2894 2290 3017 2344 1]th
3054 2306 3303 2361 sequens
3326 2291 3616 2346 sententia
3642 2292 3835 2345 manife-

2273 2379 2404 2430 stat.
2430 2375 2688 2440 Quadam
2702 2381 2867 2432 nocte
2880 2377 2948 2431 ad
2967 2378 3134 2448 hujus
3150 2379 3390 2433 visionis
3411 2379 3710 2450 exemplar,
3742 2383 3838 2451 post

2272 2464 2368 2536 pia
2386 2481 2624 2537 precum
2644 2465 2829 2520 studia
2849 2469 3090 2537 postque
3115 2466 3502 2522 novissimum
3531 2467 3836 2537 completorii

2274 2552 2551 2620 ofﬁcium,
2576 2553 2706 2608 dum
2736 2553 2903 2607 beata
2928 2553 3195 2608 membra
3226 2554 3407 2625 quieti
3440 2555 3699 2622 dedisset,
3718 2559 3839 2609 certa

2272 2640 2765 2696 demonstratione
2795 2642 3092 2713 conspexit
3106 2642 3404 2713 quomodo
3419 2643 3669 2714 propria,
3680 2658 3836 2714 quase

2270 2727 2406 2783 huic
2419 2728 2637 2783 mundo
2657 2728 2932 2794 ediderat,
2951 2731 3138 2783 mater
3149 2729 3382 2784 cuidam
3396 2731 3525 2802 regi
3549 2730 3837 2802 praepotenti

2271 2816 2344 2871 ad
2369 2816 2734 2888 conjugalem
2749 2817 3148 2888 sponsam,sub
3169 2833 3404 2872 summo
3413 2819 3726 2890 principum
3737 2835 3836 2873 suo-

2268 2921 2400 2959 rum
2418 2905 2746 2960 testimonio
2761 2905 3024 2976 dotisque
3044 2906 3148 2960 sub
3162 2905 3355 2974 titulo,
3376 2922 3447 2960 co
3453 2910 3838 2978 pulareturcon-

2263 2991 2458 3063 jugio;
2492 2996 2550 3047 et
2579 2995 2642 3046 ut
2671 2993 2837 3047 ﬁeret
2886 2992 2946 3047 in
2975 2992 3064 3047 his
3117 2994 3416 3065 regalibus
3472 2996 3678 3066 nuptiis
3714 2999 3839 3048 tanta

551 3090 633 3146 nil
658 3085 812 3144 aliud
851 3086 1059 3139 nostra:
1091 3079 1442 3136 necessitatis
1471 3080 1989 3135 attendens.Erant
2003 3098 2172 3135 nam-
2197 3073 2247 3136 C
2269 3080 2640 3151 psallentium
2682 3081 2900 3148 laetitia,
2933 3084 2996 3135 ut
3017 3081 3180 3135 omni
3211 3099 3280 3136 ex
3305 3086 3481 3153 parte
3505 3081 3836 3155 jucundantes

551 3194 662 3251 que
691 3176 747 3230 in
786 3174 892 3227 hac
918 3171 1123 3226 eadem
1161 3168 1314 3234 villa,
1356 3183 1470 3238 qua
1515 3170 1652 3221 tunc
1683 3167 1765 3220 vir
1782 3168 1878 3221 Dei
1900 3184 2030 3222 cum
2057 3169 2170 3224 suis

548 3263 967 3336 hospitabatur,
999 3255 1301 3328 cujusdam
1352 3255 1664 3309 venerandi
1713 3255 1936 3310 abbatis
1958 3257 2167 3326 nuntii,

549 3353 742 3426 triduo
791 3347 944 3404 beati
967 3347 1277 3400 adventum
1310 3342 1594 3412 pontiﬁcis
1615 3344 2015 3412 prmstolantes
2046 3361 2059 3398 :
2113 3347 2172 3399 et

551 3439 856 3499 venerunt,
883 3433 1217 3504 priusquam
1257 3430 1352 3484 ille
1398 3433 1584 3499 coepta
1631 3430 1967 3500 vespertinae
1992 3432 2170 3487 laudis

555 3526 746 3582 ofﬁcia
774 3519 1060 3578 cantando
1104 3520 1428 3589 perageret,
1455 3533 1586 3570 cum
1616 3516 1825 3588 opimis
1851 3519 2170 3589 gratiarum

557 3611 918 3677 muneribus,
943 3606 1323 3677 omnibusque
1346 3604 1596 3677 regionis
1611 3605 1759 3659 illius
1779 3593 2014 3676 deliciis,
2035 3610 2171 3664 cha-

552 3699 777 3759 ritative
803 3715 870 3752 ex
909 3711 1009 3750 ore
1061 3693 1280 3748 abbatis
1331 3691 1690 3764 fratrumque
1747 3711 1982 3749 suorum
2013 3695 2171 3754 ﬁdeli

555 3791 843 3865 phalange
867 3785 1180 3840 salutantes
1208 3782 1560 3854 episcopum.
1599 3781 1747 3846 Quas
1778 3782 1872 3838 ille
1897 3784 2168 3839 benedic-

549 3879 778 3936 tionum
816 3874 1126 3930 charitates
1162 3873 1461 3941 gratanter
1507 3870 1811 3939 accipiens,
1839 3873 2170 3931 resalutavit

553 3965 874 4041 gratiosum
893 3960 1188 4024 abbatem,
1211 3975 1342 4012 cum
1367 3959 1573 4012 devoto
1593 3973 1787 4012 secum
1810 3961 2166 4016 morantium

551 4057 799 4111 fratrum
820 4047 1226 4106 contubernio.
1252 4047 1457 4100 Postea
1472 4062 1604 4100 vero
1635 4062 1701 4099 ex
1733 4046 1940 4101 iisdem
1968 4065 2168 4104 mune-

551 4143 710 4198 ribus
736 4141 981 4195 fratrum
1004 4151 1235 4208 quoque
1257 4133 1665 4204 przedictorum
1698 4134 1974 4189 charitate
1991 4137 2167 4191 colla-

550 4231 646 4297 tis,
672 4228 768 4284 diu
790 4225 1056 4282 deliciose
1078 4221 1443 4294 properando
1463 4221 1756 4276 vivebant:
1780 4239 1844 4277 ac
1864 4223 2036 4278 stulta
2065 4224 2166 4279 de-

550 4317 691 4373 hinc
717 4311 1104 4369 murmuratio
1137 4309 1392 4382 procacis
1435 4308 1707 4376 ministri,
1757 4310 1927 4365 ﬁrma
1956 4328 2023 4366 ex
2053 4312 2164 4367 ﬁde

554 4402 844 4479 pontiﬁcis
883 4401 962 4456 sic
981 4401 1272 4471 superata,
1300 4395 1532 4468 quievit.

627 4489 986 4544 28.Tandem
1007 4487 1080 4541 ad
1101 4487 1361 4558 optatam
1375 4485 1651 4539 Romana:
1669 4484 1817 4540 sedis
1832 4486 2161 4556 Ecclesiam,

555 4575 805 4635 Domino
835 4572 1400 4644 ducente,pervenit,
1433 4572 1529 4626 ubi
1558 4572 1796 4643 pallium
1827 4575 2162 4646 principale,

555 4664 661 4721 sub
694 4665 1030 4736 praesulatus
1059 4661 1378 4732 privilegio.
1431 4678 1546 4716 una
1589 4678 1718 4716 cum
1760 4663 2162 4719 benedictione

556 4753 868 4825 apostolica
881 4751 1128 4822 gloriose
1147 4749 1421 4820 suscepit:
1442 4766 1784 4822 rursumque
1801 4751 2014 4806 locellis
2029 4769 2164 4807 san-

550 4845 780 4895 ctorum
808 4837 1079 4905 lustratis,
1104 4841 1162 4892 et
1185 4837 1380 4893 solatis
1409 4837 1614 4892 Christi
1663 4839 2031 4910 pauperibus,
2059 4857 2163 4913 per

554 4927 712 5004 pacis
736 4926 947 4981 itinera
965 4925 1037 4978 ad
1059 4924 1306 4996 patriam
1320 4942 1497 4996 usque
1518 4925 1814 4984 remeavit.
1838 4928 2048 4983 Etcum
2066 4945 2160 4984 ve-

555 5017 733 5074 nisset
757 5028 1015 5070 summus
1032 5013 1351 5081 Anglorum
1365 5013 1640 5084 pontifex,
1668 5014 1947 5085 spirituali
1976 5016 2161 5071 chari-

555 5107 743 5163 smate
773 5101 1027 5166 affectus,
1059 5097 1228 5169 coepit
1242 5100 1518 5171 primum,
1544 5104 1606 5155 ut
1624 5103 1925 5158 sublimior
1940 5104 2162 5160 caeteris

551 5192 916 5251 sacerdotum
934 5184 1248 5253 ordinibus,
1264 5186 1688 5244 sublimioribus
1705 5189 1910 5246 Christi
1921 5193 2160 5248 servitu-

549 5283 706 5338 tibus
733 5298 793 5336 se
823 5277 1160 5348 subjugare;
1187 5291 1260 5329 ne
1280 5275 1417 5330 dum
1441 5276 1728 5332 aliisverae
1756 5279 1888 5334 ﬁdei
1902 5279 2162 5336 fomenta

554 5369 933 5434 ministraret,
963 5365 1048 5420 vel
1075 5363 1185 5418 iter
1209 5365 1430 5418 rectum
1459 5363 1533 5417 ad
1549 5365 1798 5421 coelestia
1817 5368 1990 5424 verbo
2018 5370 2162 5425 salu-

628 5476 738 5550 (59)
761 5476 876 5550 Hoc
905 5472 1052 5550 item
1075 5473 1276 5550 actum
1301 5486 1422 5525 esse
1443 5486 1598 5550 anno
1611 5473 1733 5542 960,
1747 5474 2163 5550 Wingornien-

555 5541 656 5622 sis,
678 5541 1087 5604 D'unelmensis
1112 5545 1172 5601 et
1186 5541 1282 5599 alii
1310 5543 1592 5601 asserunt.

2269 3168 2492 3224 militias
2530 3172 2909 3239 personarent
2953 3172 3235 3241 hymnum
3286 3172 3705 3235 suavissimum,
3739 3184 3837 3222 cum

2268 3257 2439 3311 laude
2472 3273 2682 3310 sonora
2703 3255 2889 3310 eidem
2935 3257 3060 3328 regi
3093 3257 3482 3314 modulanda.
3517 3261 3584 3313 Et
3603 3259 3723 3312 dum
3745 3258 3837 3311 hac

2270 3343 2369 3399 diu
2396 3347 2726 3416 agerentur,
2752 3345 2985 3399 accessit
3010 3344 3161 3400 inter
3179 3347 3565 3417 psallentium
3586 3363 3732 3402 voces
3752 3344 3842 3414 qui-

2270 3430 2406 3486 dam
2423 3431 2669 3502 juvenis,
2685 3432 2849 3487 niveo
2873 3431 3103 3487 vestitus
3114 3435 3396 3503 candore,
3411 3436 3611 3490 dicens
3634 3434 3724 3488 sub
3747 3433 3839 3500 ipsa

2269 3518 2487 3574 visione
2515 3519 2801 3590 pontiﬁci:
2852 3521 3054 3576 Nonne
3108 3520 3266 3576 vides
3310 3525 3373 3575 et
3403 3523 3570 3577 audis
3597 3518 3838 3594 quomodo

2271 3608 2462 3662 omnis
2490 3608 2613 3663 haec
2640 3625 2815 3664 ovans
2840 3609 3145 3664 multitudo
3169 3626 3374 3680 regem
3395 3627 3674 3682 magnum
3691 3610 3840 3663 intur-

2269 3694 2381 3749 mis
2410 3696 2524 3750 suis
2552 3697 2954 3768 concrepando
2984 3697 3289 3767 gloriﬁcat,
3321 3702 3382 3753 te
3413 3700 3542 3755 solo
3563 3693 3839 3753 silente?Tu

2269 3799 2447 3854 quare
2475 3784 2533 3838 in
2564 3785 2851 3856 praeconio
2868 3785 3013 3840 tanti
3039 3785 3194 3856 regis
3218 3787 3551 3858 condignas
3568 3786 3744 3841 laudes
3766 3798 3838 3837 ora

2266 3870 2452 3926 soluto
2480 3872 2779 3927 nobiscum
2798 3889 2913 3927 non
2937 3889 3193 3936 resonas,
3212 3874 3309 3944 qui
3323 3890 3450 3944 pra:
3466 3869 3838 3944 caeterispreci-

2265 3971 2378 4026 pue
2389 3960 2642 4030 gaudere
2656 3960 2892 4015 deberes
2904 3976 3008 4031 pro
3030 3962 3195 4015 tanta
3216 3963 3593 4032 copulatione
3606 3957 3835 4033 parentis?

2263 4045 2419 4101 Tunc
2436 4046 2530 4100 ille
2542 4047 2638 4118 huj
2647 4048 3141 4118 usmodijcarmina
3154 4065 3214 4103 se
3233 4050 3464 4105 nescire
3477 4047 3833 4122 respondebat,

2265 4151 2439 4206 seque
2462 4152 2693 4207 prorsus
2720 4137 2857 4208 quid
2887 4136 2946 4191 in
2973 4137 3140 4192 laude
3170 4138 3326 4209 regis
3353 4140 3655 4210 praelocuti
3682 4142 3835 4191 canta-

2263 4226 2396 4277 rent
2422 4223 2738 4294 ignorasse.
2762 4228 2834 4278 At
2870 4225 3004 4279 ille:
3058 4225 3171 4294 Vis,
3231 4226 3447 4297 inquit,
3509 4232 3572 4281 ut
3600 4227 3834 4280 instruam

2265 4311 2404 4382 quid
2421 4316 2476 4366 te
2494 4316 2727 4367 cantare
2743 4313 3044 4385 oporteat?
3059 4314 3125 4367 Et
3137 4314 3280 4368 dum
3299 4315 3515 4370 humili
3531 4313 3833 4388 professione

2263 4415 2324 4454 se
2336 4400 2478 4454 velle
2502 4404 2829 4468 testaretur,
2853 4416 2985 4456 mox
3005 4401 3216 4455 imbuit
3232 4419 3371 4456 eum
3396 4403 3574 4474 hujus
3586 4401 3833 4471 exemplar

2263 4487 2631 4559 antiphonze:
2661 4489 2708 4544 0
2735 4489 2853 4545 Rex
2885 4491 3130 4558 gentium
3160 4489 3477 4545 dominator
3491 4493 3832 4560 onmiumpm—

2251 4582 2378 4646 pter
2399 4575 2571 4630 sedem
2598 4578 2899 4646 majestatis
2919 4581 3026 4631 tuae
3053 4576 3123 4630 da
3145 4579 3297 4631 nobis
3322 4579 3732 4648 indulgentiam,
3759 4590 3833 4628 re:

2264 4663 2490 4731 Christe,
2513 4671 2872 4734 peccatorum.
2904 4663 3160 4718 Alleluia.
3210 4666 3326 4719 Hac
3388 4667 3614 4722 etenim
3665 4663 3831 4736 sapius

2261 4750 2487 4819 iterata,
2515 4755 2574 4806 et
2603 4751 2660 4806 in
2684 4752 2886 4806 eadem
2908 4751 3128 4807 visione
3145 4752 3296 4807 bene
3326 4753 3589 4822 ﬁrmata,
3611 4765 3830 4808 murmur

2261 4838 2613 4912 geminabile
2628 4839 3058 4911 expergefactus
3069 4840 3280 4908 emisit;
3301 4843 3408 4896 sed
3421 4843 3690 4898 continuo
3699 4837 3829 4911 jussit

2261 4944 2392 4984 eam
2406 4929 2729 4983 litterarum
2744 4927 2801 4982 in
2817 4928 3474 5002 memoria,priusquam
3495 4929 3748 4986 oblivioni
3761 4927 3830 4980 da-

2260 5021 2441 5084 retur,
2459 5014 2841 5079 conscribere,
2858 5020 2917 5069 et
2927 5017 3312 5088 conscriptam
3325 5019 3566 5074 cuidam
3587 5015 3825 5074 monacho

2259 5108 2382 5161 tam
2402 5109 2695 5160 recentem
2715 5103 2972 5159 didicisse
2992 5105 3284 5176 praecepit:
3306 5110 3365 5160 et
3382 5107 3540 5163 facto
3561 5122 3721 5162 mane
3736 5102 3827 5157 uni-

2259 5209 2452 5248 versos
2473 5192 2577 5248 sibi
2607 5192 2911 5263 subjectos,
2967 5197 3089 5248 tam
3143 5195 3471 5250 monachos
3496 5211 3664 5268 quam
3687 5193 3822 5247 etiam

2259 5281 2515 5348 clericos,
2545 5280 2684 5336 fecit
2712 5280 2862 5335 hanc
2893 5280 3168 5338 discendo
3197 5297 3549 5352 personare:
3580 5284 3693 5354 ipso
3712 5295 3825 5334 sem-

2261 5386 2365 5444 per
2384 5369 2538 5424 inter
2555 5368 2981 5424 modulantium
3003 5385 3166 5424 voces
3177 5385 3311 5425 cum
3334 5370 3524 5426 nimio
3548 5371 3821 5434 rorelacry-

2335 5479 2447 5553 (57)
2475 5475 2749 5546 Sopitalis,
2782 5492 2816 5530 a
2839 5476 3137 5550 participio
3183 5480 3407 5553 sopitus,
3463 5477 3662 5535 dicitur
3703 5471 3819 5528 Visio

2261 5548 2456 5608 oblata
2483 5561 2588 5621 per
2608 5561 2899 5622 soporem.
