4012 6180
243 507 378 564 1449

1481 498 1640 554 ἯΤΑ
1675 489 1928 556 ΞΑΝΟΤἸ
1966 495 2323 555 DUNSTANI

3464 516 3481 569 l
3495 513 3601 572 450

240 646 467 688 marum
497 628 747 684 dicente:
777 627 954 684 Verus
977 632 1065 684 est
1098 627 1259 684 enim
1281 630 1339 684 et
1369 644 1488 683 non
1519 626 1714 694 falsus,
1747 624 1843 700 qui
1867 629 1924 691 Α
1953 624 2328 700 exposcebat,
2363 625 2590 684 dicens:
2638 626 2762 700 Ipse
2804 633 2878 681 est
2919 642 3037 698 pax
3082 635 3289 702 nostra,
3337 640 3437 708 qui
3480 642 3611 711 [εοίι

237 721 387 776 hanc
415 718 556 774 mihi
585 734 862 774 sonoram
893 717 1327 791 (antiphonam)
1350 719 1455 773 sub
1471 716 1658 773 noctis
1679 717 1849 788 hujus

239 808 451 864 visione
481 807 798 863 imbuenda
842 809 1205 863 monstravit.
1253 808 1395 863 Hinc
1436 807 1637 878 procul
1673 805 1848 861 dubio

241 895 405 967 (sicut
421 896 544 967 jam
569 896 832 967 superius
849 895 1116 968 diximus)
1143 895 1367 964 claruit,
1390 896 1451 950 in
1474 894 1680 969 quibus
1699 895 1850 949 loco-

243 1000 368 1038 rum
401 983 673 1054 partibus,
703 984 848 1040 dum
873 1001 1115 1057 corpore
1150 985 1490 1058 quiesceret,
1533 982 1736 1056 spiritu
1762 981 1847 1038 fe-

240 1071 331 1126 lici
368 1072 596 1127 interim
626 1072 1094 1144 ipse'mansisset.
1749 1087 1776 1108 ι

311 1163 394 1215 30.
412 1160 569 1215 Nunc
591 1162 820 1229 vellem,
843 1162 1182 1234 priusquam
1210 1160 1850 1232 hinclongiuslegendo

242 1265 607 1319 properarem
618 1291 631 1316 ,
646 1250 900 1320 peritum
915 1251 1057 1305 mihi
1070 1251 1448 1322 interpretem
1465 1249 1542 1304 ad
1555 1250 1724 1321 hujus
1736 1247 1852 1303 mi-

243 1353 317 1391 rir
329 1337 558 1393 visionis
567 1338 710 1392 mihi
728 1339 1069 1411 mysterium
1083 1342 1351 1410 coeptare
1367 1356 1378 1393 :
1395 1342 1518 1400 aut,
1536 1338 1583 1392 si
1597 1337 1852 1410 quodam

242 1425 542 1481 conamine
562 1426 886 1492 valuissem,
906 1428 1029 1499 ipse
1046 1428 1092 1498 ej
1104 1445 1167 1482 us
1182 1426 1732 1500 interpretationem
1745 1442 1850 1498 pro

243 1529 405 1584 posse
417 1514 640 1583 virium,
658 1515 939 1588 licetigne
954 1516 1174 1588 tepenti
1186 1515 1583 1588 liquefactam,
1606 1515 1855 1571 exsolve-

243 1619 323 1656 re.
353 1603 591 1658 Matrem
611 1604 824 1676 quippe
845 1605 986 1659 almi
1005 1603 1310 1675 pontificis,
1330 1602 1534 1676 magni
1549 1604 1704 1676 regis
1722 1620 1856 1658 con-

236 1691 398 1763 jugio
417 1694 766 1764 copulatam,
780 1696 1042 1748 sanctam
1063 1698 1201 1765 puto
1219 1693 1526 1765 designare
1545 1692 1858 1749 Ecclesiam

249 1782 384 1853 (58),
407 1798 536 1854 qum
549 1783 632 1837 vel
656 1782 818 1837 illum
830 1785 916 1838 vel
935 1783 1114 1839 etiam
1136 1783 1277 1838 alios
1298 1783 1676 1855 quamplures
1691 1799 1857 1838 more

245 1873 510 1924 materno
533 1886 635 1940 per
653 1871 970 1941 spiritalem
998 1873 1143 1926 sacri
1173 1872 1539 1944 baptismatis
1566 1875 1798 1927 uterum
1825 1888 1859 1926 a

1947 713 2188 787 iitroque
2211 728 2386 771 unum
2418 716 2636 790 (Ephes.
2667 735 2730 784 11,
2769 715 2883 788 14),
2911 720 3024 774 etc.
3053 717 3220 783 Quod
3245 724 3407 780 enim
3438 729 3612 800 juve-

1951 821 2098 862 nem
2147 801 2369 856 viderat
2409 810 2566 862 veste
2607 807 2786 861 nivea
2845 805 3225 879 candentem,
3274 815 3492 885 partim
3547 837 3606 876 se

1949 908 2162 966 aspere
2176 890 2776 968 increpantem,quod
2789 894 2851 949 in
2868 895 3131 965 praedicti
3142 899 3420 976 principis
3432 906 3605 964 laude

1948 982 2256 1048 reticeret;
2283 985 2565 1054 angelum
2579 983 2893 1040 custodem
2906 983 3082 1056 ipsius
3103 1004 3223 1044 esse
3239 1007 3358 1047 non
3377 995 3602 1067 dubito,

1950 1072 2055 1146 qui
2083 1067 2275 1125 verbis
2297 1085 2438 1126 eum
2451 1073 2809 1145 spiritalibus
2822 1073 3144 1132 erudiendo
3161 1084 3514 1150 praemonuit
3528 1103 3602 1142 nc

1951 1159 2103 1216 muti
2133 1158 2293 1213 canis
2333 1161 2811 1222 taciturnitatem
2864 1162 3191 1237 (imitatus),
3233 1171 3602 1241 permitteret

1953 1251 2241 1306 latentem
2272 1247 2820 1319 inimicum,furem
2855 1251 3122 1310 videlicet
3140 1256 3596 1330 diabolum,ani-

1954 1355 2081 1394 mas
2112 1336 2221 1393 sibi
2241 1339 2726 1408 commissorum,
2755 1341 3118 1400 talentumve
3146 1345 3248 1402 Dei
3280 1349 3367 1404 sui
3391 1351 3595 1409 furtim

1953 1427 2300 1501 praeripere:
2336 1428 2443 1483 sed
2463 1431 2522 1483 ut
2552 1445 2654 1484 ore
2681 1431 2996 1502 perpatulo
3021 1434 3386 1505 praedicaret,
3419 1445 3477 1496 et
3500 1441 3596 1514 pia

1957 1515 2148 1573 cordis
2176 1515 2545 1572 confessione
2562 1520 2915 1591 personaret
2930 1518 3220 1577 Christum
3248 1541 3369 1580 esse
3390 1543 3591 1599 regem

1959 1609 2018 1660 et
2045 1603 2484 1660 dominatorem
2519 1605 2816 1672 omnium,
2856 1607 3197 1678 caelestium,
3233 1615 3590 1671 terrestrium

1961 1698 2018 1749 et
2046 1693 2451 1762 infernorum;
2485 1697 2541 1749 et
2563 1697 2626 1748 ut
2647 1693 2840 1765 ipsum
2865 1700 3105 1768 prOpter
3119 1699 3319 1756 sedem
3338 1718 3584 1758 nomen~

1961 1800 2071 1856 que
2130 1782 2450 1853 maiestatis
2487 1800 2626 1851 suae,
2677 1782 2842 1854 prius
2883 1799 2988 1854 pro
3034 1787 3168 1855 suis,
3221 1787 3432 1844 deinde
3476 1800 3582 1860 pro

1960 1873 2310 1944 populorum
2358 1871 2578 1926 delictis
2622 1871 3006 1944 interpellans
3054 1879 3340 1945 exoraret,
3395 1881 3458 1932 ut
3502 1879 3583 1932 eis

244 1958 1108 2033 primiparentis(59)privilegio
1121 1961 1503 2032 regen‘eravit.
1521 1963 1603 2016 Ita
1617 1961 1855 2033 quidem
1888 1952 1940 2012 Β
1959 1961 2086 2033 pius
2113 1964 2487 2033 peccatorum
2518 1959 2828 2016 exstitisset
2849 1959 3127 2029 indultor,
3144 1979 3251 2034 pro
3283 1965 3491 2037 quibus
3520 1982 3580 2020 se

242 2063 372 2118 quae
393 2063 549 2102 nunc
585 2065 808 2104 summo
852 2049 998 2121 regi,
1033 2049 1253 2104 Christo
1285 2049 1551 2105 videlicet
1583 2050 1853 2119 Domino,

243 2150 349 2206 per
361 2152 512 2191 verat
539 2137 672 2191 ﬁdei
685 2137 1042 2209 agnitionem
1052 2180 1065 2206 ,
1081 2154 1296 2210 perque
1310 2137 1490 2193 divini
1502 2138 1717 2193 amoris
1729 2156 1858 2194 am-

243 2225 504 2296 plexum,
531 2227 686 2280 velut
706 2243 913 2297 sponsa
934 2228 1244 2299 conjuncta
1273 2227 1392 2282 viro
1411 2244 1534 2296 suo,
1567 2227 1854 2285 inhaerere

246 2313 501 2368 videtur:
533 2314 656 2369 haec
680 2316 885 2370 eadem
903 2318 1102 2371 sancta
1131 2319 1318 2371 mater
1346 2317 1596 2370 Ecclesia
1615 2316 1674 2371 in
1708 2319 1857 2373 Can—

245 2399 362 2457 tico
393 2403 749 2458 canticorum
777 2406 1021 2460 clamat:
1049 2403 1357 2460 Introduxit
1385 2422 1469 2460 me
1493 2421 1585 2462 rex
1610 2407 1666 2459 in
1697 2407 1856 2463 cubi-

246 2490 442 2545 culum
474 2507 662 2560 suum,
690 2493 1067 2549 ersultabimus
1085 2501 1135 2548 et
1157 2494 1458 2548 letabimur
1483 2497 1538 2548 in
1561 2501 1629 2561 te,
1657 2512 1856 2550 memo-

245 2595 334 2632 res
373 2580 597 2634 uberum
647 2588 858 2636 tuorum
898 2600 1054 2654 super
1089 2583 1312 2638 vinum:
1361 2584 1492 2638 recti
1529 2583 1761 2653 diligunt
1811 2592 1860 2640 te

250 2665 440 2739 (Cant.
471 2685 510 2736 ι,
546 2672 621 2740 3).
649 2670 714 2724 Et
743 2671 952 2726 iterum
972 2691 989 2725 :
1019 2671 1327 2726 Introduxit
1353 2689 1436 2726 me
1465 2688 1565 2727 rex
1585 2675 1641 2726 in
1671 2675 1860 2731 cellam

247 2759 549 2812 vinariam:
601 2758 875 2814 ordinavit
915 2763 978 2816 in
1021 2778 1104 2816 me
1154 2761 1491 2828 charitatem,
1540 2763 1732 2832 fulcite
1779 2780 1862 2818 me

247 2845 496 2913 ﬂoribus,
520 2848 710 2918 stipate
734 2864 814 2904 me
856 2850 1032 2915 malis,
1065 2852 1191 2922 quia
1217 2866 1402 2904 amore
1424 2849 1667 2919 langueo.
1702 2851 1864 2906 Laeva

250 2935 367 3004 ejus
391 2935 489 2989 sub
518 2939 686 3006 capite
709 2955 844 3007 meo,
891 2947 940 2992 et
968 2938 1152 2993 dextra
1183 2937 1327 2992 illius
1356 2939 1754 3009 amplexabitur
1783 2957 1866 2994 me

248 3021 443 3094 (Cant.
476 3040 540 3092 ιι,
563 3026 705 3097 4-6),
735 3029 844 3082 etc.
872 3027 1050 3083 Aliter
1098 3031 1295 3082 autem
1335 3032 1572 3083 autumo
1614 3033 1866 3085 matrem

250 3112 515 3183 ejusdem
530 3114 665 3168 almi
680 3115 1114 3188 pontiﬁcis,regi
1131 3118 1402 3188 praecelso
1415 3120 1472 3172 in
1489 3117 1866 3175 matrimonio

1958 2049 2138 2104 semel
2158 2052 2403 2128 paterno
2419 2063 2629 2119 parens
2650 2051 2945 2119 pracepto
2968 2049 3177 2106 offerre
3204 2068 3321 2106 non
3336 2051 3577 2115 distulit.

2582 2136 2814 2191 CAPUT
2853 2137 2942 2196 VI.

2163 2226 2343 2280 Varia:
2371 2226 2620 2281 visiones.
2647 2223 2998 2296 Pravparatio
3023 2226 3096 2282 ad
3121 2233 3367 2288 mortem.

2031 2318 2118 2372 31.
2141 2315 2235 2370 His
2260 2313 2448 2370 modis
2463 2313 2756 2385 praedictis
2767 2331 2917 2387 saepe
2932 2331 3228 2372 sacrorum
3247 2317 3576 2372 carminum

1959 2402 2360 2460 modulamina
2379 2420 2477 2458 seu
2491 2404 2728 2457 caeteras
2741 2404 2859 2459 Deo
2879 2403 3150 2460 decibiles
3161 2405 3358 2460 laudes
3371 2405 3576 2477 spiritu

1957 2492 2220 2565 pervigili
2248 2509 2315 2547 ex
2345 2490 2552 2547 divinis
2572 2490 2958 2547 imbutoribus
2995 2493 3297 2560 didicerat,
3315 2492 3578 2564 quamvis

1961 2582 2083 2652 ejus
2109 2580 2353 2637 humani
2381 2583 2538 2635 artus
2563 2578 2623 2633 in
2655 2579 2846 2635 somni
2886 2597 3094 2652 sopore
3125 2580 3345 2636 subacti
3361 2579 3578 2650 jacuis-

1962 2673 2111 2738 sent,
2140 2673 2202 2724 ut
2247 2669 2389 2725 illud
2419 2671 2504 2723 est
2533 2667 2890 2723 Salomonis:
2941 2667 3064 2740 Ego
3108 2669 3341 2738 dormio,
3392 2675 3442 2721 et
3482 2683 3580 2723 cor

1963 2775 2141 2813 meum
2164 2757 2356 2827 vigilat
2382 2754 2571 2826 (Cant.
2601 2773 2656 2823 v,
2679 2759 2756 2826 2).
2772 2758 2840 2810 Et
2857 2756 3072 2813 iterum
3104 2757 3392 2829 propheta
3406 2755 3581 2810 Isaias

1966 2845 2073 2901 ait:
2103 2847 2182 2900 De
2203 2847 2371 2900 nocte
2398 2844 2594 2914 vigilat
2617 2843 2850 2914 spiritus
2878 2861 3044 2901 meus
3074 2844 3150 2900 ad
3195 2846 3272 2908 te,
3307 2842 3579 2910 Domine,

1967 2935 2103 3008 quia
2139 2935 2235 2989 lux
2266 2949 2397 2988 mea
2423 2935 2713 3003 praecepta
2731 2936 2833 2988 tua
2855 2937 2989 2988 sunt
3016 2933 3160 3004 (lsai
3182 2946 3340 2997 nm,
3375 2931 3449 3001 9).
3473 2929 3584 2994 Qui

1971 3023 2146 3080 etiam
2157 3022 2220 3078 in
2233 3021 2450 3077 mundo
2464 3020 2702 3092 positus,
2717 3020 2869 3094 ipsos
2879 3021 3130 3079 humani
3148 3017 3588 3091 generisinimi-

1976 3129 2071 3168 cos
2082 3113 2236 3168 claro
2258 3109 2552 3182 conspexit
2563 3109 2794 3178 intuitu,
2809 3114 2874 3165 ut
2892 3109 3249 3168 imminente
3264 3108 3595 3169 miserrima

249 3202 1236 3276 conjunctam,propriipraesulatus
1250 3207 1558 3261 Ecclesiam
1581 3223 1748 3277 posse
1771 3209 1871 3264 de-
1900 3208 1948 3271 C.
1975 3201 2127 3274 regis
2161 3199 2484 3256 Eadmundi
2517 3198 2920 3271 peremptione
2951 3199 3319 3258 declaratum
3345 3203 3450 3257 est.
3494 3202 3595 3260 Hic

248 3290 507 3362 signare,
541 3307 716 3363 quam
745 3294 848 3348 sub
881 3294 1277 3350 manuaaterni
1298 3296 1472 3366 regis,
1497 3295 1704 3351 Christi
1719 3297 1871 3353 vide-

250 3379 391 3434 licet
416 3383 474 3434 et
495 3381 743 3448 Domini,
778 3383 978 3437 matris
1001 3383 1123 3438 vice
1154 3383 1593 3439 custodiendam
1620 3401 1685 3439 ac
1723 3401 1868 3457 pura

251 3467 942 3541 virginitalisintegritate
961 3473 1274 3526 solaturam
1301 3473 1386 3546 (60
1395 3489 1410 3537 )
1433 3478 1784 3546 susceperat,
1808 3477 1872 3530 ut

251 3554 418 3609 idem
438 3555 732 3611 "Dominus
751 3575 855 3629 pro
871 3560 1218 3632 populorum
1237 3561 1472 3633 piaculis
1485 3562 1667 3617 crucis
1687 3563 1746 3618 in
1769 3581 1871 3635 pa-

249 3643 441 3699 tibulo
465 3644 961 3714 afﬂixus,matrem
977 3665 1141 3704 suam
1163 3650 1458 3722 Virginem
1474 3651 1684 3724 virgini
1701 3653 1876 3709 disci-

254 3735 399 3805 pulo
425 3735 873 3790 commendabat
901 3736 1124 3794 dicens:
1169 3739 1310 3793 Ecce
1359 3740 1466 3794 tibi
1494 3740 1552 3794 in
1598 3744 1872 3810 matrem,

252 3838 458 3877 meam
474 3825 772 3881 committo
783 3826 1153 3886 Genitricem.
1166 3829 1406 3884 Turmas
1421 3847 1649 3903 quoque
1665 3833 1877 3888 milita-

259 3928 377 3978 res,
407 3913 531 3983 regi
558 3929 657 3968 suo
687 3915 926 3972 laudum
951 3916 1242 3971 canticum
1270 3919 1605 3974 exsultando
1623 3924 1878 3991 perstre-

262 4003 494 4070 pentes,
523 4019 798 4074 supernos
837 4021 960 4060 esse
1003 4007 1345 4077 angelorum
1381 4007 1549 4076 cives,
1596 4008 1693 4081 qui
1720 4008 1878 4082 quod

263 4089 617 4162 quandoque
646 4091 865 4148 inimici
884 4094 1193 4149 hominum
1208 4095 1280 4150 ob
1294 4096 1721 4152 discordantem
1741 4097 1879 4152 deli-

265 4182 496 4233 ctorum
525 4179 856 4236 distantiam
890 4183 1248 4251 exstiterunt,
1293 4201 1412 4240 non
1458 4185 1686 4255 difﬁde;
1723 4203 1877 4243 nunc

263 4284 428 4335 vero,
451 4269 726 4339 quoniam
743 4271 1060 4327 caelestium
1079 4272 1248 4328 simul
1272 4278 1328 4328 et
1342 4274 1701 4329 terrestrium
1719 4275 1877 4331 inco-

271 4357 360 4410 las
382 4356 440 4411 in
463 4373 639 4412 unam
662 4359 1124 4431 patrisfamiliam
1149 4363 1486 4433 coniunctos
1505 4380 1625 4419 esse
1646 4365 1880 4436 conspi-

272 4445 579 4513 ciunt,Deo
593 4449 711 4520 regi
725 4465 856 4504 vero
872 4449 964 4504 die
975 4453 1263 4523 noctuque
1276 4452 1370 4523 huj
1383 4452 1607 4508 usmodi
1618 4453 1880 4511 carmina

264 4551 480 4590 canere
499 4537 634 4607 {non
678 4537 984 4595 desistunt:
1031 4540 1285 4596 Laudem
1331 4540 1498 4596 dicite
1525 4543 1642 4598 Deo
1675 4546 1876 4599 nostro

265 4639 476 4679 omnes
497 4626 676 4680 sancti
709 4627 851 4698 ejus,
881 4635 938 4682 et
957 4628 1055 4702 qui
1071 4629 1288 4684 timetis
1314 4647 1447 4685 eum
1467 4631 1654 4703 pusilli
1673 4636 1730 4686 et
1755 4650 1874 4688 ma-

259 4713 394 4784 gni,
424 4714 701 4786 quoniam
733 4717 996 4788 regnavit
1013 4719 1290 4773 Dominus
1309 4720 1454 4775 Deus
1469 4723 1665 4775 noster
1687 4721 1878 4776 omni-

257 4805 475 4874 potens
513 4802 572 4856 in
605 4805 765 4871 coelo,
796 4806 1016 4877 pariter
1059 4810 1116 4861 et
1145 4807 1204 4862 in
1237 4810 1422 4864 terra:
1473 4813 1530 4864 et
1570 4813 1881 4882 propterea

260 4891 628 4963 gaudeamus
646 4898 702 4948 et
713 4896 1057 4950 cxsultemus
1071 4899 1127 4950 et
1141 4897 1344 4952 demus
1353 4897 1601 4969 gloriam
1614 4899 1667 4953 ei
1684 4899 1878 4971 (Apoc.

255 4998 381 5047 xxx,
414 4981 650 5053 5).Hanc
667 4984 937 5038 eamdem
953 4985 1201 5057 gloriam
1227 4987 1467 5042 caelestis
1497 4988 1717 5044 militiae
1740 4993 1884 5047 mul-

258 5069 456 5125 titudo
470 5074 606 5126 nato
625 5073 870 5127 Domino
886 5073 1219 5144 decantans,
1238 5075 1295 5130 in
1311 5076 1541 5133 excelsis
1555 5080 1613 5131 et
1644 5077 1702 5132 in
1726 5083 1882 5136 terra

257 5175 473 5233 pacem
487 5159 650 5215 bonas
668 5161 1313 5219 voluntatishominibus
1328 5166 1634 5221 nuntiabat
1648 5167 1879 5235 (Luem,

264 5251 378 5316 14).
402 5249 589 5321 Ipsam
613 5249 881 5322 equidem
897 5268 1120 5323 pacem,
1145 5271 1320 5326 quam
1355 5254 1555 5310 beatus
1575 5257 1880 5326 Apostolus

337 5390 454 5462 (£58)
491 5392 760 5467 Os_bertus
804 5393 1262 5464 prmisedentibus
1294 5398 1488 5453 relatis
1531 5397 1716 5454 addit:
1773 5400 1880 5467 Qui

258 5470 393 5517 ante
422 5480 504 5538 ate
526 5463 588 5538 r1_e
619 5467 729 5517 istis
754 5463 983 5538 scripsit,
1016 5468 1129 5522 vult
1168 5472 1386 5538 mystice
1419 5469 1613 5538 referri
1654 5471 1725 5525 ad
1757 5463 1874 5526 nia-

259 5544 400 5589 trem
428 5533 750 5603 Ecclesium,
785 5533 916 5608 etii,
968 5533 1417 5611 innuens'hujus
1447 5533 1586 5595 Vitae
1635 5541 1876 5615 scripto-

291 5622 415 5661 cm.

258 5625 288 5663 Γ
332 5679 440 5749 (59)
461 5676 831 5755 Rrivilegium
859 5680 953 5755 hic
965 5680 1263 5754 accipitd‘r,
1277 5698 1382 5755 pro
1406 5682 1754 5742 infractione
1775 5702 1876 5743 seu

256 5749 744 5826 praevaricatione
770 5751 932 5822 legis.

556 5867 796 5927 Ρλτιιοῐ..
827 5869 1079 5927 CXXXIX.

1970 3291 2168 3363 itaque
2194 3306 2314 3355 rex,
2339 3289 2479 3344 dum
2509 3303 2641 3342 cum
2671 3287 2786 3342 suis
2832 3290 3092 3361 propriae
3131 3289 3425 3364 dignitatis
3466 3293 3596 3351 loca

1972 3397 2136 3436 more
2167 3378 2333 3435 solito
2355 3377 2753 3433 convivaturus
2773 3379 3337 3455 lustraret,contigit
3363 3384 3424 3440 Β.
3443 3385 3594 3443 Duu-

1972 3472 2136 3526 stano
2163 3468 2349 3523 adhuc
2371 3465 2567 3522 abbati
2593 3465 2858 3537 ejusdem
2877 3467 3039 3538 regis
3057 3468 3333 3527 interesse
3349 3473 3595 3532 comita-

1975 3557 2078 3626 tui,
2120 3557 2193 3612 ad
2218 3555 2518 3627 cujusdam
2568 3554 2834 3626 primarii
2857 3555 3038 3624 ducis,
3084 3561 3284 3631 utpote
3330 3562 3592 3635 Elfstani,

1975 3647 2098 3719 ipso
2139 3647 2195 3701 in
2228 3644 2436 3700 itinere
2464 3643 2795 3715 proximum
2823 3645 3148 3717 (castrum),
3195 3665 3432 3724 esseque
3463 3670 3598 3711 coe-

1977 3739 2268 3809 questrem
2279 3777 2291 3788 .
2308 3734 2378 3787 Et
2392 3749 2522 3789 ecce
2535 3736 2776 3803 repente
2795 3734 3216 3804 progressionis
3227 3737 3380 3794 viam
3396 3756 3595 3798 coram

1977 3841 2037 3880 se
2060 3821 2361 3894 aspiciens,
2383 3821 2525 3876 vidit
2545 3819 2698 3876 inter
2719 3820 2912 3892 regios
2929 3820 3214 3878 tubicines
3231 3824 3591 3885 horrendum

1979 3912 2280 3968 inimicum
2303 3910 2554 3965 ludendo
2567 3909 2861 3964 cursitare.-
2881 3907 3066 3973 Quem
3086 3926 3218 3966 cum
3232 3912 3330 3966 diu
3347 3917 3594 3972 attonite

1977 4002 2176 4058 fuisset
2201 3999 2464 4068 intuitus,
2500 3999 2579 4054 ait
2607 3998 2884 4070 praedicto
2915 3997 3220 4054 comitanti
3237 4015 3444 4058 secum
3473 4005 3596 4075 pri-

1978 4091 2194 4147 mario:
2228 4091 2399 4144 Putas
2429 4092 2508 4157 te,
2535 4087 2618 4143 mi
2644 4088 2870 4156 dilecte,
2901 4085 3103 4152 videre,
3128 4103 3299 4159 posse
3321 4091 3480 4162 quod
3508 4093 3592 4148 vi-

1981 4181 2130 4236 deo?
2157 4178 2365 4233 Atille:
2398 4177 3186 4251 Nihil,inquit,pra2terquod
3209 4183 3593 4250 oportetcon-

1981 4269 2178 4342 spicio.
2204 4268 2271 4322 Et
2298 4267 2422 4322 ille:
2450 4266 2628 4340 Signa
2657 4282 2795 4339 ergo
2828 4265 3042 4321 salubri
3073 4269 3284 4321 sanctas
3305 4268 3488 4324 crucis
3515 4269 3596 4325 si-

1981 4359 2116 4431 gillo
2144 4357 2338 4413 oculos
2365 4356 2650 4429 proprios,
2681 4359 2738 4411 et
2757 4355 2941 4428 proba
2966 4353 3012 4409 si
3045 4355 3200 4426 quod
3221 4353 3385 4412 video
3412 4359 3594 4422 possis

1981 4448 2193 4504 videre.
2215 4445 2462 4518 Cumque
2487 4446 2651 4517 jussu
2665 4444 2818 4500 beati
2841 4443 3021 4499 Patris
3036 4442 3316 4499 Dunstani
3327 4445 3437 4499 levi
3460 4463 3594 4503 san.

1981 4543 2086 4596 ctae
2115 4537 2296 4593 crucis
2319 4536 2696 4610 impressione
2712 4535 2907 4590 oculos
2926 4549 3058 4588 suos
3087 4533 3478 4606 consignaret,
3506 4537 3593 4592 vi-

1980 4627 2248 4695 ditillico,
2272 4625 2432 4698 quasi
2459 4640 2563 4698 pro
2578 4624 2727 4680 tanti
2751 4623 2855 4678 viri
2867 4621 3289 4691 testiﬁcatione,
3311 4624 3590 4682 eumdem

1978 4718 2080 4774 Dei
2106 4721 2163 4773 et
2181 4715 2506 4783 hominum,
2536 4730 2709 4788 quem
2734 4714 2936 4769 beatus
2955 4713 3124 4767 Pater
3143 4711 3382 4782 viderat,
3398 4713 3591 4770 inimi-

1981 4823 2134 4875 cum,
2162 4805 2264 4860 sub
2290 4803 2588 4875 cujusdam
2609 4801 2908 4858 homuncii
2934 4799 3134 4872 nigelli
3157 4801 3346 4872 specie
3372 4803 3590 4859 salien-

1983 4901 2123 4963 tem,
2150 4912 2162 4950 :
2192 4899 2250 4950 et
2270 4911 2405 4950 mox
2415 4909 2481 4948 ex
2501 4891 2775 4947 inimicali
2792 4889 3028 4946 nefandi
3043 4890 3326 4946 daemonis
3343 4891 3590 4950 demon-

1983 4985 2260 5040 stratione
2286 4983 2484 5054 utique
2503 4981 2708 5052 (licuit)
2731 4979 3190 5052 deprehendere,
3205 4979 3398 5052 aliqua
3413 4983 3586 5054 pretii

1983 5072 2300 5130 infortunia
2316 5070 2660 5144 quibusdam
2681 5087 2748 5125 ex
2761 5068 2840 5124 eis
2852 5069 3048 5124 adesse
3069 5069 3287 5138 futura;
3305 5070 3584 5144 factisque

1983 5160 2366 5219 schematibus
2393 5159 2574 5214 crucis
2603 5157 2871 5212 inimicus
2897 5157 3192 5230 disparuit.

2052 5257 2139 5309 32.
2162 5253 2474 5323 Postquam
2495 5251 2689 5304 autem
2711 5247 2782 5304 de
2811 5248 2918 5302 hac
2938 5246 3206 5319 improba
3222 5245 3583 5318 apparitione

2049 5395 2160 5469 (60)
2200 5394 2455 5469 Solatura
2500 5409 2606 5469 pro
2653 5390 2900 5469 solarula;
2932 5406 3069 5469 quae
3101 5387 3313 5469 locutio
3347 5389 3579 5469 (utjam

1978 5459 2202 5524 notasse
2260 5467 2456 5538 potes),
2500 5459 2643 5519 huic
2686 5459 3302 5538 scriptor-{familiaris
3354 5459 3581 5538 videtur

1975 5541 2175 5595 fuisse:
2211 5530 2347 5613 nam
2369 5530 2600 5613 etinfra
2621 5549 2783 5613 num.
2799 5611 2805 5613 _
2821 5533 2886 5586 14
2902 5530 3111 5613 legitur
3129 5538 3439 5613 venaturus,
3470 5533 3580 5593 i.e.

1975 5615 2183 5666 venatu
2204 5609 2516 5682 capiendus
2544 5625 2602 5664 ιι.
2641 5609 2742 5674 18;
2787 5602 3171 5672 tumulaturus,
3207 5603 3246 5661 i.
3287 5621 3341 5663 e.
3385 5608 3580 5660 tumu-

1979 5683 2202 5740 landus.

3268 5867 3336 5922 46
