4012 6180
445 484 573 543 1451

1473 458 1834 520 BRIDFERTI
1901 441 2356 512 RAMESIENSIS
2414 435 2746 511 MONAcm.

3638 450 3752 506 M52

442 601 732 679 conspecti
758 594 1006 655 illusaris
1026 590 1194 668 loqui
1239 588 1611 665 quievissent,
1654 583 1882 659 rogavit
1909 581 2066 637 idem
2098 583 2154 643 Α
2180 576 2466 679 Quoniam
2487 578 2809 679 quidem
2834 575 3346 679 PaterDunstanus
3358 570 3565 679 spiritu
3577 571 3686 679 Dei,
3699 575 3749 629 ιιι

442 676 1081 784 ρτωιὸοιιῐηε-ρνὶηοθρε
1098 685 1225 756 jam
1257 680 1477 780 dictum
1511 677 1615 733 Dei
1644 676 2081 784 viru‘mﬂuatg-

443 766 550 839 bus
570 781 678 838 sibi
706 777 941 833 visionis
966 791 1081 831 suae
1102 771 1330 829 somnia
1348 784 1534 840 nuper
1562 766 1929 838 promulgata
1957 769 2076 824 sal-

444 872 632 928 venda
659 865 1002 924 enexuisset.
1020 862 1171 918 Dixit
1188 874 1442 930 namque
1462 872 1522 911 se
1547 872 1649 927 per
1674 852 1961 908 visionum
1985 854 2079 911 in.

448 961 598 1017 dicia
615 957 818 1013 vidisse
849 954 1244 1009 memoratum
1264 962 1466 1019 regem
1499 960 1633 998 cum
1663 942 1776 996 suis
1799 943 2076 1016 principi-

448 1052 554 1107 bus
565 1045 957 1116 universisque
972 1039 1372 1113 optimatibus,
1387 1035 1557 1090 salita
1574 1050 1638 1088 ex
1657 1032 2076 1089 consuetudine

449 1140 512 1195 in
539 1136 738 1210 palatii
783 1134 869 1190 sui
900 1129 1149 1186 triclinio
1182 1125 1525 1191 consedere;
1546 1124 1603 1177 et
1632 1121 1785 1177 inter
1808 1122 1942 1176 laeta
1962 1121 2072 1176 mi-

453 1209 823 1290 nistrantium
870 1237 933 1277 ac
965 1215 1417 1292 jucundantium
1461 1209 1738 1276 convivia,
1797 1209 2073 1266 eumdem

457 1333 633 1391 quem
656 1313 771 1371 dixi
789 1326 993 1384 regem
1010 1322 1215 1364 somno
1234 1303 1488 1376 sopitum
1502 1300 1863 1356 obdormisse
1883 1314 1897 1353 :
1914 1301 2073 1371 post-

457 1390 571 1480 que
592 1419 830 1476 gravem
851 1394 1216 1455 darmitionis
1232 1409 1348 1449 suae
1369 1390 1678 1456 sarcinam,
1702 1404 1905 1443 omnes
1925 1403 2075 1459 pene

459 1477 749 1568 principes
778 1490 864 1545 vel
896 1486 1183 1559 sapientes
1217 1481 1391 1554 ipsius
1425 1480 1483 1534 in
1521 1477 1710 1531 hircos
1760 1491 2076 1547 caprasque

459 1564 722 1638 humana
735 1578 938 1634 relicta
952 1574 1145 1646 efﬁgie
1159 1564 1675 1627 commutasse.Cui
1687 1564 1993 1620 confestim
2010 1566 2075 1621 Β.

464 1672 791 1728 Dunstanus
817 1662 1155 1737 prophetico
1178 1660 1485 1727 instructus
1506 1652 1735 1725 eloquia
1762 1651 2077 1724 responde-

461 1761 582 1826 bat,
617 1758 841 1812 dicens:
879 1750 1158 1808 Dormitio
1190 1747 1344 1819 regis
1368 1744 1574 1799 martis
1596 1742 1771 1813 ipsius
1798 1740 2078 1796 indicium

2178 667 2260 723 ait
2288 669 2612 739 Apostolus,
2640 667 2924 740 agebatur
2942 666 3115 732 (Rom.
3139 681 3258 731 Vlll,
3282 665 3398 730 14),
3429 660 3631 718 idcirco
3655 662 3755 716 hac

2179 760 2238 810 et
2265 756 2354 810 his
2382 756 2593 812 similia
2620 756 2782 829 quasi
2813 756 2963 812 ﬁlius
2999 754 3099 810 Dei
3142 753 3553 825 prameruerat
3578 753 3754 822 myste-

2179 844 2293 898 ria:
2324 844 2383 900 in
2412 848 2642 900 tantum
2670 861 2901 918 quoque
2930 848 2992 899 ut
3018 842 3282 915 plerique
3303 855 3442 895 eum
3472 841 3758 894 assererent

2177 934 2491 989 vanissima
2509 935 2818 990 verborum
2841 933 3223 989 deliramenta
3233 927 3523 1002 proferre,
3543 926 3669 982 dum
3679 941 3759 981 ore

2177 1022 2518 1093 prophetica
2546 1023 2844 1094 sanctique
2874 1020 3114 1093 Spiritus
3143 1016 3500 1074 imbuitione
3527 1015 3762 1087 perplura

2176 1111 2534 1182 praediceret.
2568 1128 2695 1184 qua:
2735 1112 2937 1183 postea
2964 1108 3139 1182 signis
3178 1103 3620 1162 evidentissimis
3643 1118 3757 1158 con-

2175 1199 2468 1271 speximus
2505 1200 2659 1255 facta
2688 1197 2824 1272 (61).

2248 1290 2335 1343 34.
2378 1287 2476 1342 Hic
2492 1287 2671 1343 etiam
2701 1287 2848 1343 vidit
2873 1291 2931 1343 et
2956 1287 3174 1343 audivit
3191 1286 3316 1342 sine
3343 1282 3643 1357 cujuslibet
3676 1281 3767 1337 dif-

2173 1375 2441 1431 ﬁcultatis
2450 1377 2744 1432 obstaculo
2757 1376 3028 1448 quaedam
3039 1375 3191 1431 mira
3206 1373 3596 1446 spiritualium
3614 1386 3768 1426 secre-

2176 1468 2397 1532 tarum,
2429 1482 2557 1537 quae
2591 1481 2746 1520 nunc
2775 1480 3029 1537 pangam
3056 1464 3357 1536 mysteria.
3382 1463 3523 1517 Erat
3552 1474 3770 1531 namque

2178 1552 2264 1608 vir
2284 1554 2648 1608 venerandus
2676 1554 2734 1609 in
2766 1569 2965 1609 amore
3007 1553 3132 1616 Dei,
3167 1555 3231 1607 ut
3259 1550 3536 1617 diximus,
3573 1563 3770 1620 semper

2179 1657 2449 1697 accensus
2474 1645 2531 1696 et
2561 1646 2874 1713 propterea
2920 1643 3043 1696 loca
3071 1656 3374 1696 sacrorum
3404 1636 3772 1694 cmnobiorum

2181 1732 2254 1785 ob
2308 1730 2640 1785 animarum
2678 1729 3125 1785 aediﬁcationem
3166 1728 3455 1783 circuibat
3509 1724 3769 1781 sollicitus.

464 1814 587 1916 est;
612 1846 768 1919 quod
799 1846 995 1899 autem
1026 1814 1331 1911 magnates
1360 1835 1446 1889 vel
1491 1831 1781 1905 sapientes
1826 1830 1977 1885 illius
2018 1829 2080 1884 in
2113 1903 2161 1919 ἢ
2180 1818 2346 1919 Yenit
2377 1819 2551 1873 etiam
2576 1835 2652 1919 ex.
2673 1818 3025 1919 hacisi‘ilubri
3053 1815 3485 1919 consu‘etud‘ine
3613 1815 3773 1919 12011:“

384 1964 388 1979 ι
465 1901 937 1993 ὦίιίθῗέωίῐηειίει
961 1930 1045 1985 vel
1066 1901 1423 1982 insensibilia
1447 1901 1839 1977 cauimutatos
1868 1917 2080 1985 vidisti,
2111 1903 2162 1963 Β
2183 1908 2565 1975 thermarum,
2600 1907 2696 1962 ubi
2720 1907 2906 1961 calida
2935 1906 3172 1978 lympha
3215 1905 3289 1960 de
3337 1902 3529 1975 abyssi
3554 1901 3773 1993 latibulis

466 2027 726 2081 futurum
750 2025 979 2091 tempus
997 2014 1283 2086 designat,
1314 2012 1373 2067 in
1396 2027 1508 2083 quo
1540 2025 1689 2081 pene
1712 2006 1961 2062 universi
1987 2023 2081 2061 re-

468 2112 660 2188 gionis
690 2111 847 2165 istius
872 2106 1164 2180 principes
1180 2117 1493 2171 rerumque
1517 2101 1770 2153 rectores
1790 2096 2085 2151 voluntate

471 2184 738 2258 ultronea
780 2215 815 2253 a
857 2197 947 2251 via
987 2193 1262 2259 veritatis,
1296 2190 1456 2261 cujus
1502 2186 1608 2259 ipsi
1640 2186 1753 2240 sint
1771 2184 2083 2254 sapientes,

470 2295 754 2362 tanquam
774 2285 984 2342 stolida
1012 2280 1291 2338 animalia
1320 2295 1440 2333 non
1470 2277 1751 2331 habentes
1771 2276 2085 2346 pastorem,

476 2378 815 2436 deviabunt.

548 2498 636 2550 33.
670 2493 765 2546 His
800 2491 883 2545 ita
921 2488 1093 2561 gestis
1132 2485 1206 2540 ad
1231 2483 1415 2539 vicum
1443 2479 1692 2551 regium,
1718 2478 1789 2532 de
1814 2478 1902 2532 his
1927 2493 2088 2532 sem-

476 2599 582 2656 per
608 2579 1082 2641 sermociuantes,
1108 2573 1513 2647 pervenerunt.
1555 2568 1839 2638 Factaque
1860 2565 1973 2620 diei
2007 2565 2091 2636 ip-

475 2653 591 2728 sius
619 2669 950 2743 crepuscula
978 2664 1122 2719 vidit
1156 2662 1367 2716 iterum
1411 2657 1498 2712 vir
1537 2655 1639 2711 Dei
1671 2657 1996 2711 Dunstanus
2025 2653 2085 2707 in

474 2742 800 2831 vespertino
831 2754 984 2827 regis
1015 2748 1271 2807 convivio
1316 2745 1591 2802 eumdem
1629 2744 1717 2799 vel
1747 2742 2086 2814 quempiam

475 2830 652 2904 alium
669 2841 1157 2910 inimicum,inter
1168 2837 1605 2908 frequentantes
1617 2831 1912 2886 ministros
1924 2830 2090 2885 ober-

471 2940 722 2992 rantem.
740 2932 980 2998 Deinde,
1003 2928 1062 2984 ni
1078 2927 1405 2998 fallor,post
1419 2922 1698 2988 triduum,
1716 2920 1840 2992 ipsa
1855 2932 2086 2991 quoque

473 3025 565 3081 die
596 3040 710 3097 quo
741 3039 839 3078 rex
853 3020 981 3091 jam
1005 3016 1187 3073 dictus
1215 3014 1370 3069 ferro
1390 3012 1580 3066 fuerat
1600 3008 1922 3081 periturus;
1948 3005 2089 3061 vidit

472 3094 643 3170 tertie
657 3110 972 3184 quemdam
985 3107 1271 3179 ignotum,
1289 3102 1494 3173 ignora
1511 3098 1749 3171 quidem
1767 3094 2089 3151 utrum'ini-

472 3201 828 3263 micabilem,
861 3213 961 3252 seu
990 3194 1167 3251 etiam
1209 3189 1527 3263 spiritalem
1568 3186 1778 3253 virum,
1809 3199 2086 3256 magnam

472 3294 670 3346 tamen
702 3286 940 3360 prolixa:
969 3282 1243 3339 chartulae
1265 3277 1537 3332 rotellam
1568 3275 1831 3328 in-manu
1860 3275 2090 3344 gestan-

471 3382 617 3447 tem,
635 3376 860 3431 densim
880 3372 1140 3444 apicibus
1158 3365 1567 3435 conscriptam,
1586 3379 1654 3417 ea
1672 3361 2091 3415 videlicettem-

474 3464 632 3538 paris
681 3464 983 3519 momento
1031 3473 1145 3530 quo
1185 3452 1659 3509 rexamissarum
1678 3447 2086 3516 celebratione,

475 3536 787 3608 novissima
812 3546 1100 3621 potiturus
1125 3540 1408 3608 convivio,
1424 3538 1499 3594 ad
1533 3537 1725 3592 aulam
1747 3552 1925 3608 usque
1943 3536 2093 3590 redi-

473 3640 595 3696 bat.
625 3638 810 3703 Quem
841 3651 975 3689 cum
1005 3631 1394 3701 interrogaret
1422 3626 1549 3699 quis
1579 3628 1746 3692 esset,
1790 3623 2091 3694 respondit

476 3744 614 3783 vace
645 3723 926 3782 Saxonica
951 3739 1010 3776 se
1040 3738 1108 3775 ex
1156 3716 1403 3773 Orientis
1434 3714 1598 3787 regni
1649 3712 1908 3786 partibus
1947 3729 2089 3781 esse,

480 3833 653 3890 seque
684 3831 803 3870 una
817 3828 949 3868 cum
964 3825 1123 3880 rege,
1139 3805 1407 3880 quaedam
1421 3802 1693 3876 nuptialis
1704 3802 1863 3857 verbi
1876 3801 2091 3856 habere

479 3889 720 3962 secreta.
748 3905 800 3958 Is
820 3902 962 3958 dum
978 3901 1128 3954 esset
1145 3894 1270 3967 regi
1294 3892 1611 3959 nuntiatus,
1645 3894 1816 3963 atque
1855 3889 1916 3945 in
1944 3889 2095 3946 illius

478 3994 854 4068 praesentiam
882 3984 1415 4061 supervenientium
1433 3998 1599 4038 more
1613 3979 1806 4035 induci
1832 3979 2093 4048 deberet,

479 4098 769 4156 nusquam
789 4076 1096 4153 apparuit:
1120 4073 1464 4142 sedeodem,
1485 4070 1634 4145 proh
1664 4069 1863 4124 dolori
1894 4068 2007 4136 die,
2032 4071 2097 4123 ut

483 4173 750 4240 diximus,
776 4183 994 4225 amarae
1025 4163 1230 4221 mortis
1245 4161 1549 4227 acerbitas,
1571 4173 1676 4229 per
1696 4157 1872 4213 sicam
1888 4156 2097 4230 perﬁdi

483 4261 747 4328 latronis,
772 4254 1095 4332 penetralia
1123 4251 1313 4308 cordis
1342 4248 1518 4323 ipsius
1538 4249 1786 4303 latenter
1814 4245 2093 4302 introivit.

483 4352 625 4407 Ecce
657 4349 817 4405 enim
847 4360 1025 4418 quam
1052 4345 1280 4397 mature
1306 4339 1376 4395 de
1388 4354 1526 4409 rege
1546 4336 1699 4392 beati
1724 4334 1824 4390 viri
1840 4335 2097 4389 claruere

485 4432 789 4511 praesagia.
840 4437 922 4489 De
970 4428 1325 4503 principibus
1355 4428 1550 4482 autem
1576 4442 1695 4480 non
1725 4423 1833 4479 nisi
1846 4423 2099 4495 Eadwigi
2120 4443 2174 4504 D

486 4524 641 4597 regis
676 4520 1054 4593 temporibus,
1103 4516 1150 4571 si
1177 4533 1276 4571 rex
1312 4515 1444 4586 jure
1488 4515 1663 4585 queat
1701 4511 1979 4584 appellari
2000 4511 2099 4584 qui

488 4628 597 4669 nec
620 4626 741 4666 sese
773 4625 878 4665 nec
909 4606 1053 4661 alios
1080 4620 1338 4677 quosque
1368 4603 1516 4659 bene
1563 4604 1809 4670 rexerat,
1838 4604 2094 4673 patuere.

507 4740 519 4746 ’
565 4749 879 4824 (61lAliam
903 4748 1007 4804 sub
1030 4746 1254 4824 Edgaro
1280 4762 1439 4824 rege,
1462 4744 1676 4824 factam
1701 4742 2098 4824 visionemre-

490 4814 606 4882 fert
636 4823 907 4878 Osbertus
924 4814 1322 4890 apudS'urinm
1350 4814 1440 4871 his
1464 4815 1687 4869 verbis:
1722 4815 1852 4868 Alio
1866 4814 2100 4890 quodam

494 4903 721 4965 tenuiore
748 4909 845 4946 rex
884 4893 940 4944 in
961 4887 1048 4965 die
1083 4889 1371 4965 Dominica
1412 4903 1567 4941 mane
1620 4893 1867 4965 venatum
1902 4887 2017 4955 ivit,
2051 4891 2101 4940 et

493 4960 861 5030 Dunstanum,
887 4963 984 5033 qui
1010 4967 1133 5033 tunc
1172 4960 1306 5033 forte
1328 4976 1503 5033 secum
1522 4966 1656 5027 erat,
1679 4960 1893 5012 missam
1922 4974 2095 5027 suam,

494 5040 657 5096 donec
700 5030 912 5091 veniret
940 5032 1154 5100 diferre
1189 5032 1402 5100 petivit.
1451 5030 1934 5100 Appropinquante
1968 5046 2099 5100 ergo

497 5110 626 5166 hora
656 5110 835 5175 tertia,
868 5106 953 5159 vir
980 5098 1083 5155 Dei
1111 5100 1180 5153 ad
1190 5098 1477 5175 ecclesiam
1496 5098 1769 5170 procetliﬁ
1798 5108 1846 5154 et
1885 5098 2101 5153 indutas

496 5185 659 5239 sacris
704 5173 950 5244 vestibus,
984 5188 1177 5244 regem,
1223 5174 1357 5224 sicut
1399 5173 1447 5224 ei
1479 5175 1824 5244 promiserat,
1865 5179 2097 5240 expecta.

501 5255 608 5309 bat.
640 5252 835 5310 Slabal
881 5242 1003 5318 ergo
1051 5243 1241 5318 c_ubitis
1287 5243 1499 5318 innixus
1539 5242 1718 5318 altari,
1751 5244 2001 5318 orationi
2040 5260 2102 5296 ac

496 5325 753 5395 lacrymis
782 5313 1008 5395 deditas.
1050 5315 1191 5395 Tum
1219 5313 1391 5395 subito
1437 5329 1618 5395 sopore
1657 5313 1835 5366 leviter
1866 5329 2099 5395 pressas,

495 5400 555 5453 in
606 5383 791 5450 calum
844 5392 1054 5462 rapitur
1065 5415 1080 5455 ,-
1124 5392 1175 5440 et
1226 5385 1403 5462 beati:
1435 5384 1770 5462 angelarana
1802 5383 2101 5462 agminibus

494 5468 798 5531 associatus,
817 5455 967 5517 audit
995 5477 1076 5514 eos
1107 5473 1325 5512 summa:
1352 5455 1632 5531 Trinitati
1658 5456 1721 5531 in
1751 5455 1962 5531 laudern
1984 5472 2098 5531 mo-

492 5539 690 5594 dulatis
714 5525 927 5591 vocibus
966 5532 1334 5587 decantantes:
1378 5526 1547 5598 Kyrie
1586 5525 1821 5598 eleison,
1876 5526 2097 5598 Christe

488 5610 727 5675 eieisan,
761 5604 1213 5678 Kyrie_eleisan._
1233 5595 1478 5667 Quorum
1503 5595 1785 5678 meladialn
1816 5597 2096 5651 caelestium

484 5666 866 5749 contemplatbr
893 5676 1121 5739 edoctus,
1141 5672 1213 5726 ad
1236 5666 1289 5726 se
1320 5687 1558 5749 reversus
1588 5674 1682 5724 est.
1708 5666 1784 5720 Et
1803 5682 2085 5749 conuersas

482 5751 553 5807 ad
609 5738 727 5804 subs
765 5750 1061 5815 interrogat
1096 5738 1254 5798 reme
1288 5743 1514 5815 venerit,
1554 5759 1629 5795 an
1684 5739 1831 5794 non?
1860 5738 1941 5794 At
1992 5739 2087 5794 ubi

473 5836 601 5884 cum
619 5818 859 5876 nondum
880 5813 1079 5875 venisse
1091 5816 1311 5889 accepit,
1347 5813 1420 5871 ad
1449 5830 1573 5870 suas
1592 5827 1777 5888 preces
1812 5825 1925 5869 sese
1954 5825 2076 5865 con-

660 6028 829 6063 Δ

2184 1996 2456 2069 guttatim
2485 1996 2819 2067 vaporando
2837 1994 3059 2057 ebullit,
3076 2010 3253 2067 quem
3270 1993 3487 2048 incolae
3500 1993 3681 2047 locum
3691 1990 3776 2044 sub

2186 2088 2429 2157 paterna
2460 2085 2659 2156 lingua
2689 2084 2935 2139 Bathum
2978 2085 3093 2155 (62)
3132 2081 3285 2138 soliti
3324 2084 3468 2137 sunt
3497 2080 3776 2153 appellare.

2187 2174 2255 2227 Et
2278 2190 2411 2228 cum
2440 2173 2660 2228 ibidem
2686 2173 2758 2227 ab
2776 2172 3036 2244 ejusdem
3056 2171 3167 2226 laci
3179 2170 3464 2226 fratribus
3477 2166 3780 2224 cbaritative

2185 2266 2479 2333 susceptus
2506 2261 2815 2332 deguisset,
2839 2261 2981 2316 vidit
2995 2263 3124 2332 post
3142 2259 3377 2332 prandii
3398 2260 3606 2314 horam
3625 2257 3780 2327 cujus-

2189 2350 2327 2406 dam
2368 2349 2747 2405 scholasticuli
2776 2366 2844 2403 ex
2886 2348 3189 2404 Glastaniie
3221 2346 3497 2403 caenabia
3529 2345 3783 2412 animam,

2188 2440 2262 2494 ad
2275 2441 2551 2495 caelorum
2566 2436 2854 2505 sublimia,
2869 2438 2943 2492 ab
2956 2434 3175 2507 angelis
3189 2436 3290 2490 Dei
3302 2451 3443 2489 cum
3457 2436 3780 2506 hymnorum

2186 2529 2451 2584 laudibus
2464 2527 2829 2600 deportatam
2852 2542 2920 2580 ac
2942 2525 3170 2596 magnis
3195 2522 3783 2595 supernorumcivium

2186 2616 2465 2690 exsequiis
2481 2617 2617 2672 hinc
2628 2619 2686 2671 et
2702 2616 2839 2672 inde
2856 2616 3152 2687 stipatam.
3169 2613 3342 2669 Venit
3361 2614 3565 2669 autem
3582 2613 3784 2683 postera

2187 2707 2303 2775 die,
2326 2706 2486 2779 quasi
2518 2706 2593 2761 ad
2616 2704 2785 2775 huius
2827 2703 2993 2759 miras
3041 2702 3277 2758 visionis
3310 2701 3782 2764 testiﬁcationem,

2186 2796 2425 2868 quidam
2468 2811 2500 2850 e
2538 2793 2799 2866 predicto
2844 2791 3107 2848 coenobio
3150 2790 3530 2864 praepositus,
3574 2787 3785 2843 nomine

2187 2884 2496 2955 Ceolwyus,
2555 2883 2753 2938 valens
2798 2880 3121 2937 monastiea
3187 2879 3441 2934 consilia
3500 2889 3785 2947 causasque

2183 2972 2433 3028 fratrum
2453 2987 2689 3027 suorum
2728 2986 2859 3025 cum
2893 2968 3167 3041 pontiﬁce
3196 2968 3425 3041 pariter
3450 2983 3616 3023 more
3638 2964 3783 3021 solito

2187 3065 2442 3134 captare.
2471 3061 2627 3115 Hunc
2645 3058 2742 3114 ille
2771 3055 3208 3113 demonasterio
3227 3056 3596 3122 venientem,
3615 3051 3785 3107 statim

2189 3154 2319 3220 post
2349 3150 2547 3204 datam
2576 3147 3069 3209 benedictionem,
3097 3143 3363 3212 sollicite,
3393 3145 3442 3199 si
3461 3143 3787 3200 amniaeum

2119 3214 2166 3277 α
2187 3214 2462 3294 fratribus
2488 3236 2601 3292 suis
2637 3238 2829 3291 essent
2864 3250 3164 3306 prospera,
3197 3232 3621 3305 interrogavit:
3652 3230 3788 3300 isque

2189 3332 2443 3383 mortem
2489 3325 2653 3398 pueri
2696 3324 2920 3379 minine
2970 3322 3451 3393 comminiscens,
3520 3317 3791 3393 respondit

2189 3417 2454 3472 universa
2475 3416 2579 3471 sub
2596 3413 2946 3486 integritatis
2975 3412 3252 3485 sospitate
3266 3413 3451 3469 fuisse
3482 3411 3790 3468 constituta.

2188 3506 2261 3560 At
2282 3505 2377 3560 ille
2407 3520 2676 3559 sermone
2694 3502 2986 3570 modesto,
3001 3501 3283 3574 quoniam
3304 3500 3571 3574 propriae
3589 3497 3793 3555 visionis

2190 3594 2380 3649 fuerat
2406 3593 2725 3648 admodum
2770 3590 3155 3664 perspicacior
3200 3590 3334 3645 illo:
3389 3591 3525 3646 Non
3561 3592 3792 3651 autumo,

2190 3682 2401 3755 inquit,
2441 3681 2639 3737 omnia
2676 3679 2831 3753 apud
2860 3695 3063 3735 omnes
3093 3677 3376 3734 humanis
3415 3679 3481 3734 in
3508 3674 3796 3733 excessibus

2191 3772 2317 3828 fore
2328 3769 2722 3842 profutura.Et
2735 3768 2830 3823 ille
2848 3783 2861 3822 :
2878 3767 3023 3822 Sunt
3034 3765 3313 3838 equidem
3330 3767 3546 3822 omnia
3565 3765 3794 3835 ,excepto

2194 3861 2351 3934 quod
2390 3861 2602 3914 nostra),
2623 3855 2910 3914 societatis
2956 3856 3232 3929 puerulus
3271 3856 3563 3912 hesterna
3600 3854 3687 3911 die
3712 3850 3793 3907 sub

2192 3951 2459 4022 tempore
2487 3945 2816 4003 meridiana
2843 3959 3047 4001 necem
3075 3943 3489 4000 inevitabilem
3522 3939 3793 4000 moriendo

2194 4038 2441 4093 subibat.
2474 4036 2592 4091 Hoc
2631 4037 2739 4099 est,
2777 4032 2968 4106 inquit
3008 4034 3242 4089 sanctus
3285 4033 3623 4107 episcopus,
3668 4025 3796 4103 quod

2196 4126 2333 4183 dixi.
2376 4124 2715 4198 Requiescat
2756 4121 2894 4178 felix
2964 4122 3197 4194 spiritus
3249 4122 3463 4194 ipsius,
3508 4120 3798 4179 secundum

2194 4215 2477 4271 visionem
2505 4216 2787 4281 nostram,
2808 4212 2869 4267 in
2900 4226 3061 4285 pace.

2271 4307 2359 4360 35.
2382 4306 2598 4359 Iterum
2619 4305 2815 4357 autem
2836 4300 2977 4356 dum
2996 4299 3239 4372 proprio
3261 4300 3689 4359 immoraretur
3700 4311 3802 4353 meo

2199 4392 2473 4460 nasteria,
2486 4392 2594 4446 hoc
2608 4394 2694 4445 est
2710 4389 3035 4459 Glastoniaa,
3051 4389 3400 4446 ambulabat
3411 4390 3577 4446 idem
3593 4386 3799 4445 erilium

2201 4480 2409 4538 Gbristi
2430 4481 2608 4536 solers
2623 4478 2918 4551 praevisar,
2939 4493 3073 4533 cum
3093 4477 3407 4550 quodlibet
3421 4479 3682 4551 ejusdem
3693 4490 3802 4531 mo.

2203 4570 2438 4627 nasterii
2451 4569 2761 4636 monacho,
2784 4567 2856 4623 de
2867 4567 3043 4623 domo
3059 4565 3118 4621 in
3133 4560 3669 4635 domum,fratrum
3679 4575 3799 4635 quo-

2203 4676 2315 4734 que
2335 4657 2736 4715 communium
2770 4654 3069 4728 pabularia
3094 4670 3199 4710 seu
3238 4657 3463 4712 caetera
3486 4652 3801 4712 earumdem

2200 4812 2389 4868 vertit.
2418 4809 2692 4882 Factaque
2716 4824 2834 4882 non,
2865 4804 3062 4882 grandi
3103 4806 3421 4882 intervallo,
3451 4808 3799 4882 iterumeztm

2199 4901 2253 4939 se
2298 4883 2506 4949 ductus,
2565 4874 2772 4936 «adivit
2814 4874 2882 4932 iii
2918 4877 3058 4932 catis
3103 4877 3333 4932 altisona
3378 4874 3515 4934 vace
3559 4877 3693 4949 dici:
3736 4874 3800 4926 lle

2204 4956 2377 5010 missa
2406 4947 2509 5007 est.
2534 4952 2628 5007 Ad
2654 4949 2797 5024 quod
2824 4950 3097 5024 cum,Dea
3129 4950 3371 5024 gratias,
3406 4947 3800 5024 responderetur.

2205 5032 2530 5081 accurrentes
2567 5020 2745 5077 clerici
2780 5022 2937 5089 regis,
2976 5035 3150 5089 regem
3198 5020 3380 5075 adesse
3434 5020 3797 5089 vociferantur,

2202 5096 2521 5152 sacerdotem
2552 5102 2611 5149 ut
2636 5094 2980 5164 festinantius
3005 5093 3225 5146 missam
3239 5092 3493 5164 celebret,
3529 5091 3799 5164 obsecram-

2202 5169 2282 5223 At
2312 5167 2404 5223 ille
2433 5183 2609 5223 versus
2635 5159 2701 5219 ab
2721 5164 2903 5230 altari,
2934 5165 3149 5216 missam
3179 5179 3233 5216 se
3259 5163 3461 5219 habere
3479 5159 3799 5234 pronuntiat,

2202 5247 2253 5293 et
2273 5240 2440 5293 aliam
2472 5255 2525 5292 se
2553 5254 2614 5290 ea
2635 5237 2718 5290 die
2745 5234 3136 5289 celebraturum
3169 5234 3429 5303 abnegat.
3462 5232 3797 5304 Depositisgue

2204 5310 2428 5366 vestibus
2454 5311 2639 5372 sacris,
2672 5326 2704 5362 a
2741 5322 2849 5361 suis
2877 5305 2941 5358 de
2973 5322 3026 5359 re
3055 5302 3384 5375 inquiritur:
3426 5302 3573 5377 quod
3609 5302 3797 5377 latebat,

2204 5383 2457 5452 aperitur.
2505 5379 2595 5433 Ex
2623 5371 2732 5433 ’hoc
2772 5379 2957 5452 itaque
2996 5371 3206 5445 sumpto
3248 5371 3519 5452 sermone,
3558 5389 3718 5452 regem
3752 5371 3796 5448 ξπ

2200 5444 2379 5507 diebus
2408 5451 2708 5506 Dominicis
2749 5444 2991 5517 deinceps
3031 5464 3063 5499 α
3102 5444 3297 5501 uenatu
3314 5444 3626 5517 prohibuit:
3649 5444 3797 5517 liyrie

2202 5525 2417 5579 eleison
2450 5540 2589 5589 vero,
2630 5521 2771 5594 quad
2808 5522 2868 5594 in
2896 5515 3185 5594 clelestibus
3229 5515 3459 5594 didicit,
3488 5515 3797 5594 msdmnt,

2201 5596 2357 5668 idque
2384 5584 2655 5668 multisiﬂ
2686 5592 2812 5668 locis
2842 5590 3001 5645 hodie
3026 5597 3212 5645 sancta
3241 5589 3496 5645 Ecclesia
3529 5592 3662 5645 inter
3686 5584 3796 5639 mis-

2192 5665 2375 5722 sarum
2397 5666 2657 5721 solemnia
2686 5665 2853 5718 canit.

2258 5740 2364 5809 (62)
2394 5735 2570 5809 Bal/ie
2587 5752 2686 5792 seu
2714 5734 2992 5792 Bethania
3025 5732 3165 5809 urbs
3216 5731 3469 5789 celebris
3511 5733 3573 5789 et
3597 5725 3795 5803 episco-

2182 5809 2328 5881 palis
2351 5806 2416 5865 in
2446 5808 2893 5867 Somersettensi
2917 5806 3233 5867 comitatu.
