4012 6180
271 503 404 565 i453
1505 497 1662 555 Vl'l‘A
1691 495 1898 580 sum

1999 491 2364 552 DUNSTANI.
3495 517 3516 571 ί
3526 515 3638 578 45‘

265 624 1050 695 necessariaconsideratum.
1075 625 1145 680 Et
1173 625 1310 680 dum
1340 624 1658 680 remeando
1701 639 1870 678 cons-
1902 616 2271 692 Aquoniam
2318 617 2440 674 vias
2477 621 2720 695 justitiae
2771 621 3116 695 ambulavit,
3160 629 3454 706 suscipere
3510 657 3640 700 me-

268 716 444 789 pectis
473 714 645 787 copiis
674 715 901 770 veniret
931 714 1004 768 ad
1051 713 1430 769 occidentalia
1474 713 1728 784 antiquae
1773 713 1874 766 Ec-
1979 710 2216 766 ruerat.

270 804 448 859 clesiaa
476 804 722 870 climata,
756 802 976 857 audivit
1001 801 1229 856 eminus
1270 818 1473 856 vocem
1502 801 1720 856 caelitus
1749 800 1876 855 ino-
2065 799 2156 851 37.
2202 796 2365 851 Nunc
2398 818 2564 875 ergo,
2595 801 2888 875 quoniam
2916 803 3186 864 universa
3213 810 3506 873 bonorum
3541 837 3634 878 ac-

272 893 464 966 pinato
486 893 677 948 omine
707 891 1055 959 immissam,
1090 907 1218 962 quae
1263 907 1458 945 secum
1509 890 1878 944 incedentem
1985 891 2160 942 tuum
2193 901 2437 943 suorum
2470 892 2768 958 exercitia,
2807 891 2853 944 si
2887 891 2978 947 die
3004 901 3377 971 noctuquein
3404 922 3636 966 summa

273 981 617 1040 monachum
639 981 713 1035 ad
735 981 994 1035 caelestes
1021 978 1252 1034 delicias
1276 979 1493 1067 blando
1521 978 1625 1033 sub
1649 977 1878 1067 eloquio
1988 973 2397 1067 meditationis
2451 980 2797 1050 sagacitate,
2832 997 3045 1039 somno
3081 990 3330 1045 naturali
3356 994 3632 1067 privatus,

275 1067 622 1135 invitaverat,
655 1068 856 1122 dicens
885 1085 899 1123 ε
924 1068 1088 1135 Veni,
1119 1067 1270 1134 veni,
1290 1066 1552 1138 1511:5133,
1588 1065 1717 1120 veni
1756 1081 1768 1119 :
1804 1064 1881 1118 sic
1986 1065 2371 1128 immorarer,
2398 1083 2629 1139 nequeo
2659 1070 2980 1140 explanare
3009 1089 3279 1147 ;zequum
3294 1081 3492 1139 tamen
3513 1064 3633 1142 esse

275 1157 428 1210 enim
451 1159 598 1232 erat,
626 1160 686 1210 ut
714 1156 945 1227 opinor,
966 1156 1226 1226 ejusdem
1245 1155 1437 1209 fratris
1458 1171 1704 1209 nomen.
1725 1153 1882 1206 Tunc
1988 1151 2246 1209 arbitror
2271 1155 2336 1206 ut
2368 1169 2442 1208 ea
2472 1157 2681 1211 saltem
2704 1174 2839 1228 quae
2866 1162 2950 1213 vel
2979 1169 3216 1232 egomet
3229 1165 3341 1222 vidi
3359 1171 3446 1225 vel
3468 1174 3629 1228 audi-

278 1247 472 1300 Beatus
500 1245 583 1298 vir
612 1244 806 1299 meriti
833 1244 1055 1299 clientis
1083 1244 1167 1297 sui
1199 1239 1880 1298 advocationemintelli-
1985 1241 2066 1309 vi,
2094 1240 2258 1333 justa
2307 1241 2415 1295 Dei
2460 1244 2875 1300 admonitione
2928 1247 3272 1323 stimulatus,
3309 1273 3416 1328 pro
3461 1277 3628 1333 posse

274 1351 430 1406 gens,
463 1333 641 1388 dixit:
681 1334 954 1388 Accelera
983 1349 1122 1404 ergo
1159 1331 1408 1401 fortiter,
1457 1331 1664 1397 frater,
1703 1345 1884 1401 appa—
1986 1328 2286 1385 charitatis
2313 1331 2591 1387 enodem.
2623 1333 2770 1388 Huic
2789 1328 3503 1405 etenim,dumtaediosum
3519 1350 3629 1406 hu-

274 1438 397 1477 rare
427 1425 482 1476 te
513 1421 879 1493 quantocius;
914 1420 1191 1492 quoniam
1220 1419 1420 1475 diebus
1449 1417 1762 1485 citissimis,
1790 1433 1882 1472 vo-
1980 1419 2076 1490 jus
2128 1417 2259 1471 vitae
2311 1417 2634 1476 incolatum
2686 1421 2981 1479 laboriose
3027 1426 3286 1498 incoluit,
3327 1449 3624 1493 summum

275 1513 430 1565 catus
458 1526 491 1564 a
522 1510 790 1566 Domino,
815 1510 886 1564 ab
912 1509 1083 1578 hujus
1106 1507 1311 1563 mundi
1351 1506 1552 1563 scoriis
1599 1505 1884 1578 migrahis
1987 1505 2246 1562 studium
2270 1504 2383 1560 fuit
2415 1511 2478 1561 ut
2502 1508 2775 1564 videlicet
2806 1512 2984 1567 sacris
3009 1513 3066 1568 in
3093 1517 3451 1575 orationibus
3473 1527 3532 1577 et
3561 1525 3620 1580 in

276 1599 347 1653 ad
375 1599 582 1670 ipsum.
612 1598 775 1663 Quod
809 1598 1046 1671 quidem
1077 1597 1276 1652 ‘diebus
1322 1614 1442 1652 non
1493 1597 1639 1651 adeo
1685 1595 1884 1649 multis
1987 1594 2270 1651 Davidicis
2305 1595 2512 1651 decem
2565 1598 2926 1653 chordarum
2976 1604 3312 1672 psalmodiis
3345 1608 3475 1681 jugi
3503 1611 3622 1666 fre-

274 1687 621 1760 interpositis
649 1687 729 1742 ita
755 1687 826 1741 de
853 1703 944 1754 eo,
977 1691 1040 1741 ut
1086 1685 1452 1757 praedixerat,
1487 1684 1775 1757 probabili
1801 1684 1886 1738 in-
1989 1684 2227 1757 quentia
2253 1683 2568 1752 insisteret,
2603 1689 2706 1740 aut
2736 1686 2793 1740 in
2822 1687 3031 1758 vigiliis
3073 1709 3309 1749 suavem
3343 1713 3617 1754 somnum

277 1776 460 1831 diculo
492 1775 869 1848 adimpletum
894 1779 1000 1830 est.
1027 1776 1108 1829 De
1129 1774 1338 1828 hincin
1362 1775 1572 1829 eodem
1591 1775 1716 1828 loco
1741 1790 1888 1845 qua-
1989 1773 2318 1846 superando
2351 1777 2731 1844 pernoctaret
2763 1776 3026 1844 assiduis,
3057 1784 3157 1834 aut
3188 1781 3244 1836 in
3276 1784 3615 1841 ecclesiasti-

276 1865 498 1919 dratam
527 1865 757 1937 paribus
797 1864 1024 1935 angulis
1073 1863 1372 1917 ecclesiam
1404 1862 1464 1916 in
1504 1863 1749 1917 modum
1799 1862 1884 1917 fa-
1989 1863 2066 1918 cis
2092 1862 2346 1917 fervidus
2376 1879 2609 1935 semper
2630 1863 2936 1918 insudaret
2953 1868 3183 1937 operari
3207 1870 3614 1942 operibus;aut

276 1955 508 2008 nunculi
537 1958 863 2008 construere
884 1953 1076 2022 jussit,
1102 1956 1159 2028 et
1183 1954 1575 2007 constructam
1607 1951 1666 2006 in
1695 1952 1883 2006 hono-
1911 1955 1963 2016 B
1987 1951 2165 2006 etiam
2196 1952 2511 2007 mendosos
2539 1953 2743 2021 libros,
2778 1954 2918 2008 dum
2949 1955 3203 2026 primam
3230 1958 3471 2013 orientis
3495 1960 3611 2016 diei

276 2060 401 2098 rem
428 2043 565 2098 almi
595 2042 859 2115 Baptistae
878 2042 1114 2097 Joannis
1143 2041 1463 2096 honoriﬁce
1504 2040 1883 2096 consecravit.

278 2133 323 2187 Ο
355 2148 633 2204 magnum
666 2131 898 2202 gloriosi
921 2131 1178 2201 praesulis
1207 2130 1505 2193 meritum,
1540 2129 1637 2200 qui
1671 2129 1888 2184 meruit

277 2221 470 2276 vivens
497 2221 690 2275 videre
723 2220 1069 2291 angelorum
1097 2219 1363 2286 visiones,
1397 2235 1678 2290 vocesque
1707 2219 1888 2274 mira-

280 2310 427 2365 biles
455 2310 795 2364 eorumdem
829 2307 1028 2363 audire
1065 2307 1078 2360 l

355 2401 440 2452 36.
473 2397 609 2451 Huic
631 2397 801 2468 igitur
825 2397 963 2451 dum
990 2398 1049 2450 in
1082 2395 1316 2468 propria
1345 2397 1684 2467 praesulatus
1709 2396 1794 2451 sui
1817 2397 1890 2451 ci-

282 2486 454 2542 vitate
476 2485 904 2552 commanebat,
920 2488 1131 2539 sanctae
1152 2485 1586 2540 consuetudinis
1609 2485 1764 2540 inter
1785 2502 1889 2540 cae.-

279 2579 406 2630 tera
418 2574 832 2629 sublimitatum
854 2573 1040 2628 studia
1057 2573 1183 2639 fuit,
1205 2585 1265 2626 ut
1286 2573 1343 2626 in
1361 2573 1594 2627 secretis
1627 2574 1888 2629 noctium

281 2663 640 2734 temporibus
677 2661 782 2732 (63)
816 2665 1012 2716 sancta
1041 2662 1188 2728 loca,
1213 2664 1453 2731 propter
1477 2660 1889 2716 multimodam

285 2752 630 2825 populorum
649 2751 724 2805 ad
736 2766 794 2803 se
814 2750 1169 2804 venientium
1193 2750 1592 2816 inhmsionem,
1607 2751 1694 2804 vel
1711 2751 1890 2807 etiam

285 2840 530 2895 aliorum
559 2840 874 2894 multorum
923 2839 1384 2908 occupationem,
1416 2842 1612 2892 sancta
1659 2856 1892 2912 semper

286 2927 608 3001 psalmodia
636 2927 996 2981 decantando
1027 2928 1316 2980 lustraret.
1344 2929 1412 2982 Et
1431 2925 1588 2981 venit
1616 2927 1724 2982 hac
1763 2929 1892 2998 lege

283 3015 579 3087 religionis
609 3015 850 3069 innexus
876 3015 948 3070 ad
979 3014 1118 3069 almi
1151 3014 1332 3069 Patris
1352 3014 1656 3086 Augustini
1681 3015 1895 3071 aedicu-

285 3107 428 3173 lam,
461 3104 774 3174 nocturnis,
803 3107 865 3158 ut
912 3103 1045 3172 dixi,
1093 3103 1454 3174 temporibus
1505 3105 1804 3160 oraturus:
1838 3108 1897 3159 et

287 3194 428 3249 dum
451 3211 506 3248 se
536 3193 708 3248 sacris
736 3193 877 3247 inibi
903 3193 1200 3265 suppleret
1221 3192 1596 3259 orationibus,
1623 3192 1899 3262 processit

1986 2042 2176 2096 lucem
2207 2041 2468 2096 contueri
2504 2042 2714 2114 potuit,
2761 2059 2926 2098 erasa
2966 2046 3314 2118 scriptorum
3355 2047 3608 2104 falsitate

1987 2129 2304 2202 corrigeret
2330 2148 2343 2200 ;
2386 2135 2485 2186 aut
2505 2134 2568 2185 ut
2599 2148 2738 2185 vera
2768 2135 2825 2186 et
2856 2133 3000 2188 falsa
3024 2133 3180 2189 inter
3204 2135 3389 2190 virum
3430 2139 3488 2190 et
3524 2136 3608 2191 vi-

1987 2235 2116 2273 rum
2161 2219 2349 2291 sagaci
2394 2219 2633 2291 ingenio
2685 2219 3008 2290 judicando
3064 2222 3454 2289 discerneret;
3509 2227 3610 2278 aut

1989 2308 2286 2378 inpacatos
2314 2323 2574 2380 quosque
2621 2309 2710 2362 vel
2758 2309 3014 2365 rixantes
3058 2311 3283 2383 placido
3333 2327 3608 2367 sermone

1990 2397 2304 2451 concordes
2320 2397 2577 2451 efﬁceret
2590 2400 2648 2450 et
2671 2397 2899 2468 quietos
2919 2416 2932 2466 ;
2966 2403 3067 2453 aut
3083 2399 3285 2465 viduis,
3305 2401 3604 2471 orphanis,

1991 2484 2309 2557 peregrinis
2330 2488 2388 2539 et
2419 2484 2654 2539 advenis
2671 2484 2731 2539 in
2758 2488 2871 2541 suis
2893 2487 3327 2542 necessitatibus
3350 2487 3448 2557 pio
3471 2503 3606 2558 pro-

1989 2575 2188 2628 fuisset
2239 2572 2624 2641 adminiculo;
2679 2577 2781 2628 aut
2840 2578 2903 2629 ut
2947 2575 3101 2646 justa
3148 2575 3609 2646 sequestratione

1991 2662 2188 2734 inepta
2213 2663 2305 2716 vel
2336 2662 2551 2731 injusta
2564 2661 2901 2718 dissociaret
2930 2663 3223 2736 conjugia,
3251 2663 3608 2716 automnem
3661 2649 3664 2654 ’

1991 2752 2316 2805 humanum
2349 2749 2618 2804 ordinem
2669 2751 2890 2805 trifarie
2935 2755 3210 2821 paratum
3258 2750 3317 2804 in
3368 2748 3608 2819 proprio

1993 2837 2296 2893 soliditatis
2316 2837 2610 2907 proposito
2645 2838 2818 2893 verbo
2847 2837 2977 2893 vitae
3000 2839 3268 2893 firmaret
3298 2836 3384 2889 vel
3411 2851 3610 2890 exem-

1994 2928 2112 2998 plo,
2136 2928 2239 2980 aut
2263 2925 2333 2980 de
2353 2925 2510 2996 justo
2533 2925 2975 2997 conquisitionis
2998 2943 3118 2982 suae
3139 2939 3315 2979 censu
3341 2923 3611 2979 ecclesias

1995 3014 2096 3071 Dei
2123 3013 2332 3086 placita
2346 3013 2632 3083 probitate
2653 3014 2978 3068 sublevaret
2997 3011 3273 3071 ditandas
3289 3027 3302 3079 ;
3321 3010 3612 3068 autetiam

1996 3103 2290 3174 utriusque
2322 3101 2543 3156 ordinis
2571 3101 2892 3174 imperitos,
2933 3102 3091 3160 viros
3121 3100 3386 3157 videlicet
3407 3102 3494 3158 vel
3525 3103 3615 3160 fe-

1997 3192 2206 3258 minas,
2239 3208 2612 3263 quoscunque
2657 3192 2748 3247 die
2792 3195 3094 3266 noctuque
3132 3194 3360 3266 poterat
3396 3193 3616 3253 caelesti

286 3281 714 3337 adorientalem
736 3281 834 3336 Dei
858 3297 1158 3352 puerperae
1182 3283 1295 3351 (64)
1316 3281 1966 3347 ecclesiam,tantum-C
1997 3282 2135 3348 sale,
2160 3280 2217 3334 id
2249 3283 2335 3334 est
2365 3279 2627 3334 salutaris
2662 3279 2961 3350 sapientia
2998 3282 3380 3352 documento,
3412 3286 3617 3343 condi-

287 3371 422 3425 dem
446 3374 796 3441 precaturus.
841 3371 1101 3443 Cumque
1134 3369 1208 3424 ad
1251 3369 1402 3423 hanc
1446 3369 1894 3442 propinquando

287 3459 698 3530 psallendoque
745 3458 1014 3526 venisset,
1072 3458 1222 3513 forte
1270 3475 1335 3512 ex
1387 3458 1677 3530 insperato
1714 3458 1898 3515 noctis

287 3551 498 3603 eventu
527 3547 787 3602 audierat
813 3549 1068 3602 insolitas
1117 3546 1506 3601 sonoritarum
1545 3547 1656 3618 (65)
1710 3565 1895 3614 voces,

285 3636 482 3692 subtili
503 3637 898 3690 modulamine
932 3635 991 3689 in
1024 3637 1132 3690 hac
1155 3635 1362 3690 eadem
1395 3635 1630 3690 basilica
1661 3653 1898 3692 concre-

287 3727 514 3797 pantes.
546 3727 616 3778 At
641 3725 733 3778 ille
761 3725 1036 3779 continuo
1069 3740 1174 3795 per
1207 3723 1523 3794 quemdam
1550 3725 1900 3795 patulifora-

290 3813 470 3866 minis
492 3812 709 3866 hiatum
747 3812 1074 3884 inspiciens,
1111 3811 1254 3866 vidit
1287 3813 1666 3883 praelocutam
1721 3814 1902 3867 eccle-

289 3901 441 3955 siam
468 3901 624 3954 omni
653 3918 771 3956 esse
795 3901 1016 3972 fulgida
1047 3902 1172 3956 luce
1203 3901 1597 3972 perfusam,et
1619 3900 1907 3972 virgineas

293 3990 530 4045 durmas
551 3990 609 4044 in
638 3992 811 4045 choro
843 3989 1068 4061 gyranti
1099 3990 1383 4061 hymnum
1411 3990 1563 4043 hunc
1593 3993 1780 4061 poetae
1813 3991 1908 4044 Se-

293 4079 443 4133 utilii
489 4079 810 4134 cursitando
857 4082 1156 4134 cantantes
1187 4095 1199 4132 :
1238 4078 1570 4146 Cantemus,
1605 4079 1763 4146 socii,
1794 4081 1905 4134 Do-

294 4183 486 4233 smno,
518 4170 626 4226 etc.
667 4169 926 4240 Itemque
964 4166 1273 4238 perpendit
1331 4167 1564 4221 easdem
1606 4171 1738 4239 post
1780 4183 1909 4223 ver-

296 4273 424 4311 sum
439 4260 730 4311 etversum
754 4274 892 4312 voce
908 4257 1224 4329 reciproca,
1239 4255 1398 4328 quasi
1415 4256 1474 4310 in
1496 4256 1911 4312 circumitionis

294 4361 386 4399 ua:
427 4348 724 4414 concentu,
740 4345 996 4418 primum
1017 4345 1359 4400 versiculum
1381 4345 1504 4415 ejus
1519 4345 1653 4399 dem
1679 4345 1910 4417 hymni-

296 4433 407 4488 culi
421 4449 582 4488 more
595 4434 980 4489 humanarum
996 4433 1284 4506 virginum
1296 4449 1358 4488 re
1364 4433 1604 4503 psallere
1619 4433 1904 4488 dicentes:

1999 3374 2108 3425 ret.
2136 3369 2386 3440 Ideoque
2416 3368 2606 3423 omnis
2619 3369 2742 3423 haec
2765 3369 3012 3441 Anglica
3027 3375 3189 3428 terra
3211 3373 3474 3432 doctrina
3494 3377 3616 3449 ejus
3683 3397 3687 3401 λ

2000 3460 2198 3514 sancta
2224 3458 2445 3529 repleta
2476 3460 2582 3524 est,
2604 3456 2833 3530 fulgens
2858 3475 3064 3516 coram
3115 3462 3234 3517 Deo
3262 3467 3321 3519 et
3359 3465 3614 3522 homini-

1999 3547 2124 3612 bus,
2170 3546 2315 3600 sicut
2359 3548 2442 3600 sol
2473 3549 2530 3600 et
2559 3547 2698 3601 luna
2732 3564 2744 3602 :
2772 3551 2871 3602 aut
2919 3549 3102 3605 etiam
3136 3553 3370 3623 quando
3393 3555 3616 3614 debitas

2001 3633 2363 3690 vernulitatis
2393 3633 2507 3707 (66)
2538 3652 2654 3689 suae
2699 3636 2873 3691 horas
2904 3640 3261 3710 casterasque
3303 3643 3615 3701 missarum

2003 3722 2422 3779 celebrationes
2463 3723 2685 3777 Christo
2734 3723 2981 3779 Domino
3014 3727 3236 3783 solvere
3279 3733 3613 3802 censuisset,

2004 3816 2167 3867 tanta
2194 3811 2407 3865 mentis
2436 3811 2770 3881 integritate
2798 3828 2896 3867 eas
2930 3812 3296 3871 decantando
3339 3822 3612 3889 exercuit,

2007 3905 2071 3955 ut
2095 3916 2227 3954 cum
2259 3899 2378 3969 ipso
2414 3899 2660 3954 Domino
2701 3899 2846 3955 facie
2893 3900 2966 3955 ad
3014 3901 3222 3957 faciem
3252 3904 3365 3959 fari
3391 3907 3620 3964 videre-

2007 3991 2133 4054 tur;
2164 3987 2298 4042 licet
2328 3992 2499 4043 antea
2529 3990 2588 4042 et
2614 3988 3020 4044 tumultuantis
3039 3990 3236 4062 populi
3255 3994 3618 4052 conﬂictibus

2009 4077 2259 4132 nimium
2284 4079 2433 4132 esset
2457 4076 2714 4133 irretitus
2741 4097 2755 4148 ;
2779 4078 2956 4134 oculis
2984 4077 3224 4134 interim
3254 4095 3320 4134 ac
3349 4083 3618 4139 manibus

2011 4183 2174 4222 more
2202 4167 2262 4223 Β.
2299 4161 2526 4221 Martini
2566 4166 2624 4221 in
2663 4168 2871 4222 coelum
2903 4182 3138 4238 semper
3177 4167 3436 4238 intentis,
3466 4187 3619 4227 nun-

2011 4272 2186 4329 quam
2217 4255 2288 4310 ab
2327 4254 2588 4311 oratione
2638 4256 2901 4329 spiritum
2946 4255 3228 4310 relaxans.
3264 4255 3618 4332 Quotiesque

2011 4345 2245 4420 aliquod
2273 4345 2430 4400 aliud
2475 4363 2617 4418 opus
2664 4344 3037 4418 perfectionis
3071 4345 3264 4417 dignae
3299 4347 3389 4401 vel
3437 4349 3616 4406 etiam

2008 4435 2178 4491 laude
2207 4438 2522 4502 exerceret,
2554 4434 2612 4489 in
2644 4436 2820 4490 sacris
2846 4435 3024 4490 etiam
3057 4434 3429 4492 sacerdotum
3457 4438 3614 4494 ordi-

369 4521 693 4592 Cantemus,
728 4523 885 4590 socii,
915 4523 1186 4592 Domino,
1228 4525 1534 4578 cantemus
1562 4523 1852 4578 honorem
1889 4539 1901 4578 :
1933 4498 1987 4558 D
2009 4523 2359 4591 nationibus,
2384 4523 2875 4596 ecclesiarumque
2904 4522 2991 4577 vel
3019 4522 3292 4578 altarium
3321 4539 3618 4582 consecra-

369 4610 558 4665 Dulcis
587 4627 751 4665 amor
785 4611 993 4666 Christi
1024 4615 1301 4682 personet
1332 4628 1429 4667 ore
1462 4612 1579 4684 pio,
1615 4615 1723 4666 etc.

298 4699 429 4755 Haec
458 4699 692 4771 inquam
713 4698 1042 4754 veneranda
1069 4699 1364 4754 donorum
1396 4699 1743 4770 spiritalium
1765 4700 1903 4755 insi-

295 4789 455 4860 gnia,
470 4788 688 4859 aliaque
705 4788 1030 4854 innumera,
1055 4805 1183 4860 qua:
1207 4804 1314 4842 nec
1334 4804 1442 4860 ego
1470 4804 1575 4844 nec
1600 4790 1742 4843 alius
1759 4789 1907 4861 quis-

298 4893 477 4949 quam
506 4877 672 4948 hujus
697 4877 825 4932 vitte
863 4877 1053 4931 incola
1082 4877 1344 4948 quolibet
1382 4877 1641 4932 humano
1673 4877 1904 4950 eloquio

295 4966 572 5039 praevalet
635 4983 928 5034 enarrare,
984 4964 1250 5037 egregius
1293 4967 1499 5038 praesul
1556 4966 1903 5036 Dunstanus,

374 5074 486 5145 (63)
513 5074 574 5128 In
595 5074 718 5129 Vita
747 5075 804 5129 S.
841 5074 1152 5128 Ethelberti
1179 5073 1333 5144 regis
1352 5073 1783 5139 Cantiorumi24
1799 5076 1901 5129 Fe-

298 5145 538 5210 bruarii,
568 5163 625 5203 η.
659 5149 688 5200 3
734 5147 841 5200 ista
884 5147 1208 5199 habentur:
1241 5145 1337 5199 Ad
1382 5148 1753 5200 monasterium
1792 5145 1900 5202 SS.

297 5217 459 5273 Petri
484 5223 532 5270 et
558 5216 725 5270 Pauli
763 5218 826 5272 S.
863 5218 1177 5272 Dunstanus
1216 5217 1407 5269 crebris
1441 5218 1680 5270 noctibus
1711 5218 1903 5271 orandi

294 5292 487 5360 gratia
512 5291 737 5360 veniens,
764 5290 1022 5342 visionem
1046 5305 1397 5360 supernorum
1427 5291 1623 5341 civimn
1653 5289 1825 5342 videre
1851 5296 1899 5343 et

296 5358 512 5431 hymnis
531 5359 814 5413 caelestibus
835 5363 1075 5413 interesse
1112 5361 1322 5413 meruit.
1357 5358 1466 5425 Qui
1498 5361 1685 5430 sapius
1707 5359 1900 5414 dixisse

295 5434 482 5503 fertur
508 5431 646 5502 quod
673 5431 968 5502 ubicunque
1012 5433 1066 5483 in
1107 5431 1324 5503 ecclesia
1376 5431 1460 5485 cel
1497 5433 1786 5486 cameterio
1809 5449 1902 5502 pe-

298 5502 421 5558 dem
467 5505 581 5573 quis
623 5510 861 5574 verteret,
893 5519 1047 5572 super
1093 5502 1321 5574 aliquem
1364 5509 1675 5557 sanctorum
1705 5503 1900 5574 pedem

296 5573 550 5643 calcaret,
600 5574 727 5628 adeo
773 5573 883 5628 loca
911 5573 1217 5644 ceiporibus
1257 5579 1561 5630 sanctorum
1587 5574 1755 5645 plena
1797 5591 1900 5629 esse

296 5648 544 5705 asseruit.

371 5717 488 5788 (64)
520 5718 600 5788 De
630 5717 736 5788 hac
763 5716 1023 5788 Deiparae
1048 5716 1284 5788 virginis
1312 5717 1550 5772 ecclesia
1576 5715 1700 5773 haec
1731 5733 1893 5773 reve-

295 5790 440 5848 latio
458 5787 706 5843 refertur
725 5787 783 5842 in
811 5787 934 5844 Vita
953 5788 1011 5843 S.
1043 5787 1280 5844 Adriani
1306 5789 1550 5852 abbatis,
1573 5789 1892 5856 9Januarii,

296 5879 364 5922 n.
394 5863 450 5918 6.
485 5856 836 5931 Conﬂagrata
859 5861 920 5917 in
945 5878 1052 5934 qua
1091 5863 1371 5936 requiescit
1403 5860 1646 5933 ecclesia,
1675 5864 1740 5921 in
1788 5863 1897 5918 viso

2006 4612 2279 4680 tionibus,
2311 4629 2410 4668 seu
2441 4612 2620 4668 etiam
2654 4612 2714 4667 in
2745 4611 3098 4685 quibuslibet
3144 4628 3343 4668 rerum
3389 4613 3616 4671 divina-

2008 4719 2138 4756 rum
2159 4700 2634 4769 institutionibus,
2667 4702 2776 4756 hoc
2797 4715 3030 4770 semper
3055 4698 3239 4756 nimio
3274 4717 3408 4757 rore
3437 4702 3620 4776 lacry-

2007 4805 2238 4846 marum
2275 4790 2520 4862 peregit,
2554 4807 2694 4862 quas
2719 4789 3016 4845 invisibilis
3059 4789 3352 4846 habitator
3378 4797 3610 4848 sanctus

2008 4895 2236 4953 quoque
2289 4878 2553 4949 Spiritus,
2587 4879 2685 4950 qui
2738 4879 2799 4932 in
2850 4893 2918 4933 eo
2953 4875 3175 4950 jugiter
3213 4879 3513 4950 habitavit,
3544 4899 3616 4938 ex
3673 4873 3684 4882 ”

2008 4969 2308 5024 oculorum
2337 4965 2533 5021 rivulis
2561 4970 2836 5039 potenter
2865 4966 3082 5024 elicuit.

2005 5073 2217 5128 cuidam
2253 5073 2674 5144 viroiappar-uit,
2729 5072 2911 5128 dicens
2945 5089 2958 5127 :
3007 5071 3151 5127 Vade
3176 5081 3225 5127 et
3265 5074 3351 5128 die
3379 5074 3614 5144 episcopo

2002 5145 2286 5198 Dunstano
2315 5161 2332 5196 :
2362 5143 2494 5197 Hmc
2526 5144 2626 5198 tibi
2657 5147 2886 5201 mandat
2905 5143 3152 5214 famulus
3186 5143 3610 5199 ChristiAdria-

2003 5234 2120 5270 nus.
2156 5215 2239 5268 Tu
2268 5218 2324 5269 in
2367 5214 2607 5268 domibus
2637 5215 2921 5284 diligenter
2951 5217 3208 5285 conpertis
3237 5215 3530 5284 requiescis,
3565 5223 3617 5270 et

2001 5287 2184 5342 Mater
2211 5285 2441 5341 Domini
2475 5289 2642 5358 nostri
2669 5294 2829 5358 atque
2859 5304 2952 5358 nos
2979 5285 3182 5355 famuli
3207 5286 3292 5338 sui
3322 5287 3470 5358 omni
3499 5286 3619 5358 caeli

1991 5359 2224 5430 jactura;-
2241 5365 2507 5428 patemus.
2543 5357 2660 5424 Quo
2691 5355 2875 5411 audito
2902 5357 3217 5430 Dimstarius
3240 5355 3511 5411 ecclesiam
3544 5357 3611 5414 S.

1998 5425 2196 5484 Maria-
2221 5425 2438 5501 reparat
2469 5446 2481 5484 :
2513 5447 2676 5501 quam
2715 5425 3222 5501 atern_a_dulcegiine
3259 5433 3464 5498 raptus,
3504 5430 3613 5483 sin-

1997 5503 2138 5573 gulis
2169 5494 2404 5574 noctibus
2426 5494 3034 5574 [rebuentaresolebatz
3055 5494 3227 5550 Nocte
3259 5494 3469 5574 autem;
3498 5516 3612 5574 qu_a

2000 5566 2126 5629 Elam
2175 5573 2313 5628 idem
2369 5566 2637 5644 episcopus
2688 5568 2959 5644 ecclesiam
3008 5566 3298 5644 ingressus,
3356 5566 3609 5644 vidit-5:.

2000 5645 2318 5701 Adrian-um
2356 5639 2500 5700 inter
2532 5639 2720 5715 choros
2762 5639 3047 5715 caelestium
3085 5654 3206 5696 cum
3253 5642 3366 5715 ipsa
3424 5640 3618 5698 mundi

2000 5715 2630 5792 dominapollaadantem
2660 5711 2983 5792 Dominum.
3069 5781 3080 5792 O

2073 5790 2183 5859 (65)
2209 5788 2467 5859 Sonorita
2497 5785 2607 5859 dici
2638 5783 2868 5859 videtur
2892 5797 3001 5859 pro
3027 5781 3328 5843 citharista.

2066 5853 2182 5935 (66)
2227 5857 2553 5918 Vernulitas.
2571 5857 2615 5916 i.
2643 5872 2698 5916 θ.
2720 5853 3070 5920 famulatus.
