  <div class='ocr_page' id='page_1' title='image "/cluster/home/n/w/nwhite01/storage/ocr_20150623/139/hvd.32044054759998/741.png"; bbox 0 0 4012 6180; ppageno 0'>
   <div class='ocr_carea' id='block_1_1' title="bbox 548 269 3770 349">
    <p class='ocr_par' dir='ltr' id='par_1_1' title="bbox 548 269 3770 349">
     <span class='ocr_line' id='line_1_1' title="bbox 548 269 3770 349; baseline 0.006 -24"><span class='ocrx_word' id='word_1_1' title='bbox 548 269 676 336; x_wconf 70' lang='grc'><strong>1471</strong></span> <span class='ocrx_word' id='word_1_2' title='bbox 1609 275 1668 331; x_wconf 74' lang='grc'><strong>8.</strong></span> <span class='ocrx_word' id='word_1_3' title='bbox 1687 272 2002 332; x_wconf 63' lang='lat' dir='ltr'><strong>IBLF‘BICL</strong></span> <span class='ocrx_word' id='word_1_4' title='bbox 2045 272 2137 328; x_wconf 71' lang='lat' dir='ltr'><strong>AD</strong></span> <span class='ocrx_word' id='word_1_5' title='bbox 2175 271 2550 330; x_wconf 71' lang='lat' dir='ltr'><strong>WUL‘F‘IMUM</strong></span> <span class='ocrx_word' id='word_1_6' title='bbox 2578 273 2794 332; x_wconf 80' lang='lat' dir='ltr'><strong>EPISC.</strong></span> <span class='ocrx_word' id='word_1_7' title='bbox 3670 291 3770 349; x_wconf 74' lang='lat' dir='ltr'><strong>M72</strong></span> 
     </span>
    </p>
   </div>
   <div class='ocr_carea' id='block_1_2' title="bbox 1314 379 3772 478">
    <p class='ocr_par' dir='ltr' id='par_1_2' title="bbox 1314 379 3772 478">
     <span class='ocr_line' id='line_1_2' title="bbox 1314 379 3772 478; baseline 0.006 -29"><span class='ocrx_word' id='word_1_8' title='bbox 1314 404 1381 464; x_wconf 74' lang='grc' dir='ltr'><strong>Π,</strong></span> <span class='ocrx_word' id='word_1_9' title='bbox 2173 399 2232 458; x_wconf 80' lang='grc' dir='ltr'><strong>Α,</strong></span> <span class='ocrx_word' id='word_1_10' title='bbox 2260 410 2384 452; x_wconf 85' lang='lat' dir='ltr'><strong>sam</strong></span> <span class='ocrx_word' id='word_1_11' title='bbox 2423 397 2814 466; x_wconf 73' lang='lat' dir='ltr'><strong>celebrabant,</strong></span> <span class='ocrx_word' id='word_1_12' title='bbox 2866 414 2973 455; x_wconf 89' lang='lat' dir='ltr'><strong>nec</strong></span> <span class='ocrx_word' id='word_1_13' title='bbox 3024 379 3456 459; x_wconf 23' lang='lat' dir='ltr'><strong>sacramentum.</strong></span> <span class='ocrx_word' id='word_1_14' title='bbox 3480 407 3692 478; x_wconf 80' lang='lat' dir='ltr'><strong>corporis</strong></span> <span class='ocrx_word' id='word_1_15' title='bbox 3729 413 3772 466; x_wconf 81' lang='lat' dir='ltr'><strong>et</strong></span> 
     </span>
    </p>
   </div>
   <div class='ocr_carea' id='block_1_3' title="bbox 624 484 3769 570">
    <p class='ocr_par' dir='ltr' id='par_1_3' title="bbox 624 484 3769 570">
     <span class='ocr_line' id='line_1_3' title="bbox 624 484 3769 570; baseline 0.004 -31"><span class='ocrx_word' id='word_1_16' title='bbox 624 492 762 550; x_wconf 74' lang='grc' dir='ltr'><strong>Ροει</strong></span> <span class='ocrx_word' id='word_1_17' title='bbox 792 491 997 549; x_wconf 66' lang='lat' dir='ltr'><strong>Christi</strong></span> <span class='ocrx_word' id='word_1_18' title='bbox 1027 508 1162 548; x_wconf 74' lang='lat' dir='ltr'><strong>vero</strong></span> <span class='ocrx_word' id='word_1_19' title='bbox 1198 494 1596 550; x_wconf 70' lang='lat' dir='ltr'><strong>ascensionem</strong></span> <span class='ocrx_word' id='word_1_20' title='bbox 1625 496 1682 552; x_wconf 74' lang='lat' dir='ltr'><strong>in</strong></span> <span class='ocrx_word' id='word_1_21' title='bbox 1714 513 1960 570; x_wconf 69' lang='lat' dir='ltr'><strong>regnum</strong></span> <span class='ocrx_word' id='word_1_22' title='bbox 1988 500 2159 554; x_wconf 68' lang='grc' dir='ltr'>οωιο-</span> <span class='ocrx_word' id='word_1_23' title='bbox 2261 484 2564 557; x_wconf 81' lang='lat' dir='ltr'><strong>sanguinis</strong></span> <span class='ocrx_word' id='word_1_24' title='bbox 2589 486 2792 542; x_wconf 86' lang='lat' dir='ltr'><strong>Christi</strong></span> <span class='ocrx_word' id='word_1_25' title='bbox 2838 488 3340 558; x_wconf 76' lang='lat' dir='ltr'><strong>administrabant,</strong></span> <span class='ocrx_word' id='word_1_26' title='bbox 3373 492 3465 546; x_wconf 85' lang='lat' dir='ltr'><strong>sed</strong></span> <span class='ocrx_word' id='word_1_27' title='bbox 3499 493 3646 549; x_wconf 82' lang='lat' dir='ltr'><strong>boves</strong></span> <span class='ocrx_word' id='word_1_28' title='bbox 3667 497 3769 552; x_wconf 65' lang='lat' dir='ltr'><strong>odo-</strong></span> 
     </span>
    </p>
   </div>
   <div class='ocr_carea' id='block_1_4' title="bbox 556 573 2140 658">
    <p class='ocr_par' dir='ltr' id='par_1_4' title="bbox 556 583 2130 658">
     <span class='ocr_line' id='line_1_4' title="bbox 556 583 2130 658; baseline 0.003 -21"><span class='ocrx_word' id='word_1_29' title='bbox 556 598 710 650; x_wconf 91' lang='lat' dir='ltr'><strong>rum,</strong></span> <span class='ocrx_word' id='word_1_30' title='bbox 742 585 799 635; x_wconf 90' lang='lat' dir='ltr'><strong>et</strong></span> <span class='ocrx_word' id='word_1_31' title='bbox 827 597 1118 636; x_wconf 82' lang='lat' dir='ltr'><strong>excessum</strong></span> <span class='ocrx_word' id='word_1_32' title='bbox 1148 583 1565 640; x_wconf 89' lang='lat' dir='ltr'><strong>venerabilium</strong></span> <span class='ocrx_word' id='word_1_33' title='bbox 1588 586 1710 657; x_wconf 80' lang='lat' dir='ltr'><strong>ejus</strong></span> <span class='ocrx_word' id='word_1_34' title='bbox 1739 588 2130 658; x_wconf 76' lang='lat' dir='ltr'><strong>apostolorum</strong></span> 
     </span>
    </p>
   </div>
   <div class='ocr_carea' id='block_1_5' title="bbox 2181 573 3765 658">
    <p class='ocr_par' dir='ltr' id='par_1_5' title="bbox 2258 573 3765 653">
     <span class='ocr_line' id='line_1_5' title="bbox 2258 573 3765 653; baseline 0.007 -27"><span class='ocrx_word' id='word_1_35' title='bbox 2258 573 2486 640; x_wconf 81' lang='lat' dir='ltr'><strong>rebant,</strong></span> <span class='ocrx_word' id='word_1_36' title='bbox 2514 591 2693 647; x_wconf 87' lang='lat' dir='ltr'><strong>usque</strong></span> <span class='ocrx_word' id='word_1_37' title='bbox 2719 577 2857 631; x_wconf 91' lang='lat' dir='ltr'><strong>dum</strong></span> <span class='ocrx_word' id='word_1_38' title='bbox 2889 578 3141 633; x_wconf 84' lang='lat' dir='ltr'><strong>Christus</strong></span> <span class='ocrx_word' id='word_1_39' title='bbox 3170 584 3305 635; x_wconf 83' lang='lat' dir='ltr'><strong>ante</strong></span> <span class='ocrx_word' id='word_1_40' title='bbox 3336 579 3624 653; x_wconf 80' lang='lat' dir='ltr'><strong>passionem</strong></span> <span class='ocrx_word' id='word_1_41' title='bbox 3649 601 3765 640; x_wconf 80' lang='lat' dir='ltr'><strong>suam</strong></span> 
     </span>
    </p>
   </div>
   <div class='ocr_carea' id='block_1_6' title="bbox 552 661 2136 748">
    <p class='ocr_par' dir='ltr' id='par_1_6' title="bbox 552 670 2132 747">
     <span class='ocr_line' id='line_1_6' title="bbox 552 670 2132 747; baseline 0.005 -23"><span class='ocrx_word' id='word_1_42' title='bbox 552 673 720 726; x_wconf 89' lang='lat' dir='ltr'><strong>tanta</strong></span> <span class='ocrx_word' id='word_1_43' title='bbox 762 670 1004 726; x_wconf 82' lang='lat' dir='ltr'><strong>excitata</strong></span> <span class='ocrx_word' id='word_1_44' title='bbox 1043 673 1128 726; x_wconf 92' lang='lat' dir='ltr'><strong>est</strong></span> <span class='ocrx_word' id='word_1_45' title='bbox 1164 671 1223 726; x_wconf 91' lang='lat' dir='ltr'><strong>in</strong></span> <span class='ocrx_word' id='word_1_46' title='bbox 1259 675 1545 729; x_wconf 89' lang='lat' dir='ltr'><strong>terrarum</strong></span> <span class='ocrx_word' id='word_1_47' title='bbox 1590 676 1783 731; x_wconf 92' lang='lat' dir='ltr'><strong>medio</strong></span> <span class='ocrx_word' id='word_1_48' title='bbox 1813 676 2132 747; x_wconf 90' lang='lat' dir='ltr'><strong>persecutio</strong></span> 
     </span>
    </p>
   </div>
   <div class='ocr_carea' id='block_1_7' title="bbox 2182 661 3766 748">
    <p class='ocr_par' dir='ltr' id='par_1_7' title="bbox 2258 661 3766 744">
     <span class='ocr_line' id='line_1_7' title="bbox 2258 661 3766 744; baseline 0.009 -30"><span class='ocrx_word' id='word_1_49' title='bbox 2258 661 2399 716; x_wconf 91' lang='lat' dir='ltr'><strong>illud</strong></span> <span class='ocrx_word' id='word_1_50' title='bbox 2467 668 2897 720; x_wconf 87' lang='lat' dir='ltr'><strong>sacramentum</strong></span> <span class='ocrx_word' id='word_1_51' title='bbox 2968 667 3433 734; x_wconf 83' lang='lat' dir='ltr'><strong>sanctiﬁcaverat,</strong></span> <span class='ocrx_word' id='word_1_52' title='bbox 3494 667 3766 744; x_wconf 85' lang='lat' dir='ltr'><strong>missamque</strong></span> 
     </span>
    </p>
   </div>
   <div class='ocr_carea' id='block_1_8' title="bbox 551 748 2135 835">
    <p class='ocr_par' dir='ltr' id='par_1_8' title="bbox 551 759 2132 835">
     <span class='ocr_line' id='line_1_8' title="bbox 551 759 2132 835; baseline 0.005 -22"><span class='ocrx_word' id='word_1_53' title='bbox 551 761 615 813; x_wconf 89' lang='lat' dir='ltr'><strong>ut</strong></span> <span class='ocrx_word' id='word_1_54' title='bbox 644 759 718 814; x_wconf 90' lang='lat' dir='ltr'><strong>ad</strong></span> <span class='ocrx_word' id='word_1_55' title='bbox 746 760 1031 831; x_wconf 80' lang='lat' dir='ltr'><strong>synodum</strong></span> <span class='ocrx_word' id='word_1_56' title='bbox 1062 762 1405 833; x_wconf 85' lang='lat' dir='ltr'><strong>congregari</strong></span> <span class='ocrx_word' id='word_1_57' title='bbox 1425 763 1744 835; x_wconf 90' lang='lat' dir='ltr'><strong>nequibant</strong></span> <span class='ocrx_word' id='word_1_58' title='bbox 1761 763 2010 820; x_wconf 79' lang='lat' dir='ltr'><strong>ministri</strong></span> <span class='ocrx_word' id='word_1_59' title='bbox 2031 765 2132 821; x_wconf 86' lang='lat' dir='ltr'><strong>Dei</strong></span> 
     </span>
    </p>
   </div>
   <div class='ocr_carea' id='block_1_9' title="bbox 1941 748 3525 835">
    <p class='ocr_par' dir='ltr' id='par_1_9' title="bbox 1941 748 3525 831">
     <span class='ocr_line' id='line_1_9' title="bbox 1941 748 3525 831; baseline 0.003 -26"><span class='ocrx_word' id='word_1_60' title='bbox 1941 765 2010 820; x_wconf 71' lang='grc' dir='ltr'><strong>ιιιί</strong></span> <span class='ocrx_word' id='word_1_61' title='bbox 2031 765 2152 831; x_wconf 61' lang='lat' dir='ltr'><strong>Dei,</strong></span> <span class='ocrx_word' id='word_1_62' title='bbox 2257 748 2655 806; x_wconf 81' lang='lat' dir='ltr'><strong>instituerat...</strong></span> <span class='ocrx_word' id='word_1_63' title='bbox 2687 753 2862 809; x_wconf 91' lang='lat' dir='ltr'><strong>modo</strong></span> <span class='ocrx_word' id='word_1_64' title='bbox 2893 769 2997 825; x_wconf 91' lang='lat' dir='ltr'><strong>per</strong></span> <span class='ocrx_word' id='word_1_65' title='bbox 3022 772 3152 810; x_wconf 90' lang='lat' dir='ltr'><strong>eum</strong></span> <span class='ocrx_word' id='word_1_66' title='bbox 3179 754 3344 810; x_wconf 84' lang='lat' dir='ltr'><strong>exist.</strong></span> <span class='ocrx_word' id='word_1_67' title='bbox 3377 796 3390 809; x_wconf 94' lang='lat'><strong>.</strong></span> <span class='ocrx_word' id='word_1_68' title='bbox 3421 794 3433 807; x_wconf 95' lang='lat'><strong>.</strong></span> <span class='ocrx_word' id='word_1_69' title='bbox 3469 796 3481 808; x_wconf 95' lang='lat'><strong>.</strong></span> <span class='ocrx_word' id='word_1_70' title='bbox 3515 798 3525 809; x_wconf 92' lang='lat'><strong>.</strong></span> 
     </span>
    </p>
   </div>
   <div class='ocr_carea' id='block_1_10' title="bbox 551 843 3122 925">
    <p class='ocr_par' dir='ltr' id='par_1_10' title="bbox 551 843 3122 925">
     <span class='ocr_line' id='line_1_10' title="bbox 551 843 3122 925; baseline 0.002 -23"><span class='ocrx_word' id='word_1_71' title='bbox 551 850 873 922; x_wconf 84' lang='lat' dir='ltr'><strong>propterea</strong></span> <span class='ocrx_word' id='word_1_72' title='bbox 907 849 1061 922; x_wconf 91' lang='lat' dir='ltr'><strong>quod</strong></span> <span class='ocrx_word' id='word_1_73' title='bbox 1101 866 1307 905; x_wconf 90' lang='lat' dir='ltr'><strong>eorum</strong></span> <span class='ocrx_word' id='word_1_74' title='bbox 1347 851 1476 906; x_wconf 89' lang='lat' dir='ltr'><strong>vitis</strong></span> <span class='ocrx_word' id='word_1_75' title='bbox 1505 851 1928 908; x_wconf 79' lang='lat' dir='ltr'><strong>insidiabantur</strong></span> <span class='ocrx_word' id='word_1_76' title='bbox 1955 857 2156 925; x_wconf 85' lang='lat' dir='ltr'><strong>gentes</strong></span> <span class='ocrx_word' id='word_1_77' title='bbox 2989 843 3122 898; x_wconf 81' lang='lat' dir='ltr'><strong>VIII-</strong></span> 
     </span>
    </p>
   </div>
   <div class='ocr_carea' id='block_1_11' title="bbox 549 927 3769 1015">
    <p class='ocr_par' dir='ltr' id='par_1_11' title="bbox 549 927 3769 1015">
     <span class='ocr_line' id='line_1_11' title="bbox 549 927 3769 1015; baseline 0.004 -25"><span class='ocrx_word' id='word_1_78' title='bbox 549 935 831 1006; x_wconf 86' lang='lat' dir='ltr'><strong>ethnicae;</strong></span> <span class='ocrx_word' id='word_1_79' title='bbox 881 937 1065 993; x_wconf 92' lang='lat' dir='ltr'><strong>donec</strong></span> <span class='ocrx_word' id='word_1_80' title='bbox 1117 939 1527 996; x_wconf 87' lang='lat' dir='ltr'><strong>Constantinus</strong></span> <span class='ocrx_word' id='word_1_81' title='bbox 1583 941 1791 1008; x_wconf 68' lang='lat' dir='ltr'><strong>Caesar,</strong></span> <span class='ocrx_word' id='word_1_82' title='bbox 1841 940 2152 1015; x_wconf 91' lang='lat' dir='ltr'><strong>imperium</strong></span> <span class='ocrx_word' id='word_1_83' title='bbox 2331 927 2721 986; x_wconf 58' lang='lat' dir='ltr'><strong>constitutum</strong></span> <span class='ocrx_word' id='word_1_84' title='bbox 2752 932 2928 986; x_wconf 64' lang='lat' dir='ltr'><strong>etiam</strong></span> <span class='ocrx_word' id='word_1_85' title='bbox 2949 931 3060 986; x_wconf 61' lang='grc' dir='ltr'><strong>Τυίῑ</strong></span> <span class='ocrx_word' id='word_1_86' title='bbox 3098 931 3156 986; x_wconf 73' lang='lat' dir='ltr'><strong>in</strong></span> <span class='ocrx_word' id='word_1_87' title='bbox 3205 932 3409 986; x_wconf 72' lang='lat' dir='ltr'><strong>eadem</strong></span> <span class='ocrx_word' id='word_1_88' title='bbox 3439 933 3629 1004; x_wconf 69' lang='grc' dir='ltr'><strong>εγιιοάο</strong></span> <span class='ocrx_word' id='word_1_89' title='bbox 3669 936 3769 990; x_wconf 74' lang='grc' dir='ltr'><strong>υίίε</strong></span> 
     </span>
    </p>
   </div>
   <div class='ocr_carea' id='block_1_12' title="bbox 551 1016 2135 1096">
    <p class='ocr_par' dir='ltr' id='par_1_12' title="bbox 551 1025 1650 1096">
     <span class='ocr_line' id='line_1_12' title="bbox 551 1025 1650 1096; baseline 0.005 -15"><span class='ocrx_word' id='word_1_90' title='bbox 551 1025 707 1082; x_wconf 86' lang='lat' dir='ltr'><strong>orbis</strong></span> <span class='ocrx_word' id='word_1_91' title='bbox 739 1030 1049 1096; x_wconf 85' lang='lat' dir='ltr'><strong>assecutus,</strong></span> <span class='ocrx_word' id='word_1_92' title='bbox 1082 1027 1437 1085; x_wconf 88' lang='lat' dir='ltr'><strong>Christianus</strong></span> <span class='ocrx_word' id='word_1_93' title='bbox 1464 1031 1650 1086; x_wconf 84' lang='lat' dir='ltr'><strong>fieret.</strong></span> 
     </span>
    </p>
   </div>
   <div class='ocr_carea' id='block_1_13' title="bbox 2186 1016 3770 1096">
    <p class='ocr_par' dir='ltr' id='par_1_13' title="bbox 2258 1016 3770 1092">
     <span class='ocr_line' id='line_1_13' title="bbox 2258 1016 3770 1092; baseline 0.004 -22"><span class='ocrx_word' id='word_1_94' title='bbox 2258 1017 2356 1088; x_wconf 88' lang='lat' dir='ltr'><strong>qui</strong></span> <span class='ocrx_word' id='word_1_95' title='bbox 2387 1016 2617 1073; x_wconf 87' lang='lat' dir='ltr'><strong>viduam</strong></span> <span class='ocrx_word' id='word_1_96' title='bbox 2651 1019 2912 1088; x_wconf 78' lang='lat' dir='ltr'><strong>duxerat,</strong></span> <span class='ocrx_word' id='word_1_97' title='bbox 2945 1024 3044 1074; x_wconf 89' lang='lat' dir='ltr'><strong>aut</strong></span> <span class='ocrx_word' id='word_1_98' title='bbox 3082 1020 3462 1092; x_wconf 88' lang='lat' dir='ltr'><strong>repudiatam,</strong></span> <span class='ocrx_word' id='word_1_99' title='bbox 3503 1024 3587 1074; x_wconf 90' lang='lat' dir='ltr'><strong>aut</strong></span> <span class='ocrx_word' id='word_1_100' title='bbox 3619 1021 3675 1074; x_wconf 85' lang='lat' dir='ltr'><strong>ad</strong></span> <span class='ocrx_word' id='word_1_101' title='bbox 3711 1039 3770 1076; x_wconf 86' lang='lat' dir='ltr'><strong>se-</strong></span> 
     </span>
    </p>
   </div>
   <div class='ocr_carea' id='block_1_14' title="bbox 1315 1106 3772 1179">
    <p class='ocr_par' dir='ltr' id='par_1_14' title="bbox 1315 1106 3772 1179">
     <span class='ocr_line' id='line_1_14' title="bbox 1315 1106 3772 1179; baseline 0.002 -21"><span class='ocrx_word' id='word_1_102' title='bbox 1315 1121 1406 1176; x_wconf 57' lang='grc' dir='ltr'>ιιι,</span> <span class='ocrx_word' id='word_1_103' title='bbox 2255 1106 2473 1162; x_wconf 91' lang='lat' dir='ltr'><strong>cundas</strong></span> <span class='ocrx_word' id='word_1_104' title='bbox 2492 1108 2721 1179; x_wconf 86' lang='lat' dir='ltr'><strong>nuptias</strong></span> <span class='ocrx_word' id='word_1_105' title='bbox 2748 1109 3074 1176; x_wconf 83' lang='lat' dir='ltr'><strong>transierat,</strong></span> <span class='ocrx_word' id='word_1_106' title='bbox 3101 1109 3173 1164; x_wconf 91' lang='lat' dir='ltr'><strong>ad</strong></span> <span class='ocrx_word' id='word_1_107' title='bbox 3185 1124 3410 1164; x_wconf 84' lang='lat' dir='ltr'><strong>sacrum</strong></span> <span class='ocrx_word' id='word_1_108' title='bbox 3425 1107 3654 1162; x_wconf 89' lang='lat' dir='ltr'><strong>ordinem</strong></span> <span class='ocrx_word' id='word_1_109' title='bbox 3668 1126 3772 1163; x_wconf 85' lang='lat' dir='ltr'><strong>nun-</strong></span> 
     </span>
    </p>
   </div>
   <div class='ocr_carea' id='block_1_15' title="bbox 635 1197 3774 1280">
    <p class='ocr_par' dir='ltr' id='par_1_15' title="bbox 635 1197 3774 1280">
     <span class='ocr_line' id='line_1_15' title="bbox 635 1197 3774 1280; baseline 0.001 -19"><span class='ocrx_word' id='word_1_110' title='bbox 635 1207 795 1261; x_wconf 90' lang='lat' dir='ltr'><strong>Tunc</strong></span> <span class='ocrx_word' id='word_1_111' title='bbox 834 1207 1208 1280; x_wconf 82' lang='lat' dir='ltr'><strong>congregavit</strong></span> <span class='ocrx_word' id='word_1_112' title='bbox 1235 1207 1330 1263; x_wconf 89' lang='lat' dir='ltr'><strong>ille</strong></span> <span class='ocrx_word' id='word_1_113' title='bbox 1368 1207 1427 1263; x_wconf 90' lang='lat' dir='ltr'><strong>in</strong></span> <span class='ocrx_word' id='word_1_114' title='bbox 1459 1208 1646 1264; x_wconf 64' lang='lat' dir='ltr'><strong>Nicaea</strong></span> <span class='ocrx_word' id='word_1_115' title='bbox 1678 1208 1901 1268; x_wconf 82' lang='lat' dir='ltr'><strong>civitate</strong></span> <span class='ocrx_word' id='word_1_116' title='bbox 1927 1227 2156 1267; x_wconf 82' lang='lat' dir='ltr'><strong>cccxvm</strong></span> <span class='ocrx_word' id='word_1_117' title='bbox 2255 1211 2431 1266; x_wconf 71' lang='lat' dir='ltr'><strong>quam</strong></span> <span class='ocrx_word' id='word_1_118' title='bbox 2482 1200 2684 1268; x_wconf 65' lang='grc' dir='ltr'><strong>Ροείεδ</strong></span> <span class='ocrx_word' id='word_1_119' title='bbox 2721 1201 3129 1264; x_wconf 63' lang='lat' dir='ltr'><strong>assumeretur.</strong></span> <span class='ocrx_word' id='word_1_120' title='bbox 3173 1213 3276 1252; x_wconf 73' lang='lat' dir='ltr'><strong>nec</strong></span> <span class='ocrx_word' id='word_1_121' title='bbox 3322 1200 3703 1252; x_wconf 60' lang='lat' dir='ltr'><strong>consecraretur</strong></span> <span class='ocrx_word' id='word_1_122' title='bbox 3734 1197 3774 1252; x_wconf 66' lang='lat' dir='ltr'><strong>in</strong></span> 
     </span>
    </p>
   </div>
   <div class='ocr_carea' id='block_1_16' title="bbox 547 1285 3775 1368">
    <p class='ocr_par' dir='ltr' id='par_1_16' title="bbox 547 1285 3775 1368">
     <span class='ocr_line' id='line_1_16' title="bbox 547 1285 3775 1368; baseline 0.003 -20"><span class='ocrx_word' id='word_1_123' title='bbox 547 1293 846 1368; x_wconf 86' lang='lat' dir='ltr'><strong>episcopos</strong></span> <span class='ocrx_word' id='word_1_124' title='bbox 875 1313 941 1350; x_wconf 88' lang='lat' dir='ltr'><strong>ex</strong></span> <span class='ocrx_word' id='word_1_125' title='bbox 967 1295 1236 1352; x_wconf 89' lang='lat' dir='ltr'><strong>omnibus</strong></span> <span class='ocrx_word' id='word_1_126' title='bbox 1255 1296 1584 1352; x_wconf 87' lang='lat' dir='ltr'><strong>nationibus</strong></span> <span class='ocrx_word' id='word_1_127' title='bbox 1602 1298 1677 1352; x_wconf 90' lang='lat' dir='ltr'><strong>ad</strong></span> <span class='ocrx_word' id='word_1_128' title='bbox 1691 1299 2151 1354; x_wconf 85' lang='lat' dir='ltr'><strong>conﬁrmandam</strong></span> <span class='ocrx_word' id='word_1_129' title='bbox 2254 1285 2616 1340; x_wconf 67' lang='grc' dir='ltr'><strong>εδοθΐάοίθπι</strong></span> <span class='ocrx_word' id='word_1_130' title='bbox 2645 1303 2656 1340; x_wconf 74' lang='grc' dir='ltr'><em>τ</em></span> <span class='ocrx_word' id='word_1_131' title='bbox 2692 1286 2790 1340; x_wconf 71' lang='lat' dir='ltr'><strong>sed</strong></span> <span class='ocrx_word' id='word_1_132' title='bbox 2813 1285 2859 1340; x_wconf 75' lang='lat' dir='ltr'><strong>i5</strong></span> <span class='ocrx_word' id='word_1_133' title='bbox 2884 1287 2981 1359; x_wconf 77' lang='grc' dir='ltr'><strong>(Ῐυί</strong></span> <span class='ocrx_word' id='word_1_134' title='bbox 3009 1291 3177 1341; x_wconf 58' lang='lat' dir='ltr'><strong>casm&quot;</strong></span> <span class='ocrx_word' id='word_1_135' title='bbox 3210 1286 3380 1340; x_wconf 67' lang='lat' dir='ltr'><strong>“nius</strong></span> <span class='ocrx_word' id='word_1_136' title='bbox 3402 1285 3572 1340; x_wconf 59' lang='lat' dir='ltr'><strong>“xoris</strong></span> <span class='ocrx_word' id='word_1_137' title='bbox 3593 1285 3775 1339; x_wconf 56' lang='lat' dir='ltr'><strong>maritus</strong></span> 
     </span>
    </p>
   </div>
   <div class='ocr_carea' id='block_1_17' title="bbox 558 1370 3778 1460">
    <p class='ocr_par' dir='ltr' id='par_1_17' title="bbox 558 1370 3778 1460">
     <span class='ocr_line' id='line_1_17' title="bbox 558 1370 3778 1460; baseline 0.002 -24"><span class='ocrx_word' id='word_1_138' title='bbox 558 1383 735 1439; x_wconf 87' lang='lat' dir='ltr'><strong>fidem</strong></span> <span class='ocrx_word' id='word_1_139' title='bbox 768 1384 1130 1439; x_wconf 83' lang='lat' dir='ltr'><strong>catholicam.</strong></span> <span class='ocrx_word' id='word_1_140' title='bbox 1164 1385 1342 1439; x_wconf 87' lang='lat' dir='ltr'><strong>Erant</strong></span> <span class='ocrx_word' id='word_1_141' title='bbox 1371 1384 1428 1439; x_wconf 90' lang='lat' dir='ltr'><strong>in</strong></span> <span class='ocrx_word' id='word_1_142' title='bbox 1460 1386 1566 1440; x_wconf 89' lang='lat' dir='ltr'><strong>hac</strong></span> <span class='ocrx_word' id='word_1_143' title='bbox 1597 1387 1814 1458; x_wconf 82' lang='lat' dir='ltr'><strong>synodo</strong></span> <span class='ocrx_word' id='word_1_144' title='bbox 1843 1388 2008 1443; x_wconf 89' lang='lat' dir='ltr'><strong>multi</strong></span> <span class='ocrx_word' id='word_1_145' title='bbox 2031 1389 2150 1460; x_wconf 87' lang='lat' dir='ltr'><strong>epi-</strong></span> <span class='ocrx_word' id='word_1_146' title='bbox 2252 1370 2462 1460; x_wconf 46' lang='grc' dir='ltr'><strong>ξιξοτθοῖν</strong></span> <span class='ocrx_word' id='word_1_147' title='bbox 2491 1374 2564 1428; x_wconf 72' lang='grc' dir='ltr'><strong>δά</strong></span> <span class='ocrx_word' id='word_1_148' title='bbox 2590 1376 2813 1428; x_wconf 69' lang='grc' dir='ltr'><strong>οᾶδίυῐη</strong></span> <span class='ocrx_word' id='word_1_149' title='bbox 2855 1374 3117 1430; x_wconf 66' lang='lat' dir='ltr'><strong>ordinem</strong></span> <span class='ocrx_word' id='word_1_150' title='bbox 3164 1373 3458 1445; x_wconf 69' lang='lat' dir='ltr'><strong>eligendus</strong></span> <span class='ocrx_word' id='word_1_151' title='bbox 3484 1373 3631 1439; x_wconf 63' lang='grc' dir='ltr'><strong>ίοτεὶν</strong></span> <span class='ocrx_word' id='word_1_152' title='bbox 3655 1372 3778 1443; x_wconf 63' lang='lat' dir='ltr'><strong>tum</strong></span> 
     </span>
    </p>
   </div>
   <div class='ocr_carea' id='block_1_18' title="bbox 550 1457 2134 1546">
    <p class='ocr_par' dir='ltr' id='par_1_18' title="bbox 550 1473 2134 1546">
     <span class='ocr_line' id='line_1_18' title="bbox 550 1473 2134 1546; baseline 0.003 -18"><span class='ocrx_word' id='word_1_153' title='bbox 550 1474 708 1546; x_wconf 88' lang='lat' dir='ltr'><strong>scopi</strong></span> <span class='ocrx_word' id='word_1_154' title='bbox 760 1473 1086 1545; x_wconf 81' lang='lat' dir='ltr'><strong>insignibus</strong></span> <span class='ocrx_word' id='word_1_155' title='bbox 1140 1474 1278 1528; x_wconf 90' lang='lat' dir='ltr'><strong>clari</strong></span> <span class='ocrx_word' id='word_1_156' title='bbox 1325 1474 1636 1542; x_wconf 88' lang='lat' dir='ltr'><strong>miraculis,</strong></span> <span class='ocrx_word' id='word_1_157' title='bbox 1683 1480 1742 1530; x_wconf 91' lang='lat' dir='ltr'><strong>et</strong></span> <span class='ocrx_word' id='word_1_158' title='bbox 1770 1476 1826 1530; x_wconf 89' lang='lat' dir='ltr'><strong>hi</strong></span> <span class='ocrx_word' id='word_1_159' title='bbox 1862 1477 2134 1533; x_wconf 85' lang='lat' dir='ltr'><strong>missaleu</strong></span> 
     </span>
    </p>
   </div>
   <div class='ocr_carea' id='block_1_19' title="bbox 2191 1457 3775 1546">
    <p class='ocr_par' dir='ltr' id='par_1_19' title="bbox 2252 1457 3775 1535">
     <span class='ocr_line' id='line_1_19' title="bbox 2252 1457 3775 1535; baseline 0.001 -22"><span class='ocrx_word' id='word_1_160' title='bbox 2252 1457 2311 1514; x_wconf 90' lang='lat' dir='ltr'><strong>id</strong></span> <span class='ocrx_word' id='word_1_161' title='bbox 2339 1461 2496 1532; x_wconf 90' lang='lat' dir='ltr'><strong>quod</strong></span> <span class='ocrx_word' id='word_1_162' title='bbox 2523 1464 2816 1534; x_wconf 84' lang='lat' dir='ltr'><strong>apostolus</strong></span> <span class='ocrx_word' id='word_1_163' title='bbox 2842 1465 3050 1518; x_wconf 87' lang='lat' dir='ltr'><strong>Paulus</strong></span> <span class='ocrx_word' id='word_1_164' title='bbox 3078 1463 3134 1518; x_wconf 92' lang='lat' dir='ltr'><strong>in</strong></span> <span class='ocrx_word' id='word_1_165' title='bbox 3167 1463 3410 1535; x_wconf 88' lang='lat' dir='ltr'><strong>epistola</strong></span> <span class='ocrx_word' id='word_1_166' title='bbox 3433 1479 3527 1516; x_wconf 87' lang='lat' dir='ltr'><strong>sua</strong></span> <span class='ocrx_word' id='word_1_167' title='bbox 3565 1460 3775 1531; x_wconf 87' lang='lat' dir='ltr'><strong>scriptum</strong></span> 
     </span>
    </p>
   </div>
   <div class='ocr_carea' id='block_1_20' title="bbox 559 1548 2507 1634">
    <p class='ocr_par' dir='ltr' id='par_1_20' title="bbox 559 1548 2507 1634">
     <span class='ocr_line' id='line_1_20' title="bbox 559 1548 2507 1634; baseline 0.002 -19"><span class='ocrx_word' id='word_1_168' title='bbox 559 1560 876 1631; x_wconf 86' lang='lat' dir='ltr'><strong>quemdam</strong></span> <span class='ocrx_word' id='word_1_169' title='bbox 925 1563 1305 1629; x_wconf 87' lang='lat' dir='ltr'><strong>sacerdotem,</strong></span> <span class='ocrx_word' id='word_1_170' title='bbox 1355 1564 1553 1618; x_wconf 87' lang='lat' dir='ltr'><strong>Arium</strong></span> <span class='ocrx_word' id='word_1_171' title='bbox 1591 1565 1851 1634; x_wconf 89' lang='lat' dir='ltr'><strong>nomine,</strong></span> <span class='ocrx_word' id='word_1_172' title='bbox 1882 1568 1996 1621; x_wconf 91' lang='lat' dir='ltr'><strong>telo</strong></span> <span class='ocrx_word' id='word_1_173' title='bbox 2019 1584 2154 1623; x_wconf 91' lang='lat' dir='ltr'><strong>ana-</strong></span> <span class='ocrx_word' id='word_1_174' title='bbox 2255 1548 2507 1604; x_wconf 54' lang='lat' dir='ltr'><strong>tradidit-</strong></span> 
     </span>
    </p>
   </div>
   <div class='ocr_carea' id='block_1_21' title="bbox 557 1643 3093 1723">
    <p class='ocr_par' dir='ltr' id='par_1_21' title="bbox 557 1643 3093 1723">
     <span class='ocr_line' id='line_1_21' title="bbox 557 1643 3093 1723; baseline 0.005 -21"><span class='ocrx_word' id='word_1_175' title='bbox 557 1649 831 1703; x_wconf 87' lang='lat' dir='ltr'><strong>thematis</strong></span> <span class='ocrx_word' id='word_1_176' title='bbox 854 1650 1330 1720; x_wconf 87' lang='lat' dir='ltr'><strong>perstrinxernnt,</strong></span> <span class='ocrx_word' id='word_1_177' title='bbox 1347 1652 1630 1723; x_wconf 92' lang='lat' dir='ltr'><strong>quodnon</strong></span> <span class='ocrx_word' id='word_1_178' title='bbox 1665 1655 1926 1709; x_wconf 90' lang='lat' dir='ltr'><strong>crederet</strong></span> <span class='ocrx_word' id='word_1_179' title='bbox 1946 1656 2152 1711; x_wconf 87' lang='lat' dir='ltr'><strong>Filium</strong></span> <span class='ocrx_word' id='word_1_180' title='bbox 2172 1720 2210 1723; x_wconf 82' lang='lat'><em>_</em></span> <span class='ocrx_word' id='word_1_181' title='bbox 2689 1679 2702 1692; x_wconf 83' lang='lat'><strong>-</strong></span> <span class='ocrx_word' id='word_1_182' title='bbox 3012 1643 3093 1696; x_wconf 75' lang='grc' dir='ltr'><strong>ῘΧο</strong></span> 
     </span>
    </p>
   </div>
   <div class='ocr_carea' id='block_1_22' title="bbox 555 1720 3775 1814">
    <p class='ocr_par' dir='ltr' id='par_1_22' title="bbox 555 1720 3775 1814">
     <span class='ocr_line' id='line_1_22' title="bbox 555 1720 3775 1814; baseline 0.003 -46"><span class='ocrx_word' id='word_1_183' title='bbox 555 1739 660 1794; x_wconf 68' lang='lat' dir='ltr'><strong>Dei</strong></span> <span class='ocrx_word' id='word_1_184' title='bbox 688 1739 929 1794; x_wconf 56' lang='lat' dir='ltr'><strong>viventis</strong></span> <span class='ocrx_word' id='word_1_185' title='bbox 960 1738 1018 1794; x_wconf 66' lang='lat' dir='ltr'><strong>in</strong></span> <span class='ocrx_word' id='word_1_186' title='bbox 1048 1720 1392 1812; x_wconf 49' lang='lat' dir='ltr'><strong>perpclumh</strong></span> <span class='ocrx_word' id='word_1_187' title='bbox 1439 1742 1675 1813; x_wconf 55' lang='lat' dir='ltr'><strong>agqualis</strong></span> <span class='ocrx_word' id='word_1_188' title='bbox 1719 1759 1840 1797; x_wconf 71' lang='lat' dir='ltr'>esse</span> <span class='ocrx_word' id='word_1_189' title='bbox 1880 1745 2152 1814; x_wconf 48' lang='lat' dir='ltr'><strong>potentia?</strong></span> <span class='ocrx_word' id='word_1_190' title='bbox 2172 1720 2220 1778; x_wconf 92' lang='lat' dir='ltr'><strong>B</strong></span> <span class='ocrx_word' id='word_1_191' title='bbox 2323 1725 2468 1780; x_wconf 82' lang='lat' dir='ltr'><strong>Nulli</strong></span> <span class='ocrx_word' id='word_1_192' title='bbox 2492 1727 2663 1783; x_wconf 85' lang='lat' dir='ltr'><strong>liceat</strong></span> <span class='ocrx_word' id='word_1_193' title='bbox 2692 1730 2975 1785; x_wconf 87' lang='lat' dir='ltr'><strong>sacerdoti</strong></span> <span class='ocrx_word' id='word_1_194' title='bbox 3002 1729 3067 1783; x_wconf 89' lang='lat' dir='ltr'><strong>iis</strong></span> <span class='ocrx_word' id='word_1_195' title='bbox 3095 1728 3375 1783; x_wconf 86' lang='lat' dir='ltr'><strong>interesse</strong></span> <span class='ocrx_word' id='word_1_196' title='bbox 3408 1728 3692 1794; x_wconf 85' lang='lat' dir='ltr'><strong>nuptiarum</strong></span> <span class='ocrx_word' id='word_1_197' title='bbox 3714 1743 3775 1778; x_wconf 74' lang='lat' dir='ltr'><strong>ce.-</strong></span> 
     </span>
    </p>
   </div>
   <div class='ocr_carea' id='block_1_23' title="bbox 556 1814 3778 1904">
    <p class='ocr_par' dir='ltr' id='par_1_23' title="bbox 556 1814 3778 1904">
     <span class='ocr_line' id='line_1_23' title="bbox 556 1814 3778 1904; baseline -0.001 -35"><span class='ocrx_word' id='word_1_198' title='bbox 556 1845 689 1883; x_wconf 73' lang='lat' dir='ltr'><strong>cum</strong></span> <span class='ocrx_word' id='word_1_199' title='bbox 723 1830 893 1884; x_wconf 66' lang='lat' dir='ltr'><strong>patre</strong></span> <span class='ocrx_word' id='word_1_200' title='bbox 930 1845 1031 1884; x_wconf 69' lang='lat' dir='ltr'><strong>suo</strong></span> <span class='ocrx_word' id='word_1_201' title='bbox 1075 1830 1349 1902; x_wconf 56' lang='grc' dir='ltr'><strong>διοτίοεο,</strong></span> <span class='ocrx_word' id='word_1_202' title='bbox 1383 1832 1692 1903; x_wconf 70' lang='lat' dir='ltr'><strong>Ipsumque</strong></span> <span class='ocrx_word' id='word_1_203' title='bbox 1722 1831 1898 1904; x_wconf 63' lang='lat' dir='ltr'><strong>iguur</strong></span> <span class='ocrx_word' id='word_1_204' title='bbox 1923 1833 2150 1888; x_wconf 51' lang='lat' dir='ltr'><strong>satana,</strong></span> <span class='ocrx_word' id='word_1_205' title='bbox 2253 1816 2635 1884; x_wconf 88' lang='lat' dir='ltr'><strong>lehritatibus,</strong></span> <span class='ocrx_word' id='word_1_206' title='bbox 2665 1819 2721 1872; x_wconf 90' lang='lat' dir='ltr'><strong>in</strong></span> <span class='ocrx_word' id='word_1_207' title='bbox 2745 1818 2950 1891; x_wconf 89' lang='lat' dir='ltr'><strong>quibus</strong></span> <span class='ocrx_word' id='word_1_208' title='bbox 2972 1819 3352 1873; x_wconf 84' lang='lat' dir='ltr'><strong>autsecundae</strong></span> <span class='ocrx_word' id='word_1_209' title='bbox 3384 1818 3463 1871; x_wconf 91' lang='lat' dir='ltr'><strong>vir</strong></span> <span class='ocrx_word' id='word_1_210' title='bbox 3483 1816 3621 1872; x_wconf 79' lang='lat' dir='ltr'><strong>uxori</strong></span> <span class='ocrx_word' id='word_1_211' title='bbox 3639 1814 3778 1904; x_wconf 73' lang='lat' dir='ltr'><strong>jungi-</strong></span> 
     </span>
    </p>
   </div>
   <div class='ocr_carea' id='block_1_24' title="bbox 553 1903 3780 1992">
    <p class='ocr_par' dir='ltr' id='par_1_24' title="bbox 553 1903 3780 1992">
     <span class='ocr_line' id='line_1_24' title="bbox 553 1903 3780 1992; baseline 0.002 -22"><span class='ocrx_word' id='word_1_212' title='bbox 553 1917 922 1973; x_wconf 84' lang='lat' dir='ltr'><strong>tradiderunt</strong></span> <span class='ocrx_word' id='word_1_213' title='bbox 951 1934 1156 1973; x_wconf 89' lang='lat' dir='ltr'><strong>omnes</strong></span> <span class='ocrx_word' id='word_1_214' title='bbox 1190 1935 1202 1972; x_wconf 89' lang='lat'><strong>:</strong></span> <span class='ocrx_word' id='word_1_215' title='bbox 1237 1919 1336 1974; x_wconf 89' lang='lat' dir='ltr'><strong>sed</strong></span> <span class='ocrx_word' id='word_1_216' title='bbox 1366 1918 1412 1974; x_wconf 91' lang='lat' dir='ltr'><strong>is</strong></span> <span class='ocrx_word' id='word_1_217' title='bbox 1455 1919 1639 1974; x_wconf 91' lang='lat' dir='ltr'><strong>noluit</strong></span> <span class='ocrx_word' id='word_1_218' title='bbox 1681 1903 2036 1992; x_wconf 73' lang='lat' dir='ltr'><strong>reeipiscere,</strong></span> <span class='ocrx_word' id='word_1_219' title='bbox 2066 1939 2149 1976; x_wconf 91' lang='lat' dir='ltr'><strong>us-</strong></span> <span class='ocrx_word' id='word_1_220' title='bbox 2252 1906 2366 1970; x_wconf 63' lang='lat' dir='ltr'><strong>tura</strong></span> <span class='ocrx_word' id='word_1_221' title='bbox 2395 1909 2496 1960; x_wconf 60' lang='lat' dir='ltr'><strong>aut</strong></span> <span class='ocrx_word' id='word_1_222' title='bbox 2516 1907 2769 1962; x_wconf 72' lang='lat' dir='ltr'><strong>secundo</strong></span> <span class='ocrx_word' id='word_1_223' title='bbox 2801 1907 2885 1960; x_wconf 68' lang='lat' dir='ltr'><strong>Vir</strong></span> <span class='ocrx_word' id='word_1_224' title='bbox 2889 1924 2922 1961; x_wconf 85' lang='lat'><strong>0</strong></span> <span class='ocrx_word' id='word_1_225' title='bbox 2949 1906 3198 1974; x_wconf 67' lang='lat' dir='ltr'><strong>femina;</strong></span> <span class='ocrx_word' id='word_1_226' title='bbox 3221 1923 3331 1960; x_wconf 73' lang='lat' dir='ltr'><strong>nec</strong></span> <span class='ocrx_word' id='word_1_227' title='bbox 3345 1907 3427 1961; x_wconf 74' lang='grc' dir='ltr'><strong>νθῙ</strong></span> <span class='ocrx_word' id='word_1_228' title='bbox 3448 1905 3625 1960; x_wconf 47' lang='lat' dir='ltr'><strong>ibdem</strong></span> <span class='ocrx_word' id='word_1_229' title='bbox 3647 1903 3780 1992; x_wconf 64' lang='grc' dir='ltr'><strong>1⁵⁸οὲ·</strong></span> 
     </span>
    </p>
   </div>
   <div class='ocr_carea' id='block_1_25' title="bbox 551 1991 2135 2079">
    <p class='ocr_par' dir='ltr' id='par_1_25' title="bbox 551 1991 2135 2079">
     <span class='ocr_line' id='line_1_25' title="bbox 551 1991 2135 2079; baseline 0.003 -18"><span class='ocrx_word' id='word_1_230' title='bbox 551 2007 809 2079; x_wconf 87' lang='lat' dir='ltr'><strong>quedum</strong></span> <span class='ocrx_word' id='word_1_231' title='bbox 843 2006 1021 2062; x_wconf 75' lang='lat' dir='ltr'><strong>effusa</strong></span> <span class='ocrx_word' id='word_1_232' title='bbox 1045 2023 1175 2063; x_wconf 91' lang='lat' dir='ltr'><strong>cum</strong></span> <span class='ocrx_word' id='word_1_233' title='bbox 1209 2009 1332 2062; x_wconf 91' lang='lat' dir='ltr'><strong>alvo</strong></span> <span class='ocrx_word' id='word_1_234' title='bbox 1367 2007 1640 2063; x_wconf 87' lang='lat' dir='ltr'><strong>intestina</strong></span> <span class='ocrx_word' id='word_1_235' title='bbox 1669 2026 1771 2064; x_wconf 90' lang='lat' dir='ltr'><strong>sua</strong></span> <span class='ocrx_word' id='word_1_236' title='bbox 1795 1991 1855 2063; x_wconf 88' lang='lat' dir='ltr'><strong>in</strong></span> <span class='ocrx_word' id='word_1_237' title='bbox 1879 2009 2135 2065; x_wconf 83' lang='lat' dir='ltr'><strong>latriuan</strong></span> 
     </span>
    </p>
   </div>
   <div class='ocr_carea' id='block_1_26' title="bbox 2194 1991 3778 2079">
    <p class='ocr_par' dir='ltr' id='par_1_26' title="bbox 2253 1991 3778 2063">
     <span class='ocr_line' id='line_1_26' title="bbox 2253 1991 3778 2063; baseline -0.001 -17"><span class='ocrx_word' id='word_1_238' title='bbox 2253 1993 2465 2061; x_wconf 90' lang='lat' dir='ltr'><strong>dicere,</strong></span> <span class='ocrx_word' id='word_1_239' title='bbox 2496 1999 2558 2049; x_wconf 92' lang='lat' dir='ltr'><strong>ut</strong></span> <span class='ocrx_word' id='word_1_240' title='bbox 2581 1994 2886 2049; x_wconf 88' lang='lat' dir='ltr'><strong>admonuit</strong></span> <span class='ocrx_word' id='word_1_241' title='bbox 2913 2012 3066 2050; x_wconf 92' lang='lat' dir='ltr'><strong>eum.</strong></span> <span class='ocrx_word' id='word_1_242' title='bbox 3099 2035 3113 2050; x_wconf 94' lang='lat'><strong>.</strong></span> <span class='ocrx_word' id='word_1_243' title='bbox 3151 2038 3164 2050; x_wconf 93' lang='lat'><strong>.</strong></span> <span class='ocrx_word' id='word_1_244' title='bbox 3202 2036 3215 2050; x_wconf 95' lang='lat'><strong>.</strong></span> <span class='ocrx_word' id='word_1_245' title='bbox 3255 2038 3269 2052; x_wconf 93' lang='lat'><strong>.</strong></span> <span class='ocrx_word' id='word_1_246' title='bbox 3310 2039 3322 2050; x_wconf 91' lang='lat'><strong>.</strong></span> <span class='ocrx_word' id='word_1_247' title='bbox 3361 2035 3375 2049; x_wconf 95' lang='lat'><strong>.</strong></span> <span class='ocrx_word' id='word_1_248' title='bbox 3411 2035 3424 2048; x_wconf 93' lang='lat'><strong>.</strong></span> <span class='ocrx_word' id='word_1_249' title='bbox 3460 1993 3534 2047; x_wconf 91' lang='lat' dir='ltr'><strong>ita</strong></span> <span class='ocrx_word' id='word_1_250' title='bbox 3579 1991 3703 2063; x_wconf 89' lang='lat' dir='ltr'><strong>quod</strong></span> <span class='ocrx_word' id='word_1_251' title='bbox 3739 1991 3778 2044; x_wconf 87' lang='lat' dir='ltr'><strong>in</strong></span> 
     </span>
    </p>
   </div>
   <div class='ocr_carea' id='block_1_27' title="bbox 539 2080 3781 2155">
    <p class='ocr_par' dir='ltr' id='par_1_27' title="bbox 539 2080 3781 2155">
     <span class='ocr_line' id='line_1_27' title="bbox 539 2080 3781 2155; baseline -0.005 -7"><span class='ocrx_word' id='word_1_252' title='bbox 539 2095 783 2154; x_wconf 88' lang='lat' dir='ltr'><strong>viderat.</strong></span> <span class='ocrx_word' id='word_1_253' title='bbox 2251 2084 2510 2138; x_wconf 90' lang='lat' dir='ltr'><strong>castitate</strong></span> <span class='ocrx_word' id='word_1_254' title='bbox 2551 2084 2785 2155; x_wconf 83' lang='lat' dir='ltr'><strong>degant.</strong></span> <span class='ocrx_word' id='word_1_255' title='bbox 2837 2085 2928 2139; x_wconf 89' lang='lat' dir='ltr'><strong>Sic</strong></span> <span class='ocrx_word' id='word_1_256' title='bbox 2979 2085 3244 2140; x_wconf 89' lang='lat' dir='ltr'><strong>doctores</strong></span> <span class='ocrx_word' id='word_1_257' title='bbox 3308 2083 3647 2155; x_wconf 87' lang='lat' dir='ltr'><strong>scripserunt,</strong></span> <span class='ocrx_word' id='word_1_258' title='bbox 3686 2080 3781 2133; x_wconf 83' lang='lat' dir='ltr'><strong>licet</strong></span> 
     </span>
    </p>
   </div>
   <div class='ocr_carea' id='block_1_28' title="bbox 1305 2170 3781 2244">
    <p class='ocr_par' dir='ltr' id='par_1_28' title="bbox 1305 2170 3781 2244">
     <span class='ocr_line' id='line_1_28' title="bbox 1305 2170 3781 2244; baseline -0.003 -16"><span class='ocrx_word' id='word_1_259' title='bbox 1305 2188 1391 2241; x_wconf 77' lang='grc' dir='ltr'><strong>ιν,</strong></span> <span class='ocrx_word' id='word_1_260' title='bbox 2251 2172 2554 2244; x_wconf 81' lang='lat' dir='ltr'><strong>Apostolus</strong></span> <span class='ocrx_word' id='word_1_261' title='bbox 2586 2173 2810 2229; x_wconf 88' lang='lat' dir='ltr'><strong>veniam</strong></span> <span class='ocrx_word' id='word_1_262' title='bbox 2841 2173 3070 2228; x_wconf 87' lang='lat' dir='ltr'><strong>cesserit</strong></span> <span class='ocrx_word' id='word_1_263' title='bbox 3095 2173 3311 2228; x_wconf 87' lang='lat' dir='ltr'><strong>iterum</strong></span> <span class='ocrx_word' id='word_1_264' title='bbox 3328 2170 3560 2227; x_wconf 87' lang='lat' dir='ltr'><strong>ducendi</strong></span> <span class='ocrx_word' id='word_1_265' title='bbox 3579 2183 3781 2231; x_wconf 81' lang='lat' dir='ltr'><strong>uxorem,</strong></span> 
     </span>
    </p>
   </div>
   <div class='ocr_carea' id='block_1_29' title="bbox 619 2260 3784 2344">
    <p class='ocr_par' dir='ltr' id='par_1_29' title="bbox 619 2260 3784 2344">
     <span class='ocr_line' id='line_1_29' title="bbox 619 2260 3784 2344; baseline 0.002 -16"><span class='ocrx_word' id='word_1_266' title='bbox 619 2274 682 2328; x_wconf 83' lang='lat' dir='ltr'><strong>In</strong></span> <span class='ocrx_word' id='word_1_267' title='bbox 719 2274 826 2328; x_wconf 87' lang='lat' dir='ltr'><strong>hac</strong></span> <span class='ocrx_word' id='word_1_268' title='bbox 857 2275 1078 2344; x_wconf 85' lang='lat' dir='ltr'><strong>synodo</strong></span> <span class='ocrx_word' id='word_1_269' title='bbox 1116 2274 1372 2330; x_wconf 80' lang='lat' dir='ltr'><strong>instituta</strong></span> <span class='ocrx_word' id='word_1_270' title='bbox 1405 2277 1513 2331; x_wconf 89' lang='lat' dir='ltr'><strong>fuit</strong></span> <span class='ocrx_word' id='word_1_271' title='bbox 1541 2280 1752 2331; x_wconf 68' lang='lat' dir='ltr'><strong>sancta:</strong></span> <span class='ocrx_word' id='word_1_272' title='bbox 1791 2277 2054 2332; x_wconf 82' lang='lat' dir='ltr'><strong>Ecclesiae</strong></span> <span class='ocrx_word' id='word_1_273' title='bbox 2086 2277 2153 2332; x_wconf 89' lang='lat' dir='ltr'><strong>li—</strong></span> <span class='ocrx_word' id='word_1_274' title='bbox 2253 2260 2298 2314; x_wconf 69' lang='lat' dir='ltr'><strong>Si</strong></span> <span class='ocrx_word' id='word_1_275' title='bbox 2339 2278 2478 2316; x_wconf 61' lang='grc' dir='ltr'><strong>ωπον</strong></span> <span class='ocrx_word' id='word_1_276' title='bbox 2507 2261 2648 2332; x_wconf 71' lang='lat' dir='ltr'><strong>ejus-</strong></span> <span class='ocrx_word' id='word_1_277' title='bbox 2687 2302 2699 2315; x_wconf 87' lang='grc'><strong>·</strong></span> <span class='ocrx_word' id='word_1_278' title='bbox 2737 2303 2748 2316; x_wconf 91' lang='lat'><strong>-</strong></span> <span class='ocrx_word' id='word_1_279' title='bbox 2787 2307 2799 2319; x_wconf 89' lang='lat'><strong>-</strong></span> <span class='ocrx_word' id='word_1_280' title='bbox 2838 2302 2851 2315; x_wconf 87' lang='lat'><strong>-</strong></span> <span class='ocrx_word' id='word_1_281' title='bbox 2883 2301 2899 2316; x_wconf 88' lang='lat'><strong>-</strong></span> <span class='ocrx_word' id='word_1_282' title='bbox 2932 2262 3197 2317; x_wconf 71' lang='lat' dir='ltr'><strong>canones</strong></span> <span class='ocrx_word' id='word_1_283' title='bbox 3218 2261 3669 2331; x_wconf 57' lang='lat' dir='ltr'><strong>autemjamtum</strong></span> <span class='ocrx_word' id='word_1_284' title='bbox 3686 2270 3784 2344; x_wconf 56' lang='lat' dir='ltr'><strong>Rm“</strong></span> 
     </span>
    </p>
   </div>
   <div class='ocr_carea' id='block_1_30' title="bbox 557 2341 3785 2437">
    <p class='ocr_par' dir='ltr' id='par_1_30' title="bbox 557 2341 3785 2437">
     <span class='ocr_line' id='line_1_30' title="bbox 557 2341 3785 2437; baseline -0.003 -33"><span class='ocrx_word' id='word_1_285' title='bbox 557 2361 771 2433; x_wconf 54' lang='lat' dir='ltr'><strong>iurgia,</strong></span> <span class='ocrx_word' id='word_1_286' title='bbox 817 2341 898 2417; x_wconf 56' lang='grc' dir='ltr'><strong>ειί</strong></span> <span class='ocrx_word' id='word_1_287' title='bbox 921 2361 1054 2418; x_wconf 74' lang='lat' dir='ltr'><strong>ﬁdei</strong></span> <span class='ocrx_word' id='word_1_288' title='bbox 1105 2364 1447 2434; x_wconf 73' lang='lat' dir='ltr'><strong>symbolum</strong></span> <span class='ocrx_word' id='word_1_289' title='bbox 1479 2381 1593 2437; x_wconf 76' lang='lat' dir='ltr'><strong>quo</strong></span> <span class='ocrx_word' id='word_1_290' title='bbox 1625 2364 1683 2419; x_wconf 74' lang='lat' dir='ltr'><strong>in</strong></span> <span class='ocrx_word' id='word_1_291' title='bbox 1713 2365 1887 2419; x_wconf 65' lang='lat' dir='ltr'><strong>missa</strong></span> <span class='ocrx_word' id='word_1_292' title='bbox 1912 2364 2150 2434; x_wconf 50' lang='lat' dir='ltr'><strong>utimur.</strong></span> <span class='ocrx_word' id='word_1_293' title='bbox 2250 2349 2454 2405; x_wconf 86' lang='lat' dir='ltr'><strong>bibent</strong></span> <span class='ocrx_word' id='word_1_294' title='bbox 2481 2350 2968 2413; x_wconf 89' lang='lat' dir='ltr'><strong>benedictionem,</strong></span> <span class='ocrx_word' id='word_1_295' title='bbox 2995 2354 3052 2404; x_wconf 92' lang='lat' dir='ltr'><strong>et</strong></span> <span class='ocrx_word' id='word_1_296' title='bbox 3080 2349 3370 2420; x_wconf 86' lang='lat' dir='ltr'><strong>ejusmodi</strong></span> <span class='ocrx_word' id='word_1_297' title='bbox 3401 2341 3785 2403; x_wconf 83' lang='lat' dir='ltr'><strong>connubentibus</strong></span> 
     </span>
    </p>
   </div>
   <div class='ocr_carea' id='block_1_31' title="bbox 551 2438 3208 2526">
    <p class='ocr_par' dir='ltr' id='par_1_31' title="bbox 551 2438 3208 2526">
     <span class='ocr_line' id='line_1_31' title="bbox 551 2438 3208 2526; baseline 0.002 -22"><span class='ocrx_word' id='word_1_298' title='bbox 551 2450 949 2522; x_wconf 87' lang='lat' dir='ltr'><strong>nonnullaque</strong></span> <span class='ocrx_word' id='word_1_299' title='bbox 975 2451 1089 2505; x_wconf 90' lang='lat' dir='ltr'><strong>alia</strong></span> <span class='ocrx_word' id='word_1_300' title='bbox 1117 2451 1190 2505; x_wconf 90' lang='lat' dir='ltr'><strong>ad</strong></span> <span class='ocrx_word' id='word_1_301' title='bbox 1226 2453 1445 2506; x_wconf 90' lang='lat' dir='ltr'><strong>cultum</strong></span> <span class='ocrx_word' id='word_1_302' title='bbox 1477 2455 1535 2506; x_wconf 87' lang='lat' dir='ltr'><strong>et</strong></span> <span class='ocrx_word' id='word_1_303' title='bbox 1563 2452 1853 2508; x_wconf 86' lang='lat' dir='ltr'><strong>servitium</strong></span> <span class='ocrx_word' id='word_1_304' title='bbox 1882 2454 1981 2510; x_wconf 86' lang='lat' dir='ltr'><strong>Dei</strong></span> <span class='ocrx_word' id='word_1_305' title='bbox 2013 2470 2150 2526; x_wconf 85' lang='lat' dir='ltr'><strong>per-</strong></span> <span class='ocrx_word' id='word_1_306' title='bbox 2252 2438 2562 2511; x_wconf 65' lang='lat' dir='ltr'><strong>imponunt</strong></span> <span class='ocrx_word' id='word_1_307' title='bbox 2583 2438 2760 2494; x_wconf 62' lang='lat' dir='ltr'><strong>etiam</strong></span> <span class='ocrx_word' id='word_1_308' title='bbox 2787 2439 3208 2510; x_wconf 63' lang='grc' dir='ltr'><strong>Ραθυίιθοιίθω·</strong></span> 
     </span>
    </p>
   </div>
   <div class='ocr_carea' id='block_1_32' title="bbox 545 2527 3081 2594">
    <p class='ocr_par' dir='ltr' id='par_1_32' title="bbox 545 2527 3081 2594">
     <span class='ocr_line' id='line_1_32' title="bbox 545 2527 3081 2594; baseline -0.006 0"><span class='ocrx_word' id='word_1_309' title='bbox 545 2537 814 2594; x_wconf 74' lang='lat' dir='ltr'><strong>liuentia.</strong></span> <span class='ocrx_word' id='word_1_310' title='bbox 3022 2527 3081 2580; x_wconf 89' lang='lat' dir='ltr'><strong>X.</strong></span> 
     </span>
    </p>
   </div>
   <div class='ocr_carea' id='block_1_33' title="bbox 1309 2613 3786 2689">
    <p class='ocr_par' dir='ltr' id='par_1_33' title="bbox 1309 2613 3786 2689">
     <span class='ocr_line' id='line_1_33' title="bbox 1309 2613 3786 2689; baseline -0.006 -10"><span class='ocrx_word' id='word_1_311' title='bbox 1309 2629 1368 2681; x_wconf 92' lang='lat' dir='ltr'><strong>V.</strong></span> <span class='ocrx_word' id='word_1_312' title='bbox 2325 2616 2560 2689; x_wconf 90' lang='lat' dir='ltr'><strong>Septem</strong></span> <span class='ocrx_word' id='word_1_313' title='bbox 2593 2617 2803 2687; x_wconf 86' lang='lat' dir='ltr'><strong>gradus</strong></span> <span class='ocrx_word' id='word_1_314' title='bbox 2833 2615 3124 2670; x_wconf 89' lang='lat' dir='ltr'><strong>constituti</strong></span> <span class='ocrx_word' id='word_1_315' title='bbox 3149 2617 3286 2669; x_wconf 89' lang='lat' dir='ltr'><strong>sunt</strong></span> <span class='ocrx_word' id='word_1_316' title='bbox 3312 2613 3372 2668; x_wconf 91' lang='lat' dir='ltr'><strong>in</strong></span> <span class='ocrx_word' id='word_1_317' title='bbox 3415 2613 3635 2667; x_wconf 84' lang='lat' dir='ltr'><strong>Ecclesia</strong></span> <span class='ocrx_word' id='word_1_318' title='bbox 3665 2629 3674 2664; x_wconf 93' lang='lat'>:</span> <span class='ocrx_word' id='word_1_319' title='bbox 3702 2613 3786 2682; x_wconf 84' lang='lat' dir='ltr'><strong>pri-</strong></span> 
     </span>
    </p>
   </div>
   <div class='ocr_carea' id='block_1_34' title="bbox 626 2700 2210 2794">
    <p class='ocr_par' dir='ltr' id='par_1_34' title="bbox 626 2717 2146 2794">
     <span class='ocr_line' id='line_1_34' title="bbox 626 2717 2146 2794; baseline 0.002 -21"><span class='ocrx_word' id='word_1_320' title='bbox 626 2717 1017 2773; x_wconf 89' lang='lat' dir='ltr'><strong>Decreverunt</strong></span> <span class='ocrx_word' id='word_1_321' title='bbox 1062 2717 1188 2789; x_wconf 83' lang='lat' dir='ltr'><strong>jam</strong></span> <span class='ocrx_word' id='word_1_322' title='bbox 1238 2722 1363 2773; x_wconf 90' lang='lat' dir='ltr'><strong>tum</strong></span> <span class='ocrx_word' id='word_1_323' title='bbox 1397 2734 1600 2774; x_wconf 91' lang='lat' dir='ltr'><strong>omnes</strong></span> <span class='ocrx_word' id='word_1_324' title='bbox 1639 2719 1898 2775; x_wconf 88' lang='lat' dir='ltr'><strong>unanimi</strong></span> <span class='ocrx_word' id='word_1_325' title='bbox 1931 2721 2146 2794; x_wconf 89' lang='lat' dir='ltr'><strong>cogita-</strong></span> 
     </span>
    </p>
   </div>
   <div class='ocr_carea' id='block_1_35' title="bbox 2203 2700 3787 2794">
    <p class='ocr_par' dir='ltr' id='par_1_35' title="bbox 2250 2700 3787 2776">
     <span class='ocr_line' id='line_1_35' title="bbox 2250 2700 3787 2776; baseline -0.003 -17"><span class='ocrx_word' id='word_1_326' title='bbox 2250 2721 2400 2772; x_wconf 92' lang='lat' dir='ltr'><strong>mus,</strong></span> <span class='ocrx_word' id='word_1_327' title='bbox 2427 2704 2689 2760; x_wconf 87' lang='lat' dir='ltr'><strong>ostiarius</strong></span> <span class='ocrx_word' id='word_1_328' title='bbox 2713 2722 2727 2772; x_wconf 91' lang='lat'><strong>;</strong></span> <span class='ocrx_word' id='word_1_329' title='bbox 2757 2703 3253 2771; x_wconf 89' lang='lat' dir='ltr'><strong>secundus,lector</strong></span> <span class='ocrx_word' id='word_1_330' title='bbox 3278 2721 3294 2769; x_wconf 88' lang='lat'><strong>;</strong></span> <span class='ocrx_word' id='word_1_331' title='bbox 3317 2701 3534 2768; x_wconf 89' lang='lat' dir='ltr'><strong>tertius,</strong></span> <span class='ocrx_word' id='word_1_332' title='bbox 3549 2700 3787 2776; x_wconf 71' lang='lat' dir='ltr'><strong>exorcista;</strong></span> 
     </span>
    </p>
   </div>
   <div class='ocr_carea' id='block_1_36' title="bbox 553 2794 2137 2881">
    <p class='ocr_par' dir='ltr' id='par_1_36' title="bbox 553 2806 2137 2881">
     <span class='ocr_line' id='line_1_36' title="bbox 553 2806 2137 2881; baseline -0.001 -15"><span class='ocrx_word' id='word_1_333' title='bbox 553 2811 716 2866; x_wconf 86' lang='lat' dir='ltr'><strong>tione</strong></span> <span class='ocrx_word' id='word_1_334' title='bbox 748 2811 812 2863; x_wconf 92' lang='lat' dir='ltr'><strong>ut</strong></span> <span class='ocrx_word' id='word_1_335' title='bbox 841 2825 1029 2879; x_wconf 87' lang='lat' dir='ltr'><strong>neque</strong></span> <span class='ocrx_word' id='word_1_336' title='bbox 1059 2806 1379 2880; x_wconf 90' lang='lat' dir='ltr'><strong>episc0pus,</strong></span> <span class='ocrx_word' id='word_1_337' title='bbox 1400 2825 1588 2881; x_wconf 91' lang='lat' dir='ltr'><strong>neque</strong></span> <span class='ocrx_word' id='word_1_338' title='bbox 1600 2808 1865 2865; x_wconf 88' lang='lat' dir='ltr'><strong>sacerdos</strong></span> <span class='ocrx_word' id='word_1_339' title='bbox 1883 2809 2137 2877; x_wconf 80' lang='lat' dir='ltr'><strong>missalis,</strong></span> 
     </span>
    </p>
   </div>
   <div class='ocr_carea' id='block_1_37' title="bbox 2201 2794 3785 2881">
    <p class='ocr_par' dir='ltr' id='par_1_37' title="bbox 2249 2794 3785 2868">
     <span class='ocr_line' id='line_1_37' title="bbox 2249 2794 3785 2868; baseline -0.005 -18"><span class='ocrx_word' id='word_1_340' title='bbox 2249 2799 2506 2868; x_wconf 88' lang='lat' dir='ltr'><strong>quartus,</strong></span> <span class='ocrx_word' id='word_1_341' title='bbox 2540 2795 2864 2867; x_wconf 89' lang='lat' dir='ltr'><strong>acolythus;</strong></span> <span class='ocrx_word' id='word_1_342' title='bbox 2899 2796 3150 2867; x_wconf 85' lang='lat' dir='ltr'><strong>quintus,</strong></span> <span class='ocrx_word' id='word_1_343' title='bbox 3180 2794 3586 2854; x_wconf 85' lang='lat' dir='ltr'><strong>subdiaconus;</strong></span> <span class='ocrx_word' id='word_1_344' title='bbox 3626 2795 3785 2851; x_wconf 80' lang='lat' dir='ltr'><strong>sextus,</strong></span> 
     </span>
    </p>
   </div>
   <div class='ocr_carea' id='block_1_38' title="bbox 545 2883 3241 2972">
    <p class='ocr_par' dir='ltr' id='par_1_38' title="bbox 545 2883 3241 2972">
     <span class='ocr_line' id='line_1_38' title="bbox 545 2883 3241 2972; baseline 0 -17"><span class='ocrx_word' id='word_1_345' title='bbox 545 2916 737 2972; x_wconf 91' lang='lat' dir='ltr'><strong>neque</strong></span> <span class='ocrx_word' id='word_1_346' title='bbox 769 2899 1068 2967; x_wconf 86' lang='lat' dir='ltr'><strong>diaconus,</strong></span> <span class='ocrx_word' id='word_1_347' title='bbox 1103 2916 1206 2955; x_wconf 92' lang='lat' dir='ltr'><strong>nec</strong></span> <span class='ocrx_word' id='word_1_348' title='bbox 1228 2899 1324 2972; x_wconf 90' lang='lat' dir='ltr'><strong>qui</strong></span> <span class='ocrx_word' id='word_1_349' title='bbox 1356 2915 1487 2954; x_wconf 88' lang='lat' dir='ltr'><strong>vere</strong></span> <span class='ocrx_word' id='word_1_350' title='bbox 1509 2901 1592 2954; x_wconf 89' lang='lat' dir='ltr'><strong>est</strong></span> <span class='ocrx_word' id='word_1_351' title='bbox 1611 2898 1940 2966; x_wconf 88' lang='lat' dir='ltr'><strong>canonicus,</strong></span> <span class='ocrx_word' id='word_1_352' title='bbox 1974 2899 2030 2953; x_wconf 89' lang='lat' dir='ltr'><strong>in</strong></span> <span class='ocrx_word' id='word_1_353' title='bbox 2045 2900 2146 2954; x_wconf 88' lang='lat' dir='ltr'><strong>do-</strong></span> <span class='ocrx_word' id='word_1_354' title='bbox 2251 2885 2562 2952; x_wconf 67' lang='lat' dir='ltr'><strong>diaconus;</strong></span> <span class='ocrx_word' id='word_1_355' title='bbox 2589 2883 2892 2957; x_wconf 60' lang='lat' dir='ltr'><strong>septimus:</strong></span> <span class='ocrx_word' id='word_1_356' title='bbox 2925 2883 3241 2972; x_wconf 58' lang='grc' dir='ltr'><strong>Ρῖίῗξδῐῖθΐο</strong></span> 
     </span>
    </p>
   </div>
   <div class='ocr_carea' id='block_1_39' title="bbox 540 2971 3088 3066">
    <p class='ocr_par' dir='ltr' id='par_1_39' title="bbox 540 2971 3088 3066">
     <span class='ocr_line' id='line_1_39' title="bbox 540 2971 3088 3066; baseline -0 -23"><span class='ocrx_word' id='word_1_357' title='bbox 540 2971 770 3043; x_wconf 23' lang='lat' dir='ltr'><strong>moisua</strong></span> <span class='ocrx_word' id='word_1_358' title='bbox 813 3004 1008 3043; x_wconf 87' lang='lat' dir='ltr'><strong>secum</strong></span> <span class='ocrx_word' id='word_1_359' title='bbox 1066 2971 1312 3044; x_wconf 79' lang='lat' dir='ltr'><strong>haberet</strong></span> <span class='ocrx_word' id='word_1_360' title='bbox 1351 2987 1604 3059; x_wconf 88' lang='lat' dir='ltr'><strong>aliquam</strong></span> <span class='ocrx_word' id='word_1_361' title='bbox 1655 2988 1981 3056; x_wconf 88' lang='lat' dir='ltr'><strong>mulierem,</strong></span> <span class='ocrx_word' id='word_1_362' title='bbox 2038 2987 2214 3066; x_wconf 74' lang='lat' dir='ltr'><strong>nisiC</strong></span> <span class='ocrx_word' id='word_1_363' title='bbox 2429 3063 2446 3066; x_wconf 80' lang='lat'>_</span> <span class='ocrx_word' id='word_1_364' title='bbox 2499 3061 2529 3066; x_wconf 24' lang='grc' dir='ltr'><strong><em>Α</em></strong></span> <span class='ocrx_word' id='word_1_365' title='bbox 2607 3062 2616 3066; x_wconf 84' lang='lat'>_</span> <span class='ocrx_word' id='word_1_366' title='bbox 2804 3064 2810 3066; x_wconf 19' lang='grc' dir='ltr'><em>Α</em></span> <span class='ocrx_word' id='word_1_367' title='bbox 2942 2971 3088 3066; x_wconf 32' lang='grc' dir='ltr'><strong>ΛΧῙ·</strong></span> 
     </span>
    </p>
   </div>
   <div class='ocr_carea' id='block_1_40' title="bbox 539 3054 2123 3140">
    <p class='ocr_par' dir='ltr' id='par_1_40' title="bbox 539 3077 2123 3140">
     <span class='ocr_line' id='line_1_40' title="bbox 539 3077 2123 3140; baseline 0 -8"><span class='ocrx_word' id='word_1_368' title='bbox 539 3079 792 3132; x_wconf 89' lang='lat' dir='ltr'><strong>matrem</strong></span> <span class='ocrx_word' id='word_1_369' title='bbox 834 3078 920 3132; x_wconf 91' lang='lat' dir='ltr'><strong>vel</strong></span> <span class='ocrx_word' id='word_1_370' title='bbox 962 3093 1222 3132; x_wconf 89' lang='lat' dir='ltr'><strong>sororem</strong></span> <span class='ocrx_word' id='word_1_371' title='bbox 1271 3093 1458 3140; x_wconf 88' lang='lat' dir='ltr'><strong>suam,</strong></span> <span class='ocrx_word' id='word_1_372' title='bbox 1492 3077 1730 3132; x_wconf 89' lang='lat' dir='ltr'><strong>amitam</strong></span> <span class='ocrx_word' id='word_1_373' title='bbox 1763 3078 1848 3132; x_wconf 87' lang='lat' dir='ltr'><strong>vel</strong></span> <span class='ocrx_word' id='word_1_374' title='bbox 1881 3081 2123 3133; x_wconf 91' lang='lat' dir='ltr'><strong>materte</strong></span> 
     </span>
    </p>
   </div>
   <div class='ocr_carea' id='block_1_41' title="bbox 2205 3054 3789 3140">
    <p class='ocr_par' dir='ltr' id='par_1_41' title="bbox 2205 3054 3789 3132">
     <span class='ocr_line' id='line_1_41' title="bbox 2205 3054 3789 3132; baseline -0.007 -14"><span class='ocrx_word' id='word_1_375' title='bbox 2205 3054 2214 3064; x_wconf 83' lang='grc'><em>’</em></span> <span class='ocrx_word' id='word_1_376' title='bbox 2323 3067 2375 3117; x_wconf 77' lang='grc'><strong>1.</strong></span> <span class='ocrx_word' id='word_1_377' title='bbox 2415 3061 2689 3117; x_wconf 88' lang='lat' dir='ltr'><strong>Ostiarius</strong></span> <span class='ocrx_word' id='word_1_378' title='bbox 2734 3064 2818 3115; x_wconf 88' lang='lat' dir='ltr'><strong>est</strong></span> <span class='ocrx_word' id='word_1_379' title='bbox 2872 3060 3153 3116; x_wconf 89' lang='lat' dir='ltr'><strong>ostiorum</strong></span> <span class='ocrx_word' id='word_1_380' title='bbox 3196 3060 3406 3132; x_wconf 86' lang='lat' dir='ltr'><strong>templi</strong></span> <span class='ocrx_word' id='word_1_381' title='bbox 3452 3076 3546 3115; x_wconf 91' lang='lat' dir='ltr'><strong>seu</strong></span> <span class='ocrx_word' id='word_1_382' title='bbox 3595 3054 3789 3111; x_wconf 69' lang='lat' dir='ltr'><strong>ecclesia</strong></span> 
     </span>
    </p>
   </div>
   <div class='ocr_carea' id='block_1_42' title="bbox 538 3149 2122 3239">
    <p class='ocr_par' dir='ltr' id='par_1_42' title="bbox 538 3165 2122 3239">
     <span class='ocr_line' id='line_1_42' title="bbox 538 3165 2122 3239; baseline 0 -20"><span class='ocrx_word' id='word_1_383' title='bbox 538 3181 670 3222; x_wconf 86' lang='lat' dir='ltr'><strong>ram</strong></span> <span class='ocrx_word' id='word_1_384' title='bbox 709 3182 905 3234; x_wconf 87' lang='lat' dir='ltr'><strong>suam;</strong></span> <span class='ocrx_word' id='word_1_385' title='bbox 940 3169 999 3222; x_wconf 89' lang='lat' dir='ltr'><strong>et</strong></span> <span class='ocrx_word' id='word_1_386' title='bbox 1029 3165 1126 3239; x_wconf 88' lang='lat' dir='ltr'><strong>qui</strong></span> <span class='ocrx_word' id='word_1_387' title='bbox 1171 3165 1340 3221; x_wconf 90' lang='lat' dir='ltr'><strong>aliter</strong></span> <span class='ocrx_word' id='word_1_388' title='bbox 1383 3165 1606 3232; x_wconf 81' lang='lat' dir='ltr'><strong>fecerit,</strong></span> <span class='ocrx_word' id='word_1_389' title='bbox 1638 3165 1843 3221; x_wconf 91' lang='lat' dir='ltr'><strong>ordine</strong></span> <span class='ocrx_word' id='word_1_390' title='bbox 1874 3169 1933 3221; x_wconf 93' lang='lat' dir='ltr'><strong>et</strong></span> <span class='ocrx_word' id='word_1_391' title='bbox 1959 3166 2122 3237; x_wconf 75' lang='lat' dir='ltr'><strong>gradu</strong></span> 
     </span>
    </p>
   </div>
   <div class='ocr_carea' id='block_1_43' title="bbox 2205 3149 3789 3239">
    <p class='ocr_par' dir='ltr' id='par_1_43' title="bbox 2246 3149 3789 3222">
     <span class='ocr_line' id='line_1_43' title="bbox 2246 3149 3789 3222; baseline -0.005 -17"><span class='ocrx_word' id='word_1_392' title='bbox 2246 3153 2458 3222; x_wconf 88' lang='lat' dir='ltr'><strong>custos,</strong></span> <span class='ocrx_word' id='word_1_393' title='bbox 2480 3150 2576 3222; x_wconf 89' lang='lat' dir='ltr'><strong>qui</strong></span> <span class='ocrx_word' id='word_1_394' title='bbox 2609 3165 3028 3221; x_wconf 89' lang='lat' dir='ltr'><strong>campanarum</strong></span> <span class='ocrx_word' id='word_1_395' title='bbox 3057 3149 3250 3203; x_wconf 85' lang='lat' dir='ltr'><strong>sonitu</strong></span> <span class='ocrx_word' id='word_1_396' title='bbox 3277 3149 3545 3220; x_wconf 84' lang='lat' dir='ltr'><strong>designat</strong></span> <span class='ocrx_word' id='word_1_397' title='bbox 3560 3151 3789 3217; x_wconf 83' lang='lat' dir='ltr'><strong>tempora,</strong></span> 
     </span>
    </p>
   </div>
   <div class='ocr_carea' id='block_1_44' title="bbox 535 3235 3789 3327">
    <p class='ocr_par' dir='ltr' id='par_1_44' title="bbox 535 3235 3789 3327">
     <span class='ocr_line' id='line_1_44' title="bbox 535 3235 3789 3327; baseline -0.007 -21"><span class='ocrx_word' id='word_1_398' title='bbox 535 3271 640 3312; x_wconf 85' lang='lat' dir='ltr'><strong>suo</strong></span> <span class='ocrx_word' id='word_1_399' title='bbox 669 3255 1009 3327; x_wconf 73' lang='lat' dir='ltr'><strong>privaretur,</strong></span> <span class='ocrx_word' id='word_1_400' title='bbox 1043 3235 1066 3239; x_wconf 56' lang='lat'>_</span> <span class='ocrx_word' id='word_1_401' title='bbox 1967 3235 1985 3237; x_wconf 60' lang='grc'><strong><em>“</em></strong></span> <span class='ocrx_word' id='word_1_402' title='bbox 2245 3239 2622 3312; x_wconf 82' lang='lat' dir='ltr'><strong>fidelibusque</strong></span> <span class='ocrx_word' id='word_1_403' title='bbox 2656 3238 2906 3293; x_wconf 60' lang='lat' dir='ltr'><strong>ecclesia!</strong></span> <span class='ocrx_word' id='word_1_404' title='bbox 2928 3238 3079 3294; x_wconf 89' lang='lat' dir='ltr'><strong>fores</strong></span> <span class='ocrx_word' id='word_1_405' title='bbox 3107 3237 3319 3308; x_wconf 86' lang='lat' dir='ltr'><strong>aperit,</strong></span> <span class='ocrx_word' id='word_1_406' title='bbox 3353 3235 3661 3292; x_wconf 79' lang='lat' dir='ltr'><strong>infidelibus</strong></span> <span class='ocrx_word' id='word_1_407' title='bbox 3692 3247 3789 3284; x_wconf 72' lang='lat' dir='ltr'><strong>rem</strong></span> 
     </span>
    </p>
   </div>
   <div class='ocr_carea' id='block_1_45' title="bbox 1291 3327 2507 3384">
    <p class='ocr_par' dir='ltr' id='par_1_45' title="bbox 1291 3327 2507 3384">
     <span class='ocr_line' id='line_1_45' title="bbox 1291 3327 2507 3384; baseline 0.003 -4"><span class='ocrx_word' id='word_1_408' title='bbox 1291 3327 1378 3382; x_wconf 82' lang='lat' dir='ltr'><strong>Vl.</strong></span> <span class='ocrx_word' id='word_1_409' title='bbox 2243 3329 2507 3384; x_wconf 90' lang='lat' dir='ltr'><strong>occludit.</strong></span> 
     </span>
    </p>
   </div>
   <div class='ocr_carea' id='block_1_46' title="bbox 611 3415 3101 3488">
    <p class='ocr_par' dir='ltr' id='par_1_46' title="bbox 611 3415 3101 3488">
     <span class='ocr_line' id='line_1_46' title="bbox 611 3415 3101 3488; baseline -0.001 -16"><span class='ocrx_word' id='word_1_410' title='bbox 611 3417 984 3472; x_wconf 87' lang='lat' dir='ltr'><strong>Considerate</strong></span> <span class='ocrx_word' id='word_1_411' title='bbox 1005 3416 1181 3488; x_wconf 87' lang='lat' dir='ltr'><strong>igitur</strong></span> <span class='ocrx_word' id='word_1_412' title='bbox 1210 3416 1388 3487; x_wconf 86' lang='lat' dir='ltr'><strong>digna</strong></span> <span class='ocrx_word' id='word_1_413' title='bbox 1416 3416 1538 3470; x_wconf 85' lang='lat' dir='ltr'><strong>haec</strong></span> <span class='ocrx_word' id='word_1_414' title='bbox 1567 3415 1786 3470; x_wconf 89' lang='lat' dir='ltr'><strong>auditu.</strong></span> <span class='ocrx_word' id='word_1_415' title='bbox 1816 3417 1956 3471; x_wconf 91' lang='lat' dir='ltr'><strong>Cum</strong></span> <span class='ocrx_word' id='word_1_416' title='bbox 1983 3418 2139 3471; x_wconf 90' lang='lat' dir='ltr'><strong>enim</strong></span> <span class='ocrx_word' id='word_1_417' title='bbox 2987 3416 3101 3470; x_wconf 87' lang='lat' dir='ltr'><strong>XII.</strong></span> 
     </span>
    </p>
   </div>
   <div class='ocr_carea' id='block_1_47' title="bbox 534 3495 3792 3580">
    <p class='ocr_par' dir='ltr' id='par_1_47' title="bbox 534 3495 3792 3580">
     <span class='ocr_line' id='line_1_47' title="bbox 534 3495 3792 3580; baseline -0.002 -19"><span class='ocrx_word' id='word_1_418' title='bbox 534 3505 848 3561; x_wconf 87' lang='lat' dir='ltr'><strong>habueritis</strong></span> <span class='ocrx_word' id='word_1_419' title='bbox 879 3505 1130 3560; x_wconf 54' lang='lat' dir='ltr'><strong>ecclesias</strong></span> <span class='ocrx_word' id='word_1_420' title='bbox 1151 3508 1350 3559; x_wconf 85' lang='lat' dir='ltr'><strong>vestrae</strong></span> <span class='ocrx_word' id='word_1_421' title='bbox 1375 3503 2136 3571; x_wconf 87' lang='lat' dir='ltr'><strong>sollicitudinem,econtra-</strong></span> <span class='ocrx_word' id='word_1_422' title='bbox 2316 3514 2369 3567; x_wconf 80' lang='lat'><strong>2.</strong></span> <span class='ocrx_word' id='word_1_423' title='bbox 2405 3509 2605 3564; x_wconf 88' lang='lat' dir='ltr'><strong>Lector</strong></span> <span class='ocrx_word' id='word_1_424' title='bbox 2661 3508 2706 3563; x_wconf 90' lang='lat' dir='ltr'><strong>is</strong></span> <span class='ocrx_word' id='word_1_425' title='bbox 2755 3512 2840 3563; x_wconf 83' lang='lat' dir='ltr'><strong>est</strong></span> <span class='ocrx_word' id='word_1_426' title='bbox 2891 3507 2987 3580; x_wconf 90' lang='lat' dir='ltr'><strong>qui</strong></span> <span class='ocrx_word' id='word_1_427' title='bbox 3037 3506 3180 3578; x_wconf 84' lang='lat' dir='ltr'><strong>legit</strong></span> <span class='ocrx_word' id='word_1_428' title='bbox 3235 3505 3294 3560; x_wconf 93' lang='lat' dir='ltr'><strong>in</strong></span> <span class='ocrx_word' id='word_1_429' title='bbox 3346 3503 3580 3560; x_wconf 88' lang='lat' dir='ltr'><strong>ecclesia</strong></span> <span class='ocrx_word' id='word_1_430' title='bbox 3617 3495 3792 3564; x_wconf 73' lang='lat' dir='ltr'><strong>Dei,cd</strong></span> 
     </span>
    </p>
   </div>
   <div class='ocr_carea' id='block_1_48' title="bbox 535 3585 3789 3668">
    <p class='ocr_par' dir='ltr' id='par_1_48' title="bbox 535 3585 3789 3668">
     <span class='ocr_line' id='line_1_48' title="bbox 535 3585 3789 3668; baseline -0.002 -20"><span class='ocrx_word' id='word_1_431' title='bbox 535 3594 646 3651; x_wconf 91' lang='lat' dir='ltr'><strong>rio.</strong></span> <span class='ocrx_word' id='word_1_432' title='bbox 687 3634 702 3648; x_wconf 94' lang='lat'><strong>.</strong></span> <span class='ocrx_word' id='word_1_433' title='bbox 754 3634 767 3647; x_wconf 95' lang='lat'><strong>.</strong></span> <span class='ocrx_word' id='word_1_434' title='bbox 811 3635 825 3651; x_wconf 95' lang='lat'><strong>.</strong></span> <span class='ocrx_word' id='word_1_435' title='bbox 871 3634 887 3648; x_wconf 95' lang='lat'><strong>.</strong></span> <span class='ocrx_word' id='word_1_436' title='bbox 931 3633 947 3650; x_wconf 95' lang='lat'><strong>.</strong></span> <span class='ocrx_word' id='word_1_437' title='bbox 988 3594 1218 3652; x_wconf 90' lang='lat' dir='ltr'><strong>adduct.</strong></span> <span class='ocrx_word' id='word_1_438' title='bbox 1264 3638 1276 3650; x_wconf 93' lang='lat'><strong>.</strong></span> <span class='ocrx_word' id='word_1_439' title='bbox 1324 3636 1336 3648; x_wconf 94' lang='lat'><strong>.</strong></span> <span class='ocrx_word' id='word_1_440' title='bbox 1383 3635 1395 3648; x_wconf 94' lang='lat'><strong>.</strong></span> <span class='ocrx_word' id='word_1_441' title='bbox 1437 3637 1451 3651; x_wconf 94' lang='lat'><strong>.</strong></span> <span class='ocrx_word' id='word_1_442' title='bbox 1500 3635 1513 3649; x_wconf 94' lang='lat'><strong>.</strong></span> <span class='ocrx_word' id='word_1_443' title='bbox 1559 3635 1571 3647; x_wconf 93' lang='lat'><strong>.</strong></span> <span class='ocrx_word' id='word_1_444' title='bbox 1620 3636 1634 3652; x_wconf 95' lang='lat'><strong>.</strong></span> <span class='ocrx_word' id='word_1_445' title='bbox 1680 3636 1694 3650; x_wconf 95' lang='lat'><strong>.</strong></span> <span class='ocrx_word' id='word_1_446' title='bbox 1737 3595 1898 3667; x_wconf 83' lang='lat' dir='ltr'><strong>quasi</strong></span> <span class='ocrx_word' id='word_1_447' title='bbox 1918 3594 2140 3668; x_wconf 88' lang='lat' dir='ltr'><strong>pericu—</strong></span> <span class='ocrx_word' id='word_1_448' title='bbox 2238 3599 2350 3653; x_wconf 91' lang='lat' dir='ltr'><strong>hoc</strong></span> <span class='ocrx_word' id='word_1_449' title='bbox 2381 3597 2556 3653; x_wconf 87' lang='lat' dir='ltr'><strong>etiam</strong></span> <span class='ocrx_word' id='word_1_450' title='bbox 2581 3597 2882 3652; x_wconf 89' lang='lat' dir='ltr'><strong>ordinatus</strong></span> <span class='ocrx_word' id='word_1_451' title='bbox 2906 3599 2968 3650; x_wconf 87' lang='lat' dir='ltr'><strong>ut</strong></span> <span class='ocrx_word' id='word_1_452' title='bbox 2997 3595 3238 3650; x_wconf 90' lang='lat' dir='ltr'><strong>verbum</strong></span> <span class='ocrx_word' id='word_1_453' title='bbox 3267 3594 3374 3650; x_wconf 91' lang='lat' dir='ltr'><strong>Dei</strong></span> <span class='ocrx_word' id='word_1_454' title='bbox 3406 3592 3608 3666; x_wconf 92' lang='lat' dir='ltr'><strong>populo</strong></span> <span class='ocrx_word' id='word_1_455' title='bbox 3630 3585 3789 3661; x_wconf 70' lang='lat' dir='ltr'><strong>praedi-</strong></span> 
     </span>
    </p>
   </div>
   <div class='ocr_carea' id='block_1_49' title="bbox 538 3682 2348 3755">
    <p class='ocr_par' dir='ltr' id='par_1_49' title="bbox 538 3682 2348 3755">
     <span class='ocr_line' id='line_1_49' title="bbox 538 3682 2348 3755; baseline 0.003 -17"><span class='ocrx_word' id='word_1_456' title='bbox 538 3683 727 3738; x_wconf 92' lang='lat' dir='ltr'><strong>losum</strong></span> <span class='ocrx_word' id='word_1_457' title='bbox 765 3699 885 3739; x_wconf 90' lang='lat' dir='ltr'><strong>non</strong></span> <span class='ocrx_word' id='word_1_458' title='bbox 925 3687 1094 3752; x_wconf 89' lang='lat' dir='ltr'><strong>esset,</strong></span> <span class='ocrx_word' id='word_1_459' title='bbox 1127 3683 1487 3738; x_wconf 88' lang='lat' dir='ltr'><strong>sacerdotem</strong></span> <span class='ocrx_word' id='word_1_460' title='bbox 1517 3682 1706 3738; x_wconf 85' lang='lat' dir='ltr'><strong>vivere</strong></span> <span class='ocrx_word' id='word_1_461' title='bbox 1745 3699 1908 3739; x_wconf 88' lang='lat' dir='ltr'><strong>more</strong></span> <span class='ocrx_word' id='word_1_462' title='bbox 1938 3684 2136 3755; x_wconf 86' lang='lat' dir='ltr'><strong>conju-</strong></span> <span class='ocrx_word' id='word_1_463' title='bbox 2239 3689 2348 3745; x_wconf 84' lang='lat' dir='ltr'><strong>cet.</strong></span> 
     </span>
    </p>
   </div>
   <div class='ocr_carea' id='block_1_50' title="bbox 536 3769 3108 3844">
    <p class='ocr_par' dir='ltr' id='par_1_50' title="bbox 536 3769 3108 3844">
     <span class='ocr_line' id='line_1_50' title="bbox 536 3769 3108 3844; baseline 0 -18"><span class='ocrx_word' id='word_1_464' title='bbox 536 3769 657 3843; x_wconf 84' lang='lat' dir='ltr'><strong>gati</strong></span> <span class='ocrx_word' id='word_1_465' title='bbox 689 3772 800 3838; x_wconf 91' lang='lat' dir='ltr'><strong>[vel</strong></span> <span class='ocrx_word' id='word_1_466' title='bbox 829 3771 1086 3828; x_wconf 90' lang='lat' dir='ltr'><strong>hominis</strong></span> <span class='ocrx_word' id='word_1_467' title='bbox 1115 3772 1346 3844; x_wconf 89' lang='lat' dir='ltr'><strong>plebei].</strong></span> <span class='ocrx_word' id='word_1_468' title='bbox 1398 3771 1511 3826; x_wconf 87' lang='lat' dir='ltr'><strong>Sed</strong></span> <span class='ocrx_word' id='word_1_469' title='bbox 1559 3771 1762 3828; x_wconf 86' lang='lat' dir='ltr'><strong>dicetis</strong></span> <span class='ocrx_word' id='word_1_470' title='bbox 1812 3789 1946 3827; x_wconf 91' lang='lat' dir='ltr'><strong>eum</strong></span> <span class='ocrx_word' id='word_1_471' title='bbox 1984 3773 2139 3828; x_wconf 87' lang='lat' dir='ltr'><strong>haud</strong></span> <span class='ocrx_word' id='word_1_472' title='bbox 2973 3774 3108 3828; x_wconf 84' lang='lat' dir='ltr'><strong>XIII.</strong></span> 
     </span>
    </p>
   </div>
   <div class='ocr_carea' id='block_1_51' title="bbox 536 3851 3786 3935">
    <p class='ocr_par' dir='ltr' id='par_1_51' title="bbox 536 3851 3786 3935">
     <span class='ocr_line' id='line_1_51' title="bbox 536 3851 3786 3935; baseline -0.003 -19"><span class='ocrx_word' id='word_1_473' title='bbox 536 3877 701 3934; x_wconf 88' lang='lat' dir='ltr'><strong>posse</strong></span> <span class='ocrx_word' id='word_1_474' title='bbox 753 3878 954 3916; x_wconf 90' lang='lat' dir='ltr'><strong>carere</strong></span> <span class='ocrx_word' id='word_1_475' title='bbox 994 3861 1374 3917; x_wconf 89' lang='lat' dir='ltr'><strong>muliebribus</strong></span> <span class='ocrx_word' id='word_1_476' title='bbox 1425 3861 1686 3916; x_wconf 90' lang='lat' dir='ltr'><strong>servitiis.</strong></span> <span class='ocrx_word' id='word_1_477' title='bbox 1743 3861 2088 3935; x_wconf 67' lang='lat' dir='ltr'><strong>ReSpondeo</strong></span> <span class='ocrx_word' id='word_1_478' title='bbox 2120 3878 2134 3916; x_wconf 87' lang='lat'>:</span> <span class='ocrx_word' id='word_1_479' title='bbox 2311 3869 2360 3920; x_wconf 88' lang='lat'><strong>3.</strong></span> <span class='ocrx_word' id='word_1_480' title='bbox 2396 3864 2686 3920; x_wconf 81' lang='lat' dir='ltr'><strong>Exorcista</strong></span> <span class='ocrx_word' id='word_1_481' title='bbox 2716 3863 2872 3917; x_wconf 92' lang='lat' dir='ltr'><strong>idem</strong></span> <span class='ocrx_word' id='word_1_482' title='bbox 2901 3860 3103 3934; x_wconf 88' lang='lat' dir='ltr'><strong>estqui</strong></span> <span class='ocrx_word' id='word_1_483' title='bbox 3146 3858 3445 3931; x_wconf 81' lang='lat' dir='ltr'><strong>malignos</strong></span> <span class='ocrx_word' id='word_1_484' title='bbox 3484 3854 3690 3929; x_wconf 87' lang='lat' dir='ltr'><strong>spiritus</strong></span> <span class='ocrx_word' id='word_1_485' title='bbox 3711 3851 3786 3905; x_wconf 84' lang='lat' dir='ltr'><strong>ho-</strong></span> 
     </span>
    </p>
   </div>
   <div class='ocr_carea' id='block_1_52' title="bbox 535 3944 3791 4022">
    <p class='ocr_par' dir='ltr' id='par_1_52' title="bbox 535 3944 3791 4022">
     <span class='ocr_line' id='line_1_52' title="bbox 535 3944 3791 4022; baseline -0.003 -15"><span class='ocrx_word' id='word_1_486' title='bbox 535 3950 803 4015; x_wconf 81' lang='lat' dir='ltr'><strong>Qu-onam</strong></span> <span class='ocrx_word' id='word_1_487' title='bbox 835 3953 1006 4022; x_wconf 83' lang='lat' dir='ltr'><strong>pacto</strong></span> <span class='ocrx_word' id='word_1_488' title='bbox 1032 3950 1212 4006; x_wconf 80' lang='lat' dir='ltr'><strong>vitam</strong></span> <span class='ocrx_word' id='word_1_489' title='bbox 1233 3953 1645 4022; x_wconf 86' lang='lat' dir='ltr'><strong>transegerunt</strong></span> <span class='ocrx_word' id='word_1_490' title='bbox 1662 3950 1842 4006; x_wconf 89' lang='lat' dir='ltr'><strong>sancti</strong></span> <span class='ocrx_word' id='word_1_491' title='bbox 1871 3951 2008 4006; x_wconf 90' lang='lat' dir='ltr'><strong>olim</strong></span> <span class='ocrx_word' id='word_1_492' title='bbox 2031 3950 2137 4005; x_wconf 90' lang='lat' dir='ltr'><strong>viri</strong></span> <span class='ocrx_word' id='word_1_493' title='bbox 2238 3953 2425 4010; x_wconf 90' lang='lat' dir='ltr'><strong>mines</strong></span> <span class='ocrx_word' id='word_1_494' title='bbox 2457 3952 2780 4008; x_wconf 87' lang='lat' dir='ltr'><strong>cruciantes</strong></span> <span class='ocrx_word' id='word_1_495' title='bbox 2823 3947 3244 4022; x_wconf 81' lang='lat' dir='ltr'><strong>omnipotentis</strong></span> <span class='ocrx_word' id='word_1_496' title='bbox 3286 3947 3393 4002; x_wconf 91' lang='lat' dir='ltr'><strong>Dei</strong></span> <span class='ocrx_word' id='word_1_497' title='bbox 3450 3944 3668 4000; x_wconf 82' lang='lat' dir='ltr'><strong>nomine</strong></span> <span class='ocrx_word' id='word_1_498' title='bbox 3695 3952 3791 4011; x_wconf 83' lang='lat' dir='ltr'><strong>pro-</strong></span> 
     </span>
    </p>
   </div>
   <div class='ocr_carea' id='block_1_53' title="bbox 533 4035 3266 4113">
    <p class='ocr_par' dir='ltr' id='par_1_53' title="bbox 533 4035 3266 4113">
     <span class='ocr_line' id='line_1_53' title="bbox 533 4035 3266 4113; baseline -0.001 -19"><span class='ocrx_word' id='word_1_499' title='bbox 533 4039 751 4112; x_wconf 87' lang='lat' dir='ltr'><strong>absqne</strong></span> <span class='ocrx_word' id='word_1_500' title='bbox 778 4038 1000 4095; x_wconf 82' lang='lat' dir='ltr'><strong>femina</strong></span> <span class='ocrx_word' id='word_1_501' title='bbox 1043 4040 1132 4095; x_wconf 85' lang='lat' dir='ltr'><strong>vel</strong></span> <span class='ocrx_word' id='word_1_502' title='bbox 1169 4055 1366 4107; x_wconf 82' lang='lat' dir='ltr'><strong>uxore,</strong></span> <span class='ocrx_word' id='word_1_503' title='bbox 1413 4040 1510 4113; x_wconf 90' lang='lat' dir='ltr'><strong>qui</strong></span> <span class='ocrx_word' id='word_1_504' title='bbox 1545 4038 1606 4094; x_wconf 91' lang='lat' dir='ltr'><strong>in</strong></span> <span class='ocrx_word' id='word_1_505' title='bbox 1637 4040 1965 4094; x_wconf 85' lang='lat' dir='ltr'><strong>mercedem</strong></span> <span class='ocrx_word' id='word_1_506' title='bbox 1996 4039 2134 4094; x_wconf 83' lang='lat' dir='ltr'><strong>casti</strong></span> <span class='ocrx_word' id='word_1_507' title='bbox 2237 4042 2360 4097; x_wconf 90' lang='lat' dir='ltr'><strong>dire</strong></span> <span class='ocrx_word' id='word_1_508' title='bbox 2392 4058 2458 4096; x_wconf 82' lang='lat' dir='ltr'><strong>ex</strong></span> <span class='ocrx_word' id='word_1_509' title='bbox 2485 4041 2700 4096; x_wconf 88' lang='lat' dir='ltr'><strong>eisdem</strong></span> <span class='ocrx_word' id='word_1_510' title='bbox 2735 4039 3060 4112; x_wconf 86' lang='lat' dir='ltr'><strong>adjurando</strong></span> <span class='ocrx_word' id='word_1_511' title='bbox 3092 4035 3266 4109; x_wconf 80' lang='lat' dir='ltr'><strong>cogit.</strong></span> 
     </span>
    </p>
   </div>
   <div class='ocr_carea' id='block_1_54' title="bbox 532 4126 3108 4202">
    <p class='ocr_par' dir='ltr' id='par_1_54' title="bbox 532 4126 3108 4202">
     <span class='ocr_line' id='line_1_54' title="bbox 532 4126 3108 4202; baseline -0.002 -18"><span class='ocrx_word' id='word_1_512' title='bbox 532 4127 618 4184; x_wconf 91' lang='lat' dir='ltr'><strong>sui</strong></span> <span class='ocrx_word' id='word_1_513' title='bbox 647 4128 828 4185; x_wconf 87' lang='lat' dir='ltr'><strong>animi</strong></span> <span class='ocrx_word' id='word_1_514' title='bbox 856 4128 973 4184; x_wconf 83' lang='lat' dir='ltr'><strong>vita</strong></span> <span class='ocrx_word' id='word_1_515' title='bbox 1002 4145 1157 4183; x_wconf 90' lang='lat' dir='ltr'><strong>nunc</strong></span> <span class='ocrx_word' id='word_1_516' title='bbox 1178 4128 1452 4184; x_wconf 86' lang='lat' dir='ltr'><strong>fruuntur</strong></span> <span class='ocrx_word' id='word_1_517' title='bbox 1479 4129 1834 4202; x_wconf 90' lang='lat' dir='ltr'><strong>sempiterna</strong></span> <span class='ocrx_word' id='word_1_518' title='bbox 1855 4128 1883 4183; x_wconf 82' lang='lat'><strong>?</strong></span> <span class='ocrx_word' id='word_1_519' title='bbox 1913 4128 2000 4183; x_wconf 86' lang='lat' dir='ltr'><strong>Ad</strong></span> <span class='ocrx_word' id='word_1_520' title='bbox 2025 4129 2134 4183; x_wconf 88' lang='lat' dir='ltr'><strong>hoc</strong></span> <span class='ocrx_word' id='word_1_521' title='bbox 2978 4126 3108 4181; x_wconf 82' lang='lat' dir='ltr'><strong>XIV.</strong></span> 
     </span>
    </p>
   </div>
   <div class='ocr_carea' id='block_1_55' title="bbox 499 4211 3790 4290">
    <p class='ocr_par' dir='ltr' id='par_1_55' title="bbox 499 4211 3790 4290">
     <span class='ocr_line' id='line_1_55' title="bbox 499 4211 3790 4290; baseline -0.005 -18"><span class='ocrx_word' id='word_1_522' title='bbox 499 4216 722 4275; x_wconf 82' lang='lat' dir='ltr'><strong>&#39;dicent</strong></span> <span class='ocrx_word' id='word_1_523' title='bbox 751 4217 1076 4273; x_wconf 89' lang='lat' dir='ltr'><strong>sacerdotes</strong></span> <span class='ocrx_word' id='word_1_524' title='bbox 1106 4219 1340 4272; x_wconf 89' lang='lat' dir='ltr'><strong>Petrum</strong></span> <span class='ocrx_word' id='word_1_525' title='bbox 1353 4216 1618 4272; x_wconf 89' lang='lat' dir='ltr'><strong>habuisse</strong></span> <span class='ocrx_word' id='word_1_526' title='bbox 1635 4233 1893 4272; x_wconf 82' lang='lat' dir='ltr'><strong>uxorem.</strong></span> <span class='ocrx_word' id='word_1_527' title='bbox 1922 4217 2133 4275; x_wconf 89' lang='lat' dir='ltr'><strong>Verum</strong></span> <span class='ocrx_word' id='word_1_528' title='bbox 2303 4223 2358 4275; x_wconf 80' lang='grc'><strong>4.</strong></span> <span class='ocrx_word' id='word_1_529' title='bbox 2390 4219 2657 4290; x_wconf 82' lang='lat' dir='ltr'><strong>Acolytns</strong></span> <span class='ocrx_word' id='word_1_530' title='bbox 2686 4216 2897 4271; x_wconf 90' lang='lat' dir='ltr'><strong>dicitur</strong></span> <span class='ocrx_word' id='word_1_531' title='bbox 2923 4215 3021 4287; x_wconf 88' lang='lat' dir='ltr'><strong>qui</strong></span> <span class='ocrx_word' id='word_1_532' title='bbox 3051 4213 3363 4270; x_wconf 89' lang='lat' dir='ltr'><strong>candelam</strong></span> <span class='ocrx_word' id='word_1_533' title='bbox 3399 4211 3484 4266; x_wconf 90' lang='lat' dir='ltr'><strong>vel</strong></span> <span class='ocrx_word' id='word_1_534' title='bbox 3509 4221 3711 4264; x_wconf 88' lang='lat' dir='ltr'><strong>cereum</strong></span> <span class='ocrx_word' id='word_1_535' title='bbox 3729 4217 3790 4255; x_wconf 71' lang='lat' dir='ltr'><strong>se</strong></span> 
     </span>
    </p>
   </div>
   <div class='ocr_carea' id='block_1_56' title="bbox 529 4290 3789 4384">
    <p class='ocr_par' dir='ltr' id='par_1_56' title="bbox 529 4290 3789 4384">
     <span class='ocr_line' id='line_1_56' title="bbox 529 4290 3789 4384; baseline -0.005 -22"><span class='ocrx_word' id='word_1_536' title='bbox 529 4308 646 4375; x_wconf 89' lang='lat' dir='ltr'><strong>est;</strong></span> <span class='ocrx_word' id='word_1_537' title='bbox 683 4306 786 4362; x_wconf 86' lang='lat' dir='ltr'><strong>sub</strong></span> <span class='ocrx_word' id='word_1_538' title='bbox 811 4307 948 4379; x_wconf 78' lang='lat' dir='ltr'><strong>lege</strong></span> <span class='ocrx_word' id='word_1_539' title='bbox 973 4303 1131 4362; x_wconf 86' lang='lat' dir='ltr'><strong>enim</strong></span> <span class='ocrx_word' id='word_1_540' title='bbox 1172 4305 1376 4374; x_wconf 86' lang='lat' dir='ltr'><strong>veteri,</strong></span> <span class='ocrx_word' id='word_1_541' title='bbox 1417 4306 1558 4360; x_wconf 90' lang='lat' dir='ltr'><strong>dum</strong></span> <span class='ocrx_word' id='word_1_542' title='bbox 1590 4305 1649 4360; x_wconf 85' lang='lat' dir='ltr'><strong>in</strong></span> <span class='ocrx_word' id='word_1_543' title='bbox 1690 4305 1896 4361; x_wconf 86' lang='lat' dir='ltr'><strong>Christi</strong></span> <span class='ocrx_word' id='word_1_544' title='bbox 1945 4296 2205 4362; x_wconf 85' lang='lat' dir='ltr'><strong>adhucD</strong></span> <span class='ocrx_word' id='word_1_545' title='bbox 2232 4325 2470 4364; x_wconf 89' lang='lat' dir='ltr'><strong>censum</strong></span> <span class='ocrx_word' id='word_1_546' title='bbox 2503 4307 2635 4374; x_wconf 85' lang='lat' dir='ltr'><strong>fert,</strong></span> <span class='ocrx_word' id='word_1_547' title='bbox 2669 4307 2807 4362; x_wconf 88' lang='lat' dir='ltr'><strong>dum</strong></span> <span class='ocrx_word' id='word_1_548' title='bbox 2840 4302 3206 4375; x_wconf 85' lang='lat' dir='ltr'><strong>evangelium</strong></span> <span class='ocrx_word' id='word_1_549' title='bbox 3226 4301 3449 4373; x_wconf 82' lang='lat' dir='ltr'><strong>legitur</strong></span> <span class='ocrx_word' id='word_1_550' title='bbox 3476 4300 3533 4354; x_wconf 91' lang='lat' dir='ltr'><strong>in</strong></span> <span class='ocrx_word' id='word_1_551' title='bbox 3555 4296 3643 4352; x_wconf 90' lang='lat' dir='ltr'><strong>Dei</strong></span> <span class='ocrx_word' id='word_1_552' title='bbox 3660 4290 3789 4384; x_wconf 75' lang='lat' dir='ltr'><strong>mini-</strong></span> 
     </span>
    </p>
   </div>
   <div class='ocr_carea' id='block_1_57' title="bbox 528 4392 3791 4470">
    <p class='ocr_par' dir='ltr' id='par_1_57' title="bbox 528 4392 3791 4470">
     <span class='ocr_line' id='line_1_57' title="bbox 528 4392 3791 4470; baseline -0.003 -20"><span class='ocrx_word' id='word_1_553' title='bbox 528 4410 646 4451; x_wconf 87' lang='lat' dir='ltr'><strong>non</strong></span> <span class='ocrx_word' id='word_1_554' title='bbox 675 4397 924 4452; x_wconf 79' lang='lat' dir='ltr'><strong>venisset</strong></span> <span class='ocrx_word' id='word_1_555' title='bbox 952 4396 1304 4464; x_wconf 80' lang='lat' dir='ltr'><strong>clientelam,</strong></span> <span class='ocrx_word' id='word_1_556' title='bbox 1333 4397 1483 4453; x_wconf 89' lang='lat' dir='ltr'><strong>bene</strong></span> <span class='ocrx_word' id='word_1_557' title='bbox 1513 4395 1566 4452; x_wconf 90' lang='lat' dir='ltr'><strong>ei</strong></span> <span class='ocrx_word' id='word_1_558' title='bbox 1597 4395 1756 4450; x_wconf 89' lang='lat' dir='ltr'><strong>licuit</strong></span> <span class='ocrx_word' id='word_1_559' title='bbox 1789 4413 1802 4451; x_wconf 90' lang='lat'><strong>:</strong></span> <span class='ocrx_word' id='word_1_560' title='bbox 1834 4395 2132 4470; x_wconf 81' lang='lat' dir='ltr'><strong>quampri-</strong></span> <span class='ocrx_word' id='word_1_561' title='bbox 2232 4397 2430 4465; x_wconf 89' lang='lat' dir='ltr'><strong>sterio,</strong></span> <span class='ocrx_word' id='word_1_562' title='bbox 2471 4398 2560 4452; x_wconf 91' lang='lat' dir='ltr'><strong>vel</strong></span> <span class='ocrx_word' id='word_1_563' title='bbox 2609 4395 2749 4450; x_wconf 90' lang='lat' dir='ltr'><strong>dum</strong></span> <span class='ocrx_word' id='word_1_564' title='bbox 2802 4392 3069 4448; x_wconf 89' lang='lat' dir='ltr'><strong>sacerdos</strong></span> <span class='ocrx_word' id='word_1_565' title='bbox 3121 4392 3557 4444; x_wconf 87' lang='lat' dir='ltr'><strong>sacramentum</strong></span> <span class='ocrx_word' id='word_1_566' title='bbox 3587 4392 3791 4470; x_wconf 58' lang='lat' dir='ltr'><strong>corpori5</strong></span> 
     </span>
    </p>
   </div>
   <div class='ocr_carea' id='block_1_58' title="bbox 528 4469 3792 4561">
    <p class='ocr_par' dir='ltr' id='par_1_58' title="bbox 528 4469 3792 4561">
     <span class='ocr_line' id='line_1_58' title="bbox 528 4469 3792 4561; baseline -0.006 -22"><span class='ocrx_word' id='word_1_567' title='bbox 528 4501 690 4540; x_wconf 86' lang='lat' dir='ltr'><strong>mum</strong></span> <span class='ocrx_word' id='word_1_568' title='bbox 719 4489 914 4542; x_wconf 83' lang='lat' dir='ltr'><strong>autem</strong></span> <span class='ocrx_word' id='word_1_569' title='bbox 944 4488 1126 4543; x_wconf 88' lang='lat' dir='ltr'><strong>factus</strong></span> <span class='ocrx_word' id='word_1_570' title='bbox 1156 4490 1243 4542; x_wconf 85' lang='lat' dir='ltr'><strong>est</strong></span> <span class='ocrx_word' id='word_1_571' title='bbox 1271 4487 1581 4561; x_wconf 89' lang='lat' dir='ltr'><strong>discipulus</strong></span> <span class='ocrx_word' id='word_1_572' title='bbox 1611 4469 1966 4558; x_wconf 26' lang='lat' dir='ltr'><strong>Christiiqni</strong></span> <span class='ocrx_word' id='word_1_573' title='bbox 2011 4503 2131 4541; x_wconf 85' lang='lat' dir='ltr'><strong>cas-</strong></span> <span class='ocrx_word' id='word_1_574' title='bbox 2231 4485 2463 4542; x_wconf 89' lang='lat' dir='ltr'><strong>Domini</strong></span> <span class='ocrx_word' id='word_1_575' title='bbox 2489 4486 2562 4540; x_wconf 87' lang='lat' dir='ltr'><strong>ad</strong></span> <span class='ocrx_word' id='word_1_576' title='bbox 2593 4485 2774 4539; x_wconf 80' lang='lat' dir='ltr'><strong>altare</strong></span> <span class='ocrx_word' id='word_1_577' title='bbox 2809 4483 3138 4547; x_wconf 86' lang='lat' dir='ltr'><strong>consecrat;</strong></span> <span class='ocrx_word' id='word_1_578' title='bbox 3173 4495 3294 4533; x_wconf 90' lang='lat' dir='ltr'><strong>non</strong></span> <span class='ocrx_word' id='word_1_579' title='bbox 3323 4478 3409 4532; x_wconf 88' lang='lat' dir='ltr'><strong>ita</strong></span> <span class='ocrx_word' id='word_1_580' title='bbox 3434 4481 3622 4532; x_wconf 81' lang='lat' dir='ltr'><strong>tamen</strong></span> <span class='ocrx_word' id='word_1_581' title='bbox 3640 4469 3792 4561; x_wconf 73' lang='lat' dir='ltr'><strong>adsr-</strong></span> 
     </span>
    </p>
   </div>
   <div class='ocr_carea' id='block_1_59' title="bbox 528 4557 3789 4651">
    <p class='ocr_par' dir='ltr' id='par_1_59' title="bbox 528 4557 3789 4651">
     <span class='ocr_line' id='line_1_59' title="bbox 528 4557 3789 4651; baseline -0.006 -23"><span class='ocrx_word' id='word_1_582' title='bbox 528 4573 706 4630; x_wconf 87' lang='lat' dir='ltr'><strong>titatis</strong></span> <span class='ocrx_word' id='word_1_583' title='bbox 759 4578 1090 4647; x_wconf 76' lang='lat' dir='ltr'><strong>exemplum</strong></span> <span class='ocrx_word' id='word_1_584' title='bbox 1131 4557 1680 4651; x_wconf 30' lang='lat' dir='ltr'><strong>prmbuit,‘nxorem</strong></span> <span class='ocrx_word' id='word_1_585' title='bbox 1741 4557 2135 4650; x_wconf 81' lang='lat' dir='ltr'><strong>dereliquit&#39;et</strong></span> <span class='ocrx_word' id='word_1_586' title='bbox 2233 4577 2483 4632; x_wconf 91' lang='lat' dir='ltr'><strong>cendum</strong></span> <span class='ocrx_word' id='word_1_587' title='bbox 2510 4574 2854 4645; x_wconf 89' lang='lat' dir='ltr'><strong>caliginosas</strong></span> <span class='ocrx_word' id='word_1_588' title='bbox 2879 4570 3166 4625; x_wconf 83' lang='lat' dir='ltr'><strong>tenebras.</strong></span> <span class='ocrx_word' id='word_1_589' title='bbox 3211 4567 3312 4621; x_wconf 90' lang='lat' dir='ltr'><strong>sed</strong></span> <span class='ocrx_word' id='word_1_590' title='bbox 3366 4567 3440 4621; x_wconf 90' lang='lat' dir='ltr'><strong>ad</strong></span> <span class='ocrx_word' id='word_1_591' title='bbox 3473 4557 3789 4618; x_wconf 78' lang='lat' dir='ltr'><strong>indicandum</strong></span> 
     </span>
    </p>
   </div>
   <div class='ocr_carea' id='block_1_60' title="bbox 532 4652 3789 4725">
    <p class='ocr_par' dir='ltr' id='par_1_60' title="bbox 532 4652 3789 4725">
     <span class='ocr_line' id='line_1_60' title="bbox 532 4652 3789 4725; baseline -0.004 -9"><span class='ocrx_word' id='word_1_592' title='bbox 532 4663 829 4719; x_wconf 89' lang='lat' dir='ltr'><strong>mundana</strong></span> <span class='ocrx_word' id='word_1_593' title='bbox 857 4665 1074 4721; x_wconf 90' lang='lat' dir='ltr'><strong>omnia.</strong></span> <span class='ocrx_word' id='word_1_594' title='bbox 2232 4681 2302 4721; x_wconf 88' lang='lat' dir='ltr'><strong>eo</strong></span> <span class='ocrx_word' id='word_1_595' title='bbox 2329 4664 2550 4720; x_wconf 87' lang='lat' dir='ltr'><strong>lumine</strong></span> <span class='ocrx_word' id='word_1_596' title='bbox 2582 4660 3026 4725; x_wconf 87' lang='lat' dir='ltr'><strong>beatitudinem,</strong></span> <span class='ocrx_word' id='word_1_597' title='bbox 3077 4656 3150 4711; x_wconf 86' lang='lat' dir='ltr'><strong>ad</strong></span> <span class='ocrx_word' id='word_1_598' title='bbox 3194 4653 3491 4710; x_wconf 87' lang='lat' dir='ltr'><strong>Christum</strong></span> <span class='ocrx_word' id='word_1_599' title='bbox 3548 4652 3789 4705; x_wconf 77' lang='lat' dir='ltr'><strong>honoran-</strong></span> 
     </span>
    </p>
   </div>
   <div class='ocr_carea' id='block_1_61' title="bbox 1275 4739 3165 4826">
    <p class='ocr_par' dir='ltr' id='par_1_61' title="bbox 1275 4739 3165 4826">
     <span class='ocr_line' id='line_1_61' title="bbox 1275 4739 3165 4826; baseline -0.007 -14"><span class='ocrx_word' id='word_1_600' title='bbox 1275 4739 1404 4812; x_wconf 68' lang='grc' dir='ltr'><strong>νη.</strong></span> <span class='ocrx_word' id='word_1_601' title='bbox 2232 4755 2395 4821; x_wconf 91' lang='lat' dir='ltr'><strong>dum,</strong></span> <span class='ocrx_word' id='word_1_602' title='bbox 2428 4752 2527 4826; x_wconf 88' lang='lat' dir='ltr'><strong>qui</strong></span> <span class='ocrx_word' id='word_1_603' title='bbox 2553 4753 2638 4807; x_wconf 89' lang='lat' dir='ltr'><strong>est</strong></span> <span class='ocrx_word' id='word_1_604' title='bbox 2656 4750 2858 4806; x_wconf 90' lang='lat' dir='ltr'><strong>lumen</strong></span> <span class='ocrx_word' id='word_1_605' title='bbox 2881 4749 3165 4803; x_wconf 88' lang='lat' dir='ltr'><strong>nostrum.</strong></span> 
     </span>
    </p>
   </div>
   <div class='ocr_carea' id='block_1_62' title="bbox 597 4835 3750 4918">
    <p class='ocr_par' dir='ltr' id='par_1_62' title="bbox 597 4835 3750 4918">
     <span class='ocr_line' id='line_1_62' title="bbox 597 4835 3750 4918; baseline 0.003 -21"><span class='ocrx_word' id='word_1_606' title='bbox 597 4843 660 4897; x_wconf 89' lang='lat' dir='ltr'><strong>In</strong></span> <span class='ocrx_word' id='word_1_607' title='bbox 690 4843 817 4914; x_wconf 80' lang='lat' dir='ltr'><strong>lege</strong></span> <span class='ocrx_word' id='word_1_608' title='bbox 834 4844 1013 4900; x_wconf 83' lang='lat' dir='ltr'><strong>veteri</strong></span> <span class='ocrx_word' id='word_1_609' title='bbox 1043 4845 1300 4918; x_wconf 83' lang='lat' dir='ltr'><strong>pontifici</strong></span> <span class='ocrx_word' id='word_1_610' title='bbox 1327 4847 1486 4903; x_wconf 91' lang='lat' dir='ltr'><strong>licuit</strong></span> <span class='ocrx_word' id='word_1_611' title='bbox 1507 4861 1746 4903; x_wconf 86' lang='lat' dir='ltr'><strong>uxorem</strong></span> <span class='ocrx_word' id='word_1_612' title='bbox 1775 4844 1880 4900; x_wconf 89' lang='lat' dir='ltr'><strong>sibi</strong></span> <span class='ocrx_word' id='word_1_613' title='bbox 1901 4859 2129 4900; x_wconf 84' lang='lat' dir='ltr'><strong>sumere</strong></span> <span class='ocrx_word' id='word_1_614' title='bbox 2977 4835 3084 4890; x_wconf 77' lang='grc' dir='ltr'><strong>Χν·</strong></span> <span class='ocrx_word' id='word_1_615' title='bbox 3695 4910 3703 4918; x_wconf 68' lang='grc'><em>,</em></span> <span class='ocrx_word' id='word_1_616' title='bbox 3744 4908 3750 4914; x_wconf 78' lang='grc'>,</span> 
     </span>
    </p>
   </div>
   <div class='ocr_carea' id='block_1_63' title="bbox 527 4910 3786 5009">
    <p class='ocr_par' dir='ltr' id='par_1_63' title="bbox 527 4910 3786 5009">
     <span class='ocr_line' id='line_1_63' title="bbox 527 4910 3786 5009; baseline -0.003 -21"><span class='ocrx_word' id='word_1_617' title='bbox 527 4945 735 5004; x_wconf 88' lang='lat' dir='ltr'><strong>puram</strong></span> <span class='ocrx_word' id='word_1_618' title='bbox 749 4910 1068 5005; x_wconf 34' lang='lat' dir='ltr'><strong>vvirginem&#39;,</strong></span> <span class='ocrx_word' id='word_1_619' title='bbox 1101 4938 1160 4990; x_wconf 89' lang='lat' dir='ltr'><strong>et</strong></span> <span class='ocrx_word' id='word_1_620' title='bbox 1183 4951 1252 4990; x_wconf 84' lang='lat' dir='ltr'><strong>ex</strong></span> <span class='ocrx_word' id='word_1_621' title='bbox 1281 4949 1349 4991; x_wconf 83' lang='lat' dir='ltr'><strong>ea</strong></span> <span class='ocrx_word' id='word_1_622' title='bbox 1379 4937 1608 5009; x_wconf 90' lang='lat' dir='ltr'><strong>prolem</strong></span> <span class='ocrx_word' id='word_1_623' title='bbox 1650 4934 1922 4992; x_wconf 83' lang='lat' dir='ltr'><strong>suscitare</strong></span> <span class='ocrx_word' id='word_1_624' title='bbox 1949 4949 2129 5006; x_wconf 90' lang='lat' dir='ltr'><strong>usque</strong></span> <span class='ocrx_word' id='word_1_625' title='bbox 2300 4938 2352 4988; x_wconf 83' lang='lat'><strong>5.</strong></span> <span class='ocrx_word' id='word_1_626' title='bbox 2388 4929 2786 4988; x_wconf 83' lang='lat' dir='ltr'><strong>Subdiaconus</strong></span> <span class='ocrx_word' id='word_1_627' title='bbox 2815 4926 2862 4981; x_wconf 89' lang='lat' dir='ltr'><strong>is</strong></span> <span class='ocrx_word' id='word_1_628' title='bbox 2894 4923 3098 4996; x_wconf 88' lang='lat' dir='ltr'><strong>estqui</strong></span> <span class='ocrx_word' id='word_1_629' title='bbox 3129 4921 3378 4977; x_wconf 85' lang='lat' dir='ltr'><strong>diacono</strong></span> <span class='ocrx_word' id='word_1_630' title='bbox 3412 4933 3544 5009; x_wconf 84' lang='lat' dir='ltr'><strong>vasa</strong></span> <span class='ocrx_word' id='word_1_631' title='bbox 3572 4910 3786 5009; x_wconf 40' lang='lat' dir='ltr'><strong>porrigi&quot;</strong></span> 
     </span>
    </p>
   </div>
   <div class='ocr_carea' id='block_1_64' title="bbox 527 4997 3787 5098">
    <p class='ocr_par' dir='ltr' id='par_1_64' title="bbox 527 4997 3787 5098">
     <span class='ocr_line' id='line_1_64' title="bbox 527 4997 3787 5098; baseline -0.007 -20"><span class='ocrx_word' id='word_1_632' title='bbox 527 4997 586 5088; x_wconf 51' lang='lat' dir='ltr'><strong>in</strong></span> <span class='ocrx_word' id='word_1_633' title='bbox 620 4997 879 5094; x_wconf 33' lang='lat' dir='ltr'><strong>tempus.</strong></span> <span class='ocrx_word' id='word_1_634' title='bbox 896 4997 1299 5091; x_wconf 83' lang='lat' dir='ltr'><strong>constitutum,</strong></span> <span class='ocrx_word' id='word_1_635' title='bbox 1350 4997 1661 5098; x_wconf 65' lang='lat' dir='ltr'><strong>propterea</strong></span> <span class='ocrx_word' id='word_1_636' title='bbox 1706 5024 1863 5098; x_wconf 89' lang='lat' dir='ltr'><strong>quod</strong></span> <span class='ocrx_word' id='word_1_637' title='bbox 1918 5039 1984 5077; x_wconf 87' lang='lat' dir='ltr'><strong>ex</strong></span> <span class='ocrx_word' id='word_1_638' title='bbox 2013 4997 2129 5077; x_wconf 74' lang='lat' dir='ltr'><strong>una</strong></span> <span class='ocrx_word' id='word_1_639' title='bbox 2228 5025 2286 5076; x_wconf 90' lang='lat' dir='ltr'><strong>et</strong></span> <span class='ocrx_word' id='word_1_640' title='bbox 2314 5021 2477 5076; x_wconf 90' lang='lat' dir='ltr'><strong>omni</strong></span> <span class='ocrx_word' id='word_1_641' title='bbox 2501 5035 2632 5074; x_wconf 92' lang='lat' dir='ltr'><strong>cum</strong></span> <span class='ocrx_word' id='word_1_642' title='bbox 2663 5014 2989 5071; x_wconf 84' lang='lat' dir='ltr'><strong>humilitate</strong></span> <span class='ocrx_word' id='word_1_643' title='bbox 3017 5012 3089 5067; x_wconf 88' lang='lat' dir='ltr'><strong>ad</strong></span> <span class='ocrx_word' id='word_1_644' title='bbox 3129 5011 3310 5064; x_wconf 88' lang='lat' dir='ltr'><strong>altare</strong></span> <span class='ocrx_word' id='word_1_645' title='bbox 3334 5007 3606 5098; x_wconf 78' lang='lat' dir='ltr'><strong>sanctum</strong></span> <span class='ocrx_word' id='word_1_646' title='bbox 3640 4997 3787 5098; x_wconf 61' lang='lat' dir='ltr'><strong>eidenl</strong></span> 
     </span>
    </p>
   </div>
   <div class='ocr_carea' id='block_1_65' title="bbox 524 5089 3786 5181">
    <p class='ocr_par' dir='ltr' id='par_1_65' title="bbox 524 5089 3786 5181">
     <span class='ocr_line' id='line_1_65' title="bbox 524 5089 3786 5181; baseline -0.006 -16"><span class='ocrx_word' id='word_1_647' title='bbox 524 5089 761 5167; x_wconf 71' lang='lat' dir='ltr'><strong>tantum</strong></span> <span class='ocrx_word' id='word_1_648' title='bbox 805 5108 1029 5166; x_wconf 83' lang='lat' dir='ltr'><strong>familia</strong></span> <span class='ocrx_word' id='word_1_649' title='bbox 1062 5111 1135 5164; x_wconf 88' lang='lat' dir='ltr'><strong>ad</strong></span> <span class='ocrx_word' id='word_1_650' title='bbox 1183 5089 1477 5167; x_wconf 47' lang='lat' dir='ltr'><strong>eumdem-</strong></span> <span class='ocrx_word' id='word_1_651' title='bbox 1496 5089 1786 5181; x_wconf 80' lang='lat' dir='ltr'><strong>ordinem,</strong></span> <span class='ocrx_word' id='word_1_652' title='bbox 1825 5115 1883 5167; x_wconf 91' lang='lat' dir='ltr'><strong>et</strong></span> <span class='ocrx_word' id='word_1_653' title='bbox 1910 5129 2026 5168; x_wconf 90' lang='lat' dir='ltr'><strong>non</strong></span> <span class='ocrx_word' id='word_1_654' title='bbox 2059 5129 2124 5165; x_wconf 84' lang='lat' dir='ltr'><strong>ex</strong></span> <span class='ocrx_word' id='word_1_655' title='bbox 2228 5109 2565 5170; x_wconf 81' lang='lat' dir='ltr'><strong>famulatur,</strong></span> <span class='ocrx_word' id='word_1_656' title='bbox 2609 5121 2740 5160; x_wconf 90' lang='lat' dir='ltr'><strong>vasa</strong></span> <span class='ocrx_word' id='word_1_657' title='bbox 2790 5101 3234 5158; x_wconf 86' lang='lat' dir='ltr'><strong>subministrans</strong></span> <span class='ocrx_word' id='word_1_658' title='bbox 3280 5095 3355 5150; x_wconf 88' lang='lat' dir='ltr'><strong>ad</strong></span> <span class='ocrx_word' id='word_1_659' title='bbox 3410 5089 3786 5149; x_wconf 71' lang='lat' dir='ltr'><strong>sacramentum</strong></span> 
     </span>
    </p>
   </div>
   <div class='ocr_carea' id='block_1_66' title="bbox 523 5185 3343 5273">
    <p class='ocr_par' dir='ltr' id='par_1_66' title="bbox 523 5185 3343 5273">
     <span class='ocr_line' id='line_1_66' title="bbox 523 5185 3343 5273; baseline -0.006 -18"><span class='ocrx_word' id='word_1_660' title='bbox 523 5201 636 5255; x_wconf 85' lang='lat' dir='ltr'><strong>alia</strong></span> <span class='ocrx_word' id='word_1_661' title='bbox 685 5215 943 5273; x_wconf 86' lang='lat' dir='ltr'><strong>unquam</strong></span> <span class='ocrx_word' id='word_1_662' title='bbox 1001 5201 1524 5272; x_wconf 82' lang='lat' dir='ltr'><strong>consanguinitate,</strong></span> <span class='ocrx_word' id='word_1_663' title='bbox 1573 5202 1930 5272; x_wconf 83' lang='lat' dir='ltr'><strong>cooptandus</strong></span> <span class='ocrx_word' id='word_1_664' title='bbox 1979 5204 2127 5256; x_wconf 88' lang='lat' dir='ltr'><strong>esset</strong></span> <span class='ocrx_word' id='word_1_665' title='bbox 2227 5197 2484 5270; x_wconf 89' lang='lat' dir='ltr'><strong>corporis</strong></span> <span class='ocrx_word' id='word_1_666' title='bbox 2506 5193 2733 5251; x_wconf 87' lang='lat' dir='ltr'><strong>Domini</strong></span> <span class='ocrx_word' id='word_1_667' title='bbox 2762 5189 2942 5247; x_wconf 90' lang='lat' dir='ltr'><strong>nostri</strong></span> <span class='ocrx_word' id='word_1_668' title='bbox 2973 5185 3343 5261; x_wconf 89' lang='lat' dir='ltr'><strong>pertinentia.</strong></span> 
     </span>
    </p>
   </div>
   <div class='ocr_carea' id='block_1_67' title="bbox 524 5277 3767 5362">
    <p class='ocr_par' dir='ltr' id='par_1_67' title="bbox 524 5277 3767 5362">
     <span class='ocr_line' id='line_1_67' title="bbox 524 5277 3767 5362; baseline 0.003 -18"><span class='ocrx_word' id='word_1_669' title='bbox 524 5290 800 5362; x_wconf 75' lang='lat' dir='ltr'><strong>pontifex.</strong></span> <span class='ocrx_word' id='word_1_670' title='bbox 830 5290 944 5345; x_wconf 85' lang='lat' dir='ltr'><strong>Nec</strong></span> <span class='ocrx_word' id='word_1_671' title='bbox 961 5291 1158 5344; x_wconf 83' lang='lat' dir='ltr'><strong>tamen</strong></span> <span class='ocrx_word' id='word_1_672' title='bbox 1180 5288 1338 5344; x_wconf 88' lang='lat' dir='ltr'><strong>iicuit</strong></span> <span class='ocrx_word' id='word_1_673' title='bbox 1362 5291 1578 5360; x_wconf 88' lang='lat' dir='ltr'><strong>pluries</strong></span> <span class='ocrx_word' id='word_1_674' title='bbox 1594 5305 1770 5362; x_wconf 88' lang='lat' dir='ltr'><strong>quam</strong></span> <span class='ocrx_word' id='word_1_675' title='bbox 1789 5291 1967 5346; x_wconf 89' lang='lat' dir='ltr'><strong>semel</strong></span> <span class='ocrx_word' id='word_1_676' title='bbox 1989 5306 2126 5346; x_wconf 85' lang='lat' dir='ltr'><strong>uxo-</strong></span> <span class='ocrx_word' id='word_1_677' title='bbox 2957 5277 3091 5332; x_wconf 70' lang='grc' dir='ltr'><strong>Χνί·</strong></span> <span class='ocrx_word' id='word_1_678' title='bbox 3435 5361 3442 5362; x_wconf 19' lang='grc' dir='ltr'>ί</span> <span class='ocrx_word' id='word_1_679' title='bbox 3522 5358 3532 5362; x_wconf 87' lang='lat'>_</span> <span class='ocrx_word' id='word_1_680' title='bbox 3625 5359 3634 5362; x_wconf 95' lang='lat'>_</span> <span class='ocrx_word' id='word_1_681' title='bbox 3761 5347 3767 5354; x_wconf 97' lang='lat'><strong>.</strong></span> 
     </span>
    </p>
   </div>
   <div class='ocr_carea' id='block_1_68' title="bbox 518 5358 3789 5452">
    <p class='ocr_par' dir='ltr' id='par_1_68' title="bbox 518 5358 3789 5452">
     <span class='ocr_line' id='line_1_68' title="bbox 518 5358 3789 5452; baseline -0.007 -18"><span class='ocrx_word' id='word_1_682' title='bbox 518 5358 646 5434; x_wconf 78' lang='lat' dir='ltr'><strong>rem</strong></span> <span class='ocrx_word' id='word_1_683' title='bbox 680 5379 911 5448; x_wconf 89' lang='lat' dir='ltr'><strong>ducere,</strong></span> <span class='ocrx_word' id='word_1_684' title='bbox 944 5393 1052 5435; x_wconf 90' lang='lat' dir='ltr'><strong>nec</strong></span> <span class='ocrx_word' id='word_1_685' title='bbox 1066 5379 1216 5435; x_wconf 91' lang='lat' dir='ltr'><strong>hanc</strong></span> <span class='ocrx_word' id='word_1_686' title='bbox 1241 5358 1476 5435; x_wconf 74' lang='lat' dir='ltr'><strong>viduam</strong></span> <span class='ocrx_word' id='word_1_687' title='bbox 1493 5381 1592 5434; x_wconf 89' lang='lat' dir='ltr'><strong>aut</strong></span> <span class='ocrx_word' id='word_1_688' title='bbox 1611 5358 2124 5451; x_wconf 73' lang='lat' dir='ltr'><strong>repudiatam,sed,</strong></span> <span class='ocrx_word' id='word_1_689' title='bbox 2299 5382 2329 5434; x_wconf 91' lang='lat'><strong>6</strong></span> <span class='ocrx_word' id='word_1_690' title='bbox 2398 5376 2684 5431; x_wconf 91' lang='lat' dir='ltr'><strong>Diaconus</strong></span> <span class='ocrx_word' id='word_1_691' title='bbox 2729 5373 2814 5427; x_wconf 87' lang='lat' dir='ltr'><strong>est</strong></span> <span class='ocrx_word' id='word_1_692' title='bbox 2848 5368 2944 5442; x_wconf 90' lang='lat' dir='ltr'><strong>qui</strong></span> <span class='ocrx_word' id='word_1_693' title='bbox 3002 5364 3216 5422; x_wconf 87' lang='lat' dir='ltr'><strong>missali</strong></span> <span class='ocrx_word' id='word_1_694' title='bbox 3249 5358 3544 5452; x_wconf 75' lang='lat' dir='ltr'><strong>sacerdoti</strong></span> <span class='ocrx_word' id='word_1_695' title='bbox 3565 5359 3659 5452; x_wconf 38' lang='lat' dir='ltr'><strong>est.</strong></span> <span class='ocrx_word' id='word_1_696' title='bbox 3682 5362 3789 5449; x_wconf 51' lang='grc' dir='ltr'>ξαιι·</span> 
     </span>
    </p>
   </div>
   <div class='ocr_carea' id='block_1_69' title="bbox 523 5443 3786 5541">
    <p class='ocr_par' dir='ltr' id='par_1_69' title="bbox 523 5443 3786 5541">
     <span class='ocr_line' id='line_1_69' title="bbox 523 5443 3786 5541; baseline -0.004 -20"><span class='ocrx_word' id='word_1_697' title='bbox 523 5471 585 5522; x_wconf 91' lang='lat' dir='ltr'><strong>ut</strong></span> <span class='ocrx_word' id='word_1_698' title='bbox 605 5470 856 5540; x_wconf 72' lang='lat' dir='ltr'><strong>jaruiam</strong></span> <span class='ocrx_word' id='word_1_699' title='bbox 881 5443 1148 5537; x_wconf 81' lang='lat' dir='ltr'><strong>diximus,</strong></span> <span class='ocrx_word' id='word_1_700' title='bbox 1185 5486 1388 5541; x_wconf 88' lang='lat' dir='ltr'><strong>puram</strong></span> <span class='ocrx_word' id='word_1_701' title='bbox 1421 5443 1725 5537; x_wconf 78' lang='lat' dir='ltr'><strong>virginem.</strong></span> <span class='ocrx_word' id='word_1_702' title='bbox 1760 5471 1912 5525; x_wconf 90' lang='lat' dir='ltr'><strong>Bene</strong></span> <span class='ocrx_word' id='word_1_703' title='bbox 1929 5443 2125 5524; x_wconf 81' lang='lat' dir='ltr'><strong>tamen</strong></span> <span class='ocrx_word' id='word_1_704' title='bbox 2231 5464 2486 5525; x_wconf 89' lang='lat' dir='ltr'><strong>nisterio,</strong></span> <span class='ocrx_word' id='word_1_705' title='bbox 2516 5461 2836 5519; x_wconf 88' lang='lat' dir='ltr'><strong>oblationes</strong></span> <span class='ocrx_word' id='word_1_706' title='bbox 2856 5472 3026 5528; x_wconf 87' lang='lat' dir='ltr'><strong>super</strong></span> <span class='ocrx_word' id='word_1_707' title='bbox 3057 5454 3221 5510; x_wconf 90' lang='lat' dir='ltr'><strong>altari</strong></span> <span class='ocrx_word' id='word_1_708' title='bbox 3238 5451 3428 5541; x_wconf 60' lang='lat' dir='ltr'><strong>ponit,</strong></span> <span class='ocrx_word' id='word_1_709' title='bbox 3532 5447 3584 5499; x_wconf 83' lang='lat' dir='ltr'><strong>in</strong></span> 
     </span>
    </p>
   </div>
   <div class='ocr_carea' id='block_1_70' title="bbox 529 5526 3787 5628">
    <p class='ocr_par' dir='ltr' id='par_1_70' title="bbox 529 5526 3787 5628">
     <span class='ocr_line' id='line_1_70' title="bbox 529 5526 3787 5628; baseline -0.008 -18"><span class='ocrx_word' id='word_1_710' title='bbox 529 5526 633 5611; x_wconf 76' lang='lat' dir='ltr'><strong>sub</strong></span> <span class='ocrx_word' id='word_1_711' title='bbox 660 5526 982 5614; x_wconf 46' lang='lat' dir='ltr'><strong>iisusscculis</strong></span> <span class='ocrx_word' id='word_1_712' title='bbox 1013 5526 1200 5614; x_wconf 52' lang='lat' dir='ltr'><strong>uxore.</strong></span> <span class='ocrx_word' id='word_1_713' title='bbox 1221 5560 1590 5614; x_wconf 83' lang='lat' dir='ltr'><strong>fruerentur:</strong></span> <span class='ocrx_word' id='word_1_714' title='bbox 1621 5574 1809 5628; x_wconf 88' lang='lat' dir='ltr'><strong>neque</strong></span> <span class='ocrx_word' id='word_1_715' title='bbox 1836 5559 1993 5613; x_wconf 89' lang='lat' dir='ltr'><strong>enim</strong></span> <span class='ocrx_word' id='word_1_716' title='bbox 2013 5558 2143 5612; x_wconf 83' lang='lat' dir='ltr'><strong>mis-</strong></span> <span class='ocrx_word' id='word_1_717' title='bbox 2230 5571 2360 5610; x_wconf 90' lang='lat' dir='ltr'><strong>rum</strong></span> <span class='ocrx_word' id='word_1_718' title='bbox 2395 5550 2785 5607; x_wconf 85' lang='lat' dir='ltr'><strong>celebratione</strong></span> <span class='ocrx_word' id='word_1_719' title='bbox 2817 5545 3183 5618; x_wconf 87' lang='lat' dir='ltr'><strong>evangelium</strong></span> <span class='ocrx_word' id='word_1_720' title='bbox 3216 5540 3371 5613; x_wconf 87' lang='lat' dir='ltr'><strong>legit.</strong></span> <span class='ocrx_word' id='word_1_721' title='bbox 3391 5526 3787 5597; x_wconf 70' lang='lat' dir='ltr'><strong>Eiliceatbapll-</strong></span> 
     </span>
    </p>
   </div>
   <div class='ocr_carea' id='block_1_71' title="bbox 600 5931 860 6039">
    <p class='ocr_par' dir='ltr' id='par_1_71' title="bbox 600 5931 860 6039">
     <span class='ocr_line' id='line_1_71' title="bbox 600 5931 860 6039; baseline 0 0"><span class='ocrx_word' id='word_1_722' title='bbox 600 5931 860 6039; x_wconf 33' lang='lat'><strong>“&#39;1</strong></span> 
     </span>
    </p>
   </div>
  </div>
