4012 6180
497 438 627 496 ms
1376 430 1436 494 s.
1465 433 1757 493 ELFRICI
1798 436 1892 492 AD
1921 431 2293 492 WULFINUM
2327 438 2506 494 EPIC.
2560 435 2903 495 CANONES.
3645 451 3749 508 ms

1222 557 1368 612 XXX.
1704 560 1706 562 ’
2119 560 2176 620 Α
2198 562 2412 617 turam.
2445 561 2639 618 Prima
2664 560 2889 628 Nicaea,
2919 563 2983 617 ut
3009 561 3100 617 hic
3115 563 3288 618 antea
3306 567 3742 630 memoravimus:

561 648 865 720 Presbyter
893 663 1000 703 nec
1026 646 1099 702 sit
1129 649 1438 712 mercator,
1483 663 1590 702 nec
1629 651 1969 704 mercatura:
2000 665 2101 704 cu-
2203 652 2332 721 post
2373 665 2502 704 eam
2548 649 2729 704 altera
2783 649 3301 722 ConstantinOpoli,
3349 668 3380 707 e
3415 670 3474 709 c1.
3523 656 3751 732 episc0pis

489 737 679 810 pidus.
712 753 842 804 nec,
892 735 1107 792 omisso
1141 734 1450 806 theologia:
1487 736 1699 804 studio,
1732 753 1790 790 se
1837 737 1908 792 ad
1939 755 2104 792 mun-
2204 738 2414 792 sanctis
2439 736 2538 793 Dei
2570 737 2743 792 servis
2770 755 2784 805 ;
2845 737 3016 792 tertia
3038 739 3237 809 Ephesi
3275 739 3404 807 fuit,
3431 759 3460 795 e
3497 759 3550 797 cc
3577 746 3752 818 episco.

492 825 674 881 danas
721 824 984 880 conferat
1020 823 1555 888 sermocinationes,
1598 840 1704 878 nec
1735 841 1899 879 arma
1932 825 2101 894 ferat,
2205 825 2322 897 pis;
2384 829 2589 897 quarta
2629 842 2763 880 vero
2813 825 3178 894 Chalcedoni,
3212 828 3312 882 ubi
3346 830 3533 884 multae
3559 834 3755 891 aderant

492 930 600 970 nec
636 912 954 969 causidicus
1001 913 1096 979 sit,
1143 913 1231 968 vel
1280 912 1407 966 lites
1454 914 1606 982 agat,
1671 929 1775 966 nec
1825 913 1882 966 in
1943 931 2102 969 σωο-
2206 914 2607 985 episcoporum
2659 915 2957 969 centuriae.
2995 915 3061 970 Et
3100 916 3160 970 hi
3199 934 3402 971 omnes
3437 922 3756 978 unauimias-

492 1002 662 1074 poliis
677 1001 840 1057 bibat
867 1018 1040 1057 more
1067 1002 1428 1056 saecularium
1457 1017 1470 1054 :
1493 1001 1898 1071 juramentum
1927 1002 2103 1057 etiam
2203 1017 2372 1055 sensu
2394 1001 2592 1056 omnia
2623 1001 3050 1057 continuarunt
3079 1021 3206 1074 quae
3249 1006 3311 1059 in
3343 1007 3558 1062 Nicaeus
3585 1014 3755 1066 statue-

494 1108 570 1148 ne
615 1091 810 1162 jurato
857 1107 872 1146 :
913 1107 1144 1162 semper
1194 1093 1388 1144 autem
1421 1093 1478 1144 et
1536 1089 1874 1161 simpliciter
1907 1107 2104 1145 verum
2207 1091 2420 1146 bantur
2446 1089 2690 1161 synodo,
2723 1090 2859 1144 etin
2894 1092 3097 1162 quibus
3128 1094 3338 1150 violata
3361 1095 3482 1164 fuit,
3507 1115 3569 1153 ea
3601 1102 3760 1157 omnia

491 1179 646 1237 dicat
711 1181 927 1252 absque
996 1178 1339 1246 mendacio,
1400 1180 1463 1232 ut
1516 1177 1663 1232 servi
1729 1178 1830 1233 Dei
1896 1179 2106 1234 docue-
2206 1179 2478 1234 refecere.
2525 1177 2783 1241 Quatuor
2832 1178 2954 1233 istae
3010 1181 3211 1252 synodi
3268 1183 3414 1239 adeo
3445 1186 3759 1245 observanda:

488 1275 646 1327 runt,
2206 1269 2340 1321 sunt
2363 1284 2396 1321 a
2426 1265 2634 1320 Christi
2677 1267 2927 1322 Ecclesia
2957 1271 3019 1322 ut
3057 1273 3306 1340 quatuor
3337 1271 3531 1327 Christi
3561 1276 3758 1334 codices.

1210 1356 1378 1411 XXXI.
2205 1357 2391 1411 Multae
2439 1371 2503 1409 ex
2543 1354 2644 1409 illo
2694 1357 2960 1427 tempore
3018 1357 3255 1413 fuerunt
3313 1362 3528 1431 synodi,
3562 1364 3649 1418 sed
3693 1367 3762 1421 ha:

562 1447 841 1503 Distincte
871 1445 1051 1502 etiam
1092 1445 1487 1517 peccatoribus
1530 1445 1792 1499 instituet
1816 1443 2103 1515 poeniten-
2208 1448 2456 1516 quatuor
2486 1446 2655 1498 erant
2681 1443 3046 1503 ﬁrmissimas.
3081 1447 3483 1504 Exstinxerunt
3510 1452 3648 1506 enim
3667 1453 3761 1508 ista

492 1536 658 1603 tiam,
685 1534 994 1606 unicuique
1021 1533 1232 1588 scilicet
1263 1534 1425 1604 juxta
1456 1533 1648 1587 meriti
1676 1532 1760 1586 sui
1788 1533 2100 1600 rationem,
2206 1533 2511 1586 haereticas
2551 1531 2674 1586 illas
2705 1532 3000 1587 doctrinas
3029 1550 3170 1605 quas
3201 1536 3472 1592 adversus
3500 1541 3658 1595 Deum
3678 1543 3764 1597 haz-

495 1623 658 1681 sicuti
678 1621 1032 1695 probabilius
1055 1638 1185 1675 eam
1203 1619 1827 1692 assequatur.lnﬁrmis
1842 1624 1900 1674 et
1926 1637 2105 1691 aegro-
2206 1620 2380 1675 retice
2417 1623 2736 1691 posuerunt
2769 1619 3036 1688 haeritici,
3067 1627 3123 1678 et
3153 1626 3567 1682 constituerunt
3592 1631 3764 1700 pariter

492 1715 565 1769 tis
593 1727 817 1768 coenam
849 1709 1081 1764 Domini
1100 1709 1631 1775 ministrabit,dum
1651 1712 1850 1764 tamen
1877 1711 2107 1763 valeant
2207 1708 2655 1764 ecclesiasticum
2687 1709 3095 1765 ministerium.

490 1803 641 1901 hanc
660 1798 1407 1908 [deglutireisemimprtuo
1441 1801 1636 1908 auteJm
1669 1815 1791 1908 npn
1824 1798 2103 1869 porriget,
2125 1850 2176 1908 B
2284 1888 2326 1908 Α
2439 1888 2449 1899 1
2501 1887 2511 1898 ο
2846 1886 2855 1897 .
2910 1800 3124 1855 XXXIV.

493 1891 630 1964 quia
658 1887 913 1944 Christus
960 1886 1098 1942 dicit
1139 1905 1151 1941 ;
1209 1887 1390 1942 Homo
1422 1887 1734 1942 manducat
1777 1887 1885 1942 hoc
1916 1886 2176 1941 sacra-“
2283 1888 2407 1952 Qua
2436 1887 2613 1959 igitur
2657 1886 2917 1953 audacia,
2951 1904 2984 1942 o
3025 1890 3379 1959 sacerdotes,
3410 1893 3633 1951 istorum
3673 1911 3768 1952 om-

488 1982 776 2035 mentum.
1907 2015 1911 2020 ν
2212 1975 2374 2031 nium
2409 1975 2777 2048 despexeritis
2830 1977 3314 2034 constitutiones?
3358 1983 3602 2038 Monachi
3645 1985 3766 2038 enim

1206 2065 1399 2121 XXXII.
2212 2065 2381 2119 unius
2420 2064 2677 2118 hominis
2723 2065 3162 2120 constitutiones
3212 2071 3436 2137 tenent,
3465 2073 3628 2128 sancti
3653 2073 3769 2128 vide-

565 2157 810 2213 Habebit
831 2155 1007 2212 etiam
1027 2155 1328 2228 presbyter
1352 2157 1754 2210 consecratum
1784 2155 1976 2208 oleum
2003 2153 2105 2208 du-
2210 2153 2347 2208 licet
2379 2153 2693 2221 Benedicti,
2730 2158 2786 2207 et
2812 2155 3126 2210 secundum
3155 2159 3422 2227 regulam
3453 2161 3566 2230 ejus
3589 2161 3767 2227 vivunt;

494 2247 625 2320 plex
653 2264 665 2301 :
691 2249 801 2301 hoc
831 2245 1171 2312 infantibus,
1192 2244 1249 2298 id
1271 2243 1502 2315 (egrotis
1525 2248 1821 2315 paratum;
1848 2245 1905 2296 et
1923 2258 2107 2313 azgro-
2213 2258 2389 2314 quam
2433 2243 2476 2296 si
2529 2241 2885 2307 violaveriut,
2917 2243 3215 2314 corrigunt
3251 2247 3449 2302 statim
3486 2248 3631 2303 omni
3667 2265 3769 2303 cum

494 2340 831 2405 tossemper
850 2332 1586 2404 ungetjacentes.Quidam
1612 2349 1743 2386 vero
1768 2331 1970 2402 aegroti
1997 2331 2107 2386 hoc
2211 2331 2561 2396 humilitate,
2609 2331 2775 2400 juxta
2815 2331 3038 2386 abbatis
3071 2349 3277 2388 eorum
3317 2337 3664 2391 sententiam.
3690 2337 3772 2390 Vos

497 2423 662 2478 nihili
682 2422 966 2492 pendunt,
1000 2421 1136 2474 etin
1163 2419 1505 2489 aegritudine
1539 2435 1639 2472 sua
1668 2436 1727 2472 se
1764 2436 1881 2473 non
1903 2435 2105 2473 conce-
2213 2419 2388 2474 etiam
2420 2419 2642 2473 habetis
2686 2420 2945 2490 regulam
2984 2437 2995 2473 :
3047 2419 3090 2473 si
3119 2423 3208 2475 vel
3241 2439 3375 2477 eam
3407 2425 3590 2495 legere
3618 2425 3771 2479 volue-

499 2511 646 2565 dunt
665 2509 823 2579 ungi.
847 2509 1042 2562 Dicam
1063 2507 1199 2578 quid
1218 2507 1288 2560 de
1315 2506 1381 2559 iis
1403 2506 1596 2560 docuit
1618 2505 2107 2583 JacobusDomini
2213 2507 2366 2575 ritis,
2419 2506 2684 2562 videretis
2734 2507 2869 2578 quid
2927 2508 2998 2562 sit
3059 2509 3217 2563 vobis
3271 2513 3651 2568 constitutum.
3692 2513 3774 2566 Vos

501 2597 812 2670 apostolus,
863 2595 960 2668 qui
1013 2595 1378 2650 credentibus
1432 2595 1558 2648 ait:
1606 2595 1881 2649 Tristatur
1911 2594 2106 2666 aliquis
2213 2599 2410 2652 autem
2446 2596 2753 2650 mundanis
2797 2596 3162 2651 delectamini
3208 2600 3681 2666 colloculionibns,
3713 2601 3771 2653 vi-

498 2686 775 2744 vestrum?
836 2686 963 2740 Oret
1003 2700 1154 2756 sequo
1202 2686 1379 2738 am'mo
1425 2690 1476 2737 et
1524 2683 1743 2754 psallat.
1789 2683 2110 2753 Inﬁrmatur
2212 2684 2520 2739 cecomites
2561 2684 2706 2750 ﬁeri,
2765 2685 3060 2756 praepositi
3129 2703 3230 2741 seu
3287 2688 3505 2755 ballivi,
3560 2691 3774 2760 neglecta

497 2777 614 2848 quis
642 2776 700 2828 in
719 2773 913 2832 vobis?
951 2773 1184 2827 Indueat
1210 2772 1544 2844 presbyteros
1568 2772 1841 2839 Ecclesia”,
1875 2780 1932 2828 et.
1953 2780 2108 2827 orent
2209 2772 2434 2828 interea
2479 2772 2716 2828 ecclesia
2755 2777 2961 2842 vestra,
2993 2777 3053 2829 et
3094 2774 3181 2829 his
3227 2792 3349 2831 una
3402 2777 3772 2832 constitutioni-

495 2880 658 2936 super
705 2880 842 2930 eum,
898 2869 1151 2934 augentes
1202 2879 1320 2917 eum
1351 2861 1460 2916 oleo
1507 2864 1562 2916 in
1601 2864 1812 2916 nomine
1849 2864 2103 2918 Domini:
2210 2862 2335 2917 bus.

497 2960 552 3008 et
577 2955 748 3008 oratio
785 2951 916 3022 ﬁdei
961 2952 1190 3008 sal'vabit
1245 2951 1539 3021 inﬁrmum,
1575 2958 1624 3005 et
1670 2951 1941 3006 alleviabit
1988 2967 2108 3005 eum
2924 2949 3118 3012 XXXV.

497 3039 804 3107 Dominus;
847 3047 896 3095 et
924 3043 1045 3096 siin
1073 3042 1312 3112 peccatis
1343 3042 1432 3108 sit,
1480 3042 1815 3096 remittantur
1850 3043 1916 3095 ei.
1958 3038 2108 3096 0οη-
2279 3038 2570 3105 Volumus,
2606 3043 2668 3094 ut
2704 3040 3145 3096 constitutiones
3191 3043 3534 3115 perhibent,
3571 3057 3658 3098 vos
3681 3057 3774 3096 vos-

496 3130 724 3200 ﬁtemini
755 3147 875 3200 ergo
905 3129 1226 3185 alterutrum
1256 3137 1481 3200 peccata
1531 3135 1722 3196 vestra,
1759 3136 1808 3184 et
1839 3136 1986 3183 orate
2006 3144 2108 3198 pro
2129 3151 2176 3210 ρ
2211 3127 2505 3198 metipsos,
2539 3131 2709 3199 prout
2756 3128 3111 3185 Christianos
3163 3132 3356 3201 decet,
3404 3132 3564 3187 citius
3592 3129 3776 3201 expedi-

496 3221 724 3274 irwicem
754 3226 816 3273 ut
853 3219 1134 3275 salvemini
1177 3218 1321 3286 (Jac.
1356 3219 1433 3288 v).
1467 3219 1596 3272 Haec
1636 3218 1858 3272 locutus
1905 3221 1989 3272 est
2017 3218 2111 3271 Ja-
2209 3231 2292 3281 re,
2342 3215 2711 3286 ecclesizeque
2761 3221 2964 3272 vestrae
3014 3219 3212 3273 sedqu
3269 3220 3592 3291 indulgere.
3616 3220 3670 3272 ln
3709 3233 3775 3271 ec-

500 3307 675 3362 cobus
701 3308 772 3362 de
801 3307 1086 3378 ungendis
1115 3306 1653 3378 mgrotis.A§grotus
1685 3310 1902 3375 autem,
1927 3305 2112 3378 prius-
2211 3303 2382 3359 clesia
2420 3319 2552 3358 vero
2582 3321 2654 3358 ne
2684 3306 2767 3358 vel
2813 3305 3061 3360 fabulari
3101 3306 3295 3374 liceat,
3327 3312 3428 3362 aut
3461 3349 3474 3362 .
3511 3350 3524 3361 .
3559 3352 3573 3366 .
3602 3348 3612 3360 .
3644 3347 3656 3360 .
3687 3347 3698 3358 .
3728 3347 3737 3359 .
3763 3345 3774 3357 .

502 3412 678 3468 quam
707 3395 1040 3466 inungatur,
1074 3395 1441 3450 confitebitur
1485 3395 1554 3448 ab
1603 3393 1811 3448 intimo
1857 3395 2030 3450 corde
2065 3394 2110 3448 si
2212 3392 2368 3464 loqui
2403 3409 2416 3447 :
2470 3392 2747 3447 orationis
2787 3393 2946 3448 enim
2999 3395 3207 3450 domus
3252 3399 3368 3463 est,
3400 3414 3434 3450 a
3473 3397 3582 3450 Deo
3628 3407 3777 3447 conse-

403 3532 425 3541 -
504 3484 644 3555 quid
666 3482 883 3553 peccati
911 3482 1267 3538 commiserit
1291 3499 1395 3553 pro
1427 3498 1540 3554 quo
1565 3481 1803 3552 dignam
1828 3498 1945 3537 non
1973 3499 2110 3537 con-
2213 3484 2370 3535 erata
2399 3480 2458 3534 in
2502 3481 2791 3536 sermonis
2824 3482 3135 3552 spiritualis
3186 3484 3669 3538 exercitationem.
3696 3480 3777 3533 Nec

500 3570 698 3626 tulerit
719 3570 1353 3638 satisfactionem,sicut
1373 3571 1678 3642 Apostolus
1695 3570 1786 3625 hic
1796 3571 1922 3641 jam
1941 3587 2116 3642 supra
2213 3569 2272 3624 in
2303 3586 2372 3624 ea
2404 3569 2688 3640 quispiam
2739 3570 2916 3638 bibat,
2961 3573 3060 3625 aut
3091 3571 3358 3626 indebite
3401 3573 3552 3636 edat,
3589 3585 3699 3623 cum
3728 3564 3780 3618 sit

507 3675 646 3750 eumt
670 3658 934 3715 monuit:
971 3663 1027 3715 et
1066 3675 1240 3716 nemo
1274 3662 1582 3731 praesumat
1615 3677 1853 3731 ungere,
1883 3659 1990 3713 nisi
2017 3677 2116 3713 ex-
2215 3657 2325 3712 illis
2350 3658 2704 3714 sanctificata
2729 3659 2823 3730 qui
2865 3659 3082 3714 ibidem
3116 3676 3328 3732 corpus
3358 3659 3590 3715 Domini
3623 3660 3673 3712 in
3697 3655 3777 3709 ﬁde

505 3744 718 3815 oratus,
747 3751 804 3803 et
853 3751 982 3821 post
1026 3752 1322 3820 peractam
1369 3748 1813 3804 confessionem.
1852 3747 1909 3802 Si
1944 3751 2116 3804 antea
2216 3746 2714 3802 manducaverint.
2750 3747 2889 3802 Haec
2931 3748 3206 3818 quamvis
3247 3749 3447 3820 turpia
3485 3747 3680 3802 faciunt
3702 3744 3777 3796 i10-

504 3840 771 3910 peccator
799 3837 909 3893 fuit
934 3842 991 3893 et
1020 3839 1347 3910 negligens,
1365 3838 1540 3894 faciat
1565 3838 1694 3910 jam
1725 3837 1964 3893 demum
1983 3853 2115 3892 con-
2219 3835 2426 3902 mines,
2473 3835 2821 3891 bacchantes
2873 3853 3044 3908 saepe,
3099 3840 3158 3891 et
3205 3855 3395 3910 usque
3435 3838 3506 3891 ad
3550 3833 3778 3890 insaniam

502 3926 834 3997 fessionem,
876 3928 1280 4000 pcenitcntiam
1305 3933 1361 3983 et
1387 3929 1818 3998 eleemosynam
1853 3931 1987 3981 ante
2014 3927 2113 3982 ob-
2217 3923 2479 3980 bibentes
2517 3923 2575 3977 in
2598 3923 2775 3980 domo
2805 3925 2928 3994 Dei,
2961 3925 3390 3981 contumeliose
3422 3927 3592 3980 etiam
3615 3927 3663 3978 et
3687 3925 3778 3974 tur-

503 4017 647 4073 itum
679 4034 868 4086 suum,
899 4022 960 4074 ut
990 4018 1219 4073 inferno
1253 4035 1370 4073 non
1394 4017 1775 4089 adjudicetur,
1803 4016 1904 4072 sed
1922 4016 2118 4071 divina
2216 4011 2367 4084 piter
2395 4011 2679 4080 ludentes,
2719 4013 2854 4085 quin
2904 4013 2963 4067 in
3015 4013 3182 4068 foedis
3226 4014 3592 4074 sermonibus
3638 4011 3778 4081 ipsam

502 4105 755 4180 gaudeat
782 4105 1200 4162 misericordia.
2218 4101 2367 4156 hanc
2414 4101 2657 4156 domum
2689 4101 3158 4159 contaminantes
3204 4121 3216 4158 :
3254 4102 3440 4157 satius
3471 4101 3549 4155 eis
3593 4095 3777 4154 foretin

1190 4197 1416 4252 XXXIII.
2218 4190 2378 4245 lectis
2415 4189 2530 4246 suis
2558 4190 2917 4262 acquiescere
2975 4207 3153 4262 quam
3188 4191 3380 4247 Deum
3417 4183 3709 4246 istiusmodi
3726 4182 3782 4237 ir-

569 4286 828 4353 Quatuor
883 4289 1049 4342 erant
1107 4286 1310 4358 synodi
1368 4302 1518 4341 verae
1575 4284 1711 4341 ﬁdei
1773 4283 2112 4339 defensione
2217 4278 2415 4338 ritare.
2513 4327 2516 4330 .

501 4380 706 4432 contra
744 4376 1044 4431 haereticos
1079 4375 1465 4446 blasphemias
1501 4377 1827 4430 eructantes
1880 4373 1938 4428 in
1979 4389 2115 4427 san-
2773 4366 3020 4440 (Reliqua
3046 4367 3287 4440 desunt.)

500 4468 656 4522 ctam
680 4464 1022 4520 Trinitatem
1042 4468 1099 4520 et
1128 4464 1433 4520 Salvatoris
1455 4463 1637 4520 nostri
1662 4463 1982 4518 humanam
2011 4479 2112 4519 na-

499 4615 758 4690 (Ea'stant
779 4615 1031 4687 zEl/‘rici
1054 4618 1430 4690 archiepiscopi
1459 4615 1707 4688 apuscula
1737 4615 1983 4690 quatiant
2018 4634 2044 4670 e
2070 4617 2338 4690 Saxonico
2366 4614 2624 4690 illiomate
2667 4617 2732 4690 iii
2749 4613 3005 4668 Latinum
3039 4611 3334 4690 translata,
3366 4611 3609 4668 sublesta
3649 4614 3780 4660 tam!"

1070 4689 1200 4759 ﬁdei
1224 4683 1273 4744 et
1293 4683 1411 4760 quae
1434 4683 1622 4743 manus
1659 4683 1956 4743 arat/colica
2008 4688 2362 4759 interpolavit.
2392 4687 2526 4742 Haec
2556 4685 2667 4740 ideo
2696 4685 2824 4741 dare
2849 4683 3260 4755 supersede-mus.
