4012 6180
640 805 2451 1077 δοΑΝΝΕδ-ξγυι
2535 807 3176 980 ΡᾹΡΑ

1157 1203 1768 1315 ΝΟΤΙΤΙΑ
1833 1207 2633 1314 HISTORICA.

1133 1418 1469 1488 (Cucomcs,
1511 1414 1656 1471 Vitae
1685 1415 2052 1472 Romanorum
2078 1417 2423 1489 pontiﬁcum,
2446 1435 2505 1490 p.
2542 1420 2692 1484 283.)

312 1679 558 1752 Joannes
577 1677 758 1745 XVIII,
783 1679 1032 1752 Fasanus
1063 1679 1150 1733 vel
1187 1680 1482 1752 Fassanus,
1519 1679 1848 1752 Romanus,
1878 1682 1932 1742 Α
1959 1677 2108 1752 berti
2137 1677 2510 1752 Carnutensis
2541 1677 2949 1752 episcopi,viri
2971 1679 3588 1752 celeberrimi,episto‘

251 1750 318 1804 de
333 1750 463 1804 -vico
479 1754 657 1821 portae
681 1750 1340 1821 Mathodii,imperatore
1359 1750 1851 1821 Henricojuniorc

249 1820 521 1900 Augusto,
545 1822 693 1900 sedit
714 1820 1442 1900 annosquinquetmenses
1463 1824 1709 1900 septem,
1735 1820 1858 1873 dies

250 1891 482 1963 viginti;
521 1895 745 1946 creatus
765 1909 838 1946 xu
875 1891 1160 1947 Kalendas
1196 1891 1524 1945 Decembris
1560 1908 1571 1944 :
1603 1892 1856 1963 Joannes

248 1962 534 2034 hic,quem
553 1963 884 2017 vicesimum
909 1964 1161 2034 primum
1179 1962 1855 2034 Platinavocat,seipsum

249 2032 536 2105 decimum
569 2037 835 2088 octavum
865 2032 1118 2105 appellat
1148 2034 1203 2105 in
1239 2033 1353 2086 suis
1381 2032 1793 2105 diplomatibus
1837 2049 1848 2085 :

246 2103 382 2158 item
413 2104 770 2174 publicarum
795 2103 1120 2158 tabularum
1147 2103 1566 2166 instrumentis,
1583 2119 1683 2156 suo
1703 2105 1857 2156 tem-

289 2191 388 2227 ore
414 2175 592 2228 factis.
623 2175 812 2238 Quare
840 2176 1090 2229 Joannes
1122 2175 1222 2238 illi,
1281 2190 1427 2244 quos
1470 2190 1574 2227 nos
1632 2175 1737 2226 XXI
1795 2177 1854 2228 et

271 2245 398 2297 [XIII
428 2261 718 2310 vocamus,
748 2247 852 2298 XIX
881 2251 937 2300 et
961 2247 1042 2300 XX
1073 2245 1302 2299 dicendi
1329 2248 1540 2297 essent.

325 2315 416 2368 Hic
442 2317 843 2384 pontificatum
879 2318 1083 2381 iniens,
1135 2316 1213 2368 nil
1266 2315 1511 2384 dignum
1567 2315 1852 2368 memoria

248 2386 438 2456 gessit.
472 2385 635 2448 Quod
672 2403 1026 2457 magnopere
1067 2385 1344 2440 celebrari
1379 2386 1573 2454 possit.
1615 2384 1852 2454 Aliquot

246 2459 443 2510 tamen
465 2458 730 2511 ecclesias
760 2473 880 2527 prae
904 2460 1181 2512 vetustate
1205 2461 1538 2510 corruentes
1553 2471 1849 2525 reparasse

249 2527 482 2597 quidam
514 2528 799 2594 scribunt;
836 2531 1278 2590 monachorum,
1300 2530 1356 2580 et
1377 2527 1664 2596 prascipue
1697 2527 1853 2580 Casi-

249 2599 533 2664 nensium,
575 2599 784 2668 quibus
801 2601 995 2671 multa
1024 2598 1320 2671 privilegia
1343 2597 1644 2663 concessit,
1671 2597 1856 2650 maxi-

257 2684 386 2721 mus
414 2672 643 2722 amator
673 2668 908 2723 exstitit.

323 2739 511 2792 Exstat
540 2739 614 2793 ad
638 2740 791 2808 hunc
841 2756 1050 2812 papam
1085 2739 1378 2795 decimum
1427 2741 1694 2794 octavum
1728 2739 1860 2792 Ful-

1960 1751 2038 1822 Ia,
2062 1766 2176 1822 qua
2192 1749 2564 1822 conqueritur
2589 1749 2962 1822 Bodulphum
2999 1752 3315 1822 quemdam
3343 1749 3434 1807 res
3465 1771 3583 1808 suae

1959 1820 2221 1894 Ecclesize
2244 1820 2534 1894 invasisse,
2556 1820 2830 1894 clericum
2853 1820 3035 1877 suum‘
3045 1823 3292 1894 propriis
3312 1823 3582 1879 manibus

1957 1889 2336 1956 interfecisse,
2365 1891 2507 1944 duos
2537 1893 2734 1961 captos
2767 1895 2986 1947 tenere.

2029 1961 2116 2014 Ab
2169 1962 2278 2036 hoc
2324 1961 2604 2036 semenses
2659 1961 2718 2015 in
2757 1961 2981 2018 Etruria
3013 1964 3271 2035 primum
3305 1964 3576 2036 episcopo

1957 2031 2215 2085 decorati
2254 2035 2406 2096 sunt,
2437 2048 2591 2085 anno
2628 2036 2764 2087 1009

2031 2102 2410 2169 Burchardus,
2443 2119 2595 2156 anno
2641 2106 2799 2170 1008,
2836 2103 3140 2159 Ecclesiam
3170 2105 3575 2160 Vormartien-

1955 2189 2082 2247 sem
2115 2174 2353 2247 recepit,
2383 2174 2478 2243 qui
2507 2175 2776 2247 volumen
2809 2175 3188 2230 Decretorum
3222 2177 3492 2232 confecit.

2029 2243 2293 2316 Synodus
2318 2244 2677 2316 Germanica,
2702 2246 2865 2314 jussu
2910 2247 3276 2316 imperatoris
3318 2248 3574 2313 Henrici,

1955 2331 2071 2388 exc
2083 2315 2309 2388 mnibus
2325 2314 2550 2388 imperii
2573 2316 2855 2388 episcopis
2867 2314 3221 2388 congregata
3239 2334 3394 2374 anno
3415 2321 3576 2384 1004,

1955 2385 2484 2469 sub‘pont‘iﬁcat‘um
2504 2385 2752 2469 goa’n‘nis
2771 2385 2927 2469 X‘Ylll
2958 2385 3145 2469 papae.

2035 2457 2177 2508 Item
2209 2455 2472 2526 Synodus
2503 2455 3218 2522 Frankfordiensisfanno
3254 2462 3416 2517 I006.

2031 2526 2194 2609 Obiit.
2215 2525 2453 2609 tandem
2473 2527 2677 2609 Romae
2698 2529 2950 2609 Joannes
2978 2528 3138 2609 XVIII
3161 2546 3331 2609 papa,
3361 2530 3542 2609 xslial
3563 2570 3578 2585 .

1957 2597 2220 2670 augusti,
2253 2613 2408 2670 anno
2438 2601 2570 2670 1009
2592 2616 2606 2666 ;
2630 2601 2886 2670 sepultus
2918 2597 3204 2655 Laterani.
3229 2597 3457 2656 Vacavit
3483 2618 3584 2656 sc-

1961 2667 2062 2722 des
2089 2667 2290 2720 diebus
2320 2667 2577 2739 triginta.

1251 3004 1718 3094 NOTITIA
1776 3006 2583 3110 DIPLOMAI‘ICA,

315 3179 550 3253 Joa_nnis
584 3181 757 3236 bullas
787 3184 920 3235 sunt
943 3181 1167 3251 scriptae
1189 3197 1298 3253 per
1320 3196 1610 3253 manum:

388 3251 607 3323 Georgii
631 3254 836 3308 notarii
865 3267 930 3307 ac
956 3251 1230 3306 scriniarii
1265 3251 1324 3309 S.
1360 3252 1429 3306 R.
1454 3251 1527 3308 E.
1558 3252 1574 3321 (
1586 3253 1657 3320 1).

389 3322 544 3376 Petri
690 3342 723 3375 »
871 3341 902 3374 »
1050 3342 1080 3374 »
1229 3346 1255 3371 ››
1406 3345 1433 3371 ››
1585 3323 1657 3376 ('2.

389 3323 544 3376 Petri
690 3342 723 3375 »
871 3341 902 3374 »
1050 3342 1080 3374 »
1229 3346 1255 3371 ››
1406 3345 1433 3371 ››
1585 3323 1662 3392 ('2,
1696 3328 1725 3378 5
1781 3327 1898 3394 10).

383 3392 676 3450 Benedicti
693 3395 982 3462 regionarii
1001 3396 1203 3448 notarii
1224 3412 1285 3448 ac
1313 3393 1590 3448 scriniarii
1619 3393 1682 3448 S.
1829 3395 1904 3452 E.

1941 3397 2033 3468 (4)-

380 3463 538 3541 ξείνξ
561 3465 777 3541 abbatis
807 3466 1187 3541 eleancellarii
1208 3468 1350 3541 sacri
1367 3466 1740 3520 Lateranensis
1757 3463 1971 3538 palatii
1997 3463 2075 3541 (6,
2107 3473 2160 3535 7,
2195 3467 2275 3538 9).

385 3534 651 3606 Stephani
677 3537 880 3590 notarii
905 3543 954 3589 et
982 3539 1250 3590 scriniarii
1285 3556 1315 3588 »

380 3605 647 3677 Ingilonis'
670 3607 933 3674 (Joannis
957 3606 1003 3678 ‘l)
1026 3609 1297 3662 scriniarii
1321 3607 1384 3662 S.
1413 3627 1502 3679 ap.
1547 3608 1654 3662 sed.
1689 3609 1788 3680 (8).

315 3677 473 3750 Data:
504 3694 608 3750 per
637 3695 720 3732 m.

1646 3559 1673 3585 »
1747 3609 1753 3612 _
1826 3542 1962 3612 (Il).

381 3745 630 3819 Gregorii
651 3750 880 3820 episcopi
898 3745 962 3804 S.
985 3749 1234 3804 Ostiensis
1265 3750 1518 3807 Ecclesia:
1545 3758 1593 3803 et
1614 3751 2024 3809 Bibliothecarii
2044 3753 2108 3812 S.
2127 3755 2237 3811 sed.
2259 3758 2431 3826 aposl.
2464 3753 2542 3825 (3,
2573 3753 2651 3823 4).

235 3961 3577 3981 W“

749 4079 1698 4234 JOANNIS
1788 4084 2394 4232 XVIII
2449 4083 3083 4230 PAPE

523 4339 1585 4468 EPISTOLAE
1696 4342 1939 4465 ET
2054 4338 3298 4468 DIPLOMATA.

1003 4643 1046 4695 Ι.

214 4731 468 4791 Joannes
495 4732 649 4788 XVI
651 4731 708 4786 Il
741 4733 1049 4787 monasterii
1071 4730 1136 4789 S.
1161 4731 1430 4787 Florentii
1457 4730 1844 4788 Salmurienszs

507 4805 799 4878 privilegia
831 4810 880 4858 et
891 4805 1230 4874 possessiones
1251 4821 1346 4858 con
1349 4802 1560 4876 ﬁrmat.

833 4894 1022 4955 (Anno
1057 4894 1236 4962 1004).

307 4983 482 5048 [Dom
501 4983 770 5051 Murem,
809 4981 924 5036 Vel.
956 4981 1161 5053 Script.
1209 4982 1426 5039 Collecl.
1456 4983 1518 5039 V.
1556 4986 1737 5047 “04].

299 5071 539 5126 Joaxxss
569 5073 889 5145 episcopus,
923 5086 1111 5124 servus
1137 5088 1437 5126 servorum
1471 5073 1594 5143 Dei,
1629 5072 1842 5128 dilecto

210 5158 348 5214 ﬁlio
377 5160 632 5214 Rom-mro
666 5159 978 5215 venerabili
1006 5159 1198 5214 abbati
1232 5162 1571 5215 monasterii
1630 5161 1686 5217 S.
1717 5163 1846 5216 Flo-

210 5248 770 5304 rentiiconl‘essoris
803 5247 1026 5315 Christi,
1061 5248 1150 5302 siti
1188 5248 1246 5302 in
1297 5250 1424 5304 loco
1479 5250 1578 5322 qui
1634 5252 1845 5306 dicitur

212 5336 552 5405 Salmurus,
588 5339 961 5411 ejusdemque
984 5339 1398 5394 successoribus
1424 5340 1760 5413 cunctisque
1785 5341 1844 5395 in

211 5426 440 5482 eodem
469 5428 592 5482 loco
619 5427 1114 5484 commorantibus
1157 5429 1430 5484 fratribus
1478 5433 1832 5502 perpetuum

211 5515 381 5570 vale.

1865 4641 1915 4700 B
1937 4642 2287 4712 promptum
2314 4637 2494 4692 animi
2520 4635 2803 4708 impertiri
2842 4655 3160 4697 assensum.
3211 4641 3368 4697 Tunc
3396 4641 3579 4698 enimi

1951 4726 2094 4783 lucri
2130 4727 2497 4798 potissimum
2532 4727 2840 4797 prtemium
2869 4728 3022 4799 apud
3051 4730 3416 4787 conditorem
3446 4748 3580 4787 om-

1952 4816 2117 4870 nium
2135 4817 2321 4869 Deum
2342 4814 2664 4886 reponitur,
2683 4817 2916 4888 quando
2946 4820 3298 4876 venerabilia
3322 4823 3448 4877 loca
3470 4839 3580 4895 op-

1952 4906 2205 4976 portune
2230 4904 2303 4958 ad
2333 4907 2544 4958 statum
2578 4907 2940 4961 rectitudinis
2970 4913 3103 4963 sunt
3123 4909 3420 4981 perducta.
3463 4911 3575 4982 Igi-

1949 4996 2044 5046 tur
2083 4993 2220 5063 quia
2250 4994 2553 5063 postulasti
2587 5010 2620 5048 a
2653 4995 2815 5049 nobis
2843 5000 3124 5068 quatenus
3142 4999 3566 5054 monasterium

1953 5081 2009 5136 S.
2039 5081 2316 5136 Florentii
2348 5085 2692 5139 confessoris
2719 5085 2948 5155 Christi,
2978 5087 3150 5142 situm
3192 5088 3249 5142 in
3296 5089 3420 5143 loco
3467 5087 3566 5159 qui

1952 5169 2164 5223 dicitur
2192 5170 2514 5241 Salmurus,
2545 5172 2605 5226 in
2640 5175 2930 5230 territorio
2949 5176 3366 5246 Andcgavensi,
3391 5174 3572 5245 privi-

1951 5257 2116 5327 legiis
2165 5258 2315 5313 sedis
2345 5261 2672 5330 apostolica:
2705 5262 3093 5329 decoraretur,
3120 5262 3319 5316 libenti
3359 5260 3564 5319 animo

1950 5345 2218 5416 petitioni
2266 5351 2377 5400 tua:
2409 5365 2707 5404 assensum
2746 5351 2970 5405 damus.
3032 5350 3175 5413 Quia
3201 5365 3332 5403 vero
3364 5350 3557 5421 ipsum

1954 5435 2378 5490 monasterium
2401 5437 2540 5492 olim
2571 5455 2604 5493 a
2635 5440 2835 5494 Carolo
2874 5440 3223 5510 imperatore
3281 5439 3559 5498 nobiliter

1954 5527 2350 5579 constructum
2385 5526 2574 5582 fuerat
2628 5528 2686 5582 in
2717 5529 2840 5581 loco
2871 5526 3142 5582 vocabulo
3183 5527 3443 5598 Glonna,
3480 5532 3558 5588 ub

305 5604 588 5660 Convenit
608 5605 918 5678 apostolico
970 5605 1358 5662 moderamini
1410 5607 1508 5679 pia
1556 5606 1849 5679 religione
1954 5611 2012 5666 S.
2044 5611 2367 5668 Florentius
2397 5621 2528 5688 post
2579 5615 2858 5670 diutinam
2901 5616 3077 5670 vitam
3107 5617 3377 5689 spiritum
3407 5622 3551 5676 caelo

209 5693 584 5770 pollentibus
606 5693 668 5751 in
696 5695 974 5752 benevola
995 5693 1398 5768 compassione
1414 5697 1840 5766 succurrere,et

1959 5699 2235 5769 reddidit,
2265 5707 2324 5758 et
2341 5703 2641 5777 praiccptis
2683 5703 3076 5777 imperialibus
3116 5709 3288 5781 atque
3315 5706 3546 5781 privile-
