4012 6180
510 490 530 546 i
543 489 646 545 479

1799 476 2087 537 JOANNIS
2125 469 2282 532 XVIII
2327 472 2530 532 ΡΑΡᾹῗ

3651 487 3753 544 H80

503 603 612 677 giis
633 618 764 658 cum
791 595 1158 672 amplissimis
1174 597 1558 670 possessionib
1572 615 1637 654 us
1656 598 2001 655 roboratam
2023 601 2113 654 at-
2135 603 2192 664 Α
2211 598 2382 655 sessio
2403 616 2632 673 quoque
2645 616 2779 656 cum
2796 600 3030 656 castello
3059 598 3357 667 Carnonis,
3387 603 3443 654 et
3473 600 3526 656 S.
3553 584 3767 664 Andreae.

511 709 622 764 que
654 691 900 746 ditatum
931 690 1034 743 est.
1068 685 1350 742 Similiter
1373 703 1406 742 a
1423 687 1703 744 Ludovico
1723 691 2114 760 cognomento

511 780 635 849 Pio,
663 780 710 850 ej
723 797 785 834 us
808 777 948 840 ﬁlio,
978 776 1173 832 omnis
1214 776 1426 832 ﬁscalis
1457 777 1772 833 exactionis
1809 779 1897 832 vel
1928 777 2118 848 cujus-

465 881 468 883 ‘
508 885 736 941 cunque
762 866 963 939 legalis
981 882 1083 920 seu
1109 865 1400 920 ofﬁciariaz
1419 865 1733 936 pensionis,
1748 866 1920 921 simul
1940 866 2116 920 etiam

508 956 799 1029 synodalis
823 953 1001 1010 debiti
1023 954 1288 1009 omnium
1310 954 1703 1022 ecclesiarum,
1718 971 1845 1025 qum
1867 954 1973 1025 ipsi
1995 970 2118 1008 mo-

507 1045 760 1102 nasterio
793 1044 1113 1114 subjacent,
1164 1042 1537 1097 immunitate
1592 1043 1862 1109 ditatum,
1894 1059 2000 1096 nos
2030 1041 2118 1095 ei-

510 1135 644 1191 dem
677 1133 913 1205 antiquo
932 1131 1288 1186 monasterio
1310 1131 1586 1201 faventes,
1607 1131 1870 1202 precibus
1884 1131 2114 1184 domnae

508 1225 690 1279 Bertae
720 1221 940 1293 reginae
971 1236 1036 1274 ac
1061 1219 1313 1273 ﬁliorum
1358 1219 1479 1289 ejus
1532 1217 1847 1273 Theobaldi
1874 1221 1931 1272 et
1963 1217 2118 1272 Odo-

508 1311 616 1379 nis,
647 1309 960 1383 apostolica
984 1305 1326 1362 auctoritate
1352 1305 1409 1359 in
1433 1306 1780 1378 perpetuum
1806 1306 2112 1360 conﬁrma-

507 1417 638 1456 mus
658 1402 831 1470 atque
859 1393 1316 1462 constabilimus,
1348 1397 1410 1447 ut
1439 1395 1484 1448 si
1517 1394 1640 1466 quis
1680 1395 1888 1448 harum
1917 1410 2110 1448 rerum

500 1491 820 1546 temerator
841 1483 1251 1550 exstiterit,seu
1268 1483 1677 1553 possessiones,
1695 1482 1978 1549 ecclesias,
1997 1485 2114 1537 ter-

508 1592 601 1632 ras
630 1576 718 1630 vel
763 1589 942 1645 aquas
971 1571 1238 1643 ejusdem
1274 1569 1386 1624 loci
1411 1569 1624 1624 violare
1677 1571 1984 1624 tentavarit
2009 1570 2113 1624 sub

508 1662 898 1721 anathematis
919 1660 1244 1715 indictione
1275 1657 1585 1712 damnatus
1603 1657 1693 1713 sit.
1718 1659 1799 1712 De
1829 1657 1924 1711 illo
1964 1673 2112 1712 novo

509 1750 798 1817 caenobio,
853 1748 1011 1821 quod
1052 1749 1185 1819 post
1234 1746 1616 1801 vastationem
1661 1745 2112 1800 Normannicam

507 1842 902 1898 constructum
934 1840 1020 1892 est
1059 1853 1092 1891 a
1123 1835 1481 1890 nobilissimo
1513 1835 1724 1889 comite
1760 1834 2110 1901 Theobaldo,

2217 687 2513 760 sanctique
2532 689 2823 745 Lamberti
2838 706 2969 745 cum
2983 689 3149 746 terris
3164 688 3237 744 ad
3253 705 3348 744 eas
3374 689 3750 763 pertinentibus,

2217 777 2456 832 ecclesia
2483 778 2536 832 S.
2563 778 2717 832 Petri
2740 795 2872 834 cum
2905 780 3120 850 capella
3147 779 3204 834 S.
3237 777 3486 832 Joannis.
3508 780 3648 847 Item,
3671 784 3753 838 alia

2217 865 2349 920 villa
2379 883 2506 938 quae
2539 867 2746 922 dicitur
2770 869 3039 936 Alomna,
3069 885 3198 924 cum
3235 868 3475 922 ecclesiis
3502 870 3555 923 in
3581 872 3754 929 honore

2217 951 2274 1007 S.
2307 955 2543 1010 Joannis
2568 959 2628 1010 et
2658 956 2716 1010 S.
2750 956 3030 1022 Docelini,
3063 973 3190 1010 cum
3213 956 3384 1010 terris
3412 957 3481 1011 ad
3513 974 3596 1012 eas
3621 962 3758 1029 perti-

2216 1043 2506 1098 nentibus.
2539 1043 2666 1098 Alia
2690 1060 2922 1116 quoque
2955 1044 3086 1098 villa
3133 1045 3371 1099 nomine
3399 1045 3632 1113 Mironio,
3657 1064 3756 1102 cum

2217 1131 2453 1186 ecclesia
2484 1131 2542 1185 in
2571 1133 2797 1186 honore
2818 1131 3120 1186 S.Caasarii
3151 1134 3207 1185 et
3237 1131 3404 1185 terris
3432 1149 3549 1204 qua:
3572 1134 3634 1188 ad
3658 1151 3757 1189 eam

2214 1219 2668 1290 pertinentﬂaec
2684 1220 2886 1275 omnia
2907 1220 3243 1274 auctoritate
3275 1222 3340 1277 B.
3362 1221 3503 1274 Petri
3527 1223 3759 1292 apostolo-

2217 1323 2346 1361 rum
2369 1307 2641 1379 principis
2671 1325 2869 1363 coram
2895 1308 3012 1362 Deo
3032 1324 3096 1362 ac
3126 1308 3372 1362 terribili
3392 1308 3570 1363 futuro
3585 1310 3759 1378 judicio

2216 1412 2321 1467 per
2331 1396 2426 1466 huj
2437 1414 2500 1450 us
2516 1397 2817 1468 apostolici
2831 1396 3009 1451 nostri
3021 1396 3303 1468 privilegii
3321 1397 3761 1454 conﬁrmationem

2217 1484 2407 1538 eidem
2429 1486 2554 1539 loco
2577 1485 2866 1539 sancimus
2879 1489 3050 1555 atque
3083 1485 3756 1556 decernimus,etquaecun-

2216 1589 2327 1643 que
2344 1590 2378 1627 a
2399 1573 2664 1628 ﬁdelibus
2693 1574 2885 1628 eidem
2913 1574 3037 1628 loco
3061 1573 3336 1644 deinceps
3357 1575 3551 1628 collata
3569 1574 3758 1639 fuerint,

2216 1659 2334 1714 utsi
2349 1661 2474 1732 quis
2488 1661 2740 1716 nefarius
2759 1662 3177 1728 contradicere,
3193 1662 3463 1717 invadere
3480 1665 3567 1716 aut
3591 1665 3763 1718 calum.

2214 1748 2375 1803 niare
2396 1744 2848 1821 praesumpserit,
2864 1750 3250 1805 anathematis
3269 1751 3497 1805 vinculo
3510 1752 3764 1806 innodatus

2214 1853 2248 1890 a
2279 1838 2737 1894 Christianorum
2759 1839 3030 1894 societate
3052 1839 3108 1893 in
3141 1843 3486 1911 perpetuum
3501 1844 3761 1911 separetur.

505 1932 567 1986 in
591 1931 718 1986 loco
755 1928 854 2001 qui
908 1925 1118 1980 dicitur
1167 1926 1486 1990 Salmurus,
1517 1923 1575 1976 in
1623 1923 1856 1978 abbatia
1901 1925 2112 1977 sancta:
2135 1915 2187 1974 Β
2211 1927 2286 1979 At
2315 1943 2449 1981 vero
2473 1927 2567 1998 qui
2617 1927 2713 1998 pio
2741 1927 2953 1982 intuitu
2983 1928 3322 1983 observator
3352 1944 3414 1982 ac
3460 1929 3516 1982 in
3545 1928 3763 1982 omnibus

505 2018 608 2075 Dei
659 2014 959 2072 Genitricis
1013 2013 1201 2068 Mariae
1247 2016 1306 2066 et
1336 2011 1516 2066 sancti
1558 2011 1798 2065 Joannis
1821 2009 2110 2081 Baptistaa,

504 2123 634 2181 qua:
664 2122 699 2162 a
729 2105 933 2160 Carolo
965 2101 1084 2156 ﬁlio
1103 2100 1372 2156 Ludovici
1393 2101 1601 2155 collata
1619 2099 1810 2154 fuerat
1837 2098 2027 2154 eidem
2050 2098 2107 2153 S.

501 2194 818 2262 Florentio,
844 2190 1270 2264 postulantibus
1308 2188 1650 2260 supradictis
1697 2188 1828 2241 ﬁliis
1877 2187 2107 2256 nostris,

500 2285 805 2342 statuimus
837 2280 1154 2354 apostolica
1181 2296 1425 2334 censura
1454 2279 1557 2334 sub
1586 2277 1761 2332 divini
1774 2277 1977 2349 judicii
2006 2279 2111 2332 ob-

495 2367 831 2439 testatione,
863 2387 936 2425 ne
959 2369 1205 2424 aliorum
1233 2365 1906 2439 quorumlibetdominio
1934 2366 2110 2437 subji-

499 2462 684 2519 ciatur
707 2464 808 2516 aut
841 2457 1100 2513 inferiori
1133 2455 1404 2526 potestati
1429 2454 1729 2516 subdatur,
1755 2454 1858 2508 sed
1883 2455 1942 2509 in
1973 2471 2109 2525 per-

501 2555 744 2622 petuum
768 2562 874 2618 per
894 2545 1266 2600 succedentes
1294 2542 1552 2597 hteredes
1578 2542 1896 2597 Theobaldi
1935 2547 2107 2614 atque

507 2636 723 2694 Odonis
751 2638 990 2707 regatur
1018 2636 1190 2703 atque
1221 2630 1584 2686 defendatur.
1645 2628 1703 2684 Si
1747 2631 1872 2702 quis
1913 2635 2109 2686 autem

507 2743 711 2784 eorum
740 2724 930 2796 ipsum
958 2724 1153 2777 locum
1183 2720 1503 2792 cuicunque
1532 2721 1819 2774 extranea:
1845 2736 2111 2792 persona:

505 2814 908 2882 transfuderit,
940 2828 1038 2866 seu
1069 2824 1428 2882 quaecunque
1451 2823 1700 2880 persona
1729 2809 2003 2863 eumdem
2027 2809 2111 2863 lo-

507 2923 642 2962 cum
669 2905 741 2960 ab
767 2903 848 2957 eis
872 2903 1140 2971 expetere
1185 2900 1283 2953 aut
1331 2913 1597 2952 coemere
1624 2898 1950 2965 tentaverit,
1982 2915 2112 2953 cum

506 2996 656 3054 Juda
683 2993 981 3066 proditore
1028 2989 1088 3043 in
1118 2990 1376 3042 extremo
1415 2987 1632 3058 judicio
1678 2988 1992 3042 anathema
2020 2987 2110 3042 sit.

512 3087 830 3158 Alligamus
842 3082 1018 3136 etiam
1039 3079 1250 3134 eodem
1272 3077 1644 3132 anathemate
1658 3093 1755 3131 eos
1778 3076 1875 3149 qui
1899 3076 2114 3148 aliquid

512 3176 584 3231 de
608 3175 696 3229 his
724 3188 851 3244 quae
905 3168 980 3224 ad
1005 3182 1257 3240 praesens
1287 3165 1445 3219 idem
1493 3166 1650 3218 locus
1698 3165 1971 3236 possidet,
2027 3163 2115 3218 vel

510 3263 780 3335 deinceps
797 3257 1146 3331 acquisierit,
1175 3253 1402 3310 auferre
1427 3253 1763 3321 tentaverit,
1809 3269 1908 3308 seu
1939 3268 2116 3306 novas

507 3355 664 3426 leges
693 3350 928 3415 addere,
952 3345 1060 3400 nisi
1079 3347 1361 3416 quantum
1393 3342 1772 3397 constitutum
1797 3345 1882 3396 est
1919 3342 1990 3396 ab
2023 3357 2117 3395 ar-

507 3438 869 3511 chiepiscopo
898 3432 1156 3487 Arduino
1186 3433 1245 3485 et
1260 3430 1471 3484 comite
1489 3429 1610 3484 Odo
1621 3446 1691 3483 ne
1711 3429 1827 3483 ﬁlio
1845 3429 2121 3484 Theohal-

510 3527 589 3581 di.
611 3525 927 3581 Statuimus
955 3519 1126 3574 etiam
1159 3520 1222 3572 ut
1241 3517 1288 3571 si
1318 3517 1548 3572 decreto
1580 3517 1982 3588 episcoporum
2016 3535 2119 3590 pa-

510 3631 618 3686 gus
640 3613 735 3667 ille
763 3593 1376 3666 excommunicatiouis
1406 3606 1762 3661 sententiam
1809 3607 2120 3677 exceperit,

508 3705 680 3761 liceat
709 3702 896 3757 eidem
914 3697 1179 3755 coenobio
1197 3695 1400 3750 missas
1439 3699 1497 3750 et
1531 3697 1757 3767 reliqua
1784 3712 1948 3750 sacra
1973 3697 2120 3750 cele-

509 3794 702 3862 brare,
725 3806 914 3862 neque
933 3789 1005 3843 ab
1021 3785 1304 3859 episcopis
1331 3787 1571 3856 propter
1587 3785 1698 3839 hoc
1714 3784 1949 3857 aliquod
1968 3801 2122 3856 prae-

502 3882 786 3956 judicium
815 3877 1100 3934 sustinere
1131 3877 1390 3946 cogatur.
1435 3872 1599 3937 Quod
1636 3874 1680 3928 si
1722 3873 1915 3929 abbati
1945 3873 2121 3946 ipsius

506 3973 617 4029 loci
649 3971 841 4043 aliqua
871 3963 1164 4022 calumnia
1187 3963 1274 4017 vel
1304 3962 1527 4017 crimen
1552 3962 2121 4034 impingatur,liceat

508 4080 642 4119 eum
663 4061 767 4118 sub
780 4059 1004 4115 duobus
1023 4057 1124 4110 aut
1143 4053 1323 4109 tribus
1347 4052 1631 4124 episcopis
1653 4068 1883 4108 causam
1905 4053 2118 4120 dicere,

508 4169 697 4227 neque
729 4149 1112 4205 irreverenter
1125 4135 1247 4198 sine
1263 4142 1481 4214 judicio
1504 4143 1737 4197 illorum
1759 4143 1968 4198 debeat
1984 4159 2118 4198 mo-

506 4241 724 4299 lestari.
751 4240 879 4294 Sint
899 4239 1095 4308 itaque
1124 4231 1271 4288 servi
1296 4231 1398 4287 Dei
1427 4231 1703 4285 monachi
1724 4231 2122 4288 ibidemhabi-

506 4335 715 4398 tantes,
738 4327 916 4402 quieti
939 4326 1012 4381 ab
1031 4321 1195 4379 omni
1215 4318 1484 4375 molestia
1506 4319 1938 4390 cupidorum,et
1953 4321 2122 4376 liceat

505 4421 586 4476 eis
613 4417 852 4492 propria
878 4416 1034 4470 bona
1065 4411 1396 4481 disponere,
1429 4410 1546 4464 Deo
1577 4409 1903 4476 favente,ac
1925 4414 2124 4466 nostra

2213 2015 2493 2070 exstiterit
2523 2016 2851 2071 custodiens
2873 2017 3047 2087 hujus
3069 2017 3252 2072 nostri
3278 2017 3568 2088 apostolici
3596 2016 3764 2071 consti-

2212 2103 2778 2172 tuti,benedictionis
2808 2105 3057 2176 gratiam
3091 2122 3126 2160 a
3152 2105 3663 2160 misericordissimo
3681 2104 3764 2158 Do-

2214 2191 2378 2246 mino
2398 2194 2514 2248 Deo
2536 2197 2734 2248 nostro
2750 2193 3145 2265 multipliciter
3176 2197 3574 2265 consequatur,
3605 2210 3656 2248 ac
3669 2193 3767 2246 vita:

2212 2283 2445 2335 aeterna:
2476 2281 2764 2354 particeps
2792 2281 2944 2336 efﬁci
2977 2285 3293 2338 mereatur.

2284 2370 2573 2441 Scriptum
2595 2387 2700 2442 per
2731 2387 2938 2426 manus
2958 2370 3184 2442 Georgii
3220 2370 3435 2425 notarii
3451 2386 3511 2424 ac
3531 2368 3760 2424 scriniarii

2210 2462 2422 2514 sancta:
2455 2460 2730 2514 Romana:
2769 2459 3033 2514 Ecclesiae
3072 2459 3130 2513 in
3179 2475 3388 2515 mense
3417 2457 3600 2529 Aprili,
3625 2456 3768 2512 indic-

2211 2545 2372 2602 tione
2405 2548 2676 2602 secunda.

2997 2639 3063 2692 Il.

2210 2723 2439 2779 Joannis
2469 2724 2687 2779 XVIII
2716 2726 3063 2849 privilfgium
3080 2743 3183 2809 pro
3212 2726 3457 2782 Ecclesia
3505 2724 3562 2780 S.
3606 2721 3769 2778 Mariae

2907 2815 3160 2849 seraensz.

2907 2815 3160 2870 sergensz.

2821 2887 3008 2958 (Anno
3035 2889 3212 2952 4004).

2379 2993 2624 3062 [Mamm,
2649 2991 2851 3062 Papiri
2876 2992 3126 3062 diplomq
3161 2996 3312 3047 tom.
3341 2994 3385 3055 l,
3417 3008 3474 3062 p.
3506 2993 3640 3059 '238].

2285 3079 2525 3134 JOANNES
2555 3080 2873 3152 cpiscopus,
2901 3097 3093 3134 servus
3123 3096 3427 3136 servorum
3454 3080 3570 3146 Dei,
3602 3077 3776 3132 univer-

2216 3169 2289 3224 sis
2309 3175 2520 3224 sanctae
2551 3170 2828 3224 Romanae
2853 3169 3110 3224 Ecclesia:
3132 3169 3285 3224 ﬁliis.

2289 3259 2471 3314 Ofﬁcii
2497 3258 2676 3313 nostri
2706 3262 2792 3313 est
2822 3257 3086 3313 omnium
3117 3263 3458 3314 sanctarum
3495 3257 3587 3312 Dei
3627 3254 3774 3310 Eccle-

2216 3347 2434 3402 siarum
2466 3346 2776 3402 commoda
2801 3347 3156 3417 generaliter
3174 3347 3550 3402 considerare
3574 3349 3624 3399 et
3641 3340 3780 3398 maxi-

2219 3452 2316 3490 me
2343 3451 2541 3490 earum
2565 3452 2693 3506 quae
2726 3435 3118 3506 potentialiter
3167 3437 3276 3490 sub
3313 3437 3451 3507 jure
3484 3439 3538 3488 et
3567 3428 3776 3488 dominio

2221 3528 2433 3579 nostrae
2463 3525 2738 3578 Romana:
2773 3523 3040 3579 Ecclesiae
3077 3524 3426 3580 consistunt.
3485 3523 3541 3578 Si
3581 3519 3696 3594 quid
3719 3521 3778 3572 est

2223 3611 2665 3668 incommodum
2705 3612 2958 3682 abolere,
3007 3629 3079 3667 ne
3133 3613 3299 3684 gravi
3355 3608 3778 3668 incommoditate

2224 3718 2325 3756 sua
2357 3702 2632 3772 neglectae
2653 3700 2928 3755 vilescant
2948 3702 3031 3755 vel
3047 3702 3307 3773 qualibet
3331 3718 3438 3757 nos
3458 3716 3520 3756 ac
3541 3694 3780 3754 occasione

2225 3791 2420 3846 debita
2449 3790 2817 3845 solemnitate
2847 3793 3059 3844 careat.
3094 3792 3250 3844 lntcr
3281 3795 3497 3864 caetera
3545 3803 3660 3842 cum
3693 3783 3782 3854 plu-

2220 3879 2371 3936 rima
2392 3879 2763 3951 negotiorum
2794 3895 3011 3950 genera
3057 3879 3130 3934 ad
3175 3878 3384 3935 sedem
3410 3880 3708 3934 Romanam
3731 3885 3779 3924 ex

2223 3968 2459 4024 diversis
2487 3968 2692 4022 mundi
2719 3969 2980 4040 partibus
3028 3968 3400 4036 deferantur,
3465 3980 3686 4037 cumque
3729 3958 3780 4013 ad

2219 4060 2404 4114 multa
2427 4057 2854 4124 constituenda,
2895 4057 3010 4111 sive
3047 4056 3385 4112 ordinanda
3442 4055 3780 4112 conferamur,

2219 4147 2372 4204 inter
2397 4146 2682 4201 nonnulla
2707 4145 3146 4217 praesentiarum
3164 4147 3504 4219 accepimus
3531 4141 3655 4197 illud
3673 4153 3783 4210 quo-

2220 4253 2332 4309 que
2365 4236 2437 4290 ad
2474 4238 2699 4290 nostras
2730 4251 2897 4289 aures
2937 4235 3229 4306 pervenit;
3263 4235 3427 4306 quod
3446 4233 3660 4306 plebem
3682 4241 3781 4280 san-

2220 4328 2326 4380 ctae
2351 4323 2537 4380 Mariae
2570 4323 2724 4377 intra
2744 4322 2972 4378 civitate
3009 4339 3136 4394 quae
3168 4327 3416 4377 vocatur
3461 4323 3638 4389 lserge
3660 4317 3784 4386 juxta

2222 4417 2447 4470 fontem
2479 4413 2658 4469 sancti
2679 4412 2916 4468 Joannis
2946 4411 3214 4483 Baptistae
3245 4413 3453 4479 sitam,
3492 4407 3682 4480 partim
3703 4418 3783 4456 an-

507 4506 822 4581 apostolica
834 4502 1178 4558 auctoritate
1191 4498 1670 4564 conﬁrmante,ut
1684 4498 1842 4552 nulla
1862 4515 2120 4571 unquam
2143 4499 2198 4559 D
2224 4505 2504 4578 tiquitatis
2529 4519 2666 4569 suae,
2717 4502 2929 4573 partim
2962 4501 3327 4573 negligentia
3358 4499 3599 4573 pastoris
3643 4492 3785 4581 ruinis

507 4612 779 4672 persona,
811 4593 1201 4663 cujuscunque
1240 4587 1565 4659 dignitatis,
1598 4586 1820 4658 aliquid
1852 4588 1922 4642 de
1954 4590 2127 4667 rebu8

508 4688 597 4743 vel
620 4679 1074 4759 possessionibus
1117 4694 1244 4748 quae
1303 4677 1378 4732 ad
1432 4692 1528 4731 eos
1558 4676 1857 4746 pertinent
1886 4694 2123 4752 quoquo

509 4774 686 4832 modo
718 4773 946 4827 auferre
997 4769 1085 4823 vel
1119 4767 1373 4822 alienare
1397 4771 1732 4838 praesumat.
1766 4769 1896 4823 Hmc
1925 4775 2121 4826 autem

506 4867 643 4922 sunt
670 4861 840 4916 ﬁscus
879 4857 1224 4913 Lentiliacus
1265 4872 1398 4910 cum
1429 4855 1666 4911 ecclesia
1710 4856 1768 4911 in
1798 4858 2022 4914 honore
2061 4860 2116 4916 S.

506 4953 697 5012 Maria:
729 4954 787 5007 et
819 4948 1050 5022 capellis
1099 4947 1159 5001 S.
1207 4946 1404 5002 Hilarii
1427 4964 1492 5002 ac
1517 4946 1574 5000 S.
1600 4947 1906 5016 Vincentii,
1929 4951 1985 5003 et
2002 4968 2125 5005 om-

508 5045 678 5104 nibus
709 5057 836 5115 quae
869 5040 928 5094 in
958 5041 1144 5093 castro
1197 5037 1320 5091 sitae
1370 5042 1524 5105 sunt,
1561 5039 1648 5091 vel
1688 5038 1971 5111 quidquid
1998 5059 2127 5097 am-

509 5135 658 5213 plius
680 5133 755 5188 ad
784 5131 976 5204 ipsum
1008 5125 1286 5197 pertinet.
1304 5128 1474 5194 Item,
1505 5126 1638 5180 villa
1663 5143 1789 5197 quae
1811 5127 2020 5184 dicitur
2033 5131 2124 5188 Di.

508 5226 747 5282 striacus
772 5237 905 5276 cum
937 5215 1178 5272 ecclesia
1199 5214 1256 5271 S.
1289 5214 1497 5270 Juliani
1523 5215 1814 5287 martyris,
1848 5218 1962 5272 alia
1977 5236 2122 5291 quo-

510 5333 620 5389 que
644 5314 776 5368 villa
797 5326 925 5383 qua:
954 5305 1164 5362 dicitur
1187 5304 1366 5358 Ulmis
1383 5320 1513 5358 cum
1533 5305 1770 5359 ecclesia
1801 5306 1858 5361 S.
1884 5307 2122 5363 Vincen-

509 5405 596 5473 tii,
625 5407 684 5460 et
713 5400 933 5472 capella
963 5413 1092 5471 quae
1138 5393 1347 5450 dicitur
1400 5393 1710 5450 Mainiacus
1761 5412 1892 5450 cum
1949 5397 2118 5453 terris

511 5509 638 5568 qua:
654 5491 727 5546 ad
749 5507 844 5545 eas
871 5488 1191 5561 pertinent.
1219 5483 1504 5540 Possessio
1543 5483 1720 5538 etiam
1748 5501 1875 5556 quae
1911 5485 2118 5541 dicitur

511 5580 1033 5655 Capriniacus,cum
1048 5574 1284 5630 ecclesia
1306 5575 1362 5629 S.
1387 5571 1612 5644 Georgii
1633 5577 1691 5628 et
1710 5575 1962 5645 capellis,
1988 5592 2116 5647 quae

506 5673 788 5730 vocantur
811 5667 978 5738 vulgo
1003 5665 1062 5720 S.
1092 5665 1328 5720 Helerus
1359 5667 1418 5718 et
1463 5661 1708 5736 Savoya,
1772 5679 1904 5717 cum
1946 5662 2116 5717 terris

509 5778 637 5838 quae
664 5759 737 5815 ad
757 5753 1196 5826 easpertinent;
1230 5753 1362 5807 villa
1393 5768 1623 5824 quoque
1657 5750 1934 5806 vocabulo
1968 5749 2115 5806 Cad-

505 5849 698 5911 vernis
722 5860 858 5905 eum
879 5841 1196 5902 Daneziaco
1225 5842 1285 5896 et
1303 5839 1543 5899 ecclesia
1567 5838 1790 5899 ibidem
1815 5839 1948 5901 sita.
1965 5840 2006 5898 P
2020 5854 2117 5916 os:

2226 4575 2386 4667 lapsa
2415 4592 2725 4649 defecerat.
2755 4590 2868 4644 Sed
2891 4594 3034 4644 nutu
3075 4589 3173 4644 Dei
3236 4591 3486 4661 ejusque
3544 4575 3785 4672 genitricis

2226 4681 2600 4740 Landinolfus
2625 4695 2838 4744 comes,
2888 4677 3036 4732 ﬁlius
3074 4677 3303 4732 comitis
3359 4673 3612 4732 Landolﬁ
3649 4671 3787 4725 Graeci

2223 4791 2355 4830 cum
2384 4772 2552 4827 bona:
2575 4767 2874 4822 memoria:
2899 4767 3141 4820 Gemma
3170 4766 3430 4838 conjuge
3484 4780 3580 4818 sua
3624 4761 3681 4814 de
3717 4772 3787 4810 re-

2221 4865 2327 4919 bus
2353 4858 2607 4932 propriis
2627 4872 2732 4928 pro
2759 4855 3160 4927 redemptione
3179 4856 3398 4911 animae
3422 4870 3618 4910 eorum
3642 4850 3785 4922 ipsam

2223 4950 2524 5022 antiquam
2552 4946 2785 5017 plebem
2835 4944 2907 4998 ad
2934 4945 3220 5000 honorem
3269 4945 3331 4998 S.
3375 4943 3560 4998 Mariae
3589 4933 3784 4995 reazdiﬁ-

2224 5039 2374 5095 cavit
2403 5040 2573 5107 atque
2605 5033 2923 5088 renovavit.
2961 5034 3164 5087 Fuerat
3196 5033 3360 5086 enim
3405 5029 3682 5105 quondam
3720 5039 3785 5079 oe-

2223 5131 2432 5200 cupata
2461 5122 2782 5197 pastoribus
2813 5121 2910 5193 qui
2934 5139 3051 5175 non
3072 5121 3176 5176 sibi
3200 5123 3572 5194 profecerant
3591 5117 3655 5172 ad
3679 5127 3783 5181 aug-

2223 5221 2510 5283 mentum,
2542 5213 2642 5267 scd
2667 5211 2843 5267 totius
2883 5210 3309 5265 imminutionis
3349 5210 3587 5265 dederat
3613 5217 3782 5278 oppro-

2219 5306 2433 5362 brium.
2467 5303 2612 5373 Ergo
2643 5299 2904 5373 quamvis
2950 5301 3210 5372 priorum
3261 5301 3509 5354 Patrum
3565 5290 3781 5362 exemplo

2220 5395 2554 5454 doceamur,
2588 5393 2648 5444 ut
2679 5388 2950 5444 omnibus
2981 5387 3225 5443 ecclesiis
3276 5405 3389 5460 per
3415 5391 3594 5442 totum
3620 5380 3782 5438 orbem

2216 5487 2506 5537 terrarum
2534 5477 2750 5533 diﬁ‘usis
2783 5476 2988 5531 Christi
3029 5492 3226 5530 amore
3278 5476 3383 5547 qui
3414 5493 3510 5530 eas
3539 5470 3693 5528 nostri
3719 5466 3782 5520 of-

2215 5570 2327 5624 ﬁcii
2353 5568 2581 5622 subesse
2611 5564 2791 5619 voluit
2820 5563 3140 5617 ministerio
3169 5561 3451 5635 prodesse
3493 5560 3778 5614 debeamus,

2213 5662 2414 5714 tamen
2449 5661 2507 5710 et
2533 5655 2656 5709 haec
2680 5670 2786 5707 nos
2816 5653 2888 5706 ad
2914 5651 3382 5706 subveniendum
3427 5652 3588 5721 cogat
3622 5658 3779 5700 neces-

2215 5747 2377 5804 sitas.
2437 5744 2802 5816 QuaprOpter
2865 5739 3108 5812 dignum
3159 5739 3410 5794 dicimus
3466 5753 3590 5793 eam
3626 5730 3780 5789 Eccle-

2215 5835 2362 5894 siam
2379 5833 2604 5893 Sanctae
2613 5830 2802 5892 Mariae
2816 5830 2986 5890 sitam
2998 5830 3165 5904 juxta
3177 5828 3416 5890 fontem
3441 5825 3616 5888 sancti
3635 5823 3777 5884 Joan-
