4012 6180
301 347 434 406 mt-
1505 327 1877 393 EPISTOLJE
1914 317 2008 387 ET
2045 320 2444 392 DIPLGM’ATA
3558 334 3696 406 ηεξ·

302 468 386 526 nis
410 470 830 543 Baptistaintra
847 468 1134 525 civitatem
1150 483 1277 540 qua
1300 465 1514 529 Iseree
1545 457 1725 514 velin
1751 453 1920 509 οπιηί
1962 458 2018 515 Α
2067 541 2084 543 ξ
2487 542 2490 543 ί
2527 542 2532 543 ί
2713 541 2740 543 _
2828 447 2896 543 νς

302 577 403 614 sua
447 537 807 632 pertinentia.
854 563 920 612 ut
959 537 1224 631 prafatus
1272 563 1491 608 comes
1540 547 1934 602 Landinolfus
2043 541 2288 632 Joannes.
2313 542 2533 632 ἕνη]
2572 544 2659 626 (1).
2694 537 3052 632 ἕξηςςίξεξοᾷ
3068 543 3323 632 ξρίξςορο
3373 550 3686 632 Ρονζᾳεηεί,

939 609 1570 702 οῖηῖ-εᾞὶζὶλωτθάὶὺυε
1591 634 1936 690 dominium
2150 615 2440 672 dimidium
2482 609 2659 687 σαηψί
2683 609 3286 704 διαθηθῄίζίᾙπξῖῖεάίεῖί
3317 609 3575 682 concedit.

305 698 733 810 iit-potestatem
1216 726 1560 803 regendum
1612 725 1930 778 servitores
2641 705 2844 776 (Anno
2867 698 3084 810 “I005.)

305 805 482 899 ipsius
509 825 756 880 ecclesia;
785 826 1104 880 secundum
1137 825 1316 878 Deum
1344 819 1406 872 et
1454 811 1937 870 ecclesiasticum
2436 813 2728 881 [UGHELLI,
2763 805 2934 862 Italia
2966 821 3144 878 sacra,
3194 814 3235 881 Ι,
3285 818 3433 882 “9.)

308 916 668 980 ordinem,ut
687 912 982 967 servitium
1004 914 1103 968 Dei
1126 929 1242 967 non
1260 910 1579 965 minuetur
1596 901 1702 954 sed
1735 918 1942 973 augea-
2111 916 2352 970 JoANNEs
2385 917 2706 990 episcOpus,
2743 927 2948 969 servus
2978 927 3277 974 servorum
3318 921 3441 990 Dei,
3470 922 3677 979 dilecto

309 1008 402 1058 tur
423 1008 479 1058 et
499 1006 729 1057 crescat.
749 1003 1126 1057 Decernimus
1149 1002 1321 1054 etiam
1339 1000 1402 1051 ut
1430 992 1762 1065 θρὶεθοριιε
1789 993 1938 1064 ejus-
2042 1009 2236 1059 nostro
2275 1004 2336 1058 in
2357 1003 2582 1060 Christo
2609 999 2908 1076 spirituali
2930 998 3049 1056 filio
3081 1004 3381 1062 Bensmcro
3401 1025 3675 1066 reveren-

310 1091 445 1146 dem
475 1094 662 1161 Iserge
684 1091 924 1145 civitatis
951 1091 1095 1145 nihil
1128 1088 1366 1144 omnino
1407 1085 1475 1138 de
1508 1080 1701 1136 rebus
1741 1082 1825 1137 vel
1851 1099 1927 1138 or-

2046 1091 2277 1148 dissimo
2292 1093 2560 1165 episcopo
2575 1093 2609 1148 S
2620 1135 2632 1148 .
2658 1088 3005 1148 Portuensis
3020 1092 3285 1152 Ecclesia
3307 1097 3537 1170 suisque
3549 1113 3674 1153 suc-

315 1180 789 1251 namentisipsius
808 1181 1066 1250 praefata
1079 1177 1340 1234 Ecclesia
1364 1175 1600 1232 Sancta
1623 1171 1815 1228 Maria
1830 1189 1939 1244 per
2037 1181 2359 1236 cessaribus
2385 1183 2444 1236 in
2476 1185 2852 1254 perpetuum,

313 1270 632 1342 quamlibet
651 1269 1112 1323 occasionemvel
1131 1268 1551 1339 argumentum
1578 1259 1934 1317 imminuere
2110 1269 2345 1334 Quoties
2371 1271 2469 1324 illa
2498 1287 2533 1324 a
2562 1269 2731 1325 nobis
2767 1265 2947 1323 tribui
2973 1275 3280 1340 sperantur
3301 1290 3429 1346 qua
3453 1273 3665 1330 rationi

315 1359 400 1411 vel
443 1359 640 1412 tollere
673 1361 1015 1429 praesumat;
1059 1361 1116 1410 et
1162 1356 1488 1410 nullatenus
1543 1350 1681 1405 inde
1713 1351 1933 1424 aliquid
2038 1356 2444 1414 incunctanter
2473 1357 2846 1425 conveniunt,
2881 1357 3082 1414 animo
3125 1377 3228 1414 nos
3263 1362 3429 1416 docet
3456 1362 3664 1418 libenti

314 1448 475 1518 quasi
529 1446 746 1518 privato
795 1446 1055 1516 accipere
1104 1445 1347 1510 audeat;
1399 1443 1590 1515 sitque
1645 1441 1719 1495 ab
1768 1440 1931 1495 omni
2038 1445 3662 1522 eonccdere,etpetentiumdesideriiscongruumimper-

315 1539 554 1590 externa
578 1538 858 1607 potestate
896 1535 1108 1589 idonea
1135 1537 1308 1606 atque
1336 1530 1675 1604 perenniter
1706 1545 1927 1585 secura.
2038 1534 2133 1589 tiri
2164 1535 2523 1607 suffragium.
2553 1537 2803 1606 Ideoque
2827 1535 3354 1607 postulastianobis
3376 1541 3663 1609 quatenus

317 1625 375 1680 Si
395 1641 526 1679 vero
551 1625 705 1696 quod
719 1641 833 1678 non
857 1627 1146 1694 Optamus,
1169 1623 1227 1676 in
1251 1622 1489 1692 alicujus
1508 1620 1677 1674 mala
1710 1619 1934 1692 opinio-
2038 1639 2106 1677 ex
2139 1628 2339 1678 nostra
2373 1625 2687 1696 apostolica
2709 1622 3054 1678 auctoritate
3083 1625 3533 1679 concederemus
3551 1624 3658 1680 tibi

320 1713 409 1766 nis
439 1714 659 1785 piaculo
700 1712 1002 1767 servitores
1045 1711 1221 1785 ipsius
1264 1709 1530 1764 Ecclesiae
1585 1707 1934 1781 deprehensi
1959 1782 1992 1785 _
2039 1711 2264 1784 tuisque
2287 1713 2705 1767 successoribus
2728 1712 2786 1765 in
2802 1711 3243 1783 perpetuum,id
3259 1716 3345 1766 est
3363 1712 3658 1784 integram

315 1782 548 1862 fuerint,
582 1802 922 1874 episcopum
943 1782 1119 1872 ipsius
1132 1799 1373 1853 civitatis
1396 1798 1738 1869 regulariter
1767 1795 1932 1852 insti-
1959 1782 2006 1841 Β
2039 1782 2415 1856 medietatem
2430 1802 2721 1871 decampo
2739 1782 3136 1871 inintegrum,
3163 1782 3656 1871 quivocaturSta-

317 1889 532 1945 tuimus
553 1891 944 1961 corrigendos.
971 1890 1029 1944 Si
1060 1891 1257 1943 autem
1279 1888 1580 1958 episcopus
1610 1903 1705 1940 eos
1734 1903 1934 1940 emen-
2037 1890 2298 1960 gnellum
2321 1889 2713 1955 maledictum,
2728 1887 2828 1942 ubi
2847 1903 3000 1942 nunc
3020 1903 3126 1959 per
3147 1891 3405 1942 nostram
3427 1891 3658 1960 aposto-

322 1979 457 2032 darc
484 1979 917 2057 contempserit,
949 1979 1102 2049 apud
1121 1978 1318 2032 sedem
1341 1975 1716 2048 apostolicam
1734 1975 1934 2030 decer—
2035 1977 2207 2032 licam
2239 1976 2707 2033 benedictionem
2737 1976 3058 2031 salinarum
3090 1976 3188 2030 ﬁla
3243 1976 3469 2031 noviter
3508 1992 3653 2032 con-

321 2066 510 2120 nimus
551 2067 868 2121 audiendos
923 2070 1094 2139 atque
1143 2065 1488 2138 regulariter
1538 2063 1929 2135 corrigendos.
2034 2070 2354 2135 struuntur,
2378 2083 2553 2139 quem
2580 2067 2955 2121 Benedictum
2974 2066 3263 2120 decatero
3284 2065 3471 2120 vocari
3486 2066 3653 2137 jube-

322 2154 483 2218 Quod
514 2155 558 2208 si
584 2156 826 2210 fortasse
857 2156 1163 2227 quisquam
1199 2156 1308 2209 hoc
1331 2158 1543 2208 nostra
1574 2152 1931 2208 auctoritatis
2037 2171 2309 2210 muscum
2327 2155 2636 2210 medietate
2652 2155 3084 2226 ﬁlorum,atque
3101 2153 3654 2226 medietatepensio-

320 2243 684 2314 privilegium
732 2244 1044 2298 immutare
1084 2242 1541 2317 prasumpserit,
1587 2243 1928 2298 omnimodo
2036 2260 2198 2311 num,
2229 2247 2285 2298 et
2315 2242 2508 2298 omnis
2537 2242 2782 2314 publica
2811 2242 3125 2298 functionis
3159 2259 3287 2314 qua
3314 2243 3384 2298 de
3410 2245 3531 2298 toto
3553 2259 3652 2298 su-

319 2331 640 2401 frnstretur,
673 2336 732 2387 et
768 2333 1026 2404 primum
1076 2333 1311 2404 quidem
1354 2333 1442 2386 sui
1499 2331 1718 2385 ordinis
1745 2332 1927 2403 gradu
2033 2332 2291 2404 pradicto
2315 2347 2519 2404 campo
2533 2330 3103 2398 annualiterexierit,
3129 2333 3187 2385 et
3217 2346 3348 2385 cum
3375 2331 3652 2386 omnibus

320 2419 767 2492 privetur,atque
780 2422 1166 2476 anathematis
1180 2421 1398 2476 ultione
1415 2421 1932 2491 mittatur,partem
2033 2422 2106 2476 ad
2121 2420 2513 2492 supradictum
2528 2435 2825 2492 campum,
2858 2419 2956 2491 qui
2987 2419 3353 2490 Stagnellum
3377 2419 3654 2474 benedic-

319 2523 445 2562 cum
465 2511 492 2563 J
499 2510 608 2564 uda
629 2510 904 2564 traditore
925 2510 984 2564 in
1007 2510 1121 2565 fine
1135 2509 1379 2564 extremi
1395 2508 1680 2562 examinis
1698 2509 1929 2567 habeat.
2034 2513 2160 2564 tum
2178 2513 2411 2564 vocatur
2433 2508 2804 2580 generaliter,
2818 2512 2876 2562 et
2895 2508 2957 2562 in
2985 2507 3285 2577 integrum
3306 2507 3656 2580 pertinenti-

320 2597 387 2650 Et
415 2613 518 2667 per
545 2598 951 2653 auctoritatem
971 2615 1147 2670 quam
1163 2599 1366 2654 beatus
1390 2600 1590 2652 Petrus
1612 2598 1669 2651 in
1693 2599 1857 2666 coelo,
1877 2602 1935 2654 et
2033 2599 2140 2653 bus
2172 2597 2550 2651 constitutum
2574 2596 2635 2650 in
2665 2596 2958 2651 territorio
2984 2597 3302 2651 Portuense
3325 2595 3656 2652 interCam—

319 2685 379 2739 in
404 2690 559 2741 terra
581 2686 800 2759 ligandi
832 2689 1003 2758 atque
1024 2687 1288 2742 solvendi
1319 2685 1534 2742 meruit
1553 2689 1924 2757 potestatem,
2033 2703 2174 2759 pum
2190 2687 2476 2756 majorem
2496 2688 2551 2738 et
2571 2685 2836 2756 pedicam
2862 2701 2992 2756 qua
3022 2687 3260 2738 vocatur
3279 2685 3458 2740 Ticoh
3497 2685 3654 2742 :hac

319 2777 438 2830 sita
467 2776 910 2849 participatione
941 2776 1217 2830 dominici
1251 2775 1508 2848 corporis
1539 2779 1596 2828 et
1626 2776 1928 2847 sanguinis
2034 2773 2236 2829 omnia
2286 2773 2431 2844 juris
2463 2775 2674 2828 nostra
2716 2773 2774 2828 S.
2807 2775 3111 2838 Romana,
3139 2772 3230 2826 cui
3270 2773 3388 2826 Deo
3418 2776 3652 2829 auctore

319 2865 545 2919 Domini
575 2864 758 2920 nostri
779 2866 909 2919 Jesu
937 2865 1166 2931 Christi,
1200 2882 1234 2919 a
1265 2869 1462 2920 nostro
1482 2863 1792 2932 consortio,
1818 2864 1928 2918 nisi
2032 2863 2402 2930 deservimus,
2426 2861 2712 2930 Ecclesia,
2740 2860 2954 2915 emissa
2986 2863 3186 2914 nostra
3207 2859 3579 2930 perceptione
3609 2877 3647 2915 a

320 2954 640 3025 resipuerit,
676 2954 1012 3025 perenniter
1043 2954 1313 3020 reclusus,
1339 2957 1394 3008 et
1418 2969 1546 3024 qua
1565 2955 1776 3006 statuta
1795 2956 1931 3006 sunt
2030 2951 2303 3024 prasenti
2327 2951 2496 3005 tertia
2519 2950 2836 3004 indictione
2852 2946 3214 3018 tibi,tuisque
3227 2947 3650 3003 successoribus

317 3046 594 3113 perpetua
611 3043 835 3112 possint
856 3041 1199 3097 difﬁnitione
1228 3058 1489 3108 manere,
1525 3043 1582 3094 et
1610 3043 1924 3096 temerato-
2030 3042 2093 3096 in
2118 3044 2460 3114 perpetuum
2479 3039 2550 3093 ad
2583 3037 2904 3093 tenendum
2935 3037 2993 3088 et
3009 3036 3430 3106 perfruendum
3452 3051 3655 3091 conce-

316 3146 440 3184 rem
468 3131 772 3200 prasentis
809 3131 1040 3198 decreti,
1096 3131 1166 3185 de
1214 3147 1315 3185 sua
1357 3129 1684 3184 temeritate
1745 3130 1930 3204 panis
2032 3131 2222 3185 dimus
2288 3129 2397 3183 tuis
2447 3126 2712 3182 inclinati
2760 3123 3048 3199 precibus.
3093 3123 3152 3179 Si
3185 3123 3312 3196 quis
3343 3126 3539 3178 autem
3571 3126 3655 3178 te-

319 3219 732 3291 multiplicibus
763 3220 1077 3291 subjacere.
1950 3221 1999 3282 C
2032 3219 2282 3274 merario
2299 3235 2460 3285 ausu,
2477 3216 2631 3288 quod
2652 3213 2777 3270 fieri
2800 3230 2920 3268 non
2944 3211 3254 3279 credimus,
3269 3215 3474 3266 contra
3487 3210 3658 3282 hujus

389 3307 684 3380 Scriptum
715 3325 821 3381 per
847 3326 1053 3364 manus
1084 3309 1235 3366 Petri
1256 3308 1464 3366 notarii
1484 3311 1697 3364 sancta
1724 3310 1932 3366 Roma-
2033 3311 2246 3364 nostra
2299 3303 2630 3377 apostolica
2692 3298 3156 3357 conﬁrmationis
3197 3299 3410 3353 seriem
3458 3296 3657 3351 venire

321 3413 410 3451 na
451 3397 717 3453 Ecclesia
747 3397 809 3451 in
841 3413 1040 3454 mense
1068 3398 1320 3468 Octobri,
1372 3396 1691 3454 indictione
1732 3399 1925 3454 tertia.
2031 3396 2358 3463 tentaverit,
2391 3393 2531 3449 sciat
2561 3409 2620 3446 se
2652 3389 2992 3446 auctoritate
3034 3386 3262 3442 domini
3303 3384 3484 3441 nostri
3514 3400 3660 3456 apo-

391 3487 539 3542 Bene
566 3488 772 3542 valete.
2031 3487 2430 3558 stolorumque
2469 3480 2750 3556 principis
2790 3477 2942 3536 Petri
2989 3474 3379 3531 anathematis
3428 3471 3656 3528 vinculo

1073 3595 1164 3649 ΠΙ,
2031 3574 2400 3640 innodatum,
2441 3575 2499 3626 et
2536 3587 2669 3626 cum
2719 3569 2950 3624 diabolo
3007 3568 3066 3620 et
3109 3565 3232 3636 ejus
3285 3559 3661 3618 atrocissimis

1017 3662 1049 3734 μ’
1085 3701 1164 3734 σε,
1219 3700 1423 3734 mm,“
1467 3709 1514 3734 Α
1575 3701 1824 3734 mm“;
1859 3702 1927 3734 Μ,
2031 3663 2282 3734 pompis,
2313 3664 2486 3732 atque
2519 3674 2651 3713 cum
2681 3657 2831 3712 Juda
2866 3654 3147 3709 traditore
3186 3649 3419 3707 Domini
3451 3653 3510 3705 et
3535 3649 3659 3706 Sal-

2028 3752 2237 3806 vatoris
2261 3748 2441 3804 nostri
2467 3749 2600 3800 Jésu
2634 3744 2847 3800 Christi
2901 3743 2962 3796 in
2990 3745 3210 3819 alerno
3251 3738 3390 3810 igne
3419 3753 3664 3792 concre-

2026 3841 2334 3904 mandum,
2369 3835 2663 3907 simulque
2696 3836 2755 3888 et
2782 3833 2844 3887 in
2877 3829 3156 3902 voragine
3178 3831 3429 3882 tartarea
3456 3824 3660 3880 dimis-

311 3701 545 3758 Juannes
583 3699 801 3758 XVIII
825 3700 1049 3756 ecclesia
1077 3701 1182 3757 SS.
1219 3700 1423 3758 Cosma
1464 3709 1514 3758 ct
1561 3701 1824 3758 Damiani
1857 3702 1927 3757 ad

593 3789 805 3847 Micam
844 3804 1073 3846 auream
1101 3790 1395 3861 privilegia
1435 3791 1638 3848 tribuit.

626 3897 1194 3995 “nmina,—
1226 3901 1610 3995 Anno-“_)_05_')
2024 3943 2156 3982 sum
2175 3897 2542 3995 cum'impiis
2567 3897 2825 3976 deﬁciat.
2852 3919 2960 3984 Qui
2990 3897 3124 3972 vero
3156 3917 3343 3971 custos
3374 3916 3432 3969 et
3455 3913 3660 3968 obser-

675 3986 965 4055 [UGEELLI,
996 3984 1164 4041 Italia
1192 4004 1367 4056 sacra,
1395 3989 1437 4057 Ι,
1471 3987 1586 4047 57.]

2046 4017 2191 4070 'ator
2213 4015 2383 4086 hujus
2411 3984 2592 4067 nostri
2618 4005 3221 4082 privilegiicxstiterit,
3237 3999 3658 4058 benedictionis

2046 4106 2283 4174 gratiam
2317 4106 2375 4158 et
2402 4101 2583 4156 vitam
2603 4103 2887 4154 aternam
2917 4114 2952 4152 a
2975 4094 3224 4150 Domino
3248 4093 3653 4164 consequatur.

383 4184 522 4237 Data
550 4199 602 4237 ιν
634 4183 760 4236 Κεί-
789 4179 1002 4252 Aprilis
1024 4198 1128 4253 Per
1153 4199 1359 4238 manus
1387 4181 1644 4253 Gregorii
1671 4179 1922 4254 episcopi
2096 4194 2403 4267 Scriptum
2442 4206 2548 4262 per
2576 4205 2786 4242 manus
2821 4185 2969 4241 Petri
3004 4181 3213 4238 notarii
3265 4184 3324 4235 et
3369 4177 3655 4267 scriniarii

311 4273 368 4324 et
404 4269 827 4326 bibliothecarii
871 4267 928 4323 S.
971 4270 1035 4324 R.
1082 4273 1146 4327 E.
1199 4275 1370 4343 atque
1409 4270 1662 4343 episcopi
1701 4273 1918 4328 sancta!
2023 4266 2280 4350 S.R.E;,
2311 4281 2373 4336 in
2409 4293 2611 4333 mense
2633 4275 2802 4343 Julio,
2829 4268 3428 4343 indict.suprascripta
3459 4266 3650 4325 tertia.

308 4359 582 4415 Ostiensis
597 4359 886 4415 Ecclesia.
921 4374 1097 4428 anno,
1123 4364 1239 4417 Deo
1262 4359 1916 4434 propitio,pontiﬁcatus
2023 4370 2190 4426 Bene
2219 4371 2424 4426 valete,
2462 4364 2838 4422 Decemimus
2866 4378 3026 4434 ergo,
3071 4364 3179 4417 etc.
3221 4358 3280 4416 Si
3312 4374 3427 4432 qua
3447 4357 3647 4432 igitur,

309 4447 534 4503 domini
576 4448 818 4503 Joannis
863 4449 1078 4503 summi
1122 4449 1416 4520 pontificis
1468 4452 1526 4502 et
1583 4447 1918 4503 universalis
2021 4463 2133 4514 θιο,
2176 4457 2416 4514 Cunctis
2443 4458 2661 4520 autem,
2691 4455 2799 4509 etc.
2829 4454 3033 4506 Amen.

307 4537 468 4590 XVIII
479 4552 643 4608 papa
663 4537 726 4592 in
747 4536 1132 4593 sacratissima
1150 4539 1284 4593 sede
1315 4538 1467 4594 beati
1499 4537 1648 4593 Petri
1673 4536 1915 4610 apostoli
2791 4557 2880 4613 v1,

306 4626 584 4695 secundo,
611 4627 672 4682 in
703 4643 909 4682 mense
935 4629 992 4680 et
1029 4625 1226 4684 indict.
1260 4626 1588 4699 supradicta
1613 4626 1803 4683 tertia.
1941 4631 1995 4691 D
2015 4653 2256 4710 Joannis
2294 4648 2520 4709 XVIII
2554 4665 2714 4776 papdm
2747 4627 3099 4775 frium-1mm
3123 4661 3226 4720 pro
3254 4642 3494 4706 Ecclesia
3517 4644 3637 4703 Pa.

1064 4753 1133 4776 ιν
2683 4735 2742 4776 er
2779 4736 3007 4776 ornensz.

1064 4753 1151 4807 IV.
2645 4735 3007 4776 aeraomensz.

299 4857 540 4917 Joannes
567 4859 626 4916 X
637 4859 780 4916 V111
802 4863 1132 4916 monasterii
1176 4858 1286 4918 SS.
1335 4857 1616 4916 Benedicti
1651 4866 1701 4916 et
1746 4859 1914 4917 Scho-

2609 4812 2796 4878 (Anno
2866 4807 3046 4880 1005.)

2085 4901 2384 4968 [SCHATEN,
2425 4896 2628 4953 Annal.
2646 4896 3008 4963 Paderborn.,
3031 4898 3175 4952 tom.
3199 4897 3241 4964 Ι,
3260 4912 3394 4970 pag.
3415 4891 3561 4954 375.]

483 4949 680 5005 lastica
721 4949 1060 5006 Sublacencis
1086 4950 1375 5023 privilegia
1421 4950 1723 5020 conﬁrmat.
2085 4937 2669 5023 ζ⁹⁹⁸¹⁵¹⁹⁴Ἶξῗζξ¹ξ⁴Ϊίίξ
2701 4937 3241 5023 έΪΪῘ-Ϊῗξῖξζξῗίξ]

2085 5009 2331 5062 ,ΙοΑΝΝεε
2367 5003 2686 5077 episcopus,
2720 5019 2914 5059 servus
2939 5019 3237 5059 servorum
3267 5001 3391 5069 Dei,
3422 4999 3630 5054 dilecto

623 5058 1166 5129 (Fragmentum°_'
1195 5059 1364 5112 Anno
1401 5058 1577 5130 1005⁸)
2015 5058 2451 5160 ﬁlio
2475 5058 2934 5148 Daterbornensi
2981 5058 3305 5146 venerabili
3356 5058 3628 5159 episcopo

374 5162 671 5233 [Gsonems
697 5165 757 5220 in
790 5163 1213 5219 Baron.Annal.
1237 5165 1326 5220 ed.
1352 5166 1484 5221 Luc.
1524 5166 1655 5235 XVI,
1689 5165 1838 5227 431.]
2015 5185 2244 5256 suisque
2276 5183 2699 5238 successoribus
2731 5182 2792 5237 in
2831 5185 3197 5255 perpetuum.

2089 5275 2462 5328 Sacrosancta
2475 5272 2791 5345 apostolica
2805 5273 2986 5338 sedes,
3003 5271 3139 5324 dum
3153 5269 3433 5322 materna
3445 5263 3632 5338 picta.

376 5359 515 5414 Data
541 5377 646 5432 per
674 5379 880 5416 manus
910 5359 1195 5416 Benedicti
1238 5360 1555 5432 regionarii
1598 5359 1810 5417 notarii
1844 5376 1908 5413 ac
2011 5362 2084 5416 tis
2103 5366 2159 5416 et
2179 5361 2482 5434 regiminis
2501 5360 2972 5417 univcrsaliterin
2986 5355 3236 5412 ecclesiis
3257 5354 3464 5411 Christi
3480 5351 3634 5413 obti-

300 5448 584 5504 scriniarii
617 5450 674 5505 S.
715 5454 778 5506 R.
809 5451 870 5507 Ε.
2006 5454 2107 5507 net
2129 5451 2413 5523 ofﬁcium,
2432 5445 3234 5519 corroborationis,doctrina
3247 5444 3634 5506 etauctoritai

369 5576 445 5643 (I)
467 5577 674 5634 Joanni
702 5578 814 5635 XIX
841 5594 1143 5652 perperam
1174 5579 1246 5634 ab
1268 5577 1511 5652 Ughello
1538 5578 1837 5638 tribuitur.
1868 5579 2065 5641 JAFBI.

691 5680 925 5739 Ρλτιιοι..
949 5674 1207 5755 CXXXIX.
3196 5670 3273 5747 ΕΖ
