4012 6180
323 328 458 386 1483

1632 319 1917 379 JOANNIS
1941 319 2103 387 XVIIII
2119 316 2334 379 PAPIE

3529 324 3675 384 1484

323 450 397 508 tis
418 448 760 522 impendere
779 449 1133 509 incessanter
1146 444 1364 501 eisdem
1388 444 1560 500 debet
1576 444 1918 515 suffragium
1929 486 1942 500 .
1966 450 2023 509 Α
2049 445 2481 500 terminabilem
2511 445 2903 502 diuturnitatis
2919 446 3174 519 palmam
3190 444 3498 503 altioribus
3514 449 3670 503 salu-

332 539 612 607 Quocirca
658 543 771 593 tua:
810 534 1206 607 postulationi,
1242 534 1722 588 reverendissime
1750 533 1851 599 fili,
1885 533 1945 588 in

332 627 701 685 concedendo
720 625 822 679 tibi
847 628 1074 695 tuaeque
1094 623 1213 678 sedi
1231 623 1560 694 apostolicae
1591 622 1949 677 auctoritatis

333 715 655 791 privilegio,
687 717 744 769 et
773 712 975 767 libenti
993 711 1194 766 animo
1213 711 1526 766 annuimus
1543 715 1601 765 et
1622 710 1951 783 gratissima

334 804 516 861 animi
546 801 913 875 indulgentia
931 801 1320 856 concedimus.
1339 801 1421 855 Ita
1437 800 1594 855 enim
1616 803 1787 869 caput
1810 816 1950 869 gau-

334 894 470 949 dere
508 892 741 964 poterit,
774 890 819 945 si
861 890 1128 946 membra
1158 890 1387 960 integra
1441 888 1692 942 stabilito
1742 888 1951 941 robore

334 997 394 1036 se
418 981 635 1036 habere
653 978 1111 1050 senserit.lgitur
1134 983 1197 1032 ut
1226 979 1298 1032 ab
1326 976 1577 1049 antiquis
1609 979 1821 1030 sancta:
1847 978 1951 1029 Pa-

336 1070 735 1125 terborueusis
768 1068 1033 1124 Ecclesia:
1063 1068 1246 1133 sedes,
1278 1067 1365 1122 cui
1404 1069 1518 1121 Deo
1541 1070 1772 1120 auctore
1807 1081 1953 1137 pra:-

338 1159 510 1227 sides,
538 1160 795 1227 fundata,
831 1175 896 1213 ac
931 1158 1102 1211 rebus
1128 1156 1331 1210 diversi
1365 1156 1594 1226 generis
1629 1156 1822 1208 dotata
1848 1157 1952 1220 est,

339 1252 519 1320 utque
542 1249 831 1303 bonorum
864 1246 1120 1299 virorum
1150 1261 1216 1298 ac
1250 1244 1504 1297 fidelium
1537 1241 1745 1296 Christi
1783 1242 1953 1296 colla-

341 1335 503 1392 tione
526 1337 805 1391 hactenus
834 1332 1013 1406 copiis
1052 1332 1380 1387 divitiarum
1413 1330 1955 1404 possessionumque

341 1425 651 1480 accrevisse
691 1424 810 1478 visa
855 1426 959 1489 est,
1004 1421 1085 1475 ita
1136 1437 1265 1475 eam
1324 1424 1601 1491 perpetuo
1658 1417 1954 1492 apostolici

336 1513 485 1585 juris
520 1516 810 1585 praecepto
836 1509 938 1564 tibi
971 1509 1196 1581 tuisque
1227 1508 1647 1563 successoribus
1672 1508 1731 1561 in
1750 1521 1953 1580 perpe-

342 1604 509 1656 tuum
540 1616 779 1656 manere
795 1598 1161 1653 decernimus
1191 1615 1203 1651 :
1236 1598 1464 1668 sintque
1489 1614 1522 1650 a
1542 1612 1851 1667 pravorum
1869 1595 1956 1647 in-

344 1689 630 1755 cursione,
665 1688 796 1742 dolo
828 1691 885 1740 et
909 1685 1231 1757 direptione
1265 1689 1404 1753 tuta,
1432 1701 1790 1757 quascunque
1811 1699 1957 1755 prae-

343 1776 495 1833 dicta
545 1777 815 1844 Ecclesia,
871 1776 989 1830 imo
1031 1775 1194 1829 sedes
1252 1773 1591 1845 epiSCOpaIis
1641 1772 1957 1843 possedisse
1986 1757 2037 1817 Β

341 1866 620 1923 hactenus
644 1866 884 1933 videtur;
905 1865 991 1921 vel
1010 1878 1369 1937 quaecunque
1383 1862 1679 1933 acquirere
1698 1860 1957 1914 fidelium

343 1954 551 2011 Christi
573 1955 879 2011 collatione
902 1954 1134 2027 poterit,
1165 1953 1221 2007 id
1254 1956 1339 2007 est
1363 1951 1533 2027 vicos,
1570 1950 1958 2021 possessiones

343 2043 859 2113 curtes,dioeceses,
883 2043 1321 2115 diosceseonque
1344 2022 1632 2094 territoria
1651 2039 1757 2093 sibi
1781 2038 1955 2108 perti-

344 2118 573 2201 nentia;
612 2132 1220 2201 item_arces,castella,
1241 2146 1430 2202 agros,
1456 2128 1668 2195 vineta,
1690 2126 1954 2194 flumina,

344 2222 521 2289 lacus,
554 2238 685 2276 cum
715 2220 987 2275 omnibus
1014 2236 1142 2292 quae
1168 2219 1226 2273 in
1250 2218 1332 2272 eis
1358 2217 1504 2270 fiunt
1530 2214 1954 2281 instrumentis,

344 2326 535 2365 servos
564 2309 739 2365 etiam
777 2311 834 2362 et
881 2307 1137 2371 ancillas,
1180 2307 1435 2377 itemque
1466 2306 1720 2371 colonos,
1754 2320 1958 2357 census

348 2415 453 2453 seu
480 2397 833 2463 reditus,aut
864 2396 1039 2449 etiam
1071 2396 1400 2466 pensiones.
1420 2395 1528 2447 Ista
1545 2392 1763 2459 omnia,
1787 2392 1958 2445 etsie-

343 2489 407 2539 ut
437 2500 611 2556 supra
637 2483 853 2537 dictum
886 2486 990 2548 est,
1024 2488 1500 2552 quarumcunque
1542 2480 1961 2549 possessionem

348 2571 625 2647 praedicta
671 2570 921 2624 Ecclesia
972 2570 1186 2623 habere
1234 2568 1351 2621 visa
1388 2572 1494 2635 est,
1526 2572 1624 2621 aut
1658 2567 1961 2633 videbitur,

350 2658 689 2713 auctoritate
717 2658 1031 2729 apostolica
1048 2657 1238 2711 eidem
1263 2654 1677 2710 confirmamus
1688 2659 1751 2733 et
1770 2671 1962 2709 corro-

348 2746 644 2813 boramus,
678 2750 736 2800 et
776 2746 835 2800 in
883 2750 1228 2819 perpetuum
1270 2745 1457 2799 valere
1486 2744 1870 2810 decernimus,
1904 2747 1967 2797 ut

346 2837 504 2890 nulla
537 2835 812 2890 violentia
836 2839 934 2890 aut
958 2835 1195 2907 ingenio
1228 2835 1299 2889 ab
1330 2851 1397 2888 ea
1440 2834 1836 2905 subripiantur
1865 2835 1965 2887 aut

343 2923 691 2979 alienentur.
709 2925 852 2979 Item
868 2923 1235 2978 decernimus
1255 2923 1405 2977 beati
1422 2922 1573 2976 Petri
1595 2922 1838 2994 apostoli
1862 2939 1961 2975 au-

344 3013 605 3068 ctoritate
647 3016 708 3067 ut
740 3014 897 3068 nulla
947 3012 1233 3068 ordinatio
1263 3012 1341 3067 ibi
1368 3011 1708 3083 episcopalis
1738 3011 1959 3077 existat,

2048 536 2264 590 tarium
2294 537 2431 590 velis
2463 536 2738 590 virtutum
2766 536 3004 607 subrigi,
3025 552 3090 590 ac
3116 536 3473 591 felicioribus
3488 537 3677 592 bono-

2051 642 2182 680 rum
2196 625 2571 680 incrementis
2584 642 2828 696 operum
2842 625 3038 679 diatim
3054 641 3538 697 unumquemque
3552 627 3683 680 sub-

2054 714 2306 779 moueri,
2354 731 2532 785 quam
2563 714 2638 768 sit
2673 713 3040 768 sauissimum
3085 714 3256 769 facile
3301 716 3385 768 est
3432 714 3675 769 intueri.

2056 802 2276 866 Quibus
2308 802 2367 856 in
2399 802 2497 856 Dei
2532 802 2771 857 nomine
2805 805 2860 856 et
2890 818 3027 872 pace
3043 805 3378 856 sanctorum
3404 803 3683 857 omnium

2055 894 2355 962 permotus
2376 907 2484 962 ego
2511 892 2877 962 Regeuoldus
2896 891 3245 945 Parisiorum
3268 891 3579 962 episcopus
3612 909 3680 946 ex

2059 979 2176 1033 mei
2203 980 2323 1033 vice
2338 979 2510 1034 officii
2541 980 2836 1034 commissi
2860 979 3049 1049 gregis
3078 978 3341 1050 vigilanti
3368 980 3684 1034 curasolli-

2059 1068 2226 1132 citus,
2256 1072 2313 1121 et
2339 1083 2569 1123 memor
2584 1085 2812 1138 magna:
2836 1068 2948 1121 diei
2978 1067 3265 1121 tremendi
3288 1068 3603 1131 examinis,
3628 1072 3686 1121 et

2062 1155 2359 1227 utriusque
2394 1157 2682 1226 justorum
2721 1156 2836 1209 sive
2875 1156 3222 1225 injustorum
3254 1155 3685 1221 retributionis,

2063 1260 2254 1314 operte
2282 1243 2530 1313 pretium
2565 1244 2697 1297 duxi
2730 1261 2795 1297 ex
2842 1243 3158 1298 accessibus
3189 1243 3688 1314 patrimoniorum

2064 1347 2353 1398 meorum,
2387 1331 2541 1386 felici
2563 1331 3083 1398 commercio,mihi
3103 1332 3476 1386 internorum
3498 1331 3688 1386 subsi-

2062 1418 2157 1473 dia
2169 1420 2376 1474 civium
2390 1420 2659 1475 faenorari
2670 1421 2768 1474 .Cu
2766 1421 2861 1491 jus
2874 1419 3192 1475 devotionis
3202 1420 3429 1476 fervore
3443 1437 3687 1475 succen-

2061 1525 2156 1562 sus
2189 1512 2391 1563 notum
2422 1525 2543 1563 esse
2583 1509 2710 1563 volo
2771 1508 3060 1576 omnibus,
3105 1512 3226 1563 tam
3266 1509 3478 1563 futuris
3506 1526 3691 1581 quam

2062 1600 2119 1651 et
2145 1597 2545 1668 praesentibus,
2578 1597 2714 1669 quia
2735 1597 2809 1651 ob
2835 1597 3206 1667 sempiternae
3227 1598 3689 1668 praemiaremu-

2061 1686 2403 1752 nerationis,
2423 1688 2481 1740 et
2496 1702 2602 1758 pro
2623 1686 2939 1741 obtinenda
2957 1686 3303 1741 delictorum
3326 1688 3500 1741 venia
3518 1687 3689 1758 geni-

2062 1777 2253 1828 torum
2279 1775 2814 1837 meorum,comitis
2841 1774 3101 1829 videlicet
3122 1775 3690 1847 Buchardi,ejusque

2065 1862 2479 1934 opinatissimas
2513 1864 2777 1935 conjugis
2797 1864 3182 1930 Elisabeth,ut
3210 1864 3689 1935 gremiissanctaa

2060 1951 2514 2007 immortalitatis
2535 1952 3275 2023 confoveri,etjucunditate
3289 1952 3433 2007 lucis
3444 1956 3691 2007 aeterna:

2057 2040 2342 2112 perpetim
2356 2057 2687 2096 mereamur
2698 2041 2876 2095 laetari
2886 2041 3117 2111 ,placuit
3127 2044 3329 2096 vestra:
3340 2043 3693 2097 reverentia:

2057 2129 2318 2200 synodali
2354 2133 2663 2197 conventu,
2697 2134 2753 2184 et
2784 2131 2996 2198 favore,
3024 2147 3091 2185 ac
3122 2130 3332 2185 notitia
3367 2134 3552 2187 ccetus
3576 2131 3693 2186 rei-

2058 2219 2196 2290 pub.
2242 2219 2533 2290 quoddam
2566 2219 2822 2285 alodum,
2855 2220 3022 2289 vulgo
3079 2219 3396 2275 vocitatum
3439 2221 3695 2290 Largum

2061 2308 2350 2378 Campum,
2365 2308 2627 2362 conferre
2644 2308 2867 2362 Sanctze
2880 2308 3068 2363 Mariae
3100 2308 3483 2364 Parisiacensi
3499 2310 3691 2364 eccle-

2060 2395 2180 2463 siae,
2214 2400 2271 2450 et
2298 2396 2471 2450 rebus
2500 2397 2589 2450 vel
2619 2396 2811 2450 usibus
2842 2396 3116 2467 deputare
3135 2398 3383 2453 fratrum
3404 2398 3554 2453 inibi
3588 2398 3695 2453 de-

2064 2485 2330 2554 gentium
2356 2486 2591 2555 Deoque
2622 2484 2898 2539 canonice
2947 2485 3351 2540 militantium.
3384 2487 3454 2541 Ut
3483 2491 3691 2541 autem

2064 2573 2369 2642 praadictus
2400 2572 2612 2641 Largus
2650 2572 2977 2643 Campus,in
2998 2588 3148 2644 pago
3172 2577 3231 2627 et
3248 2573 3532 2628 comitatu
3554 2576 3694 2628 Wa-

2063 2661 2324 2715 stiniensi
2364 2661 2636 2727 consitus,
2697 2661 2868 2729 silvis,
2913 2660 3058 2716 villis
3098 2665 3157 2716 et
3197 2661 3430 2730 villulis,
3479 2662 3693 2729 vineis,

2063 2749 2260 2820 pratis,
2291 2751 2457 2803 terris
2490 2751 2654 2804 cultis
2689 2754 2746 2805 et
2769 2750 3018 2818 incultis,
3051 2766 3183 2806 cum
3211 2752 3459 2806 ecclesia
3488 2752 3547 2805 in
3580 2753 3693 2807 ho-

2064 2854 2209 2891 nore
2238 2838 2295 2893 S.
2328 2838 2593 2893 Maturini
2636 2839 2824 2893 dicata
2867 2855 3001 2893 cum
3026 2840 3302 2894 omnibus
3327 2840 3699 2913 appendjtiis

2062 2925 2196 2993 suis,
2231 2943 2298 2980 ea
2320 2926 2556 2998 quidem
2585 2927 2711 2999 lege
2740 2948 2750 2982 :
2779 2944 2848 2982 ac
2869 2944 3042 2983 omne
3064 2929 3192 3000 jam
3211 2928 3347 2983 dicti
3369 2930 3700 3000 possessio-

2063 3032 2198 3069 nem
2229 3015 2401 3070 allodi
2433 3018 2490 3071 S.
2519 3016 2726 3083 Marias,
2756 3022 2813 3071 et
2834 3016 3369 3090 praedictiscollegis
3384 3020 3702 3074 canonica:

365 3101 402 3155 d
435 3105 520 3157 est
549 3102 738 3155 nullus
759 3106 1125 3157 consecretur
1158 3100 1457 3172 episcopus
1484 3100 1543 3154 iu
1576 3100 1961 3171 praadictaEc-
1986 3107 2033 3165 Ο
2060 3104 2528 3175 congregationis
2551 3105 2870 3173 offerimus,
2908 3110 2970 3160 ut
2999 3107 3180 3161 nostri
3208 3108 3559 3163 memoriale
3578 3107 3701 3162 illis

345 3189 537 3258 clesia,
572 3190 679 3243 nisi
706 3191 987 3245 electione
1011 3189 1263 3243 filiorum
1290 3189 1546 3260 ejusdem
1582 3188 1845 3242 Ecclesia:
1863 3204 1962 3259 ap-

345 3279 651 3348 probatus;
671 3278 717 3332 si
731 3278 858 3350 quis
878 3282 1075 3332 autem
1099 3277 1337 3331 insanus
1360 3281 1458 3331 aut
1472 3280 1861 3348 praesumptor
1873 3293 1963 3330 res

345 3366 607 3438 ejusdem
628 3366 893 3421 Ecclesim
911 3365 1280 3432 devastando,
1312 3370 1411 3419 aut
1430 3366 1777 3436 diripiendo,
1796 3364 1962 3419 item-

349 3470 463 3527 que
497 3454 820 3508 minucndo
847 3458 1051 3508 contra
1083 3453 1193 3506 hoc
1224 3457 1435 3507 nostrm
1465 3451 1817 3507 auctoritatis
1842 3452 1962 3525 pri-

350 3539 633 3611 vilegium
692 3540 886 3595 venire
951 3540 1284 3608 tentaverit,
1345 3545 1445 3595 aut
1501 3541 1807 3595 observare
1868 3541 1964 3594 de-

352 3628 625 3701 spexerit,
677 3627 785 3683 nisi
825 3628 1117 3699 condigna
1169 3627 1575 3683 emendatione
1638 3628 1962 3700 resipuerit,

356 3716 943 3771 excommunicationi
979 3718 1290 3789 subjaceat,
1322 3717 1709 3772 anathematis
1739 3716 1965 3772 vinculo

355 3802 689 3873 innodetur,
717 3804 1123 3861 maledictione
1167 3810 1387 3861 aeterna
1432 3805 1742 3860 damnatus
1778 3804 1869 3873 sit,
1902 3821 1967 3860 ac

357 3909 492 3948 cum
514 3893 773 3965 reprobis
795 3893 980 3966 poenis
1019 3894 1311 3966 subjaceat
1327 3894 1578 3949 aeternis.

433 3981 640 4036 Datum
690 3985 746 4035 et
792 3980 1072 4053 scriptum
1102 3997 1207 4053 per
1233 3998 1441 4036 manus
1475 3981 1625 4035 Petri
1663 3980 1887 4037 abbatis
1914 3983 1971 4036 et

362 4071 686 4126 cancellarii
709 4070 852 4125 sacri
880 4070 1076 4140 palatii
1102 4071 1164 4123 in
1188 4086 1387 4125 mense
1429 4071 1792 4137 Decembrio,
1822 4071 1970 4125 indi-

362 4159 555 4215 ctione
586 4164 791 4233 quarta
820 4159 939 4226 [al.,
986 4158 1197 4226 tertia],
1231 4175 1385 4213 anno
1422 4158 1669 4213 Domino
1719 4159 1971 4231 prepitio

366 4247 569 4304 domui
590 4248 830 4304 Joannis
863 4247 1025 4302 XVIII
1065 4262 1231 4319 papae
1259 4246 1452 4302 tertio.

1114 4356 1225 4411 VII.

366 4462 601 4519 Joannes
623 4464 684 4520 X
696 4463 841 4537 ΥΙΙΙ
866 4465 1148 4535 conﬁrmat
1170 4464 1371 4519 donum
1390 4481 1429 4521 a.
1443 4463 1714 4520 Rainaldo
1736 4465 1980 4537 episcopo

686 4536 1076 4591 Parisiensibus
1116 4538 1385 4591 canonicis
1428 4537 1654 4607 factum.

965 4635 1156 4695 (Anno
1206 4634 1382 4705 1006.)

786 4721 982 4788 [ΜΑΝει
1008 4720 1215 4780 C'oncz'I.
1243 4722 1372 4790 XIX,
1415 4724 1566 4792 291.]

439 4825 683 4883 ΙοΑΝΝεε
713 4824 1034 4899 episcopus,
1065 4845 1259 4883 servus
1287 4845 1584 4884 servorum
1618 4829 1741 4884 Dei.

439 4916 773 4987 Imperiosa;
790 4914 1030 4971 rationis
1052 4915 1417 4973 institutione
1440 4918 1502 4973 in
1524 4917 1874 4989 quibuslibet
1889 4933 1980 4973 or-

368 5005 641 5063 dinandis
669 5021 734 5060 ac
764 5003 1140 5076 disponendis
1170 5007 1341 5063 rebus
1379 5006 1754 5078 antiquorum
1780 5007 1980 5078 prisca:

366 5113 432 5154 ac
463 5094 716 5169 providae
747 5091 1101 5158 auctoritati,
1123 5096 1187 5145 ut
1212 5093 1384 5147 totius
1412 5094 1762 5164 posteritatis
1783 5096 1979 5151 subse-

366 5202 549 5259 quens
560 5183 793 5240 adnisus
805 5182 1117 5255 diligenter
1127 5181 1584 5251 obtemperaudo
1596 5187 1654 5237 et
1665 5184 1982 5254 prudenter

363 5274 647 5330 imitando
682 5270 1055 5345 respondeat,
1080 5268 1326 5324 utilitate
1354 5270 1621 5337 sentitur,
1644 5275 1702 5325 et
1732 5273 1979 5327 sanioris

361 5378 606 5420 censura
627 5362 827 5434 judicii
856 5358 1211 5416 omnimodis
1240 5358 1564 5414 roboratur.
1599 5360 1667 5414 Et
1695 5362 1973 5433 quoniam

357 5450 473 5507 vita
495 5451 619 5521 ipsa
645 5468 761 5523 qua
787 5450 1036 5506 fruimur
1052 5448 1260 5523 pollice
1274 5447 1634 5503 multimodm
1668 5449 1967 5505 brevitatis

358 5541 673 5609 coercetur,
691 5543 749 5595 et
773 5539 1063 5614 plerisque
1093 5537 1410 5594 immatura
1432 5535 1760 5608 succiditur,
1782 5537 1853 5594 ad
1876 5539 1967 5597 in-

1999 4394 2053 4454 D

2060 3192 2133 3245 ab
2180 3192 2453 3246 omnibus
2482 3194 2763 3248 habeatur
2819 3195 2881 3249 in
2922 3196 3227 3268 psalteriis,
3278 3213 3343 3251 ac
3372 3197 3703 3252 missarum

2060 3281 2379 3349 solemniis,
2398 3297 2464 3337 ac
2486 3284 2703 3338 cunctis
2724 3286 3062 3357 vespertinis
3074 3302 3139 3340 ac
3156 3286 3612 3341 matutinalibus
3624 3285 3706 3340 vi-

2062 3371 2633 3445 giliis,perpetuoque
2650 3373 2722 3427 sit
2736 3377 2926 3428 ratum
2931 3376 3061 3446 jure
3079 3393 3092 3443 ;
3108 3376 3221 3429 tria
3231 3375 3492 3448 denique
3508 3375 3704 3430 nostri

2062 3459 2480 3529 anniversaria,
2502 3461 2970 3532 videlicetpatris,
2989 3466 3045 3518 et
3058 3463 3279 3531 matris,
3298 3464 3557 3535 etipsins
3591 3480 3703 3519 an-

2061 3547 2256 3602 tistitis
2286 3549 2628 3621 Ragenoldi,
2664 3550 2794 3614 utLl.
2823 3551 3007 3619 omni,
3029 3553 3091 3606 E.
3118 3553 3207 3615 P.]
3228 3553 3400 3624 regni
3432 3554 3707 3608 devotio-

2067 3653 2161 3704 ne,
2196 3642 2253 3691 et
2302 3638 2515 3693 celebri
2547 3640 3106 3696 commemoratione
3155 3641 3469 3696 annuatim
3518 3642 3707 3713 proﬁ-

2066 3728 2298 3781 teantur
2328 3727 2538 3781 obnixe
2570 3744 2892 3799 precamur.
2914 3728 2973 3783 Si
3000 3729 3127 3802 quis
3156 3744 3291 3784 vero
3318 3729 3572 3786 rationis
3606 3749 3709 3786 ex-

2067 3832 2219 3886 pers,
2248 3814 2427 3870 tivore
2449 3816 2741 3871 etfacibus
2770 3816 3020 3872 avaritiae
3042 3833 3330 3889 pervasus,
3362 3823 3587 3876 nostra:
3603 3821 3707 3876 de-

2068 3903 2316 3958 votionis
2350 3905 2494 3960 adeo
2522 3905 2863 3961 munificum
2917 3906 3126 3979 pignus
3171 3908 3428 3975 auferre,
3462 3912 3524 3963 et
3554 3926 3712 3982 quo-

2068 3992 2211 4047 libet
2241 3993 2392 4063 jure,
2443 4010 2785 4066 quacunque
2827 3994 3040 4067 injuria
3084 3996 3327 4051 voluerit
3376 3996 3705 4068 impedire,

2072 4080 2230 4134 mille
2249 4081 2372 4135 auri
2396 4082 2677 4137 librarum
2708 4083 3387 4139 fratribusvelcanonicis
3416 4086 3479 4141 S.
3506 4086 3708 4141 Marias

2073 4168 2236 4240 regia
2282 4169 2637 4224 sublimitate
2669 4174 2909 4243 cogatur
2931 4173 3244 4241 exsolvere,
3284 4176 3345 4227 et
3396 4174 3706 4229 rusticano

2076 4272 2260 4323 more,
2318 4258 2406 4311 vel
2454 4259 2754 4328 paralitate
2802 4260 3136 4329 submissus,
3184 4262 3454 4332 capitalis
3488 4279 3706 4318 census

2078 4343 2451 4400 dissolutione
2478 4347 2779 4417 plectatur,
2796 4350 2854 4403 et
2886 4348 2958 4403 ad
2982 4349 3352 4405 tolerandum
3376 4367 3597 4423 perpes
3618 4355 3714 4406 to-

2078 4431 2191 4486 tius
2229 4433 2629 4503 perpetuitatis
2684 4438 3061 4504 tormentum,
3111 4438 3460 4493 auctoritate
3494 4440 3714 4505 Patris,

2082 4524 2139 4574 et
2168 4520 2312 4589 Filii,
2346 4525 2405 4576 et
2445 4521 2693 4592 Spiritus
2723 4524 2905 4579 sancti
2933 4525 3008 4579 sit
3037 4526 3378 4581 maledictus
3408 4531 3471 4583 et
3498 4528 3715 4583 confu-

2082 4626 2194 4677 sus,
2227 4613 2283 4664 et
2315 4610 2486 4664 nullis
2528 4615 2861 4667 sanctorum
2901 4612 3188 4686 suffragiis
3226 4620 3535 4671 mereatur
3580 4634 3714 4671 me-

2083 4698 2225 4765 deri,
2257 4699 2441 4772 sitque
2472 4701 2813 4772 conjuuctus
2857 4701 3087 4758 diabolo
3127 4708 3185 4759 et
3211 4705 3440 4777 angelis
3482 4707 3611 4778 ejus
3644 4706 3711 4763 in

2083 4786 2313 4841 inferno
2344 4787 2627 4857 infcriori,
2664 4793 2720 4845 et
2741 4795 2941 4862 pereat
2968 4791 3030 4845 in
3056 4795 3368 4850 aeternum.

2153 4876 2359 4929 Datum
2378 4892 2432 4929 ιν
2453 4877 2597 4932 Non.
2618 4878 2889 4934 Decemb.
2914 4896 3018 4952 per
3042 4896 3251 4935 manus
3284 4881 3440 4937 Petri
3475 4882 3718 4939 abbatis

2082 4965 2139 5016 et
2162 4963 2488 5025 cancellarii
2526 4966 2669 5020 sacri
2716 4966 3114 5021 Lateranensis
3158 4969 3384 5039 palatii,
3445 4986 3611 5025 anno
3652 4988 3719 5026 ιιι

2080 5052 2448 5123 pontificatus
2495 5055 2733 5109 Joannis
2777 5055 2959 5111 octavi
3011 5056 3221 5111 decimi
3265 5060 3325 5111 et
3356 5058 3721 5116 universalis

2080 5156 2244 5211 papa:
2269 5141 2330 5195 in
2370 5142 2754 5199 sacratissima
2779 5145 2913 5200 sede
2956 5145 3016 5199 Β.
3046 5146 3200 5200 Petri
3231 5147 3514 5217 apostoli,
3548 5149 3716 5204 indi-

2079 5228 2269 5285 ctione
2308 5248 2360 5285 v.
