4012 6180
308 366 446 425 1485

305 564 540 620 Joannis
565 560 793 616 XVIII
813 577 969 687 gap?
994 487 1354 683 Ρτγὲἔιξῃίιιηι
1374 575 1476 642 pro
1515 564 1836 618 monasterio
1866 560 1932 617 S.

870 647 1049 687 emam
1129 647 1427 686 wwnenszs.

870 647 1049 702 emgm
1072 647 1427 686 uwwnensw.

913 722 1094 792 (Anno
1140 721 1323 787 1006.)

475 810 645 878 [Gall.
690 809 919 876 Christ.,
951 809 1040 863 ed.
1068 810 1201 873 vet.,
1241 811 1361 863 tom
1387 808 1474 875 IV,
1505 822 1563 878 p.
1612 809 1752 871 163.]

378 902 620 955 JOANNES
683 898 1005 972 episcopus,
1049 913 1240 950 servus
1279 912 1574 951 servorum
1634 897 1734 951 Dei
1767 897 1933 951 GUlL-

306 1005 474 1043 nemo
504 988 709 1041 abbati
752 988 1013 1042 salutem.

381 1075 673 1141 Quoniam
703 1077 1070 1132 concedenda
1101 1082 1234 1133 sunt
1270 1092 1397 1148 quae
1419 1074 1795 1129 rationalibus
1831 1074 1932 1129 de-

307 1165 524 1219 sideriis
552 1163 863 1233 pertinere
888 1170 1219 1233 noscuntur,
1249 1164 1427 1219 nostri
1454 1164 1803 1234 apostolatus
1827 1179 1930 1216 au-

306 1253 535 1308 ctoritas
568 1253 648 1306 ad
711 1244 1105 1309 roborandum
1136 1256 1289 1326 piam
1341 1252 1705 1307 devotionem
1732 1256 1933 1306 sancta

308 1344 432 1397 loca
454 1341 922 1397 construentium
953 1342 1012 1396 in
1040 1342 1378 1413 praestandis
1407 1341 1718 1413 privilegiis
1756 1342 1932 1396 debet

308 1429 548 1484 minime
569 1430 895 1501 abnegare.
928 1431 1106 1502 Igitur
1136 1429 1573 1485 innuendumin
1606 1429 1706 1483 Dei
1740 1428 1931 1484 chari-

310 1520 424 1572 tate
441 1521 550 1572 tua:
566 1518 873 1588 petitionis
892 1522 1107 1584 votum,
1131 1518 1267 1590 quia
1283 1534 1386 1588 per
1399 1518 1784 1573 venerabilem
1796 1517 1928 1570 Val-

310 1605 518 1659 terium
538 1605 864 1659 IEduorum
887 1606 1219 1679 pontiﬁcem
1242 1622 1276 1659 a
1310 1605 1478 1661 nobis
1501 1606 1786 1676 postulare
1808 1608 1928 1659 stu-

312 1692 433 1747 duit
450 1696 738 1765 quatenus
763 1692 1181 1748 monasterium
1203 1694 1357 1766 quod
1378 1695 1449 1748 ad
1466 1693 1697 1748 laudem
1723 1696 1780 1746 et
1799 1693 1926 1765 glo-

310 1781 455 1835 riam
496 1781 709 1835 Christi
750 1782 981 1837 Domini
1014 1782 1215 1845 nostri,
1258 1785 1315 1836 et
1343 1783 1464 1853 ejus
1495 1781 1925 1853 gloriosissima!
1947 1811 1997 1869 B

311 1872 603 1942 genitricis
641 1872 857 1939 Mariae,
898 1876 955 1927 et
997 1873 1054 1928 S.
1103 1872 1369 1944 martyris
1401 1873 1640 1943 Benigni
1680 1874 1924 1942 honore,

307 1965 643 2015 construere
670 1962 796 2031 jam
827 1978 1054 2016 summo
1081 1962 1297 2034 coepisti
1328 1962 1611 2016 desiderio
1644 1962 1702 2015 in
1744 1962 1927 2017 comi-

312 2053 437 2103 tatu
476 2049 831 2120 Hiporiensi,
863 2050 1015 2105 inter
1053 2050 1193 2104 duos
1234 2049 1433 2104 fluvios
1470 2051 1687 2121 Orgum
1727 2050 1926 2106 videli-

308 2140 399 2191 cet
428 2141 599 2209 atque
631 2138 920 2205 Ancolim,
947 2139 1119 2192 situm
1148 2139 1205 2191 in
1236 2139 1361 2192 loco
1394 2138 1491 2210 qui
1524 2138 1730 2193 dicitur
1757 2141 1924 2195 Fruc-

310 2226 1065 2297 tuaria,privilegiissanctaa
1078 2229 1353 2281 Romanae
1367 2230 1424 2281 et
1436 2228 1763 2298 apostolicae
1776 2230 1927 2284 sedis

309 2314 650 2368 omnimodo
689 2314 993 2368 decoretur
1011 2314 1354 2369 ﬁrmissimas
1391 2315 1717 2370 stabilitatis
1732 2332 1927 2373 corro-

311 2401 636 2469 boratione,
660 2404 724 2454 ut
761 2402 866 2455 sub
895 2401 1136 2455 tuitione
1154 2418 1218 2456 ac
1237 2402 1554 2473 patrocinio
1573 2406 1781 2459 sancta:
1797 2406 1926 2459 uni-

309 2488 541 2542 versatis
553 2489 641 2542 cui
660 2490 777 2542 Deo
801 2491 1033 2542 auctore
1051 2489 1399 2543 deservimus
1422 2489 1705 2555 Ecclesiae,
1718 2491 1841 2562 jam
1858 2509 1927 2547 ex

310 2577 422 2630 hoc
461 2577 860 2643 constitutum,
890 2576 1123 2630 alterius
1164 2594 1461 2648 nunquam
1489 2578 1605 2648 juri
1638 2581 1695 2631 et
1722 2578 1928 2634 ditioni

309 2666 681 2720 submittatur
693 2665 977 2720 Ecclesiae.
994 2666 1123 2719 Ideo
1139 2683 1249 2736 que
1261 2665 1554 2736 tamjustis
1566 2666 1816 2721 faventes
1830 2668 1927 2722 de-

311 2754 532 2808 sideriis
545 2755 649 2807 hac
667 2756 867 2807 nostra
879 2753 1243 2807 decernimus
1263 2753 1599 2808 auctoritate
1618 2756 1931 2826 apostolica

310 2842 561 2912 idipsum
585 2842 896 2913 praefatum
932 2841 1137 2895 Christi
1162 2842 1478 2912 genitricis,
1521 2859 1585 2895 ac
1602 2844 1660 2897 S.
1686 2844 1931 2915 Benigni

313 2930 469 3001 quod
513 2934 849 2984 construere
896 2929 1098 2983 niteris
1141 2930 1581 2997 monasterium,
1624 2932 1833 2987 amodo
1875 2937 1934 2988 et

311 3035 491 3090 usque
517 3020 576 3071 in
606 3019 787 3072 tinem
817 3018 1030 3084 saeculi,
1087 3020 1191 3073 sub
1224 3019 1542 3090 patrocinio
1584 3022 1640 3073 et
1686 3020 1930 3077 tuitione

309 3110 521 3162 sanctae
539 3109 820 3162 Romanae
838 3110 896 3161 et
915 3107 1243 3176 apostolicae
1259 3108 1460 3162 matris
1484 3107 1769 3176 Ecclesia,
1797 3127 1929 3165 cum
1955 3102 2001 3161 C

312 3196 584 3250 omnibus
614 3212 743 3266 qua)
800 3195 873 3248 ad
905 3194 1067 3247 illum
1099 3194 1409 3265 pertinent,
1442 3199 1927 3268 permanendum,

311 3283 627 3337 Statuimus
660 3299 915 3355 namque
942 3283 1045 3337 sub
1076 3282 1249 3336 divini
1280 3284 1479 3355 judicii
1524 3284 1925 3354 obtestatione,

311 3373 371 3425 et
401 3370 458 3425 Β.
485 3372 637 3426 Petri
661 3371 1059 3443 apostolorum
1080 3371 1373 3443 principis,
1394 3375 1719 3444 nostraeque
1736 3375 1926 3429 humi-

308 3457 486 3513 litatis
498 3459 902 3514 interdictione
913 3502 925 3521 ,
940 3461 1000 3512 ut
1012 3460 1199 3513 nullus
1214 3478 1469 3532 unquam
1485 3460 1923 3533 imperatorum,

311 3563 515 3618 regum
526 3547 1925 3619 ,episcoporum,ducum,marchionum,comitum

312 3636 617 3708 nullusque
639 3636 945 3691 hominum
973 3636 1031 3689 in
1065 3636 1323 3707 quolibet
1352 3638 1555 3691 ordine
1582 3640 1638 3692 et
1663 3639 1923 3694 ministe-

313 3724 401 3778 rio
435 3725 794 3792 constitutus,
821 3725 1029 3778 audeat
1058 3725 1318 3792 moleste,
1342 3725 1544 3793 causis,
1584 3727 1671 3781 vel
1694 3728 1924 3783 ordina-

294 3812 567 3871 tionibus
585 3813 843 3884 ejusdem
881 3812 1217 3867 monasterii
1249 3813 1529 3868 violenter
1567 3813 1923 3885 incumbere,

314 3901 499 3954 autin
540 3901 993 3971 possessionibus
1042 3902 1122 3954 vel
1184 3902 1542 3956 ornamentis
1591 3920 1719 3975 qua:
1775 3904 1855 3959 ibi
1893 3920 1928 3959 a

311 3987 578 4043 ﬁdelibus
595 3990 802 4043 collata
823 3990 907 4044 vel
929 3990 1279 4044 conferenda
1298 3991 1513 4059 abbati,
1538 3991 1926 4065 fratribusque

312 4075 459 4132 inibi
487 4079 803 4132 secundum
834 4079 1160 4148 regularem
1206 4079 1717 4148 institutionem,ut
1750 4082 1924 4136 modo

314 4165 432 4219 Deo
455 4166 1167 4233 servientibus,temeraria
1191 4168 1802 4241 prmsun1ptione,post
1820 4170 1924 4224 hu-

304 4254 401 4325 jus
421 4254 602 4308 nostri
623 4254 905 4326 privilegii
920 4255 1209 4323 notitiam,
1231 4260 1543 4326 praesumat
1565 4258 1812 4325 auferre,
1830 4261 1928 4313 aut

313 4343 553 4397 decimae
570 4344 816 4398 reditum
861 4344 933 4398 ab
965 4345 1045 4398 eis
1063 4344 1315 4415 exigere,
1347 4361 1444 4399 seu
1467 4345 1536 4399 de
1564 4345 1927 4401 dominicatis
1954 4361 2001 4420 ι)

314 4432 558 4487 terrenis
572 4433 841 4488 hactenus
856 4434 1208 4501 exsulatis,in
1234 4434 1927 4505 agris,pratis,vineis,seu

310 4521 662 4593 quibuslibet
691 4523 860 4576 rebus
890 4524 975 4577 vel
1006 4523 1375 4589 animalibus,
1410 4523 1524 4577 sive
1560 4524 1629 4578 de
1657 4526 1927 4580 omnibus

310 4609 564 4675 incultis,
588 4627 713 4681 quae
732 4612 985 4682 ipsorum
1026 4613 1305 4667 industria
1342 4615 1475 4666 sunt
1490 4614 1575 4668 vel
1592 4614 1809 4669 fuerint
1830 4632 1925 4669 ex—

310 4700 486 4765 culta,
527 4698 713 4753 sivein
734 4700 855 4770 ipso
882 4702 1005 4755 loco
1033 4701 1396 4769 Fructuariae,
1418 4701 1513 4756 ubi
1535 4702 1708 4757 situm
1736 4703 1925 4774 ipsum

308 4786 538 4840 videtur
552 4788 987 4857 monasterium,
1008 4790 1096 4844 vel
1130 4790 1457 4861 ubicunque
1494 4790 1601 4861 ipsi
1623 4791 1840 4862 aliquid
1857 4809 1925 4846 ex

302 4874 433 4945 jam
465 4875 601 4929 dicti
652 4876 984 4931 monasterii
1030 4878 1160 4949 jure
1212 4878 1504 4950 possidere
1545 4878 1647 4933 visi
1677 4880 1919 4945 fuerint;

309 4965 720 5030 contestamus,
751 4968 858 5019 etc.
893 4965 1206 5020 Statuimus
1224 4969 1280 5020 et
1302 4982 1405 5021 nos
1426 4970 1507 5035 ut,
1540 4970 1669 5038 post
1700 4967 1924 5022 obitum

313 5051 642 5107 decedentis
671 5054 912 5121 abbatis,
965 5072 1136 5109 nemo
1185 5072 1443 5127 unquam
1474 5055 1575 5121 ibi,
1608 5055 1715 5109 nisi
1750 5073 1924 5127 quem

312 5156 626 5195 consensus
649 5143 973 5196 communis
1003 5147 1059 5198 et
1094 5144 1353 5197 voluntas
1382 5145 1627 5198 fratrum
1663 5144 1925 5214 ejusdem

309 5230 648 5285 monasterii
689 5231 1003 5285 secundum
1030 5232 1211 5285 Deum
1243 5232 1546 5302 elegerint,
1592 5234 1924 5286 construere

307 5304 623 5372 praesumat
649 5302 946 5369 abbatem;
979 5302 1158 5356 electo
1200 5318 1329 5356 vero
1362 5303 1555 5357 abbati
1588 5302 1662 5356 sit
1687 5302 1924 5357 facultas

311 5389 474 5443 omni
492 5392 750 5461 tempore
763 5390 1068 5460 praesulem
1084 5390 1356 5461 eligendi,
1373 5390 1469 5462 qui
1491 5393 1611 5445 tam
1623 5389 1731 5445 sibi
1747 5407 1923 5463 quam

308 5477 531 5532 caeteris
560 5478 830 5532 fratribus
874 5478 947 5531 ad
995 5495 1184 5533 sacros
1231 5479 1462 5534 ordines
1492 5478 1919 5550 promovendis,

307 5582 442 5622 cum
452 5566 660 5621 timore
676 5567 797 5634 Dei,
813 5567 1099 5640 totiusque
1110 5567 1580 5639 congregationis
1590 5567 1923 5623 cohibentia

300 5655 631 5731 ubicunque
655 5655 958 5728 voluerint,
980 5656 1427 5715 consecrationis
1460 5656 1719 5734 insignia
1744 5657 1921 5733 huius

1520 360 1886 420 EPISTOLE
1923 358 2010 419 ET
2038 362 2442 421 DIPI.OMATA

3546 365 3697 426 {£865

1956 493 2013 553 Α
2043 513 2255 564 nostra
2287 507 2644 564 auctoritatis
2684 504 3022 579 privilegio,
3070 506 3292 582 absque
3316 509 3436 563 ullo
3468 510 3695 572 terreni

2044 596 2214 666 pretii
2235 598 2495 652 conferat
2519 612 2794 651 munere.
2823 593 2992 658 Quod
3026 592 3298 652 similiter
3323 597 3395 651 de
3422 603 3698 664 oratoriis

2045 684 2105 737 in
2129 686 2405 756 praedicto
2430 687 2554 741 loco
2582 683 2941 740 Fructuarite
2958 682 3376 753 azdiﬁcatis,vel
3398 687 3697 753 aaditican-

2044 772 2152 840 dis,
2188 775 2577 847 omnibusque
2612 770 2951 830 necessaria
2979 772 3445 832 consecrationis
3465 782 3703 845 ordino,

2042 859 2224 930 tione,
2249 863 2573 952 sancientes
2606 867 2732 917 tam
2766 861 3022 952 prtefatig
3047 861 3336 952 Guntardi
3354 865 3706 952 judicatum,

2042 965 2220 1042 quam
2252 951 2575 1042 episcopale
2609 952 2943 1042 decretum,
2967 950 3375 1042 plurimorum
3561 950 3711 1042 pou;

2041 1036 2261 1127 tiﬁcum
2286 1039 2358 1093 ad
2385 1039 2830 1095 corrobaranda
2854 1056 2983 1111 quze
3016 1040 3082 1095 in
3118 1040 3392 1113 ejusdem
3426 1036 3718 1127 judicatus

2037 1125 2296 1181 chartula
2328 1128 2729 1196 continentur,
2768 1127 3253 1203 subscriptione,
3299 1125 3621 1216 firmatum.
3652 1173 3724 1216 ex

2036 1215 2375 1318 auctoritate
2388 1216 2821 1318 omnipotentis
2838 1217 2972 1317 Dei,
2992 1198 3114 1289 qui
3139 1198 3331 1318 ‘beato
3353 1198 3557 1296 rei;
3556 1198 3722 1318 £130:

2032 1302 2287 1393 telorum
2325 1305 2516 1393 primo
2568 1306 2764 1360 claves
2806 1305 2976 1377 regni
3025 1309 3343 1379 caelorum
3378 1302 3724 1393 tradidit.et

2034 1390 2295 1461 ejusdem
2329 1392 2502 1464 primi
2526 1393 2785 1465 pastoris
2811 1409 2878 1448 ac
2901 1401 3133 1451 nostra
3165 1378 3714 1490 ipsius

2031 1478 2115 1532 vis
2138 1479 2379 1575 indigne
2411 1482 2776 1575 gerentibus,
2808 1487 3138 1575 praesentis
3165 1498 3453 1570 privilegii
3488 1478 3706 1575 pagina

2031 1567 2447 1624 conﬁrmamus
2472 1574 2646 1642 atque
2684 1567 3187 1649 corroboramus,
3219 1588 3325 1637 etc.
3361 1567 3422 1639 Si
3448 1567 3695 1657 qius?“-

2031 1656 2152 1709 tem
2172 1659 2280 1710 etc.
2299 1658 2550 1711 Joannes
2561 1661 2782 1713 sanctas
2796 1659 3073 1716 Ecclesiae
3086 1668 3438 1737 apostolicus
3450 1676 3683 1740 praesul,

2031 1740 2230 1810 Leoni,
2258 1743 2516 1811 Gessoni,
2558 1745 2973 1815 Constantino,
3011 1748 3308 1822 Sigefrido
3334 1756 3675 1809 venerabili-

2031 1828 2137 1883 bus
2150 1831 2432 1903 episcopis
2446 1832 2801 1888 mandamus
2813 1833 2896 1887 eis
2908 1838 3115 1892 utcum
3129 1855 3358 1894 summa
3370 1839 3672 1911 diligentia

2029 1923 2369 1974 consecrent
2397 1921 2691 1976 abbatiam
2727 1938 2862 1993 quae
2917 1923 3374 1981 Fructuariensis
3411 1931 3664 1983 vocatur.

2102 2007 2310 2063 Datum
2336 2025 2386 2063 ιν
2425 2010 2568 2063 Non.
2613 2010 2958 2065 Decembris
2996 2028 3102 2084 per
3138 2030 3347 2069 manus
3385 2014 3666 2086 Ingilonis

2029 2094 2312 2151 scriniarii
2344 2114 2517 2152 sacrae
2540 2098 2876 2170 apostolicae
2908 2101 3241 2169 sedis,anno
3272 2118 3336 2158 ιη
3358 2102 3660 2175 pontiﬁca-

2029 2184 2119 2236 tus
2148 2184 2347 2239 domni
2377 2186 2614 2241 Joannis
2652 2186 2840 2240 octavi
2874 2187 3085 2245 decimi
3105 2190 3392 2262 pontiﬁcis
3421 2192 3657 2261 summi,

2029 2273 2088 2326 et
2114 2272 2450 2328 universalis
2504 2288 2669 2345 papae
2701 2274 2765 2328 in
2816 2277 3207 2333 sacratissima
3247 2279 3381 2335 sedo
3407 2280 3467 2334 Β.
3501 2281 3657 2336 Petri

2029 2360 2294 2430 apostoli,
2323 2361 2520 2416 indict.
2553 2378 2602 2415 v.

2604 2463 2624 2489 ⁸
2797 2452 2885 2506 ΙΧ.

2027 2534 2270 2596 Joannes
2292 2555 2419 2594 xvm
2442 2537 2699 2595 Ecclesia:
2721 2538 2949 2619 Ριέαῃςτ
2973 2544 3354 2602 canonicorum
3369 2547 3654 2619 possessio-

2621 2627 2711 2664 nes
2735 2613 3051 2682 conﬁrmat.

2622 2718 2822 2784 (Anno
2868 2724 3054 2788 1007.)

2314 2803 2606 2873 [UGHELL1,
2639 2804 2813 2860 Italia
2853 2823 3042 2873 sacra,
3074 2810 3168 2877 III,
3204 2812 3356 2878 356.]

2099 2907 2340 2964 JOANNES
2366 2909 2686 2982 episcOpus,
2714 2928 2912 2966 servus
2945 2930 3240 2969 servorum
3264 2914 3388 2983 Dei,
3405 2914 3651 2971 dilectis-

2031 2996 2191 3051 simis
2221 2997 2353 3052 ﬁliis
2392 2999 2601 3052 nostris
2661 2998 3059 3069 spiritualibus
3111 3002 3405 3058 canonicis
3443 3007 3653 3061 sancta;

2030 3085 2133 3140 Dei
2160 3086 2459 3141 Genitricis
2484 3103 2829 3159 semperque
2874 3088 3117 3159 virginis
3147 3091 3358 3160 Maria},
3388 3094 3652 3151 vobisve~

2030 3174 2276 3247 strisque
2304 3176 2723 3231 successoribus
2755 3175 2814 3229 in
2855 3182 3221 3248 perpetuum.

2101 3264 2304 3319 Nostro
2327 3264 2564 3336 quidem
2588 3262 2775 3319 ordini
2817 3265 3088 3337 congruit
3112 3270 3175 3320 ut
3203 3269 3520 3325 maximam
3556 3287 3653 3327 cu-

2028 3369 2156 3410 ram
2180 3353 2719 3428 exhibeamuszerga
2741 3352 3158 3426 omnipotentis
3180 3356 3280 3411 Dei
3295 3358 3656 3428 Ecclesias,et

2026 3461 2263 3519 semper
2295 3445 2492 3499 nostra
2522 3458 2691 3498 mens
2720 3441 2963 3513 pervigil
2995 3443 3199 3499 existat
3226 3445 3287 3499 in
3339 3445 3467 3502 illos
3513 3453 3655 3521 quot

2027 3535 2397 3604 agnoscimus
2419 3548 2541 3586 esse
2562 3533 2694 3587 Jesu
2716 3529 2924 3585 Christi
2946 3531 3177 3587 Domini
3200 3534 3653 3607 cultores.lgitur

2027 3625 2233 3678 notum
2276 3621 2351 3675 sit
2385 3621 2660 3675 omnibus
2699 3618 3056 3688 hominibus,
3100 3624 3221 3676 tam
3268 3616 3649 3695 praesentibus

2026 3727 2205 3782 quam
2236 3708 2462 3775 futuris,
2478 3708 2616 3779 quia
2636 3706 2898 3762 canonici
2918 3708 3245 3764 Pisanensis
3261 3711 3523 3767 Ecclesia:
3547 3712 3646 3769 de-

2024 3803 2153 3854 vote
2166 3798 2565 3872 supplicarunt
2576 3798 2837 3850 nostrum
2853 3798 3234 3867 apostolatum
3247 3815 3352 3871 per
3361 3800 3647 3857 Joannem

2025 3888 2283 3958 praefatae
2306 3884 2569 3940 Ecclesia:
2592 3882 2922 3952 diaconum,
2948 3888 3011 3939 ut
3037 3886 3515 3943 conﬂrmaremus
3535 3888 3649 3944 illis

2027 3978 2085 4029 et
2113 3975 2388 4030 omnibus
2418 3988 2622 4026 eorum
2663 3973 3080 4029 successoribus
3111 3974 3307 4029 omnia
3338 3991 3464 4047 quae
3493 3992 3648 4031 nunc

2026 4064 2286 4119 retinent
2308 4079 2374 4118 ex
2394 4064 2555 4133 parte
2572 4059 2863 4114 canonicis
2889 4061 2985 4116 ubi
3004 4062 3295 4117 constituti
3319 4067 3454 4119 sunt
3469 4081 3643 4137 prop-

2026 4156 2115 4208 ter
2141 4153 2400 4207 divinum
2432 4165 2575 4221 Opus
2603 4148 3167 4220 perficiendum.Nos
3200 4154 3416 4220 autem,
3448 4152 3640 4209 divino

2026 4241 2347 4311 spiramine
2374 4235 2726 4308 compuncti,
2752 4236 3153 4294 inclinavimus
3175 4242 3399 4294 mentes
3416 4242 3642 4297 nostras

2028 4329 2101 4382 ad
2116 4326 2515 4399 peragendam
2536 4325 2886 4380 voluntatem
2902 4326 3308 4398 praenominati
3330 4326 3642 4397 diaconi,et

2026 4420 2371 4472 caeterorum
2402 4415 2519 4469 Deo
2540 4412 2935 4468 servientimm
2959 4416 3393 4471 canonicorum.
3417 4416 3639 4473 Conﬁr-

2027 4522 2257 4560 mamns
2289 4506 2481 4574 itaque
2510 4501 2621 4555 illis
2647 4501 2926 4573 quidquid
2955 4520 3109 4557 nunc
3135 4503 3208 4559 ad
3229 4520 3483 4575 praesens
3503 4504 3639 4562 reti-

2028 4597 2188 4661 nent,
2214 4594 2328 4648 sive
2355 4608 2481 4663 quae
2494 4607 2598 4662 per
2617 4590 3027 4662 subsequentia
3040 4595 3304 4664 tempora
3338 4593 3399 4649 in
3428 4595 3642 4667 praedi-

2026 4684 2116 4736 cta
2126 4681 2406 4735 canonica
2420 4678 2716 4751 acquirere
2728 4684 2986 4751 possunt,
3003 4682 3061 4737 id
3072 4686 3158 4736 est
3168 4682 3635 4754 decimationem,

2024 4769 2220 4824 vineas
2251 4771 2308 4824 et
2334 4772 2534 4835 terras,
2568 4783 2795 4822 necnon
2809 4769 3366 4842 etreliquiapraedia.
3387 4771 3636 4837 Quicun-

2024 4874 2137 4931 que
2164 4861 2358 4912 autem
2384 4874 2452 4910 ex
2482 4856 2570 4909 his
2610 4855 2881 4911 omnibus
2928 4874 2961 4911 a
3006 4859 3130 4928 jam
3154 4859 3319 4914 dictis
3346 4861 3640 4917 canonicis

2024 4946 2249 5000 auferre
2276 4944 2599 5010 tentaverit,
2631 4944 2772 4999 sciat
2814 4962 2874 4999 se
2919 4945 3212 5003 incurrere
3251 4947 3311 5002 in
3363 4949 3634 5019 laqueum

2024 5038 2255 5089 aeterna:
2270 5035 2572 5106 gehennae.
2590 5034 2830 5105 Insuper
2841 5050 2909 5090 ex
2924 5037 3258 5091 auctoritate
3271 5036 3427 5090 omni
3431 5039 3636 5109 poten-

2023 5124 2095 5178 tis
2124 5123 2246 5191 Dei,
2268 5122 2488 5177 etbeati
2508 5121 2659 5176 Petri
2692 5123 2936 5194 apostoli
2962 5127 3019 5179 et
3050 5122 3407 5191 nostra,sciat
3435 5139 3495 5177 se
3507 5139 3630 5182 esse

2025 5211 2523 5267 excomunicatum
2550 5214 2608 5264 et
2644 5212 3036 5278 maledictum,
3069 5215 3178 5265 eta
3213 5210 3630 5269 communione

2025 5302 2082 5353 et
2100 5300 2172 5353 ab
2184 5299 2431 5353 Ecclesia
2452 5302 2804 5370 separatum,
2821 5302 2991 5370 atque
3011 5314 3141 5352 cum
3160 5297 3303 5352 Juda
3323 5300 3379 5352 et
3396 5298 3626 5358 diabolo

2023 5388 2494 5442 condemnatum.
2521 5386 2820 5454 Similiter,
2835 5384 2979 5439 sicut
2993 5383 3251 5455 superius
3262 5385 3505 5443 missum
3516 5393 3624 5459 est,

2022 5492 2128 5547 per
2142 5479 2397 5530 nostram
2413 5475 2783 5549 apostolicam
2795 5472 3191 5527 auctoritatem
3212 5475 3626 5535 conﬁrmamus

2023 5564 2105 5621 eis
2124 5564 2403 5637 praedium
2418 5565 2572 5637 quod
2592 5565 2821 5618 vocatur
2837 5559 3178 5629 Pedianum,
3194 5564 3252 5617 et
3264 5563 3488 5638 reliqua
3502 5581 3627 5623 om-

2020 5653 2121 5714 nia
2146 5670 2276 5731 quae
2294 5653 2404 5712 sibi
2425 5653 2642 5728 absque
2668 5648 2989 5730 tenimento
3017 5649 3296 5730 canonice
3314 5652 3625 5733 acquisive-
