4028 6186
492 400 626 457 ηδτ
1794 396 2079 457 JOANNIS
2106 397 2266 457 mu
2293 396 2499 458 ΡΑΡῶ
3630 412 3735 472 im

490 526 643 590 runt,
674 539 772 578 seu
802 538 929 594 quae
956 518 1013 574 in
1044 519 1218 574 antea
1252 516 1548 592 acquirere
1578 524 1835 591 possunt.
1862 521 1943 592 ξεί
1968 521 2095 593 quis
2113 527 2168 585 Α
2197 523 2396 593 glectaa
2427 524 2718 592 vilescant,
2742 524 2827 579 vel
2875 524 3132 596 qualibet
3157 524 3322 581 nacta
3349 526 3632 598 occasione,
3660 532 3731 588 de-

489 615 682 667 autem
697 610 999 682 praefatum
1030 607 1315 681 praedium
1350 625 1385 663 a
1413 609 1690 664 canonica
1729 609 1951 665 Sanctae
1981 612 2095 665 Ma-
2197 610 2318 667 bita
2331 613 2696 667 solemnitate
2716 615 3732 686 careant.Proptereaomuibussancla

491 701 591 755 riae
620 700 846 753 auferre
866 697 1128 765 voluerit,
1149 697 1531 752 anathematis
1550 698 1775 753 vinculo
1792 702 2095 771 perpetua-
2199 700 2297 754 Dei
2321 701 2581 756 Ecclesiae
2596 701 2878 770 fidelibus,
2898 702 3277 772 praesentibus
3290 703 3491 759 scilicet
3501 707 3731 775 etfuturis,

490 788 621 842 liter
647 803 707 841 se
738 786 878 841 sciat
901 802 1021 842 esse
1060 786 1529 841 condemnatum.
1562 787 1841 841 Placitum
1867 803 2096 859 quoque
2198 791 2399 843 notum
2427 806 2546 843 esse
2572 790 2831 844 volumus
2849 789 2984 861 quia
3013 790 3250 845 dilectus
3286 795 3342 847 et
3368 793 3641 864 spiritualis
3657 813 3732 851 no~

491 875 645 949 quod
669 876 1018 947 peregerunt
1037 874 1293 946 prmdicti
1320 874 1581 930 canonici
1602 892 1734 930 cum
1776 874 2093 948 archipres-
2196 881 2313 931 sler
2333 877 2481 932 filius
2508 877 2823 945 Heinricus,
2857 878 3301 948 gloriosissimus
3352 884 3510 952 atque
3542 881 3733 938 invictis

491 966 690 1036 bytero
732 963 1033 1031 Bonizonc,
1067 963 1339 1034 jubemus
1368 981 1473 1037 per
1508 964 1879 1038 apostolicam
1901 968 2094 1019 aucto-
2195 966 2373 1021 simus
2402 983 2520 1029 rex,
2546 966 2735 1020 divina
2757 965 3076 1036 inspirante
3110 968 3434 1036 clementia,
3456 969 3519 1023 de
3540 971 3733 1042 propriis

492 1054 722 1111 ritatem
752 1057 815 1108 ut
839 1054 1029 1108 nullus
1050 1053 1159 1107 dux
1195 1054 1309 1109 sive
1341 1054 1618 1122 marchio,
1650 1054 1971 1127 episcopus,
1999 1070 2093 1107 co-
2196 1054 2551 1109 haereditaris
2588 1055 2778 1121 rebus,
2811 1071 2915 1127 pro
2946 1071 3049 1109 sua
3098 1072 3449 1129 suorumque
3485 1062 3732 1128 parentum

493 1161 638 1210 mes,
665 1143 997 1209 vicecomes,
1026 1142 1113 1196 vel
1141 1159 1360 1214 magna.
1383 1159 1668 1215 parvaque
1692 1142 1945 1198 hominis
1966 1158 2095 1214 per-
2197 1144 2412 1211 anima,
2445 1143 2836 1215 episcopatum
2868 1144 2927 1197 in
2949 1144 3074 1198 loco
3090 1145 3186 1216 qui
3212 1144 3416 1199 dicitur
3435 1146 3731 1215 Babenberk,

494 1249 636 1288 sona
665 1232 874 1287 audeat
902 1232 1040 1286 illud
1079 1232 1393 1303 requirere,
1448 1232 1533 1286 vel
1579 1231 1930 1303 recapitare;
1965 1230 2100 1303 quia
2197 1233 2462 1304 perfectas
2493 1231 2624 1285 fidei
2654 1234 2711 1283 et
2747 1231 3039 1285 charitatis
3061 1232 3394 1305 devotione,
3428 1232 3482 1286 in
3511 1236 3737 1291 honorem

494 1324 691 1376 tamen
723 1321 795 1375 ad
833 1321 1013 1376 nostri
1060 1321 1408 1392 apostolatus
1440 1320 1807 1392 praesentiam
1854 1320 2098 1374 relatum
2199 1320 2513 1375 beatissimi
2538 1320 2690 1374 Petri
2719 1320 3113 1389 apostolorum
3146 1321 3418 1394 principis
3446 1338 3556 1378 esse
3575 1324 3737 1378 consti-

496 1410 651 1464 estin
671 1413 977 1480 conspectu
997 1409 1294 1465 Bonizonis
1318 1407 1797 1480 archipresbyteri
1818 1408 2100 1480 quidquid
2200 1408 2326 1477 tuit,
2344 1407 2798 1463 commutatione
2818 1408 2965 1461 facta
2970 1409 3101 1479 jure
3114 1426 3177 1463 ac
3200 1410 3459 1481 legaliter
3474 1428 3589 1465 cum
3609 1413 3738 1467 Hein-

496 1499 619 1572 ipse
649 1516 754 1571 per
781 1499 1032 1554 studium
1059 1516 1174 1554 sua:
1213 1498 1588 1569 malignitatis
1617 1498 1677 1552 in
1701 1513 1799 1551 eos
1830 1496 2097 1569 deliquit;
2200 1497 2317 1551 rico
2339 1495 2790 1566 Wirzeburgensi
2822 1495 3090 1568 episcopo
3119 1498 3191 1553 de
3221 1498 3412 1572 aliqua
3431 1502 3574 1572 parte
3609 1518 3736 1571 paro-

498 1588 598 1660 qui
628 1589 819 1642 autem
842 1588 980 1642 illud
1006 1588 1277 1660 placitum
1304 1586 1597 1659 requirere
1650 1585 2100 1658 praesumpserit,
2201 1586 2343 1640 chiae
2363 1584 2448 1639 sui
2479 1584 2853 1657 episcopatus.
2880 1584 3039 1640 Unde
3066 1586 3240 1641 etiam
3263 1586 3553 1659 praedictus
3575 1590 3740 1660 episco-

499 1680 790 1747 perpetuae
809 1675 1197 1731 maledictioni
1219 1677 1527 1747 subjaceat.
2130 1735 2179 1749 _
2202 1691 2306 1747 pus
2336 1674 2502 1728 nobis
2522 1689 2651 1728 suas
2679 1672 2896 1727 litteras
2925 1672 3100 1741 misit,
3139 1678 3221 1741 ut,
3239 1692 3345 1730 suo
3374 1677 3737 1749 consensu,pri-

570 1735 953 1819 constitutum
999 1767 1055 1819 et
1100 1735 1395 1834 peractum
1425 1767 1511 1818 est
1547 1763 1655 1818 hoc
1690 1765 2043 1836 praeceptum
2071 1779 2105 1817 a
2130 1735 2181 1795 Β
2203 1735 2408 1833 vilegio
2439 1764 2647 1817 nostrae
2673 1760 3000 1832 apostolicae
3048 1735 3405 1820 auctoritatis
3445 1735 3738 1838 episcopatus

498 1852 666 1907 nobis
697 1854 755 1907 in
782 1868 1030 1923 persona
1052 1852 1464 1907 canonicorum
1492 1853 1550 1907 S.
1577 1851 1788 1919 Mariae,
1823 1850 1921 1923 qui
1938 1854 2100 1907 sunt:
2205 1852 2427 1907 noviter
2454 1854 2633 1907 factus
2665 1849 3022 1906 fundaretur.

567 1943 767 1996 Petrus
796 1942 1025 1997 Domini
1048 1943 1234 2014 gratia
1264 1942 1740 2014 archipresbyter.
2278 1943 2388 1996 Pro
2419 1958 2534 2014 qua
2562 1942 2783 1999 ratione
2832 1940 3129 1997 Heinricus
3158 1942 3439 1997 secundus
3465 1941 3740 2013 gloriosissi-

566 2032 767 2086 Petrus
796 2030 1046 2085 decanus
1075 2034 1132 2086 et
1167 2034 1387 2086 cantor.
2203 2047 2332 2085 mus
2358 2047 2457 2085 rex
2482 2031 2713 2086 nuntios
2742 2049 2874 2088 suos
2895 2031 2968 2087 ad
2990 2047 3094 2085 nos
3123 2029 3353 2097 direxit,
3383 2030 3474 2103 qui
3491 2031 3632 2085 nobis
3650 2031 3739 2086 hac

566 2120 815 2175 Joannes
843 2119 1297 2176 archidiaconus.
2205 2119 2403 2174 omnia
2440 2119 2716 2189 dicerent,
2748 2124 2805 2176 et
2836 2137 2942 2175 nos
2967 2135 3070 2192 pro
3112 2120 3219 2174 hac
3249 2119 3385 2174 sede
3411 2119 3743 2175 continuando.

474 2264 477 2267 .
565 2209 816 2265 Joannes
845 2210 1037 2280 presb.
1072 2211 1130 2265 et
1146 2206 1531 2281 primicerius.
2203 2206 2657 2280 interpellarent.
2675 2207 3275 2282 Cujussanctissimam
3298 2207 3743 2268 imitationeth-

564 2298 823 2354 Andreas
854 2298 1172 2370 presbyter.
2202 2294 2566 2352 timationem
2578 2296 2628 2361 ?]
2638 2300 2879 2368 paterna
2909 2300 2966 2353 et
2995 2295 3357 2369 praecordiali
3387 2295 3656 2350 dilectione
3674 2294 3741 2350 in-

563 2387 757 2441 Albizo
796 2387 986 2457 presb.
1021 2389 1077 2440 et
1096 2388 1301 2440 custos.
2199 2387 2444 2454 tuentes,
2468 2402 2674 2441 omnes
2689 2402 2779 2441 res
2800 2402 2940 2459 quas
2965 2386 3024 2440 B.
3040 2387 3208 2440 Petro
3238 2384 3606 2457 apostolorum
3619 2384 3741 2456 prin-

563 2474 897 2528 Dominicus
925 2474 1241 2545 presbyter.
1488 2508 1497 2513 ι
2198 2472 2533 2543 cipi,inloco
2548 2474 2990 2547 praenominato,
3005 2473 3268 2545 legitima
3297 2472 3515 2529 ratione
3534 2472 3742 2527 collectas

559 2562 921 2616 Amalfredus
958 2561 1280 2633 presbyter.
2196 2562 2456 2631 contulit,
2499 2566 2709 2618 nostra;
2737 2562 3089 2618 auctoritatis
3122 2562 3424 2635 privilegio
3456 2563 3740 2618 conﬁrmem

560 2646 731 2705 Ursus
760 2652 1080 2723 presbyter.
2198 2649 2655 2719 decernimus,ea
2671 2650 2934 2707 videlicet
2948 2650 3173 2705 ratione
3189 2653 3254 2705 ut
3266 2651 3553 2726 episcopus
3566 2651 3665 2722 ejus
3678 2649 3740 2703 lo-

557 2738 764 2793 Bonizo
792 2738 1109 2810 presbyter.
2195 2739 2245 2794 ci
2254 2738 2437 2811 ,etqui
2452 2738 2509 2793 in
2523 2742 2866 2812 perpetuum
2878 2738 2963 2794 sui
2977 2739 3192 2794 fuerint
3203 2754 3745 2808 successores,easecu-

552 2829 803 2883 Joannes
830 2828 1149 2900 presbyter.
2197 2844 2261 2882 ra
2280 2826 2695 2899 tranquillitate
2717 2827 3065 2899 possideant,
3090 2829 3148 2881 et
3166 2826 3412 2883 liberam
3428 2829 3740 2899 habeantpo.

558 2916 670 2971 Leo
709 2918 1027 2989 presbyter.
2192 2917 2456 2971 testatem
2470 2933 2559 2972 res
2571 2920 2628 2971 et
2637 2916 3015 2989 proprietates
3030 2916 3288 2988 ejusdem
3310 2917 3549 2973 ecclesia:
3562 2915 3741 2971 ordina-

554 3004 787 3061 Theudo
818 3007 1134 3079 presbyter.
2112 3009 2161 3072 C
2194 3020 2253 3059 re
2267 3008 2438 3077 atque
2450 3007 2913 3077 componere,vel
2924 3005 3099 3060 etiam
3112 3010 3507 3077 augmentare;
3519 3005 3740 3076 dissipare

554 3093 783 3150 Uvinizo
808 3096 1127 3167 presbyter.
2192 3111 2324 3149 vero
2355 3098 2525 3167 atque
2538 3095 2895 3150 confundere
2923 3094 3141 3149 nullam
3170 3094 3739 3168 habeantpotestatem.

553 3183 817 3238 Albertus
846 3185 1162 3256 presbyter.
2262 3184 2464 3238 Nostra
2476 3200 2705 3256 quoque
2718 3182 3054 3238 auctoritate
3065 3183 3358 3239 sancimus
3371 3183 3448 3238 uti
3465 3184 3518 3238 in
3530 3180 3740 3237 laminis

551 3272 802 3327 Joannes
826 3272 1120 3328 diaconus.
2188 3274 2247 3327 et
2270 3271 2330 3326 in
2369 3272 2541 3327 rebus
2573 3271 2831 3344 ejusdem
2882 3270 3139 3327 ecclesia).
3188 3272 3353 3327 nulla
3404 3272 3475 3328 sit
3506 3268 3740 3327 infestatio

548 3360 749 3415 Petrus
776 3359 1070 3415 diaconus.
2185 3364 2593 3433 tyrannorum,
2622 3360 2711 3415 vel
2737 3359 2984 3415 aliorum
3040 3360 3438 3431 quorumlibet
3483 3371 3739 3434 pravomm

548 3447 845 3502 Albericus
872 3448 1167 3503 diaconus.
2182 3449 2513 3524 hominum,
2536 3448 2652 3504 sive
2674 3448 2791 3503 sint
2813 3447 2875 3502 in
2894 3447 3119 3502 civitate
3145 3446 3270 3521 ipsa
3303 3447 3637 3514 Babenberk,
3654 3443 3741 3500 sive

552 3534 884 3590 Dominicus
902 3535 1199 3591 diaconus.
2186 3536 2247 3591 in
2299 3536 2544 3592 castellis
2597 3538 2655 3591 et
2695 3535 2861 3605 villis,
2905 3534 3079 3591 servis
3102 3538 3161 3590 et
3191 3536 3435 3605 ancillis,
3459 3530 3738 3598 tributarii»

548 3623 662 3678 Leo
687 3621 945 3680 clericus.
2185 3624 2442 3695 decimis,
2480 3624 2808 3694 forestibus,
2864 3623 3035 3692 silvis,
3078 3623 3509 3696 piscationibus,
3536 3619 3742 3679 venatio-

547 3711 736 3767 Bonus
771 3712 922 3769 ﬁlius
951 3714 1209 3770 clericus.
2185 3714 2375 3783 nibus,
2414 3711 2786 3781 molendinis,
2839 3711 3082 3784 campis,
3125 3711 3327 3784 pratis,
3354 3711 3582 3785 pascuis,
3613 3706 3742 3764 terris

547 3800 789 3858 Obertus
818 3802 1075 3859 clericus.
2184 3802 2349 3857 cultis
2379 3806 2436 3857 et
2461 3801 2711 3870 incultis,
2744 3804 2803 3856 et
2830 3800 3113 3874 quidquid
3140 3799 3321 3856 modo
3348 3801 3480 3856 illuc
3520 3798 3741 3873 pertinet,

548 3890 621 3945 Ut
646 3893 843 3947 autem
865 3890 1052 3946 verius
1071 3891 1354 3960 credatur,
1382 3891 1533 3948 etab
1552 3891 1823 3948 omnibus
1854 3908 2083 3949 conser-
2184 3892 2269 3947 vel
2302 3891 2361 3947 in
2391 3891 2648 3948 futurum
2674 3888 2892 3963 acquiri
2943 3888 3139 3961 possit,
3171 3904 3278 3962 per
3315 3892 3521 3945 nostra:
3543 3884 3741 3943 auctori-

476 3982 657 4048 vetur,
683 3979 1096 4054 perpetualiter
1129 3979 1339 4035 nostris
1377 3979 1626 4052 propriis
1660 3979 1914 4036 articulis
1944 3998 2083 4036 con-
2186 3980 2317 4036 tatis
2345 3979 2712 4053 privilegium
2760 3978 3220 4044 corroboratum,
3274 3977 3339 4032 in
3379 3993 3567 4033 secura
3591 3973 3741 4048 quiete

478 4067 834 4123 ﬁrmavimus
904 4069 1013 4124 hoc
1067 4068 1456 4141 privilegium,
1524 4068 1758 4142 insuper
1826 4072 2085 4125 nostram
2185 4070 2545 4143 permaneat.
2564 4068 2761 4123 Nullus
2781 4064 2862 4122 ibi
2882 4066 3577 4138 comes‘autjudexlegem
3594 4063 3740 4117 facere

478 4157 747 4231 papalem
772 4157 989 4213 bullam
1010 4158 1207 4213 subter
1230 4157 1452 4229 imponi
1476 4158 1617 4230 jussi
1626 4175 1771 4214 mus.
2185 4157 2631 4231 praesumat,nisi
2645 4173 2820 4230 quam
2833 4172 2940 4228 per
2950 4153 3387 4211 concessionem
3401 4146 3742 4227 gloriosissimi

550 4245 799 4301 Joannes
837 4246 929 4318 (2),
961 4245 1153 4301 divina
1180 4248 1475 4318 praeeunte
1501 4246 1828 4316 clementia,
1874 4249 2085 4303 sanctas
2108 4290 2161 4351 Β
2186 4247 2339 4319 regis
2364 4245 2612 4303 Heinrici
2642 4246 2729 4301 vel
2759 4260 3151 4300 successorum
3180 4243 3305 4315 ejus
3344 4243 3623 4316 episc0pus
3660 4234 3743 4291 loci

550 4333 922 4351 u,-1!,,,n,,|
995 4333 1005 4344 ο
1104 4350 1111 4351 ,
1181 4349 1191 4351 _
1236 4334 1359 4351 ann,
1524 4350 1527 4351 ,
1654 4335 1669 4351 1
2228 4337 2239 4348 ο
2329 4337 2345 4351 1
2494 4335 2510 4351 1
2551 4333 2586 4351 ιο
2652 4350 2655 4351 ,
2738 4337 2749 4351 ι
2805 4334 2850 4351 ιτ
2895 4332 2957 4351 n-
2993 4325 3719 4351 -s!_,__m-n_,,a-_11:_-_._'-

479 4333 774 4389 catholicas
799 4333 1062 4390 Ecclesiae
1092 4334 1435 4407 apostolicus
1464 4335 1693 4407 praesul.
2108 4325 2161 4351 ν
2189 4337 2448 4408 ejusdem
2479 4333 2775 4407 deligeret.
2805 4332 2972 4389 Nulla
2986 4332 3176 4387 aliena
3192 4335 3447 4404 potestas
3464 4330 3539 4386 ibi
3554 4325 3742 4403 pervio-

552 4421 759 4476 Datum
788 4425 846 4477 et
867 4422 1144 4494 scriptum
1181 4438 1288 4495 per
1326 4440 1534 4478 manus
1580 4423 1735 4479 Petri
1760 4424 2086 4481 cancellarii
2188 4424 2428 4480 lentiam
2457 4424 2657 4480 irruat.
2691 4424 2778 4481 Sit
2795 4423 2892 4479 ille
2909 4422 3269 4496 episcopatus
3289 4422 3443 4478 liber
3463 4413 3741 4477 etabomni

481 4508 627 4563 sacri
657 4509 1055 4566 Lateranensis
1083 4511 1282 4584 palatii
1311 4512 1372 4567 in
1404 4528 1604 4568 mense
1634 4513 1840 4582 Madio,
1871 4513 1993 4570 ind.
2034 4532 2086 4570 v.
2190 4516 2471 4590 potestate
2492 4516 2763 4569 extranea
2786 4528 3037 4578 securus,
3077 4512 3343 4570 Romano
3392 4502 3740 4571 tantummodo

1265 4618 1327 4674 X.
1996 4672 2005 4677 ι
2187 4602 2600 4669 mundiburdio
2631 4601 2707 4675 (3)
2750 4600 3008 4658 subditus
3038 4616 3053 4656 :
3085 4608 3369 4676 quatenus
3399 4604 3667 4677 episcopus
3690 4608 3741 4648 eo

481 4698 734 4776 Diploma
755 4705 984 4764 Joannis
1014 4706 1249 4785 X_V11_I,
1279 4724 1383 4781 quo
1428 4710 1709 4779 conﬁrmat
1736 4712 2088 4785 episcopatum
2190 4692 2396 4785 melius
2425 4707 2560 4785 Ψηῖ
2586 4689 2878 4785 canonicis
2918 4691 3050 4785 silis.
3077 4693 3307 4785 εθιῖνίιίρ
3331 4693 3433 4785 De?
3456 4680 3742 4785 imi'

1050 4778 1531 4854 Bambequcmem.’
1759 4778 1773 4782 ⁷
1897 4778 1912 4785 ⁷
2189 4784 2359 4850 stere,
2392 4783 2450 4835 et
2474 4778 2650 4851 primi
2679 4779 3083 4835 constructoris
3120 4781 3382 4854 ejusdem
3411 4780 3518 4835 loci
3544 4780 3595 4833 et
3615 4787 3742 4829 recu-

1085 4886 1278 4954 (Anno
1312 4886 1493 4959 1007.)

2188 4868 2470 4942 peratoris
2488 4867 2709 4940 jugiter
2761 4868 3109 4925 memoriam
3165 4869 3404 4926 habere.
3466 4867 3547 4924 Sit
3583 4867 3741 4959 tamen

889 4951 1109 5043 [ms];
1139 4974 1331 5030 conca,
1356 4951 1485 5043 Xlx;
1506 4973 1656 5045 235.]
2186 4957 2342 5013 idem
2370 4973 2472 5012 suo
2509 4955 2957 5045 metropolitano
3000 4957 3081 5017 [in
3131 4957 3251 5013 cod.
3317 4957 3509 5014 Vienn.
3539 4951 3738 5045 additum

2183 5044 2610 5119 archiepiscOpo
2661 5043 3023 5116 Moguntino]
3093 5046 3383 5118 subjectus
3433 5048 3591 5117 aulae
3631 5037 3738 5092 ohe.

2181 5134 2363 5189 diens.
2398 5133 2735 5205 Quicunque
2784 5132 2908 5188 haec
2946 5137 3235 5205 praecepta
3278 5130 3591 5197 servaverit,
3627 5122 3737 5181 divi-

2178 5240 2315 5278 nam
2346 5220 2881 5278 remunerationem
2917 5224 2975 5276 et
3028 5221 3402 5294 apostolicam
3432 5211 3734 5276 benedictio-

2176 5329 2312 5368 nem
2340 5310 2601 5384 accipiat.
2636 5309 2742 5375 Qui
2802 5312 2993 5366 autem
3027 5298 3395 5382 contemptor
3438 5312 3493 5365 et
3539 5303 3733 5360 violator

2173 5400 2470 5467 exstiterit,
2493 5399 2756 5472 perpetui
2787 5399 3176 5454 anathematis
3206 5390 3729 5461 damnationisubja-

2168 5492 2311 5560 ceat,
2345 5488 2455 5544 nisi
2491 5487 2831 5562 resipiscens
2882 5486 2957 5543 ad
2984 5486 3434 5545 satisfactionem
3460 5477 3724 5561 perveniat.

546 5075 788 5137 Joannes
817 5079 1136 5153 episcoqus,
1157 5096 1348 5135 servus
1363 5097 1657 5137 servorum
1682 5081 1805 5137 Dei.

473 5168 657 5224 Oﬁlcii
683 5168 865 5225 nostri
887 5170 973 5224 est
1001 5167 1267 5223 omnium
1299 5173 1633 5225 sanctarum
1675 5170 1777 5226 Dei
1798 5170 2075 5227 Ecclesia-

467 5274 601 5313 rum
629 5258 936 5313 commoda
965 5257 1314 5331 generaliter
1335 5258 1720 5327 considerare,
1747 5262 1805 5314 et
1821 5260 2072 5316 maxime

462 5361 664 5401 earum
702 5363 829 5418 quae
853 5347 1177 5418 specialiter
1211 5348 1315 5402 sub
1339 5347 1470 5418 jure
1492 5363 1556 5401 ac
1572 5346 1832 5403 dominio
1859 5352 2069 5404 nostrae

457 5433 735 5489 Romanae
753 5436 1015 5491 Ecclesiae
1032 5435 1378 5502 consistunt;
1401 5436 1447 5489 si
1470 5435 1626 5508 quod
1639 5438 1725 5490 est
1742 5435 2066 5492 incommo-

457 5520 618 5588 dum,
640 5522 892 5590 abolere,
923 5541 997 5579 ne
1024 5540 1130 5596 pro
1158 5524 1315 5595 gravi
1341 5523 1818 5579 incommoditate
1843 5542 1946 5582 sua
1962 5543 2064 5582 ne-

521 5625 604 5698 (2)
627 5625 905 5684 Tabulam
928 5629 1077 5683 hanc
1104 5629 1315 5687 Joanni
1349 5629 1511 5689 XVIII
1541 5630 1912 5690 tribuendam
1939 5650 2064 5691 esse
2239 5633 2314 5708 (3)
2343 5629 2802 5691 Mundiburdium
2829 5631 2918 5688 est
2956 5628 3212 5706 (ie/mia.

447 5716 705 5779 clausula
728 5715 915 5777 docet.
949 5716 1137 5777 «ἰωή.
