4012 6180
316 386 468 453 H89

1561 378 1936 444 EPISTOLE
1962 380 2055 445 Et
2079 380 2478 446 DIPLWATA

3559 387 3699 450 M90

396 509 708 584 Scriptum
733 519 842 582 per
857 502 1069 563 manus
1084 504 1243 562 Petri
1274 504 1487 564 notarii
1515 508 1574 562 et
1599 504 1883 562 scriniarii
1903 508 1962 565 S.
1988 511 2046 570 Δ
2070 509 2374 566 beatorum
2401 509 2795 584 apostolorum
2822 502 2984 566 Petri
3024 502 3084 563 et
3117 503 3283 564 Pauli
3312 506 3705 569 anathematis

323 601 394 657 Β.
426 602 490 656 Ε.
522 599 586 655 in
611 613 819 654 mense
837 592 1008 653 Junio
1038 593 1237 650 indict.
1264 610 1319 650 v.

1100 702 1187 757 XI.

328 795 699 867 C’onﬁrmalio
718 789 1141 868 privilegiorum
1162 790 1566 868 el_metropoliei
1585 791 1733 863 juris
1748 789 1967 868 Sancta

848 860 1135 919 Tolosam
1171 860 1443 919 Ecclesié.
1585 860 1597 863 ⁷
1868 864 1875 869 ’

948 967 1139 1037 (Anno
1174 968 1358 1041 1007.)

438 1083 868 1157 [ϐοοουειικεθ
894 1072 1111 1131 Bullar.
1138 1074 1377 1149 amplas.
1402 1073 1620 1133 C’ollect.
1638 1076 1683 1144 Ι,
1711 1078 1858 1148 243.]

405 1190 652 1246 Joannes
683 1185 1005 1260 episcopus,
1035 1199 1230 1238 servus
1252 1199 1550 1239 servorum
1580 1182 1703 1251 Dei,
1727 1180 1973 1238 dilectis-

333 1278 485 1339 simo
514 1278 576 1332 in
608 1274 859 1332 Domino
887 1273 1018 1328 Jesu
1045 1271 1269 1327 Christo
1301 1271 1419 1326 filio
1463 1273 1770 1327 RAYMUNDO
1797 1286 1969 1325 vene-

335 1366 509 1427 rabili
538 1364 809 1438 episcopo
834 1361 984 1418 sedis
1010 1360 1262 1429 Tolosae,
1292 1360 1515 1434 tuisque
1553 1358 1973 1415 successoribus

332 1455 400 1517 in
437 1456 809 1529 perpetuum.

412 1542 695 1600 Convenit
751 1541 1064 1615 apostolico
1114 1538 1503 1595 moderamini
1551 1538 1648 1611 pia
1687 1535 1975 1607 religione

338 1616 695 1708 pollentibus
738 1631 1022 1687 benevola
1068 1628 1470 1701 compassione
1525 1641 1878 1693 succurrere,
1919 1627 1978 1679 et

336 1720 704 1795 poscentium
730 1718 947 1775 animis
974 1717 1147 1774 alacri
1178 1716 1480 1772 devotione
1518 1712 1803 1787 impertiri
1834 1729 1974 1768 con-

2064 598 2292 654 vinculo
2320 598 2589 672 ligatum,
2624 602 2683 656 et
2728 616 2866 655 cum
2917 596 3150 652 diabolo
3191 599 3250 652 et
3295 599 3572 657 omnibus
3600 600 3707 658 im-

2064 685 2195 758 piis,
2255 705 2502 761 quorum
2557 688 2713 761 ignis
2763 704 2891 743 non
2928 685 3348 757 exstinguetur,
3395 691 3453 742 et
3493 689 3708 748 vermis

2062 790 2186 829 non
2215 777 2517 846 morietur,
2536 778 2662 833 sine
2680 778 2801 832 ﬁne
2831 776 3202 842 damnatum,
3235 775 3347 830 nisi
3376 776 3449 830 ad
3468 778 3706 848 plenam

2066 865 2547 922 emendationem
2573 866 2856 922 festinare
2887 863 3193 919 studuerit.
3218 864 3326 929 Qui
3354 882 3490 921 vero
3519 868 3707 922 custos

2065 954 2125 1006 et
2150 952 2483 1009 observator
2514 954 2797 1010 exstiterit
2826 954 3006 1025 hujus
3032 952 3213 1008 nostri
3252 954 3549 1025 apostolici
3588 956 3704 1027 pri-

2065 1037 2260 1112 vilegii
2304 1042 2364 1096 in
2405 1044 2676 1098 omnibus
2706 1040 3141 1098 benedictionis
3169 1042 3417 1115 gratiam
3447 1047 3505 1098 et
3532 1044 3705 1100 mise-

2068 1127 2402 1199 ricordiam,
2430 1131 2722 1205 vitamque
2761 1134 3055 1187 aeternam
3090 1146 3125 1185 a
3166 1130 3706 1190 misericordissima

2064 1217 2321 1273 Domino
2372 1222 2589 1288 nostro,
2622 1219 2905 1292 consequi
2933 1222 3229 1275 mereatur
3265 1219 3324 1274 in
3364 1223 3574 1278 saecula
3600 1239 3705 1278 saa-

2072 1305 2356 1362 culorum.
2386 1309 2591 1363 Amen.

2112 1392 2437 1475 "Scriptum
2455 1413 2560 1475 per
2589 1413 2802 1475 manus
2833 1396 3120 1475 Stephani
3146 1396 3357 1452 notarii
3382 1399 3705 1475 etscriniaf

2064 1466 2343 1545 .riiusacri
2392 1466 2796 1545 Lateranensis
2835 1466 3043 1541 palatii
3092 1467 3151 1524 in
3181 1485 3383 1524 mense
3427 1470 3619 1537 Iunio,
3650 1472 3711 1527 et

2072 1536 2391 1595 indictione
2419 1539 2640 1611 quinta.

2147 1626 2299 1683 Bene
2336 1629 2538 1684 valete.

2841 1719 2934 1774 ΧΙ.

342 1826 577 1901 sensim!
611 1825 625 1864 ε
660 1826 733 1901 εξξ
768 1809 883 1864 hoc
914 1806 1072 1862 enim
1102 1805 1245 1901 lucri
1272 1801 1974 1901 Ροῐίεδίξξιυπι-Ρῒθδξηίυω
2003 1831 2056 1894 Β
2075 1816 2315 1878 Joannes
2370 1822 2586 1880 XVIII
2627 1825 2930 1901 privilegia
2993 1823 3307 1882 monasterii
3353 1824 3713 1883 Floriacmis

345 1899 499 1973 apud
546 1897 913 1954 conditorem
961 1894 1227 1951 omnium
1286 1892 1588 1966 reponitur
1635 1890 1973 1961 Dominum,

345 1986 578 2062 quando
599 1983 961 2042 venerabilia
989 1984 1116 2038 loca
1143 1984 1465 2055 opportune
1481 1980 1746 2037 ordinata
1763 1980 1838 2036 ad
1852 1996 1976 2035 me-

346 2077 554 2132 liorem
582 2074 806 2130 fuerint
853 2073 982 2128 sine
1015 2070 1190 2127 dubio
1218 2073 1428 2125 statum
1456 2069 1750 2142 perducta.
1797 2068 1979 2141 Igitur

348 2164 485 2239 quia
536 2166 724 2218 vestra
777 2159 1011 2217 dilectio
1063 2162 1260 2215 nostro
1294 2157 1637 2231 apostolatui
1679 2156 1978 2213 humiliter

346 2252 600 2326 postulat
645 2268 681 2307 a
720 2250 896 2307 nobis
925 2250 1207 2321 quatenus
1244 2246 1628 2302 concedamus
1669 2249 1727 2300 et
1763 2244 1976 2301 contir-

348 2354 576 2397 memus
626 2339 734 2396 tibi
769 2339 899 2412 jam
940 2337 1088 2393 dicto
1140 2336 1404 2409 episcopo
1444 2333 1742 2389 ecclesiam
1779 2336 1975 2405 proto-

351 2427 619 2501 martyris
648 2425 956 2500 Stephani,
997 2428 1053 2479 et
1081 2423 1273 2480 Sancti
1303 2420 1622 2489 Saturnini,
1654 2423 1710 2476 et
1753 2422 1979 2478 Sanctae

348 2515 559 2584 Mariae,
615 2515 775 2589 quod
834 2514 1068 2568 vocatur
1113 2511 1262 2566 sedis
1286 2510 1507 2566 Tolosaa
1547 2525 1679 2564 cum
1709 2509 1981 2565 omnibus

355 2602 549 2659 fundis
580 2605 638 2658 et
668 2601 958 2658 casalibus
986 2600 1072 2653 vel
1102 2597 1437 2671 adjacentiis
1477 2612 1699 2664 eorum,
1734 2598 1844 2652 hoc
1875 2600 1979 2666 est,

354 2691 521 2760 casis,
563 2690 770 2759 vineis,
818 2687 987 2744 terris
1034 2690 1091 2742 et
1132 2686 1303 2753 silvis,
1331 2688 1501 2759 atque
1535 2685 1700 2752 villis,
1741 2685 1978 2758 campis,

342 2779 553 2853 pratis,
584 2778 835 2852 pascuis,
862 2775 1093 2844 salictis,
1117 2774 1419 2830 arboribus
1446 2772 1765 2847 pomiferis,
1784 2773 1981 2828 fructi-

354 2867 494 2924 feris
507 2864 987 2924 velinfructiferis
998 2862 1202 2919 diversi
1218 2862 1469 2934 generis,
1491 2860 1980 2933 puteis,fontibus,

357 2956 513 3023 rivis,
544 2954 711 3027 aquis
752 2968 1153 3027 aquarumque
1206 2950 1557 3017 decursibus,
1607 2948 1980 3017 molendinis,

356 3041 793 3116 piscationibus,
848 3056 1079 3095 necnon
1116 3041 1173 3095 et
1214 3037 1529 3094 salinarum
1567 3036 1712 3104 ﬁlas,
1765 3038 1982 3092 cultum

2725 1918 3067 1986 propugnat.

2571 2018 2758 2091 (Circa
2788 2035 3021 2075 annum
3044 2021 3230 2093 1008.)

2153 2118 2323 2193 [Gall.
2351 2120 2548 2183 Christ.
2585 2127 2627 2180 t.
2657 2123 2798 2193 VIII,
2825 2142 2886 2198 p.
2922 2127 3012 2194 t8,
3054 2143 3121 2181 ex
3152 2126 3418 2183 biblioth.
3441 2127 3640 2203 Vatic.]

2151 2229 2423 2299 Joannes,
2456 2246 2648 2286 servus
2676 2248 2984 2288 servorum
3014 2232 3137 2302 Dei,
3180 2234 3713 2307 praecellentissimo

2081 2313 2435 2373 Francorum
2466 2319 2591 2392 regi
2621 2321 2883 2377 Roasaro
2932 2321 3298 2378 ecclesiastici
3343 2323 3581 2379 honoris
3632 2323 3714 2381 vi-

2080 2420 2472 2477 gorem........

2154 2492 2304 2548 Olim
2349 2494 2506 2550 fama
2560 2495 2834 2567 vulgante
2878 2500 3154 2567 vestram,
3186 2500 3716 2573 praecellentissime

2082 2599 2286 2655 regum
2295 2583 2757 2652 ,ecclesiasticum
2769 2585 3065 2642 honorem
3077 2587 3464 2661 comperimus
3475 2588 3716 2663 diligere

2044 2731 2048 2735 ,
2083 2672 2255 2742 atque
2285 2674 2483 2726 tenere
2523 2672 2968 2742 excellentiam;
3004 2692 3087 2737 ex_
3111 2693 3228 2750 qua
3261 2693 3319 2731 re
3371 2694 3602 2733 necesse
3631 2683 3720 2736 est

2082 2761 2164 2826 ut,
2193 2758 2239 2813 si
2272 2759 2518 2814 aliarum
2550 2760 2929 2818 ecclesiarum
2957 2764 3149 2821 honor
3177 2783 3211 2821 a
3240 2765 3399 2821 vobis
3437 2768 3718 2825 excolitur

2083 2863 2213 2902 eam
2228 2864 2357 2921 qua:
2375 2847 2640 2903 omnium
2662 2852 2835 2921 caput
2854 2855 2945 2906 est
2956 2855 3115 2908 tanto
3136 2853 3383 2924 amplius
3393 2854 3713 2926 honoretis,

2082 2938 2302 3008 quanto
2321 2937 2545 2991 constat
2558 2935 2812 3010 reliquas
2832 2939 2909 2995 ab
2930 2938 3054 3011 ipsa
3068 2940 3369 2996 exordium
3381 2942 3711 3015 sumpsisse.

2082 3022 2481 3095 Comperimus
2506 3026 2701 3079 autem
2730 3026 3017 3097 quosdam
3040 3027 3333 3101 episcopos
3352 3029 3519 3084 vestri
3541 3032 3712 3103 regni

356 3111 447 3186 vel
492 3130 810 3195 incultum;
853 3144 971 3184 una
1023 3144 1156 3183 cum
1184 3126 1358 3181 servis
1388 3128 1446 3180 et
1480 3123 1721 3192 ancillis,
1762 3124 1982 3180 colonis
2008 3115 2056 3177 C
2082 3111 2482 3167 auctoritatem
2544 3112 2695 3168 sedis
2741 3115 3093 3185 αροειοϋοω,
3126 3133 3300 3189 quam
3341 3116 3401 3172 in
3445 3119 3713 3177 BOmana

360 3220 421 3272 et
446 3217 764 3274 colonabus
793 3216 1011 3271 ibidem
1042 3214 1487 3287 pertinentibus,
1529 3216 1586 3268 et
1628 3229 1760 3268 cum
1792 3212 1980 3267 omni-

359 3304 468 3360 bus
521 3321 695 3378 supra
748 3303 959 3376 scripto
1010 3302 1274 3375 episcopo
1314 3302 1435 3375 (leg.
1478 3300 1849 3373 episcopatui,
1895 3300 1983 3354 vel

358 3392 669 3467 episcopio)
708 3392 1060 3464 generaliter
1090 3393 1147 3446 et
1175 3390 1235 3446 in
1285 3390 1512 3462 integro
1562 3388 1984 3462 pertinentibus

358 3480 533 3536 situm
564 3480 624 3535 in
656 3480 931 3535 comitatu
959 3479 1264 3545 Tolosano,
1305 3478 1411 3533 tibi
1450 3480 1621 3550 atque
1646 3477 1982 3533 successori-

358 3570 466 3627 bus
478 3568 588 3624 tuis
608 3568 986 3624 detinendum
996 3609 1009 3634 ,
1025 3566 1232 3622 emissa
1245 3565 1630 3638 praeceptione
1644 3566 1980 3633 concedere,

360 3659 419 3711 et
453 3656 801 3712 conﬁrmare
849 3656 1211 3711 deberemus.
1258 3654 1521 3709 Inclinati
1568 3654 1832 3726 precibus
1871 3654 1983 3708 tuis

356 3761 464 3817 per
490 3745 660 3816 hujus
690 3743 975 3816 privilegii
1001 3743 1211 3798 seriem
1242 3759 1411 3813 supra
1454 3742 1729 3814 scriptum
1763 3741 1979 3813 episco-

356 3849 498 3905 pum
513 3832 635 3904 (leg.
654 3832 1065 3904 episcopatum,
1082 3831 1166 3885 vel
1176 3830 1544 3903 episcopium)
1559 3847 1691 3885 cum
1712 3830 1983 3885 omnibus

358 3920 552 3975 fundis
574 3922 631 3973 et
664 3919 943 3974 casalibus
964 3918 1100 3985 suis,
1126 3919 1212 3973 vel
1233 3934 1363 3973 cum
1386 3918 1657 3973 omnibus
1684 3917 1979 3989 pertinen-

358 4007 456 4062 tiis
494 4011 552 4062 et
578 4006 933 4079 adjacentiis,
969 4009 1032 4060 ut
1085 4005 1345 4078 superius
1388 4005 1617 4075 legitur,
1650 4022 1682 4059 a
1712 4005 1982 4077 praesenti

361 4094 565 4167 quinta
622 4094 955 4161 indictione,
1007 4096 1064 4147 et
1117 4110 1295 4166 usque
1343 4093 1403 4147 in
1454 4096 1819 4165 perpetuum,
1877 4092 1979 4147 tibi

360 4184 588 4256 tuisque
631 4181 1049 4237 successoribus
1092 4181 1458 4237 concedimus
1487 4184 1544 4236 et
1570 4180 1982 4236 conﬁrmamus

363 4271 763 4327 detinendum.
799 4272 1038 4343 Insuper
1067 4270 1429 4325 decernimus
1460 4273 1520 4323 ut
1549 4270 1739 4324 nullus
1766 4268 1981 4341 episco-

361 4376 473 4433 pus
502 4359 561 4413 in
609 4358 719 4413 illis
749 4359 1008 4430 partibus
1035 4360 1248 4414 habeat
1286 4356 1579 4412 licentiam
1627 4358 1686 4412 in
1719 4359 1837 4412 toto
1866 4358 1983 4413 fine

365 4445 639 4520 episcopii
685 4445 768 4500 tui
807 4445 1129 4519 quamlibet
1164 4444 1591 4500 ordinationem
1620 4444 1829 4512 facere,
1874 4445 1983 4500 nisi

363 4534 542 4591 fuerit
576 4536 674 4588 tuo
703 4550 1006 4589 consensu.
1043 4534 1402 4605 Quapropter
1423 4535 1735 4587 statuentes
1759 4536 1984 4605 aposto-

2082 3200 2223 3254 urbe
2248 3201 2448 3255 beatus
2492 3202 2691 3256 Petrus
2719 3202 2836 3257 suis
2859 3204 3065 3259 tribuit
3092 3205 3530 3272 successoribus,
3562 3207 3709 3265 adeo

2082 3289 2440 3362 contemptui
2481 3290 2697 3345 habere
2731 3294 2797 3353 ut
2834 3293 3166 3349 nullatenus
3210 3311 3269 3347 se
3307 3294 3710 3353 observaturos

2082 3376 2295 3433 dicant.
2349 3380 2535 3444 Quam
2588 3381 3019 3438 contumaciam
3073 3382 3134 3437 in
3180 3382 3571 3455 Transalpinis
3600 3402 3708 3442 nos

2083 3466 2381 3524 audientes
2436 3468 2561 3523 fore
2615 3468 2915 3542 episcopis,
2965 3473 3024 3526 et
3072 3470 3318 3527 minime
3382 3472 3704 3543 credentes,

2082 3554 2346 3612 misimus
2369 3557 2609 3613 fratrem
2642 3561 2699 3611 et
2725 3559 3131 3633 coepiscopum
3163 3563 3424 3615 nostrum
3450 3560 3570 3632 Bip.
3599 3579 3704 3617 an-

2081 3644 2344 3714 tistitem,
2376 3647 2441 3700 ut
2464 3645 2548 3700 rei
2566 3645 2865 3702 veritatem
2896 3651 3256 3721 agnosceret,
3280 3647 3374 3721 qui
3390 3666 3449 3704 se
3468 3649 3704 3722 quidem

2078 3752 2117 3791 a
2139 3734 2299 3790 vobis
2327 3733 2645 3791 honoriﬁce
2691 3739 3039 3808 susceptum,
3072 3741 3129 3791 et
3158 3736 3254 3792 diu
3284 3737 3703 3795 humanissime

2081 3826 2385 3878 tractatum
2413 3823 2673 3891 asseruit,
2700 3824 2840 3879 dum
2868 3825 2931 3880 in
2953 3826 3037 3879 sui
3068 3824 3375 3897 prmsentia
3395 3827 3701 3887 auctorita:

2082 3915 2199 3966 tem
2228 3914 2438 3966 sanctae
2469 3911 2747 3966 Romanae
2796 3912 3059 3967 Ecclesia:
3086 3912 3297 3985 despici
3327 3912 3559 3967 audivit.
3588 3915 3700 3969 Nos

2081 4015 2221 4071 ergo
2238 4016 2342 4072 pro
2373 3998 2732 4071 susceptione
2762 4000 2954 4056 fratris
2985 4004 3184 4057 vestrze
3197 4001 3548 4057 excellentia:
3566 4018 3697 4073 gra-

2082 4088 2189 4143 tias
2229 4088 2474 4162 agimus.
2510 4088 2784 4145 Miramur
2811 4093 3005 4147 autem
3034 4094 3277 4146 vestram
3317 4090 3697 4163 magniﬁcen-

2083 4178 2223 4234 tiam
2263 4179 2369 4232 hoc
2400 4177 2649 4249 potuisse
2701 4181 2943 4252 perpeti,
2984 4179 3133 4234 utin
3161 4181 3345 4235 vestra
3368 4182 3695 4251 praesentia,

2082 4284 2220 4322 nam
2246 4267 2347 4334 ibi,
2377 4267 2540 4322 sicuti
2570 4269 2978 4339 comperimus,
3006 4285 3257 4340 praesens
3280 4269 3472 4335 eratis,
3503 4274 3701 4326 sancta

2083 4358 2343 4411 Romana
2376 4356 2766 4427 despiceretur
2792 4357 3062 4412 Ecclesia.
3095 4357 3208 4413 Sed
3240 4356 3377 4429 quia
3404 4358 3513 4413 hoc
3542 4359 3700 4431 vobis

2085 4444 2435 4518 displicuisse
2494 4461 2647 4499 nunc
2696 4460 2876 4517 usque
2926 4444 3343 4513 dissimulastis,
3400 4446 3703 4504 hortamur

2085 4535 2331 4588 vestram
2364 4532 2764 4587 excellentiam
2824 4536 2888 4603 ut
2922 4534 2993 4589 de
3041 4536 3248 4589 caetero
3287 4550 3409 4588 non
3446 4535 3699 4605 taceatis,

362 4622 479 4679 lica
523 4638 785 4690 censura,
820 4623 925 4678 sub
977 4622 1153 4678 divini
1200 4620 1399 4694 judicii
1439 4620 1819 4676 obtestatione
1849 4637 1987 4675 ana-
2015 4606 2068 4667 D
2090 4620 2353 4696 quinimo
2377 4620 2537 4692 regia
2556 4623 2836 4692 potestate
2852 4621 3082 4676 decreta
3101 4622 3428 4694 apostolica:
3448 4622 3701 4680 sedisin-

363 4710 639 4765 thematis
673 4709 1063 4778 interdictum,
1094 4713 1159 4763 ut
1194 4709 1335 4763 nulli
1372 4725 1626 4780 unquam
1660 4712 1989 4764 nostrorum

365 4813 760 4852 successorum
792 4798 1152 4869 pontificum,
1200 4798 1285 4850 vel
1325 4796 1450 4851 aliae
1495 4797 1730 4851 cuilibet
1758 4814 1989 4868 magna:

360 4901 631 4957 persona:
661 4889 862 4940 contra
899 4888 953 4938 te
979 4901 1396 4939 successoresve
1435 4887 1561 4939 tuos
1587 4885 1837 4955 aliquam
1865 4902 1990 4939 mo-

369 4971 599 5027 lestiam
630 4976 728 5026 aut
758 4973 1036 5029 damnum
1068 4974 1254 5027 facere
1273 4972 1457 5038 liceat,
1476 4972 1574 5025 sed
1590 4971 1779 5043 potius
1797 4975 1989 5027 autem

365 5061 431 5116 in
468 5077 572 5115 usu
604 5064 661 5114 et
686 5060 931 5115 utilitate
960 5060 1041 5114 tui
1069 5060 1338 5132 episcopii
1386 5060 1444 5114 in
1493 5063 1835 5131 perpetuum
1867 5079 1988 5116 ma-

370 5151 527 5203 neat.
570 5148 629 5205 Si
659 5148 787 5221 quis
815 5151 1006 5203 autem
1048 5147 1356 5203 temerario
1408 5165 1550 5204 ausu
1591 5152 1793 5203 contra
1821 5149 1992 5223 hujus

371 5241 586 5293 nostrae
641 5236 966 5311 apostolicae
1008 5236 1409 5310 prazceptionis
1456 5238 1732 5311 paginam
1759 5256 1793 5294 a
1823 5240 1991 5295 nobis

368 5327 801 5400 promulgatam
840 5343 1012 5397 agere
1074 5327 1523 5400 prmsumpserit,
1571 5331 1671 5382 aut
1710 5328 1770 5382 in
1820 5345 1991 5401 supra

369 5415 584 5487 scripto
635 5416 921 5488 episcopio
963 5416 1699 5491 consecrationemgl‘ecerit,
1750 5419 1859 5473 nisi
1892 5423 1989 5475 tuo

370 5504 552 5560 fuerit
603 5520 906 5571 consensu,
960 5509 1059 5561 aut
1088 5505 1343 5577 aliquam
1382 5522 1508 5562 rem
1552 5506 1728 5579 ipsius
1775 5507 1991 5581 episco-

370 5591 456 5666 pii
510 5592 775 5648 minuere
832 5594 1093 5661 voluerit,
1142 5593 1284 5649 sciat
1340 5611 1399 5648 se
1440 5595 1656 5666 judicio
1702 5597 1992 5653 humilita-

2091 4711 2359 4765 convnlsa
2389 4725 2628 4764 manere
2666 4709 2904 4765 faciatis.
2947 4712 3112 4779 Nam,
3157 4714 3219 4765 ut
3264 4712 3434 4767 nobis
3460 4714 3702 4769 relatum

2092 4802 2195 4866 est,
2224 4798 2529 4853 memorati
2560 4798 2807 4870 episcopi
2844 4798 3163 4870 privilegia,
3195 4817 3323 4871 qua:
3354 4801 3531 4855 sancti
3558 4818 3703 4872 prse-

2092 4888 2415 4941 dccessores
2440 4887 2619 4940 nostri
2642 4891 3270 4959 regno‘concesserunt,
3298 4889 3587 4944 destruere
3609 4905 3702 4942 co-

2094 4979 2306 5029 nantur
2333 4992 2345 5029 :
2371 4992 2497 5047 quae
2532 4992 2621 5029 res
2643 4991 2747 5029 nos
2764 4976 3012 5048 graviter
3040 4977 3357 5045 contristat;
3379 4978 3509 5049 quia
3532 4978 3575 5030 si
3603 4992 3705 5030 nos

2092 5066 2300 5119 statuta
2319 5066 2745 5119 antecessorum
2770 5068 3097 5121 nostrorum
3120 5083 3235 5121 non
3259 5081 3566 5129 servamus,
3597 5080 3701 5117 nec

2092 5155 2286 5207 nostra
2306 5152 2515 5207 servari
2541 5152 2902 5208 conﬁdimus.
2937 5154 3185 5210 Proinde
3213 5170 3318 5224 per
3339 5151 3702 5223 omnipoten-

2089 5240 2231 5295 tiam
2290 5239 2542 5308 Domini,
2585 5242 2920 5297 auctoritate
2960 5257 3187 5314 quoque
3236 5240 3294 5293 Β.
3344 5238 3495 5293 Petri
3542 5239 3703 5311 prin-

2089 5328 2230 5402 cipis
2258 5330 2649 5402 apostolorum
2683 5334 2739 5385 et
2760 5332 2975 5397 nostra,
2993 5330 3294 5384 hortamur
3311 5329 3482 5400 atque
3506 5327 3705 5399 praeci-

2090 5419 2280 5492 pimus
2316 5422 2378 5473 ut
2405 5422 2664 5475 auctores
2694 5420 2861 5491 hujus
2877 5414 3341 5489 praesumptionis
3361 5415 3420 5471 in
3439 5417 3704 5488 proximo

2094 5509 2309 5564 Pascha
2337 5510 2411 5564 ad
2442 5526 2547 5565 nos
2576 5508 2771 5564 venire
2800 5506 3039 5561 faciatis.
3074 5505 3220 5561 Sunt
3238 5508 3432 5561 autem
3454 5505 3707 5563 Leterius

2093 5598 2769 5671 pseudoarchiepiscopus
2817 5596 3136 5663 Senonum,
3188 5597 3246 5650 et
3292 5596 3415 5668 ejus
3453 5595 3707 5652 Aurelia-

377 5682 452 5742 tis
494 5685 703 5737 nostra!
746 5699 850 5755 per
905 5683 1301 5739 auctoritatem
1331 5683 1432 5738 Dei
1463 5683 1898 5757 omnipotentis,
1939 5690 1995 5743 et
2096 5687 2290 5744 nensis
2318 5688 2711 5761 sutfraganeus
2740 5683 3082 5759 Fulcho,qni
3112 5680 3173 5740 in
3195 5686 3418 5742 tantam
3446 5684 3705 5760 prorupit
