4012 6180
329 363 463 429 MM

1169 365 1455 425 JOANNIS
1498 365 1661 423 XVIII
1699 362 1908 422 PAPIE
1933 360 2297 423 EPISTOLIE
2323 360 2411 423 ET
2436 360 2832 423 DIPLOMATA

3537 363 3688 424 1ιῆ

326 486 774 565 proterviam,ut
801 487 1068 545 Gauzlino
1091 487 1287 543 abbati
1319 487 1660 543 monasterii
1682 488 1741 543 S.
1766 489 1946 543 Bene-
1972 486 2029 547 Α
2048 485 2267 543 tiﬁcum
2290 485 2595 543 humiliter
2620 484 2981 557 deprecando
3003 484 3060 540 et
3081 482 3549 542 commendando
3583 501 3689 558 po-

328 579 464 637 dicti
518 579 855 653 preciperet
902 576 1203 649 privilegia
1240 593 1275 631 a
1313 577 1446 631 sede
1498 576 1809 648 apostolica
1844 592 1946 631 suo

328 666 680 726 monasterio
728 666 933 721 collata
960 665 1096 737 igne
1135 681 1414 720 cremare.
1446 665 1722 719 Volumus
1751 668 1947 720 autem

327 757 517 829 ipsum
542 755 813 809 abbatem
838 753 1055 826 pariter
1083 753 1375 821 advenire,
1404 756 1466 807 ut
1490 754 1641 825 apud
1662 756 1943 821 sanctam,

325 842 416 899 cui
445 844 564 898 Deo
594 842 727 897 licet
752 841 1089 897 concedenti
1119 841 1392 912 indignus
1437 859 1706 913 praesum,
1748 842 1945 896 sedem

298 947 523 995 .coram
541 929 775 985 ﬁniatur
799 930 1204 997 controversia,
1229 933 1285 983 et
1313 933 1681 1002 contemptor
1707 930 1765 985 S.
1792 929 1944 984 Petri

325 1019 504 1093 digna
530 1020 812 1092 plectatur
836 1036 1025 1091 poma.
1078 1018 1185 1083 Qui
1236 1035 1369 1073 vero
1402 1020 1501 1072 tua
1546 1017 1946 1073 amantissima

325 1108 724 1164 admonitione
775 1111 985 1181 spreta,
1033 1108 1120 1161 vel
1170 1107 1415 1179 imperio
1447 1110 1658 1179 spreto,
1708 1108 1780 1161 ad
1811 1124 1941 1160 san-

323 1199 482 1252 ctum
526 1200 761 1253 Petrum
813 1200 871 1251 et
927 1197 1000 1251 ad
1055 1212 1160 1251 nos
1218 1195 1413 1250 venire
1470 1194 1793 1266 despexerit
1830 1193 1941 1249 nisi

324 1286 581 1359 corporis
634 1286 941 1341 inﬁrmitas
992 1302 1125 1340 eum
1169 1282 1506 1355 gravaverit,
1562 1300 1595 1336 a
1640 1282 1844 1337 divinis
1881 1301 1941 1337 se

324 1374 581 1431 alienum
623 1374 910 1446 mysteriis
949 1392 1015 1428 ex
1049 1374 1149 1428 Dei
1190 1375 1249 1426 et
1290 1374 1486 1425 nostra
1529 1371 1669 1425 sciat
1698 1372 1939 1425 existere

323 1463 630 1519 sententia.
671 1463 843 1533 Cujus
874 1460 1233 1533 aegritudinis
1259 1460 1497 1513 modum
1517 1462 1628 1514 tuas
1656 1460 1939 1513 excellen-

323 1550 417 1605 tiae
445 1551 650 1605 litterae
680 1550 861 1620 regali
911 1548 1099 1620 sigillo
1138 1548 1377 1619 signata:
1431 1550 1639 1601 nostrae
1684 1546 1939 1602 indicare

322 1638 607 1693 curabunt
657 1636 1048 1692 sollicitudini.
1079 1636 1261 1690 Vestri
1304 1636 1497 1707 itaque
1543 1635 1785 1690 honoris
1815 1653 1939 1690 ma-

2048 576 2179 644 suit,
2212 579 2275 630 ut
2304 576 2518 630 nullius
2547 574 2864 632 dominatio
2890 574 3041 647 regis
3066 578 3123 630 et
3149 575 3425 646 principis
3449 592 3552 630 seu
3589 594 3686 632 ar-

2047 664 2395 735 chiepiscopi
2427 666 2483 717 et
2509 664 2780 735 episcOpi,
2813 667 2911 717 aut
2947 664 3335 735 cujuscunque
3374 664 3687 733 dignitatis

2047 770 2311 827 personae
2364 754 2671 825 praefatum
2715 754 3131 808 monasterium
3184 752 3531 824 inquietare,
3591 754 3687 809 vel

2047 843 2391 907 disturbare,
2426 859 2524 896 seu
2556 842 2820 896 minuere
2851 843 3075 908 audeat,
3128 859 3316 913 neque
3365 843 3436 896 de
3480 844 3687 909 terris,

2044 932 2229 1003 aquis,
2262 930 2460 997 vineis,
2506 932 2702 1002 pratis,
2726 931 2897 998 silvis,
2921 930 3291 997 molendinis,
3322 931 3490 997 villis,
3513 932 3690 986 villa-

2044 1036 2291 1092 rumque
2317 1019 2655 1085 redditibus,
2700 1019 2873 1074 servis
2899 1023 2955 1074 et
2983 1019 3226 1085 ancillis,
3269 1020 3545 1087 ecclesiis,
3592 1022 3689 1075 vel

2046 1108 2117 1161 de
2150 1107 2217 1161 iis
2247 1108 2514 1162 omnibus
2545 1126 2672 1179 qum
2703 1108 2775 1162 ad
2806 1125 3057 1179 praesens
3080 1108 3196 1179 ipse
3217 1125 3413 1163 comes
3435 1126 3698 1163 conces-

2046 1194 2137 1262 sit,
2170 1212 2269 1249 seu
2295 1213 2421 1267 qua:
2452 1196 2771 1250 concedere
2811 1196 3001 1261 debet,
3046 1199 3145 1250 aut
3172 1213 3207 1249 a
3252 1196 3517 1250 ﬁdelibus
3570 1196 3693 1268 ipsi

2043 1283 2170 1336 loco
2203 1283 2508 1349 dabuntur,
2550 1284 2855 1355 quisquam
2888 1282 3197 1353 cupiditate
3242 1283 3523 1354 impulsus
3577 1302 3689 1339 au-

2042 1371 2195 1425 ferre
2214 1375 2554 1442 praesumat;
2580 1372 2865 1444 quodlista
2895 1376 3089 1426 sancta
3115 1373 3429 1443 apostolica
3454 1378 3695 1429 nostra-

2043 1476 2154 1531 que
2177 1461 2512 1515 auctoritate
2544 1462 2867 1527 statuimus,
2909 1464 2964 1515 et
2994 1460 3049 1514 in
3082 1465 3427 1532 perpetuum
3460 1464 3690 1516 conﬁr-

2041 1552 2265 1603 matum
2297 1566 2417 1604 esse
2447 1551 2727 1616 volumus,
2757 1554 2820 1603 ut
2845 1549 3171 1622 quicunque
3198 1550 3269 1604 de
3298 1551 3388 1604 his
3415 1569 3546 1622 qua:
3582 1569 3690 1605 sn-

2040 1638 2299 1708 pradicta
2347 1642 2481 1693 sunt
2536 1639 2597 1693 in
2646 1639 2841 1710 aliquo
2892 1642 3210 1693 temerator
3260 1640 3568 1707 exstiterit,
3627 1644 3693 1694 et

321 1726 565 1799 gnitudo
617 1729 811 1781 nostra
842 1726 1067 1780 studeat
1113 1725 1430 1797 adimplere
1462 1724 1705 1792 monita,
1748 1727 1805 1779 et
1841 1742 1939 1779 eos
1972 1776 2017 1800 η
2039 1730 2242 1781 contra
2259 1727 2407 1782 hanc
2430 1730 2687 1782 nostram
2710 1727 3393 1800 sanctionem,nostrique
3408 1729 3562 1799 juris
3584 1729 3692 1783 de-

1967 1776 2019 1835 B

320 1815 419 1887 qui
449 1816 647 1871 sedem
686 1814 1060 1888 apostolicam
1115 1814 1565 1886 appellaverunt,
1598 1814 1758 1868 nulla
1787 1814 1939 1869 sinat
1967 1814 2019 1835 “'
2038 1816 2366 1871 fensionem
2396 1816 2593 1871 venire
2631 1816 2957 1881 tentaverit,
2990 1834 3057 1870 ex
3087 1817 3431 1871 auctoritate
3466 1818 3686 1886 Patris,

319 1904 392 1959 ab
417 1903 753 1959 adversariis
775 1919 971 1959 rerum
1002 1917 1234 1958 suarum
1264 1902 1382 1974 pati
1404 1902 1721 1974 dispendia,
1749 1919 1843 1970 ne,
1866 1903 1933 1971 si,

319 1992 474 2064 quod
500 1991 676 2048 absit!
722 1991 891 2047 aliter
915 2009 1092 2066 quam
1124 1992 1469 2047 mandamus
1520 1995 1710 2047 actum
1740 1992 1933 2059 fuerit,

317 2096 436 2136 non
467 2081 655 2137 solum
677 2080 1131 2148 contumacibus,
1152 2097 1350 2135 verum
1366 2080 1525 2135 omni
1552 2084 1734 2136 vestro
1751 2097 1934 2152 regno

316 2170 700 2227 anathematis
737 2170 1038 2227 invehatur
1066 2186 1326 2224 censura.
1361 2168 1756 2243 Sempiternus
1787 2172 1935 2225 Deus

318 2275 422 2314 sua
432 2275 530 2316 vos
544 2259 901 2333 protectione
924 2259 1225 2325 custodiat,
1250 2258 1631 2331 etpostlonga
1645 2262 1933 2331 tempora-

318 2347 387 2403 lis
399 2347 565 2421 regni
578 2348 860 2405 curricula
870 2349 945 2405 ad
957 2365 1140 2421 regna
1159 2348 1432 2420 perducat
1455 2350 1690 2403 reterns.
1723 2351 1929 2403 Amen.

1061 2437 1197 2493 XIII.

315 2523 554 2581 Joannes
610 2523 832 2580 XVIII
871 2523 1415 2651 ραὲῗιιῇἔέιέἕδεὲἰυητ
1458 2540 1561 2594 pro
1610 2525 1932 2579 monasterio

835 2687 1018 2747 iAnno
1062 2684 1414 2747 1004-1009.)

318 2834 325 2840 κ
564 2775 732 2848 [θαιι.
775 2774 997 2842 Christ,
1029 2774 1119 2828 ed.
1158 2777 1205 2841 1,
1233 2777 1276 2827 t.
1311 2773 1397 2841 IV,
1430 2790 1486 2845 p.
1535 2777 1681 2840 151.]

380 2865 626 2920 Joannes
680 2862 997 2935 episcopus,
1030 2877 1222 2916 servus
1252 2877 1546 2916 servorum
1579 2862 1701 2928 Dei,
1743 2860 1931 2917 omni-

312 2952 419 3007 bus
446 2950 701 3023 regibus,
750 2949 1050 3023 episcopis,
1107 2949 1363 3015 ducibus,
1401 2949 1709 3004 comitibus
1761 2952 1935 3021 atque

2040 1907 2097 1958 et
2124 1904 2267 1973 Filii,
2301 1909 2359 1960 et
2389 1905 2632 1977 Spiritus
2657 1905 3151 1978 sancti,simulque
3174 1906 3329 1961 beati
3353 1893 3515 1961 Petri
3530 1924 3688 1978 apo-

2037 1993 2319 2049 stolorum
2340 1994 2702 2066 principis,et
2723 1994 2883 2049 Pauli
2898 1994 3159 2065 gentium
3182 1994 3691 2067 doctoris,quibns

2036 2082 2255 2155 ligandi
2288 2086 2344 2137 et
2368 2083 2622 2137 solvendi
2649 2083 2708 2137 in
2733 2083 2877 2138 coelo
2906 2085 2963 2137 et
2990 2082 3045 2136 in
3073 2087 3229 2137 terra
3253 2086 3508 2155 potestas
3528 2100 3686 2139 con-

2036 2188 2191 2226 cessa
2233 2174 2335 2239 est,
2365 2174 2563 2225 nostra
2601 2171 2776 2226 etiam
2804 2170 3075 2243 pastorali
3108 2172 3397 2226 sententia
3434 2190 3687 2228 excom-

2035 2260 2380 2328 municatus,
2408 2262 2581 2332 atque
2601 2263 2879 2332 perpetuo
2907 2260 3131 2315 vinculo
3163 2261 3560 2316 anathematis
3586 2262 3688 2317 in-

2034 2350 2299 2417 nodatus,
2335 2351 2547 2404 etcum
2596 2350 2737 2405 Juda
2771 2349 3001 2403 Domini
3042 2350 3227 2404 nostri
3270 2349 3578 2416 traditore,
3624 2356 3688 2407 et

2033 2437 2284 2505 diabolo,
2319 2437 2704 2492 infernalibus
2730 2437 2914 2509 poenis
2960 2437 3268 2492 damnatus
3300 2442 3682 2508 permaneat,

2032 2524 2142 2578 nisi
2166 2525 2239 2579 ad
2267 2524 2721 2579 satisfactionem
2748 2528 2805 2579 et
2835 2540 3153 2595 congruam
3186 2526 3683 2581 emendationem

2030 2612 2271 2667 venerit.
2291 2612 2606 2667 Statuimus
2626 2616 2822 2666 autem
2845 2611 3030 2665 eidem
3055 2614 3413 2667 monasterio
3435 2619 3683 2685 aposto-

2032 2700 2155 2755 licae
2187 2701 2541 2756 auctoritatis
2562 2701 2949 2772 privilegium,
2979 2703 3039 2755 ut
3060 2701 3219 2756 nullo
3252 2703 3429 2757 modo
3452 2704 3524 2757 ab
3548 2704 3680 2759 ullo

2033 2789 2460 2861 archiepiscopo
2483 2791 2569 2844 vel
2593 2790 2858 2861 episcopo
2884 2790 3231 2844 sententiam
3260 2793 3679 2846 excommuni-

2033 2877 2272 2932 cationis
2303 2878 2599 2943 sustineat,
2636 2894 2823 2949 neque
2848 2894 2951 2948 pro
2974 2877 3165 2949 aliquo
3191 2879 3345 2948 jure,
3380 2896 3489 2934 nec
3510 2881 3675 2935 ordi-

2035 2965 2270 3020 natione
2292 2982 2700 3039 quamcunque
2733 2965 3057 3021 molestiam
3087 2968 3159 3021 ab
3190 2967 3409 3021 eisdem
3443 2968 3673 3039 episco-

312 3038 604 3096 nobilibus
631 3038 856 3111 populis
888 3038 1259 3104 Francorum,
1290 3037 1670 3108 praesentibus
1701 3040 1759 3091 et
1782 3037 1934 3091 futu-

2036 3054 2122 3126 pis
2146 3037 2385 3126 cogatur
2408 3055 2709 3121 sustinere,
2734 3057 2797 3108 ut
2815 3054 2887 3108 sit
2911 3054 3136 3125 quietus
3159 3055 3314 3109 idem
3344 3037 3525 3123 locus,
3561 3059 3674 3113 sub

312 3142 403 3196 1‘5:
435 3131 645 3183 smmi/33
680 3126 814 3183 ﬁdei
853 3127 912 3182 in
951 3126 1177 3182 Chrism
1226 3141 1428 3198 Pacem
1457 3129 1516 3181 et
1559 3126 1933 3197 δροείοίίεθηι
1981 3126 1993 3128 ﬁ
2028 3143 2158 3214 jure
2184 3146 2241 3197 et
2268 3142 2606 3197 defensione
2638 3143 2942 3197 beatorum
2973 3144 3369 3215 apostolorum
3412 3145 3573 3199 Petri
3614 3149 3676 3200 et

311 3214 799 3271 benedictionem.

385 3303 594 3360 Sancta
604 3303 919 3376 apostolica
948 3304 1133 3371 sedes,
1154 3303 1416 3358 Romana
1431 3302 1647 3357 scilicet
1661 3303 1930 3370 Ecclesia,

313 3390 451 3463 quia
473 3390 861 3447 abeatissimo
893 3390 1156 3462 principe
1184 3391 1579 3461 apostolorum
1614 3390 1797 3462 capite
1828 3392 1932 3445 Pe-

310 3482 401 3533 tro
433 3478 659 3534 obtinet
680 3477 1062 3534 Ecclesiarum
1091 3494 1191 3532 sua
1221 3480 1433 3533 sanctae
1464 3478 1816 3533 auctoritatis
1837 3495 1932 3534 ro-

316 3567 454 3621 bore
476 3565 694 3639 ligandi
724 3566 1094 3639 solvendique
1110 3568 1409 3639 potestate,
1439 3567 1702 3622 membra
1722 3585 1935 3641 suppo-

309 3652 420 3709 sita
439 3653 534 3727 pie
566 3655 755 3711 studet
781 3654 1003 3723 fulcire,
1034 3657 1092 3710 et
1114 3656 1236 3710 loca
1262 3655 1406 3711 sacri
1438 3657 1623 3710 cultus
1653 3656 1751 3711 ubi
1782 3657 1933 3714 videt

312 3742 575 3800 nutantia
623 3744 891 3813 solidare,
926 3744 1169 3800 solidata
1220 3746 1587 3812 conﬁrmare,
1647 3748 1930 3819 quatenus

309 3831 719 3890 ecclesiasticus
741 3836 917 3890 status
937 3833 1304 3907 dispensante
1328 3835 1445 3890 Deo
1478 3836 1691 3890 sanctas
1711 3835 1843 3892 ﬁdei
1872 3839 1931 3892 et

306 3921 607 3996 religionis
634 3938 860 3980 morem
892 3940 1025 3980 cum
1054 3939 1194 3996 pace
1223 3927 1588 3997 exsequatur,
1623 3926 1682 3980 et
1708 3925 1781 3981 ab
1803 3926 1925 3998 ejus

305 4011 654 4069 laceratiOne
682 4012 840 4086 pravi
878 4012 1147 4069 homines
1190 4016 1534 4069 terreantur.
1567 4011 1926 4087 Quapropter

305 4103 506 4158 notum
537 4102 612 4159 sit
635 4104 836 4158 vestrae
864 4101 1223 4168 sublimitati,
1256 4102 1392 4175 quia
1423 4102 1811 4158 nobilissimus
1839 4105 1925 4159 at-

303 4205 418 4263 que
441 4189 868 4248 strenuissimus
897 4207 1092 4246 comes
1121 4190 1289 4246 Fulco
1336 4190 1590 4247 innotuit
1618 4192 1804 4259 nobis,
1854 4209 1913 4248 se

303 4278 596 4351 quoddam
619 4280 1039 4337 monasterium
1067 4280 1128 4336 in
1150 4280 1391 4337 nomine
1411 4280 1701 4336 ethonore
1718 4284 1930 4338 sanctze

2035 3230 2216 3299 Pauli,
2249 3235 2306 3286 et
2330 3231 2670 3302 pontiﬁcum
2691 3248 2807 3285 sua:
2834 3231 2982 3285 sedis
3007 3232 3177 3303 hujus
3202 3232 3260 3285 in
3287 3236 3669 3304 perpetuum.

2035 3318 2201 3382 Quod
2220 3319 2265 3373 si
2292 3318 2497 3390 aliquis
2518 3319 2749 3373 rebellis
2771 3322 2975 3374 contra
3001 3320 3150 3373 hanc
3178 3323 3441 3374 nostram
3467 3324 3668 3377 aucto-

2034 3405 2288 3475 ritatem,
2339 3406 2555 3461 scilicet
2590 3406 3054 3478 archiepiscopus
3083 3408 3169 3461 vel
3197 3407 3507 3479 episcopus
3537 3409 3669 3481 qui-

2032 3510 2280 3567 cunque,
2302 3494 2490 3567 ipsum
2512 3494 2702 3549 locum
2725 3494 3229 3549 excommunicare
3250 3496 3519 3564 voluerit,
3544 3497 3668 3569 ipse

2031 3581 2105 3636 sit
2155 3582 2705 3647 excommunicatus,
2761 3584 2819 3637 et
2873 3583 3030 3637 locus
3077 3582 3183 3637 iste
3229 3582 3553 3651 absolutus,
3606 3585 3665 3639 in

2032 3672 2316 3726 mternum
2348 3674 2406 3726 et
2429 3670 2488 3725 in
2520 3671 2791 3725 saeculum
2823 3669 3034 3726 saeculi.
3060 3672 3267 3725 Amen.

2168 3864 2397 3919 Joannis
2425 3861 2647 3919 XVIII
2661 3863 3013 3934 privilegium

2452 3881 2480 3919 ς.
2503 3881 2636 3918 γιιι
2661 3881 2864 3934 prime
2903 3881 3013 3917 tum
3079 3881 3137 3918 ro
3172 3881 3218 3919 ’π

2452 3934 2514 3989 S.
2572 3935 2800 3989 Victoris
2848 3881 3218 3989 ᾗωςίἔωίδ.

2518 4022 2702 4093 (Circa
2729 4039 2949 4078 annum
2976 4023 3161 4093 1009.)

2354 4110 2595 4173 ωηιξη,
2634 4110 2835 4183 Papiri
2858 4110 3100 4181 diplom,
3131 4111 3174 4177 Ι,
3208 4114 3327 4181 64.]

2099 4199 2341 4253 Joannes
2390 4199 2712 4271 episcopus,
2772 4215 2964 4254 servus
3005 4214 3305 4253 servorum
3365 4199 3513 4264 Dei,
3565 4201 3658 4256 Gi-

2032 4302 2202 4341 rasuo
2244 4288 2559 4343 venerabili
2605 4286 2801 4343 abbati
2834 4291 2891 4342 et
2931 4286 3206 4342 omnibus
3254 4287 3539 4343 fratribus
3584 4289 3656 4344 de

3079 3880 3137 3918 ro
3172 3879 3295 3919 mon
3304 3866 3513 3920 asterio

304 4369 363 4421 et
389 4366 696 4426 individua
730 4368 1048 4437 Trinitatis,
1077 4369 1279 4437 Patris,
1334 4371 1392 4425 et
1422 4369 1567 4431 Filii,
1597 4373 1655 4424 et
1684 4370 1928 4443 Spiritus
1952 4381 2004 4441 D
2030 4375 2384 4430 monasterio
2435 4375 2492 4430 S.
2542 4375 2781 4430 Victoris
2819 4374 3203 4430 dilectissimis
3254 4374 3391 4429 ﬁliis
3442 4376 3656 4431 nostris

302 4456 507 4524 sancti,
531 4461 707 4532 atque
748 4458 1016 4514 similiter
1045 4459 1106 4514 in
1143 4459 1366 4515 honore
1394 4458 1713 4514 coelestium
1741 4460 1925 4532 agmi-

303 4559 446 4600 num
474 4560 647 4617 super
674 4562 803 4618 quaa
832 4548 981 4603 Deus
1008 4546 1237 4615 assidet,
1270 4549 1379 4603 hoc
1406 4550 1491 4602 est
1519 4548 1830 4604 Cherubim
1871 4552 1927 4604 et

302 4628 628 4704 Seraphim,
658 4647 693 4688 a
718 4631 1109 4689 fundamentis
1127 4636 1506 4690 construxisse
1538 4652 1641 4707 pro
1665 4653 1780 4691 sure
1808 4636 1925 4691 ani-

302 4733 412 4773 mae
441 4719 859 4791 redemptione.
888 4721 989 4777 Cui
1023 4723 1375 4778 monasterio
1402 4723 1767 4795 privilegium
1788 4741 1918 4778 san-

299 4809 403 4861 cta:
426 4806 752 4879 apostolicae
775 4809 1127 4865 auctoritatis
1145 4814 1346 4866 contra
1364 4812 1762 4885 improbitates
1790 4829 1912 4866 ma-

300 4896 489 4953 lorum
516 4912 775 4971 perenne
796 4897 1103 4954 munimen
1121 4901 1390 4973 exposcit.
1420 4904 1503 4957 Ita
1516 4916 1644 4974 quae
1678 4902 1796 4973 ipse
1807 4920 1912 4974 pro

294 5002 495 5044 amore
525 4986 628 5043 Dei
658 4985 848 5042 eidem
874 4987 1000 5042 loco
1026 4991 1286 5058 contulit,
1310 4994 1483 5064 atque
1511 4990 1910 5047 conﬁrmando

293 5073 597 5149 delegavit,
624 5075 815 5131 nullus
843 5078 1181 5143 temerator,
1196 5079 1355 5133 nulla
1379 5078 1590 5135 nobilis
1620 5096 1719 5134 seu
1752 5080 1913 5151 igno-

290 5163 422 5221 bilis
473 5180 724 5238 persona
761 5165 1029 5220 minuere
1057 5170 1390 5238 praesumat.
1425 5170 1522 5222 Est
1561 5171 1754 5224 autem
1788 5185 1911 5223 mo-

290 5254 608 5311 nasterium
627 5254 967 5328 praedictum
980 5253 1154 5309 situm
1169 5255 1227 5310 in
1249 5271 1398 5328 pago
1426 5257 1731 5323 Turonico,
1752 5258 1915 5328 juxta

286 5340 507 5399 ﬂumen
536 5345 635 5418 qui
666 5348 899 5401 vocatur
915 5344 1153 5413 Andria,
1178 5344 1236 5400 in
1259 5348 1561 5417 prospectu
1589 5340 1915 5420 castelliqui

286 5429 498 5488 dicitur
528 5434 724 5503 Locus,
753 5434 938 5507 ipsum
971 5434 1222 5510 denique
1244 5435 1435 5490 locum
1467 5435 1572 5489 sub
1592 5434 1834 5491 tuitione
1858 5440 1917 5492 et

289 5519 631 5580 defensione
655 5528 984 5583 sanctorum
1013 5525 1408 5601 apostolorum
1461 5524 1613 5581 Petri
1644 5527 1703 5580 et
1726 5526 1907 5594 Pauli,

286 5625 797 5687 Successorumque
821 5617 1152 5673 nostrorum
1171 5615 1341 5688 hujus
1362 5617 1571 5671 sanctae
1603 5613 1753 5670 sedis
1770 5632 1909 5688 pon-

2027 4461 2417 4534 spiritualibus
2448 4463 2692 4517 salutem
2724 4466 2780 4517 et
2810 4462 3081 4534 gratiam,
3113 4462 3355 4533 insuper
3384 4466 3447 4517 et
3478 4464 3655 4518 bene-

2028 4549 2341 4605 dictionem
2373 4549 2743 4622 apostolicam
2755 4593 2767 4605 .

2098 4637 2464 4692 Consuetudo
2488 4638 2593 4691 fuit
2624 4640 2955 4692 nostrorum
2988 4641 3431 4691 antecessorum
3464 4638 3654 4710 ponti-

2024 4725 2195 4779 ﬁcum
2242 4726 2544 4779 subvenire
2597 4726 2869 4780 omnibus
2914 4726 2988 4780 ad
3035 4743 3092 4779 se
3136 4729 3377 4796 propter
3432 4728 3651 4781 bonum

2023 4830 2165 4885 opus
2187 4813 2659 4868 convenientibus
2682 4831 2693 4869 :
2726 4812 2885 4868 illam
2908 4828 3135 4885 quoque
3167 4813 3391 4867 bonam
3415 4830 3653 4868 censue-

2020 4901 2304 4968 tudinem,
2337 4918 2512 4973 quam
2540 4900 2597 4955 in
2622 4901 2731 4955 illis
2753 4900 3061 4967 audiendo,
3090 4900 3340 4955 videndo
3374 4902 3647 4973 cognOvi-

2016 5008 2178 5057 mus;
2203 5007 2333 5046 cum
2356 4990 2519 5047 omni
2546 4990 2864 5045 devotionis
2886 4991 3072 5046 studio
3100 5007 3448 5045 conservare
3476 4990 3649 5045 debe-

2018 5097 2166 5147 mus,
2211 5083 2274 5135 ut
2319 5096 2638 5151 agnoscens
2678 5097 2783 5134 nos
2831 5080 3111 5134 Dominus
3141 5096 3311 5133 suum
3345 5080 3493 5134 velle
3524 5092 3651 5150 per

2018 5169 2210 5235 ﬁcere,
2260 5168 2461 5223 reddat
2511 5167 2678 5222 nobis
2724 5167 3174 5222 vicissitudinem
3224 5183 3358 5221 cum
3416 5167 3491 5221 ab
3542 5167 3648 5221 hac

2021 5256 2291 5328 praesenti
2336 5258 2447 5311 vita
2478 5273 2582 5311 nos
2611 5256 2975 5311 subtraxerit.
3028 5255 3327 5309 Voluimus
3356 5256 3553 5327 itaque
3586 5258 3643 5308 ut

2022 5346 2435 5401 monasterium
2470 5347 2526 5402 S.
2559 5346 2802 5399 Victoris
2836 5361 2966 5399 cum
3010 5343 3283 5399 omnibus
3315 5343 3643 5409 monachis,

2020 5440 2079 5491 et
2101 5436 2335 5509 reliquis
2354 5436 2471 5490 Deo
2494 5433 2871 5489 servientibus
2893 5433 3109 5489 ibidem
3134 5432 3639 5504 permanentibus,

2014 5541 2247 5597 semper
2265 5523 2686 5580 honorabiliter
2714 5526 3078 5595 permaneat,
3104 5522 3184 5576 ita
3205 5524 3269 5575 ut
3290 5522 3498 5576 omnia
3517 5537 3637 5581 sua,

2010 5633 2138 5690 qute
2166 5615 2354 5670 eidem
2376 5613 2729 5671 monasterio
2750 5612 3063 5685 pertinent,
3089 5610 3283 5684 quiete
3318 5615 3374 5665 et
3400 5610 3639 5683 paciﬁca
