4028 6186
360 404 499 467 1493

905 397 1240 463 ἈΒΝΟΕΒῘ
1278 398 1746 462 HALBERSTAT.
1777 398 1997 460 EPIST.
2031 400 2124 459 AD
2164 395 2523 459 HENRICUM
2547 396 2916 458 HERBIPOL.
2939 397 3161 459 EPISC.

3551 408 3572 462 1
3582 406 3688 468 496

354 526 570 583 teneat.
599 522 782 582 Cellas
797 540 1026 598 quoque
1046 524 1152 581 sibi
1182 524 1486 596 subjectas,
1507 526 1694 579 cortes
1708 526 1766 578 et
1780 524 1956 590 villas,
1983 525 2035 584 A
2061 538 2355 595 parvaque
2376 539 2625 595 persona
2643 521 2862 596 aliquid
2889 520 3100 578 audeat
3136 522 3362 579 auferre
3401 524 3473 580 de
3510 527 3684 584 rebus

349 619 409 671 et
446 615 671 687 reliqua
712 616 835 670 loca
875 613 982 669 sibi
1030 613 1381 686 pertinentia
1426 629 1531 685 per
1583 612 1957 684 apostolicam

350 704 751 759 auctoritatem
777 702 829 757 ei
873 702 1304 769 confirmamus,
1346 702 1556 756 amodo
1598 704 1655 756 et
1688 718 1867 773 usque
1897 700 1955 754 in

349 796 716 864 perpetuum,
748 791 830 846 ita
866 794 929 845 ut
969 791 1128 846 nulla
1156 808 1372 862 magna
1401 806 1685 862 parvaque
1712 805 1957 861 persona

346 881 558 936 audeat
586 897 843 952 unquam
874 880 1127 951 aliquam
1148 880 1473 934 molestiam
1504 879 1717 934 inferre
1739 895 1807 933 ex
1838 895 1959 933 om-

346 968 515 1024 nibus
560 984 689 1039 quaa
730 967 1025 1040 pertinent
1051 967 1322 1039 prmdicto
1360 966 1743 1034 monasterio;
1773 969 1831 1021 et
1857 966 1955 1038 qui

344 1058 562 1113 inferre
591 1056 1041 1129 praesumpserit,
1072 1072 1140 1110 ex
1172 1055 1509 1110 auctoritate
1540 1056 1955 1126 omnipotentis

340 1147 465 1213 Dei,
497 1149 555 1201 et
583 1146 737 1201 beati
766 1145 918 1200 Petri
943 1145 1207 1217 apostoli,
1240 1147 1297 1198 et
1334 1148 1529 1199 nostra
1556 1145 1698 1199 sciat
1720 1161 1780 1199 se
1830 1161 1953 1199 esse

339 1234 900 1291 excommunicatum
956 1237 1014 1288 et
1077 1234 1468 1300 maledictum,
1534 1236 1591 1287 et
1637 1233 1873 1304 insuper
1919 1250 1953 1287 a

336 1323 749 1380 communione
762 1323 900 1378 etab
927 1323 1173 1377 Ecclesia
1202 1326 1550 1395 separatum,
1578 1324 1637 1376 et
1652 1339 1783 1377 cum
1807 1322 1951 1376 Juda

337 1416 396 1468 et
423 1412 654 1468 diabolo
686 1411 744 1465 in
774 1411 1140 1466 atrocissimis
1155 1412 1338 1483 pugnis
1355 1412 1765 1482 perpetualiter
1785 1412 1947 1466 dam-

337 1504 559 1557 natum.
599 1501 850 1554 Joannes
906 1503 1116 1555 sancta:
1160 1500 1454 1555 catholicae
1515 1503 1573 1554 et
1617 1500 1948 1570 apostolica:

336 1588 600 1645 Ecclesiae
626 1589 971 1660 apostolicus
990 1591 1199 1660 praesul
1232 1591 1339 1644 hoc
1368 1590 1528 1645 dedit
1580 1589 1948 1662 privilegium

335 1681 400 1731 ut
426 1678 617 1731 nullus
662 1678 1265 1749 metropolitanorum,
1302 1679 1491 1733 nullus
1520 1679 1944 1751 episcoporum,

336 1765 527 1820 nullus
572 1781 785 1832 comes,
855 1784 960 1822 nec
1023 1766 1357 1835 vicecomes,
1408 1784 1512 1822 nec
1560 1768 1677 1822 ulla
1732 1783 1950 1839 magna

2058 612 2391 666 monasterii
2414 611 2471 667 S.
2495 611 2753 677 Victoris,
2787 628 2891 665 nec
2913 612 3091 666 ullum
3118 612 3400 684 judicium
3426 631 3532 669 nec
3554 616 3678 688 pla-

2056 702 2233 756 citum
2259 701 2469 755 audeat
2493 702 2679 755 facere
2709 717 2813 754 nec
2863 703 3078 768 tenere,
3126 719 3232 756 nec
3270 702 3424 757 infra
3449 706 3680 761 monas-

2057 790 2291 857 terium,
2316 806 2421 843 nec
2448 790 2507 843 in
2534 793 2715 844 totam
2738 792 2949 844 terram
2974 788 3031 845 S.
3068 790 3326 857 Victoris,
3350 809 3478 864 qua:
3502 793 3676 849 hodie

2055 880 2232 934 habet
2260 882 2317 933 et
2354 880 2416 932 in
2447 882 2619 933 antea
2643 879 2895 947 habebit,
2929 896 3033 933 nec
3071 880 3217 933 ullus
3246 881 3424 935 abbas
3439 881 3566 952 jam
3592 882 3675 937 in-

2055 970 2243 1022 troeat
2270 967 2330 1020 in
2363 968 2738 1034 monasterio,
2767 967 2877 1022 nisi
2904 985 3077 1040 quem
3121 969 3312 1023 omnis
3353 986 3672 1042 congrega-

2056 1056 2134 1110 tio
2162 1056 2423 1127 elegerit.
2461 1057 2528 1109 Et
2566 1056 2663 1128 qui
2690 1057 2798 1111 hoc
2829 1056 3192 1129 privilegium
3236 1058 3555 1131 infringere
3580 1076 3675 1115 vo-

2054 1145 2242 1211 luerit,
2266 1161 2386 1199 non
2410 1146 2611 1211 valeat,
2643 1145 2745 1199 sed
2764 1148 3075 1217 componat
3095 1146 3154 1200 in
3176 1147 3401 1202 vinculo
3426 1148 3549 1202 auri
3573 1165 3671 1220 op-

2052 1234 2179 1288 timi
2205 1234 2381 1289 libras
2405 1236 2659 1288 centum.
2695 1237 2933 1306 Insuper
2953 1235 3099 1290 iram
3126 1236 3540 1308 omnipotentis
3565 1237 3667 1293 Dei

2010 1316 2013 1317 ν
2050 1322 2323 1389 incurrat,
2348 1326 2405 1376 et
2423 1323 2496 1377 sit
2526 1323 3050 1378 excommunicalus
3076 1341 3143 1378 ex
3162 1325 3497 1381 auctoritate
3534 1343 3665 1381 san-

2048 1411 2123 1465 cti
2150 1412 2307 1466 Petri
2340 1412 2605 1483 apostoli,
2638 1416 2696 1466 et
2724 1415 2939 1480 nostra,
2991 1416 3048 1466 et
3071 1416 3398 1467 sanctorum
3443 1416 3664 1470 trecen-

2050 1503 2242 1555 torum
2276 1502 2531 1568 Patrum,
2563 1503 2620 1554 et
2636 1500 2746 1554 hoc
2784 1499 3148 1573 privilegium
3199 1501 3433 1556 firmum
3472 1506 3529 1556 et
3553 1506 3666 1557 sta-

2046 1588 2160 1643 bile
2190 1592 2548 1660 permaneat.

2116 1677 2189 1749 oB
2226 1679 2377 1732 Bene
2406 1679 2605 1732 valete.

2114 1766 2189 1839 ᾦ
2214 1768 2413 1822 Petrus
2438 1766 2767 1823 scriniarius
2791 1767 3030 1840 scripsit.

340 1923 3630 1935 —————__w

1691 2032 1872 2079 ANNO
1908 2033 2150 2081 DOMINI
2176 2034 2300 2080 MXI

1444 2163 2568 2313 ABNOLDUS

1106 2406 2193 2497 HALBEBSTATENSIS
2270 2407 2899 2497 EPISCOPUS

1530 2628 2335 2729 ABNOLDI

1105 2802 1801 2927 EPISTOLA
1857 2802 2045 2904 AD
2117 2798 2876 2905 HENRICUM

1602 2980 2041 3020 HERBIPOLENSEM
2083 2979 2294 3020 EPISCOP
2303 2979 2376 3018 Ubi

1142 3086 1232 3141 DE
1271 3085 1746 3143 INSTITUTIONE
1801 3083 2272 3142 EPISCOPATUS
2313 3081 2833 3140 BAMBERGENSIS

1425 3182 1640 3257 (Edidit
1664 3183 1885 3247 BALUZ.,
1913 3180 2138 3239 Misce”.
2162 3185 2205 3237 t.
2239 3181 2328 3250 IV,
2350 3198 2408 3255 p.
2439 3181 2553 3254 39.)

391 3357 655 3415 ﬂammeo
680 3357 948 3433 episcopo
972 3361 1290 3417 Aauomus.

396 3446 505 3502 Diu
534 3449 593 3502 et
616 3447 864 3503 multum
889 3448 1178 3521 quaesitus,
1202 3447 1437 3504 domine
1455 3447 1559 3518 mi,
1577 3451 1776 3522 patere
1798 3450 1929 3504 tan-

321 3536 456 3591 dem
486 3535 798 3609 aliquando
815 3537 941 3607 jam
970 3540 1028 3592 te
1067 3536 1332 3593 inveniri.
1363 3535 1561 3593 Nescio
1603 3554 1716 3610 quo
1748 3536 1928 3593 infor-

319 3624 484 3680 tunio
513 3641 667 3693 meo,
699 3625 923 3699 quoties
969 3626 1030 3681 in
1064 3625 1173 3681 ista
1218 3628 1505 3682 terrarum
1533 3643 1744 3681 venero
1800 3643 1928 3699 quae

318 3712 661 3784 longissima
684 3717 747 3769 tu
767 3716 1136 3787 peragrabas,
1163 3717 1222 3769 et
1249 3732 1480 3789 semper
1498 3714 1637 3771 dum
1663 3714 1724 3769 in
1749 3716 1931 3770 altera

318 3800 449 3875 ripa
468 3801 725 3858 ﬂuminis
749 3806 806 3859 te
826 3804 1158 3859 nuntiatum
1189 3820 1407 3877 quaero,
1433 3804 1556 3873 jam
1586 3803 1839 3858 transisti
1868 3804 1928 3858 in

321 3888 589 3959 alteram,
605 3908 971 3965 nequaquam
1000 3895 1063 3946 ut
1074 3891 1565 3947 saltemlitteriste
1590 3891 1927 3947 conveniam

321 3979 822 4049 opportunitatem
841 3980 1004 4035 dans.
1024 3980 1424 4036 Jacentadbuc
1451 3980 1512 4035 in
1543 3979 1764 4035 scriniis
1782 3979 1928 4035 meis

318 4065 526 4123 litteras
551 4069 845 4139 torpentes
865 4069 993 4139 jam
1024 4070 1243 4124 dudum
1267 4069 1371 4124 tibi
1401 4068 1653 4136 directae,
1687 4085 1828 4141 quas
1852 4069 1928 4123 le-

316 4157 486 4226 gatus
522 4172 684 4212 meus
712 4157 987 4230 postridie
1035 4174 1346 4230 regressus,
1395 4161 1453 4213 te
1498 4174 1615 4213 non
1667 4156 1922 4226 invento,

316 4241 533 4299 frustra
556 4261 616 4299 se
639 4245 925 4316 accepisse
956 4248 1192 4301 testatus
1216 4247 1610 4303 est.Haberem
1639 4248 1855 4313 tamen,
1877 4245 1925 4301 si

317 4331 614 4400 auderem,
637 4334 887 4406 plurima
905 4334 1010 4391 tibi
1027 4351 1337 4407 suggerere
1365 4337 1423 4389 et
1439 4334 1510 4390 de
1534 4334 1642 4389 ista
1671 4351 1925 4390 commo-

315 4419 480 4476 tione
508 4438 704 4478 rerum
730 4426 1103 4496 tuarum,qua
1121 4426 1180 4478 te
1194 4424 1540 4497 ultra‘quam
1557 4422 1714 4479 credi
1736 4425 1929 4496 posset

316 4511 718 4581 perturbatum
743 4513 948 4579 sentio,
996 4528 1062 4567 ac
1099 4512 1172 4567 de
1202 4516 1401 4568 nostra
1428 4512 1626 4580 etiam,
1651 4528 1795 4585 quos
1823 4512 1927 4567 tibi

317 4584 580 4652 inﬁrmas
626 4614 718 4653 res
768 4602 994 4655 nostras
1036 4602 1153 4655 Deo
1208 4601 1463 4656 donante
1512 4584 1836 4668 miseratus,
1868 4600 1929 4654 in

1961 3363 2013 3422 B
2038 3357 2374 3430 diligentius
2393 3357 2605 3413 intueri
2628 3356 2729 3425 vis,
2752 3357 2869 3412 Deo
2891 3353 3142 3428 propitio
3175 3354 3327 3410 unde
3349 3353 3483 3426 jure
3512 3368 3652 3425 gau-

2032 3447 2168 3503 deas
2180 3463 2297 3502 non
2312 3446 2729 3503 dehabebis.Tu
2741 3443 3122 3517 autem,quasi
3134 3442 3356 3516 aliquid
3365 3443 3655 3514 insupera-

2030 3536 2145 3591 bile
2177 3536 2279 3591 tibi
2311 3536 2584 3603 evenerit,
2616 3551 2742 3590 rem
2768 3537 2927 3589 tuam
2958 3535 3079 3589 tam
3111 3532 3396 3588 enerviter
3422 3533 3649 3586 tractas.

2028 3627 2093 3679 In
2120 3629 2470 3680 conventum
2492 3625 2734 3679 fratrum
2768 3627 3003 3679 tuorum
3032 3622 3226 3678 venire
3250 3637 3498 3689 recusas,
3521 3637 3653 3676 cum

2029 3714 2236 3787 quibus
2293 3713 2666 3769 incommoda
2695 3715 2792 3768 tua
2836 3711 3097 3767 evincere
3144 3710 3426 3766 debueras
3479 3709 3650 3781 fugis,

2029 3818 2303 3873 magnam
2330 3802 2435 3858 tibi
2466 3800 2744 3857 invidiam
2789 3800 3045 3865 conﬂas;
3081 3801 3451 3871 conspectum
3474 3798 3649 3869 regis,

2027 3890 2190 3963 quasi
2215 3890 2441 3963 aliquid
2466 3889 2526 3944 in
2557 3906 2617 3945 se
2645 3888 3027 3955 commiseris,
3090 3886 3323 3943 devitas.
3365 3884 3514 3949 Quid
3565 3889 3651 3939 est

2027 3978 2136 4034 hoc
2153 3980 2308 4051 quod
2320 3978 2423 4033 tibi
2442 3978 2720 4051 importes
2731 3977 2758 4032 ?
2777 3976 2884 4033 Ubi
2896 3974 3378 4049 estsapientiailla
3388 3990 3564 4046 quam
3583 3972 3644 4028 in

2027 4069 2084 4122 te
2106 4068 2323 4123 dudum
2344 4067 2480 4124 satis
2499 4070 2662 4123 acute
2677 4066 2939 4138 vigilasse
2953 4062 3382 4138 conspeximus?
3395 4064 3645 4134 lstaquaa

2025 4158 2087 4213 tu
2098 4157 2235 4213 facis
2254 4173 2372 4213 non
2384 4157 2652 4212 videntur
2665 4172 2787 4211 esse
2797 4153 3209 4227 vigilantis,sed
3220 4150 3376 4224 gravi
3390 4148 3643 4223 quodam

2025 4262 2230 4318 sopore
2245 4245 2519 4319 depressi,
2541 4261 2659 4301 non
2680 4245 2831 4300 clare
2847 4243 3111 4311 videntis,
3125 4243 3226 4299 sed
3243 4243 3384 4298 dure
3404 4241 3645 4315 lippien-

2025 4335 2116 4390 tis.
2151 4334 2575 4408 Expergiscere,
2599 4333 2837 4390 domine
2865 4333 2969 4401 mi,
3000 4332 3443 4406 aliquantulum,
3472 4333 3531 4385 et
3547 4346 3640 4385 ca-

2026 4439 2189 4497 pesse
2210 4426 2263 4478 te
2285 4423 2492 4496 ipsum.
2517 4422 2714 4478 Nescio
2741 4422 2949 4495 quibus
2968 4420 3381 4478 fascinantibus
3399 4422 3559 4476 extra
3576 4422 3643 4475 te

2030 4512 2229 4568 ductus
2241 4530 2320 4568 es.
2336 4512 2567 4567 Enitere
2588 4512 2779 4584 quoad
2796 4511 2979 4583 possis
2999 4513 3062 4565 ut
3090 4510 3163 4565 ad
3176 4513 3233 4565 te
3250 4510 3440 4581 ipsum
3459 4525 3645 4565 rever-

2029 4603 2472 4674 taris.Loquitur
2490 4617 2593 4656 vox
2615 4600 2836 4656 divina:
2859 4599 3035 4672 Surge
3054 4600 3376 4672 qut'dormis,
3396 4606 3447 4654 et
3457 4615 3644 4655 emur-

318 4686 702 4758 patrocinium
715 4688 1035 4757 vindicasti,
1062 4689 1505 4744 defensione.Te
1526 4693 1720 4744 autem
1753 4690 1929 4753 salvo,
1952 4688 1999 4748 Ο
2027 4706 2092 4760 ge
2118 4709 2151 4746 a
2176 4692 2418 4752 mortuis,
2441 4697 2490 4743 et
2516 4689 2841 4743 illuminabit
2863 4695 2911 4743 te
2936 4687 3181 4743 Christus
3208 4686 3421 4759 (Ep/aes.
3450 4702 3507 4755 υ,
3531 4691 3639 4753 14).

315 4791 410 4829 res
433 4778 643 4831 nostra:
669 4776 727 4831 in
754 4779 923 4848 portu
955 4778 1326 4849 navigabunt.
1374 4777 1655 4841 Quocirca
1683 4778 1931 4833 dimissis

315 4862 552 4918 interim
565 4864 796 4927 nostris,
810 4864 981 4919 rebus
993 4866 1123 4936 tuis,
1138 4866 1290 4937 quod
1306 4866 1481 4920 modo
1496 4866 1681 4936 magis
1691 4866 1927 4938 premit,

315 4953 365 5007 si
410 4952 603 5025 aliquo
662 4952 839 5008 modo
872 4953 1094 5009 mederi
1138 4954 1317 5025 possit
1357 4953 1775 5027 invigilandum
1820 4959 1924 5009 est.

313 5040 684 5112 Adjutorium
714 5044 976 5097 nostrum
1007 5059 1042 5097 a
1070 5043 1340 5111 Domino,
1360 5043 1458 5116 qui
1483 5043 1619 5099 fecit
1645 5044 1851 5099 caelum
1871 5047 1929 5098 et

312 5133 555 5185 terram.
586 5128 735 5195 Quid
774 5135 860 5185 est
889 5131 1018 5199 hoc,
1058 5132 1295 5187 domine
1324 5132 1428 5200 mi,
1473 5133 1631 5205 quod
1676 5136 1836 5188 tanto
1868 5137 1926 5188 te

311 5234 566 5274 mmrore
594 5218 809 5275 afﬁcis?
826 5219 1229 5292 Quidcontigit
1258 5221 1363 5277 tibi
1396 5222 1551 5278 unde
1571 5225 1841 5295 torquere
1870 5226 1926 5277 te

313 5307 571 5363 habeas?
595 5307 831 5363 Etiamsi
864 5309 1062 5379 pericli
1088 5309 1305 5381 aliquid
1336 5310 1506 5373 foret,
1545 5316 1689 5366 esset
1729 5315 1927 5367 tamen

309 5395 781 5469 ferendum,quia
805 5397 979 5451 levius
996 5398 1061 5452 ﬁt
1076 5398 1357 5470 patientia
1383 5398 1663 5471 quidquid
1682 5400 1932 5471 corrige-

312 5499 378 5538 re
409 5487 495 5539 est
533 5485 695 5540 nefas
720 5488 743 5555 (
751 5487 821 5556 1).
856 5486 1011 5542 Istud
1031 5487 1341 5544 vero.unde
1376 5504 1528 5543 nunc
1550 5491 1607 5543 te
1633 5488 1865 5562 afﬂigis,
1884 5489 1929 5544 si

390 5606 467 5677 (1)
498 5607 635 5662 Hoa.
664 5605 853 5662 Carm.
881 5623 922 5675 1,
948 5609 1037 5676 24,
1075 5611 1159 5664 19.

2026 4778 2108 4832 Tu
2126 4779 2347 4850 primus
2366 4778 2627 4833 autinter
2647 4778 2884 4849 primos,
2907 4777 3083 4832 etiam
3102 4780 3417 4849 antequam
3438 4793 3535 4830 rex
3550 4775 3645 4830 fie-

2026 4870 2133 4934 ret,
2158 4866 2459 4921 dominum
2482 4866 2646 4920 illum
2657 4866 3232 4938 tibiprwelegisti.Tu
3251 4869 3447 4938 postea
3468 4880 3643 4936 quan-

2028 4958 2150 5010 tum
2171 4958 2417 5027 poteras,
2441 4953 2586 5009 sicut
2613 4954 2919 5026 magnifice
2948 4958 3197 5027 poteras,
3238 4957 3301 5009 ut
3344 4971 3440 5009 rex
3482 4953 3644 5006 fleret

2027 5043 2300 5099 institisti.
2326 5043 2574 5098 Proinde
2598 5045 2761 5098 tanta
2801 5043 2861 5097 in
2899 5043 3146 5099 invicem
3193 5043 3466 5098 suavitate
3504 5055 3644 5093 con-

2028 5132 2238 5201 juncti,
2268 5135 2430 5187 tanta
2448 5131 2723 5187 charitate
2753 5132 3022 5200 devincti,
3054 5136 3110 5188 te
3135 5146 3308 5186 nemo
3355 5129 3413 5182 in
3433 5128 3643 5181 libera-

2026 5223 2157 5277 liter
2185 5220 2486 5277 serviendo
2514 5221 2619 5276 sibi
2643 5222 2921 5291 devotior,
2954 5212 3013 5277 se
3044 5237 3216 5276 nemo
3248 5218 3307 5272 in
3334 5214 3648 5271 amicabili-

2028 5315 2117 5367 ter
2145 5310 2478 5384 accipiendo
2504 5312 2777 5383 paratior,
2806 5327 3036 5383 prorsus
3064 5307 3283 5380 glutine
3305 5304 3558 5377 quodam
3590 5308 3648 5359 et

2028 5401 2252 5455 vinculo
2278 5400 2546 5456 amicitiae
2568 5400 2727 5474 quasi
2760 5396 3216 5471 inseparabiliter
3234 5394 3483 5467 colligati
3507 5393 3648 5449 fuis-

2030 5490 2123 5546 tis.
2150 5492 2448 5547 Postremo
2471 5490 2797 5565 ubicunque
2817 5488 2905 5543 vel
2944 5485 3405 5559 quandocunque
3435 5488 3535 5540 aut
3551 5501 3649 5540 ne-
