  <div class='ocr_page' id='page_1' title='image "/cluster/home/n/w/nwhite01/storage/ocr_20150623/139/hvd.32044054759998/753.png"; bbox 0 0 4028 6186; ppageno 0'>
   <div class='ocr_carea' id='block_1_1' title="bbox 448 371 3726 451">
    <p class='ocr_par' dir='ltr' id='par_1_1' title="bbox 448 371 3726 451">
     <span class='ocr_line' id='line_1_1' title="bbox 448 371 3726 451; baseline 0.002 -6"><span class='ocrx_word' id='word_1_1' title='bbox 448 385 586 445; x_wconf 70' lang='lat' dir='ltr'>M95</span> <span class='ocrx_word' id='word_1_2' title='bbox 947 437 950 440; x_wconf 88' lang='lat'>.</span> <span class='ocrx_word' id='word_1_3' title='bbox 1006 379 1316 443; x_wconf 67' lang='lat' dir='ltr'>ARNOL‘DI</span> <span class='ocrx_word' id='word_1_4' title='bbox 1331 377 1568 441; x_wconf 72' lang='lat' dir='ltr'>&#39;HALBE</span> <span class='ocrx_word' id='word_1_5' title='bbox 1577 376 1813 439; x_wconf 76' lang='lat' dir='ltr'>RSTAT.</span> <span class='ocrx_word' id='word_1_6' title='bbox 1845 374 2065 436; x_wconf 86' lang='lat' dir='ltr'>EPIST.</span> <span class='ocrx_word' id='word_1_7' title='bbox 2096 374 2190 433; x_wconf 78' lang='lat' dir='ltr'>AD</span> <span class='ocrx_word' id='word_1_8' title='bbox 2216 372 2576 437; x_wconf 67' lang='lat' dir='ltr'>HEN&#39;BlCUM</span> <span class='ocrx_word' id='word_1_9' title='bbox 2603 374 2967 438; x_wconf 69' lang='lat' dir='ltr'>HERBIPOL.</span> <span class='ocrx_word' id='word_1_10' title='bbox 3004 371 3222 442; x_wconf 77' lang='lat' dir='ltr'>EPISC.</span> <span class='ocrx_word' id='word_1_11' title='bbox 3617 386 3726 451; x_wconf 65' lang='grc' dir='ltr'>κω</span> 
     </span>
    </p>
   </div>
   <div class='ocr_carea' id='block_1_2' title="bbox 446 501 3728 589">
    <p class='ocr_par' dir='ltr' id='par_1_2' title="bbox 446 501 3728 589">
     <span class='ocr_line' id='line_1_2' title="bbox 446 501 3728 589; baseline 0.004 -25"><span class='ocrx_word' id='word_1_12' title='bbox 446 508 680 568; x_wconf 87' lang='lat' dir='ltr'>cessitas</span> <span class='ocrx_word' id='word_1_13' title='bbox 707 505 1030 582; x_wconf 81' lang='lat' dir='ltr'>postulabat</span> <span class='ocrx_word' id='word_1_14' title='bbox 1047 509 1147 563; x_wconf 87' lang='lat' dir='ltr'>aut</span> <span class='ocrx_word' id='word_1_15' title='bbox 1159 505 1508 579; x_wconf 81' lang='lat' dir='ltr'>jucu‘nditas,</span> <span class='ocrx_word' id='word_1_16' title='bbox 1535 503 1707 560; x_wconf 87' lang='lat' dir='ltr'>etiam</span> <span class='ocrx_word' id='word_1_17' title='bbox 1735 502 1795 558; x_wconf 90' lang='lat' dir='ltr'>in</span> <span class='ocrx_word' id='word_1_18' title='bbox 1820 502 1947 557; x_wconf 58' lang='lat' dir='ltr'>vitae</span> <span class='ocrx_word' id='word_1_19' title='bbox 1967 519 2064 573; x_wconf 84' lang='lat' dir='ltr'>pe-</span> <span class='ocrx_word' id='word_1_20' title='bbox 2080 501 2136 560; x_wconf 84' lang='lat' dir='ltr'><strong>A</strong></span> <span class='ocrx_word' id='word_1_21' title='bbox 2159 506 2332 564; x_wconf 85' lang='lat' dir='ltr'>lectio</span> <span class='ocrx_word' id='word_1_22' title='bbox 2357 528 2372 579; x_wconf 89' lang='lat'><strong>;</strong></span> <span class='ocrx_word' id='word_1_23' title='bbox 2400 513 2697 570; x_wconf 89' lang='lat' dir='ltr'>conscribe</span> <span class='ocrx_word' id='word_1_24' title='bbox 2717 531 2849 570; x_wconf 90' lang='lat' dir='ltr'>cum</span> <span class='ocrx_word' id='word_1_25' title='bbox 2870 514 2998 570; x_wconf 89' lang='lat' dir='ltr'>aliis</span> <span class='ocrx_word' id='word_1_26' title='bbox 3025 513 3373 589; x_wconf 84' lang='lat' dir='ltr'>coepiscopis</span> <span class='ocrx_word' id='word_1_27' title='bbox 3391 519 3450 572; x_wconf 87' lang='lat' dir='ltr'>et</span> <span class='ocrx_word' id='word_1_28' title='bbox 3470 519 3728 578; x_wconf 72' lang='lat' dir='ltr'>contrahi-</span> 
     </span>
    </p>
   </div>
   <div class='ocr_carea' id='block_1_3' title="bbox 457 592 3726 680">
    <p class='ocr_par' dir='ltr' id='par_1_3' title="bbox 457 592 3726 680">
     <span class='ocr_line' id='line_1_3' title="bbox 457 592 3726 680; baseline 0 -25"><span class='ocrx_word' id='word_1_29' title='bbox 457 599 637 656; x_wconf 87' lang='lat' dir='ltr'>riculo</span> <span class='ocrx_word' id='word_1_30' title='bbox 666 596 915 654; x_wconf 81' lang='lat' dir='ltr'>ﬁdeliter</span> <span class='ocrx_word' id='word_1_31' title='bbox 941 596 1048 652; x_wconf 90' lang='lat' dir='ltr'>sibi</span> <span class='ocrx_word' id='word_1_32' title='bbox 1093 595 1462 669; x_wconf 71' lang='lat' dir='ltr'>suifragando</span> <span class='ocrx_word' id='word_1_33' title='bbox 1501 611 1618 649; x_wconf 92' lang='lat' dir='ltr'>non</span> <span class='ocrx_word' id='word_1_34' title='bbox 1652 595 1870 648; x_wconf 90' lang='lat' dir='ltr'>deeras.</span> <span class='ocrx_word' id='word_1_35' title='bbox 1919 592 2060 647; x_wconf 90' lang='lat' dir='ltr'>Cum</span> <span class='ocrx_word' id='word_1_36' title='bbox 2163 603 2270 657; x_wconf 79' lang='lat' dir='ltr'>bus</span> <span class='ocrx_word' id='word_1_37' title='bbox 2304 601 2410 655; x_wconf 67' lang='lat' dir='ltr'>tuis</span> <span class='ocrx_word' id='word_1_38' title='bbox 2437 619 2450 670; x_wconf 86' lang='grc'>;</span> <span class='ocrx_word' id='word_1_39' title='bbox 2484 619 2559 658; x_wconf 80' lang='lat' dir='ltr'>ne</span> <span class='ocrx_word' id='word_1_40' title='bbox 2589 603 2859 659; x_wconf 73' lang='lat' dir='ltr'>ﬁatintra</span> <span class='ocrx_word' id='word_1_41' title='bbox 2879 607 3087 660; x_wconf 54' lang='lat' dir='ltr'>sanctae</span> <span class='ocrx_word' id='word_1_42' title='bbox 3119 606 3367 662; x_wconf 61' lang='lat' dir='ltr'>ecclesiae</span> <span class='ocrx_word' id='word_1_43' title='bbox 3413 608 3638 680; x_wconf 61' lang='lat' dir='ltr'>parietes</span> <span class='ocrx_word' id='word_1_44' title='bbox 3661 612 3726 666; x_wconf 79' lang='lat' dir='ltr'>di.</span> 
     </span>
    </p>
   </div>
   <div class='ocr_carea' id='block_1_4' title="bbox 447 681 3728 767">
    <p class='ocr_par' dir='ltr' id='par_1_4' title="bbox 447 681 3728 767">
     <span class='ocr_line' id='line_1_4' title="bbox 447 681 3728 767; baseline -0.001 -21"><span class='ocrx_word' id='word_1_45' title='bbox 447 690 571 746; x_wconf 83' lang='lat' dir='ltr'>haec</span> <span class='ocrx_word' id='word_1_46' title='bbox 601 687 882 744; x_wconf 85' lang='lat' dir='ltr'>beneficia</span> <span class='ocrx_word' id='word_1_47' title='bbox 910 686 1108 743; x_wconf 82' lang='lat' dir='ltr'>omnia</span> <span class='ocrx_word' id='word_1_48' title='bbox 1130 687 1192 741; x_wconf 94' lang='lat' dir='ltr'>in</span> <span class='ocrx_word' id='word_1_49' title='bbox 1220 687 1382 742; x_wconf 90' lang='lat' dir='ltr'>illum</span> <span class='ocrx_word' id='word_1_50' title='bbox 1409 683 1771 758; x_wconf 60' lang='lat' dir='ltr'>praerogaris,</span> <span class='ocrx_word' id='word_1_51' title='bbox 1805 686 1862 737; x_wconf 93' lang='lat' dir='ltr'>et</span> <span class='ocrx_word' id='word_1_52' title='bbox 1889 699 1953 736; x_wconf 85' lang='lat' dir='ltr'>ex</span> <span class='ocrx_word' id='word_1_53' title='bbox 1973 681 2062 736; x_wconf 91' lang='lat' dir='ltr'>his</span> <span class='ocrx_word' id='word_1_54' title='bbox 2167 690 2307 745; x_wconf 85' lang='lat' dir='ltr'>visio</span> <span class='ocrx_word' id='word_1_55' title='bbox 2330 691 2670 759; x_wconf 82' lang='lat' dir='ltr'>schismatis,</span> <span class='ocrx_word' id='word_1_56' title='bbox 2695 693 2791 747; x_wconf 91' lang='lat' dir='ltr'>sed</span> <span class='ocrx_word' id='word_1_57' title='bbox 2824 694 3013 765; x_wconf 85' lang='lat' dir='ltr'>potius</span> <span class='ocrx_word' id='word_1_58' title='bbox 3043 694 3100 748; x_wconf 91' lang='lat' dir='ltr'>in</span> <span class='ocrx_word' id='word_1_59' title='bbox 3129 696 3396 751; x_wconf 89' lang='lat' dir='ltr'>omnibus</span> <span class='ocrx_word' id='word_1_60' title='bbox 3424 701 3614 767; x_wconf 82' lang='lat' dir='ltr'>regnet</span> <span class='ocrx_word' id='word_1_61' title='bbox 3634 700 3728 754; x_wconf 76' lang='lat' dir='ltr'>uni.</span> 
     </span>
    </p>
   </div>
   <div class='ocr_carea' id='block_1_5' title="bbox 447 770 3726 853">
    <p class='ocr_par' dir='ltr' id='par_1_5' title="bbox 447 770 3726 853">
     <span class='ocr_line' id='line_1_5' title="bbox 447 770 3726 853; baseline 0.003 -20"><span class='ocrx_word' id='word_1_62' title='bbox 447 795 626 849; x_wconf 91' lang='lat' dir='ltr'>penes</span> <span class='ocrx_word' id='word_1_63' title='bbox 653 793 713 831; x_wconf 87' lang='lat' dir='ltr'>se</span> <span class='ocrx_word' id='word_1_64' title='bbox 743 793 1019 848; x_wconf 89' lang='lat' dir='ltr'>magnam</span> <span class='ocrx_word' id='word_1_65' title='bbox 1039 777 1140 831; x_wconf 85' lang='lat' dir='ltr'>tibi</span> <span class='ocrx_word' id='word_1_66' title='bbox 1165 775 1433 848; x_wconf 82' lang='lat' dir='ltr'>gratiam,</span> <span class='ocrx_word' id='word_1_67' title='bbox 1465 772 1798 839; x_wconf 79' lang='lat' dir='ltr'>amicitiam,</span> <span class='ocrx_word' id='word_1_68' title='bbox 1826 770 2065 826; x_wconf 40' lang='lat' dir='ltr'>Charitas</span> <span class='ocrx_word' id='word_1_69' title='bbox 2161 782 2250 834; x_wconf 86' lang='lat' dir='ltr'>tas</span> <span class='ocrx_word' id='word_1_70' title='bbox 2273 779 2583 836; x_wconf 87' lang='lat' dir='ltr'>charitatis.</span> <span class='ocrx_word' id='word_1_71' title='bbox 2615 781 2809 836; x_wconf 90' lang='lat' dir='ltr'>Sentio</span> <span class='ocrx_word' id='word_1_72' title='bbox 2832 783 3179 853; x_wconf 88' lang='lat' dir='ltr'>jamdudum</span> <span class='ocrx_word' id='word_1_73' title='bbox 3225 787 3279 839; x_wconf 91' lang='lat' dir='ltr'>te</span> <span class='ocrx_word' id='word_1_74' title='bbox 3315 785 3459 840; x_wconf 87' lang='lat' dir='ltr'>mihi</span> <span class='ocrx_word' id='word_1_75' title='bbox 3487 788 3726 844; x_wconf 71' lang='lat' dir='ltr'>contraire</span> 
     </span>
    </p>
   </div>
   <div class='ocr_carea' id='block_1_6' title="bbox 447 858 3727 947">
    <p class='ocr_par' dir='ltr' id='par_1_6' title="bbox 447 858 3727 947">
     <span class='ocr_line' id='line_1_6' title="bbox 447 858 3727 947; baseline 0.005 -30"><span class='ocrx_word' id='word_1_76' title='bbox 447 869 566 924; x_wconf 83' lang='lat' dir='ltr'>tem</span> <span class='ocrx_word' id='word_1_77' title='bbox 591 868 722 938; x_wconf 86' lang='lat' dir='ltr'>jure</span> <span class='ocrx_word' id='word_1_78' title='bbox 745 865 1104 934; x_wconf 88' lang='lat' dir='ltr'>conﬂaveris,</span> <span class='ocrx_word' id='word_1_79' title='bbox 1137 864 1276 937; x_wconf 88' lang='lat' dir='ltr'>quid</span> <span class='ocrx_word' id='word_1_80' title='bbox 1301 867 1388 919; x_wconf 87' lang='lat' dir='ltr'>est</span> <span class='ocrx_word' id='word_1_81' title='bbox 1420 864 1528 918; x_wconf 90' lang='lat' dir='ltr'>hoc</span> <span class='ocrx_word' id='word_1_82' title='bbox 1558 862 1714 934; x_wconf 86' lang='lat' dir='ltr'>quod</span> <span class='ocrx_word' id='word_1_83' title='bbox 1741 860 1916 916; x_wconf 84' lang='lat' dir='ltr'>modo</span> <span class='ocrx_word' id='word_1_84' title='bbox 1958 858 2063 913; x_wconf 67' lang='lat' dir='ltr'>tibi</span> <span class='ocrx_word' id='word_1_85' title='bbox 2161 869 2324 936; x_wconf 86' lang='lat' dir='ltr'>velle,</span> <span class='ocrx_word' id='word_1_86' title='bbox 2354 872 2411 922; x_wconf 91' lang='lat' dir='ltr'>et</span> <span class='ocrx_word' id='word_1_87' title='bbox 2437 869 2663 940; x_wconf 59' lang='lat' dir='ltr'>injustas</span> <span class='ocrx_word' id='word_1_88' title='bbox 2684 871 2962 926; x_wconf 80' lang='lat' dir='ltr'>suasionis</span> <span class='ocrx_word' id='word_1_89' title='bbox 2987 877 3188 928; x_wconf 85' lang='lat' dir='ltr'>notare</span> <span class='ocrx_word' id='word_1_90' title='bbox 3215 875 3424 947; x_wconf 83' lang='lat' dir='ltr'>elogio,</span> <span class='ocrx_word' id='word_1_91' title='bbox 3445 877 3727 946; x_wconf 87' lang='lat' dir='ltr'>bujnsmodi</span> 
     </span>
    </p>
   </div>
   <div class='ocr_carea' id='block_1_7' title="bbox 446 949 2037 1033">
    <p class='ocr_par' dir='ltr' id='par_1_7' title="bbox 446 949 2037 1030">
     <span class='ocr_line' id='line_1_7' title="bbox 446 949 2037 1030; baseline -0.008 -17"><span class='ocrx_word' id='word_1_92' title='bbox 446 956 874 1030; x_wconf 88' lang='lat' dir='ltr'>imponis?Cur,</span> <span class='ocrx_word' id='word_1_93' title='bbox 892 972 1022 1010; x_wconf 88' lang='lat' dir='ltr'>cum</span> <span class='ocrx_word' id='word_1_94' title='bbox 1043 955 1197 1010; x_wconf 89' lang='lat' dir='ltr'>bona</span> <span class='ocrx_word' id='word_1_95' title='bbox 1217 951 1605 1025; x_wconf 87' lang='lat' dir='ltr'>promeruisti,</span> <span class='ocrx_word' id='word_1_96' title='bbox 1619 949 1786 1006; x_wconf 91' lang='lat' dir='ltr'>malis</span> <span class='ocrx_word' id='word_1_97' title='bbox 1801 952 1856 1003; x_wconf 89' lang='lat' dir='ltr'>te</span> <span class='ocrx_word' id='word_1_98' title='bbox 1876 964 2037 1002; x_wconf 91' lang='lat' dir='ltr'>remu</span> 
     </span>
    </p>
   </div>
   <div class='ocr_carea' id='block_1_8' title="bbox 2136 949 3727 1033">
    <p class='ocr_par' dir='ltr' id='par_1_8' title="bbox 2167 957 3727 1033">
     <span class='ocr_line' id='line_1_8' title="bbox 2167 957 3727 1033; baseline 0.008 -23"><span class='ocrx_word' id='word_1_99' title='bbox 2167 957 2353 1013; x_wconf 89' lang='lat' dir='ltr'>verbis</span> <span class='ocrx_word' id='word_1_100' title='bbox 2377 974 2389 1012; x_wconf 92' lang='lat'><strong>:</strong></span> <span class='ocrx_word' id='word_1_101' title='bbox 2420 980 2448 1008; x_wconf 84' lang='lat'><strong>«</strong></span> <span class='ocrx_word' id='word_1_102' title='bbox 2473 957 2694 1014; x_wconf 85' lang='lat' dir='ltr'>Sanctis</span> <span class='ocrx_word' id='word_1_103' title='bbox 2715 963 2771 1015; x_wconf 90' lang='lat' dir='ltr'>et</span> <span class='ocrx_word' id='word_1_104' title='bbox 2785 960 2952 1030; x_wconf 91' lang='lat' dir='ltr'>justis</span> <span class='ocrx_word' id='word_1_105' title='bbox 2978 961 3152 1018; x_wconf 91' lang='lat' dir='ltr'>nimis</span> <span class='ocrx_word' id='word_1_106' title='bbox 3175 962 3727 1033; x_wconf 86' lang='lat' dir='ltr'>injustumvideri,ter-</span> 
     </span>
    </p>
   </div>
   <div class='ocr_carea' id='block_1_9' title="bbox 448 1035 3730 1125">
    <p class='ocr_par' dir='ltr' id='par_1_9' title="bbox 448 1035 3730 1125">
     <span class='ocr_line' id='line_1_9' title="bbox 448 1035 3730 1125; baseline -0.001 -23"><span class='ocrx_word' id='word_1_107' title='bbox 448 1047 641 1103; x_wconf 90' lang='lat' dir='ltr'>nerari</span> <span class='ocrx_word' id='word_1_108' title='bbox 673 1044 957 1118; x_wconf 88' lang='lat' dir='ltr'>permittis</span> <span class='ocrx_word' id='word_1_109' title='bbox 976 1044 1003 1099; x_wconf 84' lang='lat'>‘?</span> <span class='ocrx_word' id='word_1_110' title='bbox 1035 1043 1272 1098; x_wconf 81' lang='lat' dir='ltr'>Difﬁcile</span> <span class='ocrx_word' id='word_1_111' title='bbox 1296 1045 1380 1097; x_wconf 91' lang='lat' dir='ltr'>est</span> <span class='ocrx_word' id='word_1_112' title='bbox 1398 1058 1562 1097; x_wconf 90' lang='lat' dir='ltr'>reum</span> <span class='ocrx_word' id='word_1_113' title='bbox 1586 1057 1705 1095; x_wconf 90' lang='lat' dir='ltr'>esse</span> <span class='ocrx_word' id='word_1_114' title='bbox 1726 1038 1839 1110; x_wconf 90' lang='lat' dir='ltr'>maj</span> <span class='ocrx_word' id='word_1_115' title='bbox 1850 1035 2060 1092; x_wconf 77' lang='lat' dir='ltr'>estatis.</span> <span class='ocrx_word' id='word_1_116' title='bbox 2165 1046 2291 1101; x_wconf 79' lang='lat' dir='ltr'>reni</span> <span class='ocrx_word' id='word_1_117' title='bbox 2324 1047 2552 1119; x_wconf 72' lang='lat' dir='ltr'>imperii</span> <span class='ocrx_word' id='word_1_118' title='bbox 2577 1049 2897 1120; x_wconf 67' lang='lat' dir='ltr'>potentiam</span> <span class='ocrx_word' id='word_1_119' title='bbox 2945 1050 3132 1122; x_wconf 71' lang='lat' dir='ltr'>magis</span> <span class='ocrx_word' id='word_1_120' title='bbox 3155 1052 3467 1107; x_wconf 66' lang='lat' dir='ltr'>formidare</span> <span class='ocrx_word' id='word_1_121' title='bbox 3494 1071 3646 1125; x_wconf 72' lang='lat' dir='ltr'>quam</span> <span class='ocrx_word' id='word_1_122' title='bbox 3670 1057 3730 1111; x_wconf 74' lang='lat' dir='ltr'>di-</span> 
     </span>
    </p>
   </div>
   <div class='ocr_carea' id='block_1_10' title="bbox 447 1128 3727 1213">
    <p class='ocr_par' dir='ltr' id='par_1_10' title="bbox 447 1128 3727 1213">
     <span class='ocr_line' id='line_1_10' title="bbox 447 1128 3727 1213; baseline 0.003 -23"><span class='ocrx_word' id='word_1_123' title='bbox 447 1136 561 1192; x_wconf 91' lang='lat' dir='ltr'>Nec</span> <span class='ocrx_word' id='word_1_124' title='bbox 606 1134 830 1202; x_wconf 87' lang='lat' dir='ltr'>litteris,</span> <span class='ocrx_word' id='word_1_125' title='bbox 875 1137 939 1188; x_wconf 87' lang='lat' dir='ltr'>ut</span> <span class='ocrx_word' id='word_1_126' title='bbox 979 1131 1150 1188; x_wconf 85' lang='lat' dir='ltr'>audio</span> <span class='ocrx_word' id='word_1_127' title='bbox 1199 1148 1305 1187; x_wconf 87' lang='lat' dir='ltr'>nec</span> <span class='ocrx_word' id='word_1_128' title='bbox 1335 1129 1558 1201; x_wconf 69' lang='lat' dir='ltr'>legatis.</span> <span class='ocrx_word' id='word_1_129' title='bbox 1589 1128 1900 1200; x_wconf 71' lang='grc' dir='ltr'>ρᾶΐϐθηάο,</span> <span class='ocrx_word' id='word_1_130' title='bbox 1932 1143 2063 1198; x_wconf 80' lang='grc' dir='ltr'>ΡΙὈ-</span> <span class='ocrx_word' id='word_1_131' title='bbox 2164 1135 2380 1204; x_wconf 92' lang='lat' dir='ltr'>vinam,</span> <span class='ocrx_word' id='word_1_132' title='bbox 2405 1137 2711 1193; x_wconf 89' lang='lat' dir='ltr'>dilectione</span> <span class='ocrx_word' id='word_1_133' title='bbox 2730 1138 3065 1209; x_wconf 87' lang='lat' dir='ltr'>temporalis</span> <span class='ocrx_word' id='word_1_134' title='bbox 3089 1141 3380 1195; x_wconf 82' lang='lat' dir='ltr'>suavitatis</span> <span class='ocrx_word' id='word_1_135' title='bbox 3399 1145 3727 1213; x_wconf 86' lang='lat' dir='ltr'>provocarein</span> 
     </span>
    </p>
   </div>
   <div class='ocr_carea' id='block_1_11' title="bbox 448 1216 3732 1304">
    <p class='ocr_par' dir='ltr' id='par_1_11' title="bbox 448 1216 3732 1304">
     <span class='ocr_line' id='line_1_11' title="bbox 448 1216 3732 1304; baseline 0.001 -23"><span class='ocrx_word' id='word_1_136' title='bbox 448 1224 755 1291; x_wconf 86' lang='lat' dir='ltr'>mittendo,</span> <span class='ocrx_word' id='word_1_137' title='bbox 779 1221 1173 1295; x_wconf 86' lang='lat' dir='ltr'>supplicando,</span> <span class='ocrx_word' id='word_1_138' title='bbox 1221 1224 1278 1275; x_wconf 88' lang='lat' dir='ltr'>te</span> <span class='ocrx_word' id='word_1_139' title='bbox 1307 1218 1381 1274; x_wconf 91' lang='lat' dir='ltr'>ad</span> <span class='ocrx_word' id='word_1_140' title='bbox 1428 1235 1488 1273; x_wconf 90' lang='lat' dir='ltr'>se</span> <span class='ocrx_word' id='word_1_141' title='bbox 1534 1216 1809 1273; x_wconf 89' lang='lat' dir='ltr'>accersire</span> <span class='ocrx_word' id='word_1_142' title='bbox 1852 1218 2058 1288; x_wconf 87' lang='lat' dir='ltr'>potest.</span> <span class='ocrx_word' id='word_1_143' title='bbox 2165 1240 2225 1279; x_wconf 82' lang='lat' dir='ltr'>se</span> <span class='ocrx_word' id='word_1_144' title='bbox 2256 1224 2402 1279; x_wconf 78' lang='lat' dir='ltr'>iram</span> <span class='ocrx_word' id='word_1_145' title='bbox 2429 1227 2645 1298; x_wconf 83' lang='lat' dir='ltr'>absque</span> <span class='ocrx_word' id='word_1_146' title='bbox 2670 1226 2784 1281; x_wconf 85' lang='lat' dir='ltr'>ﬁne</span> <span class='ocrx_word' id='word_1_147' title='bbox 2815 1226 3126 1298; x_wconf 91' lang='lat' dir='ltr'>punie&#39;ntis.</span> <span class='ocrx_word' id='word_1_148' title='bbox 3156 1229 3368 1284; x_wconf 88' lang='lat' dir='ltr'>Sedem</span> <span class='ocrx_word' id='word_1_149' title='bbox 3393 1247 3606 1302; x_wconf 89' lang='lat' dir='ltr'>quoque</span> <span class='ocrx_word' id='word_1_150' title='bbox 3622 1233 3732 1304; x_wconf 85' lang='lat' dir='ltr'>epis-</span> 
     </span>
    </p>
   </div>
   <div class='ocr_carea' id='block_1_12' title="bbox 448 1304 3728 1389">
    <p class='ocr_par' dir='ltr' id='par_1_12' title="bbox 448 1304 3728 1389">
     <span class='ocr_line' id='line_1_12' title="bbox 448 1304 3728 1389; baseline -0.002 -8"><span class='ocrx_word' id='word_1_151' title='bbox 448 1314 752 1381; x_wconf 71' lang='grc' dir='ltr'>Οιιοπιοάο</span> <span class='ocrx_word' id='word_1_152' title='bbox 779 1315 941 1385; x_wconf 72' lang='grc' dir='ltr'>Ροῐεε</span> <span class='ocrx_word' id='word_1_153' title='bbox 971 1311 1031 1366; x_wconf 78' lang='lat' dir='ltr'>in</span> <span class='ocrx_word' id='word_1_154' title='bbox 1075 1326 1258 1381; x_wconf 83' lang='lat' dir='ltr'>regno</span> <span class='ocrx_word' id='word_1_155' title='bbox 1291 1308 1412 1380; x_wconf 75' lang='lat' dir='ltr'>ejus</span> <span class='ocrx_word' id='word_1_156' title='bbox 1443 1307 1656 1362; x_wconf 70' lang='lat' dir='ltr'>habere</span> <span class='ocrx_word' id='word_1_157' title='bbox 1683 1304 2064 1376; x_wconf 69' lang='grc' dir='ltr'>Ροῐιὶίῧείυω,</span> <span class='ocrx_word' id='word_1_158' title='bbox 2165 1314 2425 1385; x_wconf 83' lang='lat' dir='ltr'>copalem</span> <span class='ocrx_word' id='word_1_159' title='bbox 2447 1313 2536 1368; x_wconf 91' lang='lat' dir='ltr'>cui</span> <span class='ocrx_word' id='word_1_160' title='bbox 2561 1315 2745 1381; x_wconf 89' lang='lat' dir='ltr'>sedes,</span> <span class='ocrx_word' id='word_1_161' title='bbox 2769 1316 3728 1389; x_wconf 85' lang='lat' dir='ltr'>quamreperistiamplishonoribus,</span> 
     </span>
    </p>
   </div>
   <div class='ocr_carea' id='block_1_13' title="bbox 447 1393 3730 1477">
    <p class='ocr_par' dir='ltr' id='par_1_13' title="bbox 447 1393 3730 1477">
     <span class='ocr_line' id='line_1_13' title="bbox 447 1393 3730 1477; baseline -0.003 -18"><span class='ocrx_word' id='word_1_162' title='bbox 447 1403 493 1458; x_wconf 91' lang='lat' dir='ltr'>si</span> <span class='ocrx_word' id='word_1_163' title='bbox 525 1404 598 1458; x_wconf 91' lang='lat' dir='ltr'>ad</span> <span class='ocrx_word' id='word_1_164' title='bbox 622 1420 681 1457; x_wconf 91' lang='lat' dir='ltr'>se</span> <span class='ocrx_word' id='word_1_165' title='bbox 711 1401 906 1457; x_wconf 88' lang='lat' dir='ltr'>venire</span> <span class='ocrx_word' id='word_1_166' title='bbox 933 1397 1280 1471; x_wconf 81' lang='lat' dir='ltr'>refragaris‘?</span> <span class='ocrx_word' id='word_1_167' title='bbox 1308 1395 1458 1461; x_wconf 89' lang='lat' dir='ltr'>Quid</span> <span class='ocrx_word' id='word_1_168' title='bbox 1470 1395 1671 1450; x_wconf 86' lang='lat' dir='ltr'>dicturi</span> <span class='ocrx_word' id='word_1_169' title='bbox 1690 1395 1824 1448; x_wconf 87' lang='lat' dir='ltr'>sunt</span> <span class='ocrx_word' id='word_1_170' title='bbox 1846 1393 2068 1464; x_wconf 88' lang='lat' dir='ltr'>judices</span> <span class='ocrx_word' id='word_1_171' title='bbox 2166 1404 2393 1457; x_wconf 63' lang='lat' dir='ltr'>auctam</span> <span class='ocrx_word' id='word_1_172' title='bbox 2413 1404 2704 1475; x_wconf 72' lang='lat' dir='ltr'>perionga</span> <span class='ocrx_word' id='word_1_173' title='bbox 2722 1405 3200 1477; x_wconf 67' lang='lat' dir='ltr'>terrarumspaiia</span> <span class='ocrx_word' id='word_1_174' title='bbox 3216 1405 3510 1461; x_wconf 62' lang='lat' dir='ltr'>dilatatam</span> <span class='ocrx_word' id='word_1_175' title='bbox 3523 1425 3624 1463; x_wconf 78' lang='grc' dir='ltr'>ηοη</span> <span class='ocrx_word' id='word_1_176' title='bbox 3636 1426 3730 1464; x_wconf 62' lang='lat' dir='ltr'>esse</span> 
     </span>
    </p>
   </div>
   <div class='ocr_carea' id='block_1_14' title="bbox 445 1482 3730 1563">
    <p class='ocr_par' dir='ltr' id='par_1_14' title="bbox 445 1482 3730 1563">
     <span class='ocr_line' id='line_1_14' title="bbox 445 1482 3730 1563; baseline 0.003 -21"><span class='ocrx_word' id='word_1_177' title='bbox 445 1509 578 1546; x_wconf 89' lang='lat' dir='ltr'>cum</span> <span class='ocrx_word' id='word_1_178' title='bbox 609 1490 670 1544; x_wconf 90' lang='lat' dir='ltr'>in</span> <span class='ocrx_word' id='word_1_179' title='bbox 696 1489 913 1562; x_wconf 91' lang='lat' dir='ltr'>judicio</span> <span class='ocrx_word' id='word_1_180' title='bbox 953 1487 1090 1543; x_wconf 86' lang='lat' dir='ltr'>talia</span> <span class='ocrx_word' id='word_1_181' title='bbox 1120 1483 1595 1542; x_wconf 74' lang='lat' dir='ltr'>ventilabuntm‘?</span> <span class='ocrx_word' id='word_1_182' title='bbox 1634 1482 1772 1538; x_wconf 81' lang='lat' dir='ltr'>Vide</span> <span class='ocrx_word' id='word_1_183' title='bbox 1823 1498 1894 1535; x_wconf 79' lang='lat' dir='ltr'>ne</span> <span class='ocrx_word' id='word_1_184' title='bbox 1940 1497 2066 1535; x_wconf 79' lang='lat' dir='ltr'>seI‘O</span> <span class='ocrx_word' id='word_1_185' title='bbox 2167 1491 2253 1546; x_wconf 85' lang='lat' dir='ltr'>fas</span> <span class='ocrx_word' id='word_1_186' title='bbox 2281 1494 2379 1546; x_wconf 87' lang='lat' dir='ltr'>tuo</span> <span class='ocrx_word' id='word_1_187' title='bbox 2433 1492 2670 1548; x_wconf 90' lang='lat' dir='ltr'>arbitrio</span> <span class='ocrx_word' id='word_1_188' title='bbox 2693 1494 2780 1547; x_wconf 90' lang='lat' dir='ltr'>vel</span> <span class='ocrx_word' id='word_1_189' title='bbox 2800 1493 3141 1549; x_wconf 83' lang='lat' dir='ltr'>exhonorari</span> <span class='ocrx_word' id='word_1_190' title='bbox 3168 1495 3254 1549; x_wconf 90' lang='lat' dir='ltr'>vel</span> <span class='ocrx_word' id='word_1_191' title='bbox 3283 1496 3509 1563; x_wconf 79' lang='lat' dir='ltr'>arcturi,</span> <span class='ocrx_word' id='word_1_192' title='bbox 3537 1499 3586 1551; x_wconf 89' lang='lat' dir='ltr'>te</span> <span class='ocrx_word' id='word_1_193' title='bbox 3611 1499 3730 1552; x_wconf 80' lang='lat' dir='ltr'>nolle</span> 
     </span>
    </p>
   </div>
   <div class='ocr_carea' id='block_1_15' title="bbox 447 1569 3731 1654">
    <p class='ocr_par' dir='ltr' id='par_1_15' title="bbox 447 1569 3731 1654">
     <span class='ocr_line' id='line_1_15' title="bbox 447 1569 3731 1654; baseline 0.003 -24"><span class='ocrx_word' id='word_1_194' title='bbox 447 1579 610 1652; x_wconf 83' lang='lat' dir='ltr'>pejus</span> <span class='ocrx_word' id='word_1_195' title='bbox 634 1579 734 1634; x_wconf 86' lang='lat' dir='ltr'>fiat</span> <span class='ocrx_word' id='word_1_196' title='bbox 764 1578 918 1652; x_wconf 93' lang='lat' dir='ltr'>quod</span> <span class='ocrx_word' id='word_1_197' title='bbox 959 1575 1114 1648; x_wconf 90' lang='lat' dir='ltr'>prius</span> <span class='ocrx_word' id='word_1_198' title='bbox 1144 1574 1349 1630; x_wconf 87' lang='lat' dir='ltr'>melius</span> <span class='ocrx_word' id='word_1_199' title='bbox 1374 1573 1498 1626; x_wconf 80' lang='lat' dir='ltr'>fieri</span> <span class='ocrx_word' id='word_1_200' title='bbox 1539 1571 1743 1643; x_wconf 70' lang='lat' dir='ltr'>potuit,</span> <span class='ocrx_word' id='word_1_201' title='bbox 1778 1573 1835 1625; x_wconf 72' lang='lat' dir='ltr'>et</span> <span class='ocrx_word' id='word_1_202' title='bbox 1887 1587 1959 1624; x_wconf 75' lang='lat' dir='ltr'>ne</span> <span class='ocrx_word' id='word_1_203' title='bbox 1989 1569 2067 1623; x_wconf 83' lang='lat' dir='ltr'>I‘i-</span> <span class='ocrx_word' id='word_1_204' title='bbox 2167 1579 2360 1636; x_wconf 86' lang='lat' dir='ltr'>subire</span> <span class='ocrx_word' id='word_1_205' title='bbox 2389 1580 2730 1652; x_wconf 88' lang='lat' dir='ltr'>supplicium</span> <span class='ocrx_word' id='word_1_206' title='bbox 2766 1599 2936 1637; x_wconf 90' lang='lat' dir='ltr'>causa</span> <span class='ocrx_word' id='word_1_207' title='bbox 2989 1583 3332 1654; x_wconf 86' lang='lat' dir='ltr'>perditionis</span> <span class='ocrx_word' id='word_1_208' title='bbox 3371 1601 3560 1640; x_wconf 86' lang='lat' dir='ltr'>rerum</span> <span class='ocrx_word' id='word_1_209' title='bbox 3595 1587 3731 1641; x_wconf 80' lang='lat' dir='ltr'>eccle-</span> 
     </span>
    </p>
   </div>
   <div class='ocr_carea' id='block_1_16' title="bbox 448 1657 3729 1745">
    <p class='ocr_par' dir='ltr' id='par_1_16' title="bbox 448 1657 3729 1745">
     <span class='ocr_line' id='line_1_16' title="bbox 448 1657 3729 1745; baseline -0.002 -22"><span class='ocrx_word' id='word_1_210' title='bbox 448 1685 555 1741; x_wconf 90' lang='lat' dir='ltr'>gor</span> <span class='ocrx_word' id='word_1_211' title='bbox 584 1667 688 1722; x_wconf 88' lang='lat' dir='ltr'>iste</span> <span class='ocrx_word' id='word_1_212' title='bbox 710 1683 830 1721; x_wconf 90' lang='lat' dir='ltr'>non</span> <span class='ocrx_word' id='word_1_213' title='bbox 855 1665 1151 1731; x_wconf 84' lang='lat' dir='ltr'>fortitudo,</span> <span class='ocrx_word' id='word_1_214' title='bbox 1193 1662 1292 1718; x_wconf 90' lang='lat' dir='ltr'>sed</span> <span class='ocrx_word' id='word_1_215' title='bbox 1323 1660 1536 1716; x_wconf 86' lang='lat' dir='ltr'>duritia</span> <span class='ocrx_word' id='word_1_216' title='bbox 1585 1659 1771 1731; x_wconf 87' lang='lat' dir='ltr'>magis</span> <span class='ocrx_word' id='word_1_217' title='bbox 1799 1657 2071 1714; x_wconf 88' lang='lat' dir='ltr'>habenda</span> <span class='ocrx_word' id='word_1_218' title='bbox 2168 1669 2549 1725; x_wconf 60' lang='lat' dir='ltr'>siasticamm,</span> <span class='ocrx_word' id='word_1_219' title='bbox 2575 1691 2603 1719; x_wconf 74' lang='lat'>,,</span> <span class='ocrx_word' id='word_1_220' title='bbox 2632 1670 2793 1725; x_wconf 66' lang='lat' dir='ltr'>Absit</span> <span class='ocrx_word' id='word_1_221' title='bbox 2811 1689 2846 1725; x_wconf 68' lang='grc' dir='ltr'>ει</span> <span class='ocrx_word' id='word_1_222' title='bbox 2873 1688 2967 1725; x_wconf 73' lang='lat' dir='ltr'>me</span> <span class='ocrx_word' id='word_1_223' title='bbox 2996 1674 3079 1739; x_wconf 58' lang='lat' dir='ltr'>ut,</span> <span class='ocrx_word' id='word_1_224' title='bbox 3111 1671 3222 1726; x_wconf 76' lang='lat' dir='ltr'>nisi</span> <span class='ocrx_word' id='word_1_225' title='bbox 3251 1673 3546 1744; x_wconf 46' lang='lat' dir='ltr'>des-ipim,</span> <span class='ocrx_word' id='word_1_226' title='bbox 3573 1675 3729 1745; x_wconf 69' lang='lat' dir='ltr'>huius.</span> 
     </span>
    </p>
   </div>
   <div class='ocr_carea' id='block_1_17' title="bbox 447 1747 3728 1832">
    <p class='ocr_par' dir='ltr' id='par_1_17' title="bbox 447 1747 3728 1832">
     <span class='ocr_line' id='line_1_17' title="bbox 447 1747 3728 1832; baseline -0.002 -22"><span class='ocrx_word' id='word_1_227' title='bbox 447 1755 538 1810; x_wconf 86' lang='lat' dir='ltr'>sit.</span> <span class='ocrx_word' id='word_1_228' title='bbox 572 1755 739 1809; x_wconf 80' lang='lat' dir='ltr'>Aliud</span> <span class='ocrx_word' id='word_1_229' title='bbox 769 1756 854 1808; x_wconf 91' lang='lat' dir='ltr'>est</span> <span class='ocrx_word' id='word_1_230' title='bbox 876 1755 1070 1807; x_wconf 88' lang='lat' dir='ltr'>autem</span> <span class='ocrx_word' id='word_1_231' title='bbox 1097 1751 1306 1806; x_wconf 87' lang='lat' dir='ltr'>durum</span> <span class='ocrx_word' id='word_1_232' title='bbox 1336 1766 1477 1816; x_wconf 90' lang='lat' dir='ltr'>esse,</span> <span class='ocrx_word' id='word_1_233' title='bbox 1501 1748 1659 1803; x_wconf 89' lang='lat' dir='ltr'>aliud</span> <span class='ocrx_word' id='word_1_234' title='bbox 1689 1749 1920 1803; x_wconf 84' lang='lat' dir='ltr'>fortem.</span> <span class='ocrx_word' id='word_1_235' title='bbox 1956 1747 2070 1801; x_wconf 89' lang='lat' dir='ltr'>Du-</span> <span class='ocrx_word' id='word_1_236' title='bbox 2101 1826 2142 1832; x_wconf 77' lang='lat'><strong><em>_</em></strong></span> <span class='ocrx_word' id='word_1_237' title='bbox 2168 1758 2329 1813; x_wconf 76' lang='lat' dir='ltr'>modi</span> <span class='ocrx_word' id='word_1_238' title='bbox 2357 1757 2461 1812; x_wconf 67' lang='lat' dir='ltr'>tibi</span> <span class='ocrx_word' id='word_1_239' title='bbox 2482 1759 2888 1829; x_wconf 66' lang='lat' dir='ltr'>persuadeam:</span> <span class='ocrx_word' id='word_1_240' title='bbox 2923 1759 3126 1832; x_wconf 58' lang='lat' dir='ltr'>magis,</span> <span class='ocrx_word' id='word_1_241' title='bbox 3167 1761 3211 1824; x_wconf 76' lang='lat' dir='ltr'>si</span> <span class='ocrx_word' id='word_1_242' title='bbox 3234 1762 3354 1816; x_wconf 78' lang='lat' dir='ltr'>uno</span> <span class='ocrx_word' id='word_1_243' title='bbox 3380 1763 3546 1816; x_wconf 75' lang='lat' dir='ltr'>modo</span> <span class='ocrx_word' id='word_1_244' title='bbox 3573 1763 3728 1826; x_wconf 54' lang='lat' dir='ltr'>sciam,</span> 
     </span>
    </p>
   </div>
   <div class='ocr_carea' id='block_1_18' title="bbox 446 1826 3727 1922">
    <p class='ocr_par' dir='ltr' id='par_1_18' title="bbox 446 1826 3727 1922">
     <span class='ocr_line' id='line_1_18' title="bbox 446 1826 3727 1922; baseline 0.002 -24"><span class='ocrx_word' id='word_1_245' title='bbox 446 1861 545 1900; x_wconf 85' lang='lat' dir='ltr'>rus</span> <span class='ocrx_word' id='word_1_246' title='bbox 569 1860 675 1899; x_wconf 89' lang='lat' dir='ltr'>nec</span> <span class='ocrx_word' id='word_1_247' title='bbox 703 1842 764 1898; x_wconf 89' lang='lat' dir='ltr'>in</span> <span class='ocrx_word' id='word_1_248' title='bbox 799 1843 1016 1899; x_wconf 84' lang='lat' dir='ltr'>bonam</span> <span class='ocrx_word' id='word_1_249' title='bbox 1063 1843 1287 1912; x_wconf 82' lang='lat' dir='ltr'>partem</span> <span class='ocrx_word' id='word_1_250' title='bbox 1338 1839 1605 1896; x_wconf 77' lang='lat' dir='ltr'>ﬂectitur.</span> <span class='ocrx_word' id='word_1_251' title='bbox 1653 1838 1763 1894; x_wconf 80' lang='lat' dir='ltr'>Cur</span> <span class='ocrx_word' id='word_1_252' title='bbox 1815 1855 1880 1892; x_wconf 78' lang='lat' dir='ltr'>ex</span> <span class='ocrx_word' id='word_1_253' title='bbox 1904 1839 2067 1907; x_wconf 67' lang='lat' dir='ltr'>grato</span> <span class='ocrx_word' id='word_1_254' title='bbox 2099 1826 2228 1901; x_wconf 85' lang='lat' dir='ltr'>Bin</span> <span class='ocrx_word' id='word_1_255' title='bbox 2256 1847 2379 1901; x_wconf 71' lang='lat' dir='ltr'>haec</span> <span class='ocrx_word' id='word_1_256' title='bbox 2407 1826 2530 1918; x_wconf 76' lang='lat' dir='ltr'>ipsa</span> <span class='ocrx_word' id='word_1_257' title='bbox 2552 1850 2608 1902; x_wconf 88' lang='lat' dir='ltr'>te</span> <span class='ocrx_word' id='word_1_258' title='bbox 2641 1847 2846 1902; x_wconf 89' lang='lat' dir='ltr'>ducere</span> <span class='ocrx_word' id='word_1_259' title='bbox 2871 1826 3065 1902; x_wconf 70' lang='lat' dir='ltr'>velini.</span> <span class='ocrx_word' id='word_1_260' title='bbox 3111 1826 3395 1905; x_wconf 90' lang='lat' dir='ltr'>Procedat</span> <span class='ocrx_word' id='word_1_261' title='bbox 3444 1851 3727 1922; x_wconf 84' lang='lat' dir='ltr'>Apostolus;</span> 
     </span>
    </p>
   </div>
   <div class='ocr_carea' id='block_1_19' title="bbox 446 1924 2037 2010">
    <p class='ocr_par' dir='ltr' id='par_1_19' title="bbox 446 1924 2031 2006">
     <span class='ocr_line' id='line_1_19' title="bbox 446 1924 2031 2006; baseline -0.006 -18"><span class='ocrx_word' id='word_1_262' title='bbox 446 1933 761 2006; x_wconf 88' lang='lat' dir='ltr'>ingratum,</span> <span class='ocrx_word' id='word_1_263' title='bbox 786 1947 854 1986; x_wconf 86' lang='lat' dir='ltr'>ex</span> <span class='ocrx_word' id='word_1_264' title='bbox 873 1929 1057 1985; x_wconf 84' lang='lat' dir='ltr'>amico</span> <span class='ocrx_word' id='word_1_265' title='bbox 1081 1928 1402 1996; x_wconf 90' lang='lat' dir='ltr'>inimicum,</span> <span class='ocrx_word' id='word_1_266' title='bbox 1444 1945 1508 1982; x_wconf 86' lang='lat' dir='ltr'>ex</span> <span class='ocrx_word' id='word_1_267' title='bbox 1532 1924 2031 1982; x_wconf 78' lang='lat' dir='ltr'>munificentissim</span> 
     </span>
    </p>
   </div>
   <div class='ocr_carea' id='block_1_20' title="bbox 2138 1924 3729 2010">
    <p class='ocr_par' dir='ltr' id='par_1_20' title="bbox 2170 1936 3729 2010">
     <span class='ocr_line' id='line_1_20' title="bbox 2170 1936 3729 2010; baseline 0.001 -20"><span class='ocrx_word' id='word_1_268' title='bbox 2170 1937 2438 2007; x_wconf 87' lang='lat' dir='ltr'>loquatur</span> <span class='ocrx_word' id='word_1_269' title='bbox 2457 1952 2559 2007; x_wconf 91' lang='lat' dir='ltr'>pro</span> <span class='ocrx_word' id='word_1_270' title='bbox 2583 1953 2677 1991; x_wconf 90' lang='lat' dir='ltr'>me</span> <span class='ocrx_word' id='word_1_271' title='bbox 2698 1936 2792 1991; x_wconf 92' lang='lat' dir='ltr'>ille</span> <span class='ocrx_word' id='word_1_272' title='bbox 2813 1953 2906 1991; x_wconf 89' lang='lat' dir='ltr'>vas</span> <span class='ocrx_word' id='word_1_273' title='bbox 2928 1937 3475 2005; x_wconf 90' lang='lat' dir='ltr'>dilectionis,doctor</span> <span class='ocrx_word' id='word_1_274' title='bbox 3494 1939 3729 2010; x_wconf 88' lang='lat' dir='ltr'>gentium.</span> 
     </span>
    </p>
   </div>
   <div class='ocr_carea' id='block_1_21' title="bbox 446 2015 3734 2098">
    <p class='ocr_par' dir='ltr' id='par_1_21' title="bbox 446 2015 3734 2098">
     <span class='ocr_line' id='line_1_21' title="bbox 446 2015 3734 2098; baseline -0.001 -17"><span class='ocrx_word' id='word_1_275' title='bbox 446 2021 551 2078; x_wconf 82' lang='lat' dir='ltr'>tibi</span> <span class='ocrx_word' id='word_1_276' title='bbox 618 2021 985 2076; x_wconf 76' lang='lat' dir='ltr'>inliberaiem</span> <span class='ocrx_word' id='word_1_277' title='bbox 1041 2019 1179 2074; x_wconf 77' lang='lat' dir='ltr'>faCiS</span> <span class='ocrx_word' id='word_1_278' title='bbox 1205 2017 1232 2075; x_wconf 74' lang='lat'><strong>?</strong></span> <span class='ocrx_word' id='word_1_279' title='bbox 1293 2017 1584 2090; x_wconf 83' lang='lat' dir='ltr'>Quidquid</span> <span class='ocrx_word' id='word_1_280' title='bbox 1641 2016 1745 2071; x_wconf 77' lang='lat' dir='ltr'>tibi</span> <span class='ocrx_word' id='word_1_281' title='bbox 1801 2015 2068 2080; x_wconf 63' lang='lat' dir='ltr'>libuerat,</span> <span class='ocrx_word' id='word_1_282' title='bbox 2169 2025 2310 2078; x_wconf 88' lang='lat' dir='ltr'>Ecce</span> <span class='ocrx_word' id='word_1_283' title='bbox 2325 2025 2525 2079; x_wconf 89' lang='lat' dir='ltr'>doctor</span> <span class='ocrx_word' id='word_1_284' title='bbox 2556 2025 2908 2080; x_wconf 87' lang='lat' dir='ltr'>noster.Non</span> <span class='ocrx_word' id='word_1_285' title='bbox 2930 2027 3087 2082; x_wconf 91' lang='lat' dir='ltr'>enim</span> <span class='ocrx_word' id='word_1_286' title='bbox 3114 2043 3180 2081; x_wconf 88' lang='lat' dir='ltr'>ex</span> <span class='ocrx_word' id='word_1_287' title='bbox 3199 2026 3412 2081; x_wconf 67' lang='lat' dir='ltr'>Iudaeis</span> <span class='ocrx_word' id='word_1_288' title='bbox 3441 2027 3532 2082; x_wconf 88' lang='lat' dir='ltr'>sed</span> <span class='ocrx_word' id='word_1_289' title='bbox 3557 2044 3614 2081; x_wconf 83' lang='lat' dir='ltr'>ex</span> <span class='ocrx_word' id='word_1_290' title='bbox 3628 2043 3734 2098; x_wconf 85' lang='lat' dir='ltr'>gen-</span> 
     </span>
    </p>
   </div>
   <div class='ocr_carea' id='block_1_22' title="bbox 447 2103 3732 2187">
    <p class='ocr_par' dir='ltr' id='par_1_22' title="bbox 447 2103 3732 2187">
     <span class='ocr_line' id='line_1_22' title="bbox 447 2103 3732 2187; baseline 0.001 -22"><span class='ocrx_word' id='word_1_291' title='bbox 447 2113 620 2184; x_wconf 90' lang='lat' dir='ltr'>prout</span> <span class='ocrx_word' id='word_1_292' title='bbox 647 2108 902 2182; x_wconf 90' lang='lat' dir='ltr'>pluribus</span> <span class='ocrx_word' id='word_1_293' title='bbox 939 2107 1121 2162; x_wconf 83' lang='lat' dir='ltr'>Visum</span> <span class='ocrx_word' id='word_1_294' title='bbox 1149 2110 1250 2173; x_wconf 79' lang='lat' dir='ltr'>est,</span> <span class='ocrx_word' id='word_1_295' title='bbox 1287 2106 1439 2178; x_wconf 82' lang='lat' dir='ltr'>apud</span> <span class='ocrx_word' id='word_1_296' title='bbox 1471 2106 1631 2160; x_wconf 82' lang='lat' dir='ltr'>illum</span> <span class='ocrx_word' id='word_1_297' title='bbox 1670 2103 1932 2160; x_wconf 75' lang='lat' dir='ltr'>Obi-ineI‘e</span> <span class='ocrx_word' id='word_1_298' title='bbox 1965 2119 2069 2174; x_wconf 76' lang='grc' dir='ltr'>ΡΟ·</span> <span class='ocrx_word' id='word_1_299' title='bbox 2170 2113 2342 2168; x_wconf 90' lang='lat' dir='ltr'>tibus.</span> <span class='ocrx_word' id='word_1_300' title='bbox 2377 2113 2523 2178; x_wconf 90' lang='lat' dir='ltr'>Quid</span> <span class='ocrx_word' id='word_1_301' title='bbox 2553 2113 2634 2168; x_wconf 88' lang='lat' dir='ltr'>ait</span> <span class='ocrx_word' id='word_1_302' title='bbox 2661 2116 2999 2185; x_wconf 79' lang='lat' dir='ltr'>Apostolus?</span> <span class='ocrx_word' id='word_1_303' title='bbox 3023 2116 3208 2171; x_wconf 81' lang='lat' dir='ltr'>Omnis</span> <span class='ocrx_word' id='word_1_304' title='bbox 3233 2119 3439 2183; x_wconf 82' lang='lat' dir='ltr'>anima,</span> <span class='ocrx_word' id='word_1_305' title='bbox 3467 2116 3646 2187; x_wconf 85' lang='lat' dir='ltr'>inquit,</span> <span class='ocrx_word' id='word_1_306' title='bbox 3663 2130 3732 2185; x_wconf 79' lang='lat' dir='ltr'>po-</span> 
     </span>
    </p>
   </div>
   <div class='ocr_carea' id='block_1_23' title="bbox 447 2191 3731 2273">
    <p class='ocr_par' dir='ltr' id='par_1_23' title="bbox 447 2191 3731 2273">
     <span class='ocr_line' id='line_1_23' title="bbox 447 2191 3731 2273; baseline -0 -18"><span class='ocrx_word' id='word_1_307' title='bbox 447 2203 658 2255; x_wconf 81' lang='lat' dir='ltr'>tueras.</span> <span class='ocrx_word' id='word_1_308' title='bbox 689 2199 893 2252; x_wconf 84' lang='lat' dir='ltr'>Nonne</span> <span class='ocrx_word' id='word_1_309' title='bbox 913 2199 1073 2251; x_wconf 76' lang='lat' dir='ltr'>tanta</span> <span class='ocrx_word' id='word_1_310' title='bbox 1098 2195 1202 2250; x_wconf 79' lang='lat' dir='ltr'>tibi</span> <span class='ocrx_word' id='word_1_311' title='bbox 1234 2197 1487 2267; x_wconf 69' lang='lat' dir='ltr'>potestas</span> <span class='ocrx_word' id='word_1_312' title='bbox 1508 2194 1567 2248; x_wconf 86' lang='lat' dir='ltr'>in</span> <span class='ocrx_word' id='word_1_313' title='bbox 1598 2193 1687 2248; x_wconf 77' lang='lat' dir='ltr'>his</span> <span class='ocrx_word' id='word_1_314' title='bbox 1733 2191 2071 2265; x_wconf 81' lang='lat' dir='ltr'>regionibus</span> <span class='ocrx_word' id='word_1_315' title='bbox 2173 2202 2448 2258; x_wconf 80' lang='lat' dir='ltr'>testatibus</span> <span class='ocrx_word' id='word_1_316' title='bbox 2475 2201 2867 2258; x_wconf 77' lang='lat' dir='ltr'>sublimioribus</span> <span class='ocrx_word' id='word_1_317' title='bbox 2885 2203 3095 2257; x_wconf 76' lang='lat' dir='ltr'>subdita</span> <span class='ocrx_word' id='word_1_318' title='bbox 3139 2203 3231 2258; x_wconf 80' lang='lat' dir='ltr'>sit.</span> <span class='ocrx_word' id='word_1_319' title='bbox 3262 2203 3396 2259; x_wconf 85' lang='lat' dir='ltr'>Non</span> <span class='ocrx_word' id='word_1_320' title='bbox 3426 2211 3496 2257; x_wconf 84' lang='lat' dir='ltr'>est</span> <span class='ocrx_word' id='word_1_321' title='bbox 3517 2204 3638 2256; x_wconf 86' lang='lat' dir='ltr'>enim</span> <span class='ocrx_word' id='word_1_322' title='bbox 3653 2219 3731 2273; x_wconf 82' lang='lat' dir='ltr'>po-</span> 
     </span>
    </p>
   </div>
   <div class='ocr_carea' id='block_1_24' title="bbox 449 2281 3731 2356">
    <p class='ocr_par' dir='ltr' id='par_1_24' title="bbox 449 2281 3731 2356">
     <span class='ocr_line' id='line_1_24' title="bbox 449 2281 3731 2356; baseline -0.003 -5"><span class='ocrx_word' id='word_1_323' title='bbox 449 2287 520 2344; x_wconf 75' lang='lat' dir='ltr'>ab</span> <span class='ocrx_word' id='word_1_324' title='bbox 547 2304 615 2343; x_wconf 79' lang='grc' dir='ltr'>ϐο</span> <span class='ocrx_word' id='word_1_325' title='bbox 641 2302 911 2342; x_wconf 72' lang='lat'>001108853</span> <span class='ocrx_word' id='word_1_326' title='bbox 935 2287 1038 2352; x_wconf 59' lang='grc' dir='ltr'>δεῖ,</span> <span class='ocrx_word' id='word_1_327' title='bbox 1077 2287 1137 2338; x_wconf 72' lang='lat' dir='ltr'>ut</span> <span class='ocrx_word' id='word_1_328' title='bbox 1160 2284 1233 2338; x_wconf 74' lang='lat' dir='ltr'>ad</span> <span class='ocrx_word' id='word_1_329' title='bbox 1266 2285 1470 2338; x_wconf 61' lang='lat' dir='ltr'>mltum</span> <span class='ocrx_word' id='word_1_330' title='bbox 1500 2285 1662 2336; x_wconf 65' lang='lat' dir='ltr'>tuum</span> <span class='ocrx_word' id='word_1_331' title='bbox 1723 2281 1920 2336; x_wconf 69' lang='lat' dir='ltr'>omnia</span> <span class='ocrx_word' id='word_1_332' title='bbox 1970 2297 2070 2351; x_wconf 72' lang='lat' dir='ltr'>Pa&#39;</span> <span class='ocrx_word' id='word_1_333' title='bbox 2174 2297 2329 2344; x_wconf 85' lang='lat' dir='ltr'>testas</span> <span class='ocrx_word' id='word_1_334' title='bbox 2356 2291 2462 2344; x_wconf 88' lang='lat' dir='ltr'>nisi</span> <span class='ocrx_word' id='word_1_335' title='bbox 2488 2307 2523 2346; x_wconf 85' lang='grc' dir='ltr'><em>α</em></span> <span class='ocrx_word' id='word_1_336' title='bbox 2561 2291 2693 2344; x_wconf 87' lang='lat' dir='ltr'>Deo.</span> <span class='ocrx_word' id='word_1_337' title='bbox 2747 2289 2879 2356; x_wconf 65' lang='lat' dir='ltr'>Quae</span> <span class='ocrx_word' id='word_1_338' title='bbox 2932 2299 3111 2347; x_wconf 85' lang='lat' dir='ltr'>autem</span> <span class='ocrx_word' id='word_1_339' title='bbox 3138 2299 3286 2355; x_wconf 69' lang='lat' dir='ltr'>sunt,</span> <span class='ocrx_word' id='word_1_340' title='bbox 3337 2309 3373 2347; x_wconf 86' lang='lat' dir='ltr'>a</span> <span class='ocrx_word' id='word_1_341' title='bbox 3397 2292 3506 2346; x_wconf 81' lang='lat' dir='ltr'>Deo</span> <span class='ocrx_word' id='word_1_342' title='bbox 3532 2290 3731 2344; x_wconf 78' lang='lat' dir='ltr'>ordinata</span> 
     </span>
    </p>
   </div>
   <div class='ocr_carea' id='block_1_25' title="bbox 449 2372 3733 2450">
    <p class='ocr_par' dir='ltr' id='par_1_25' title="bbox 449 2372 3733 2450">
     <span class='ocr_line' id='line_1_25' title="bbox 449 2372 3733 2450; baseline -0.001 -19"><span class='ocrx_word' id='word_1_343' title='bbox 449 2379 616 2432; x_wconf 88' lang='lat' dir='ltr'>reant</span> <span class='ocrx_word' id='word_1_344' title='bbox 635 2376 662 2431; x_wconf 76' lang='lat' dir='ltr'>‘I</span> <span class='ocrx_word' id='word_1_345' title='bbox 695 2374 796 2430; x_wconf 89' lang='lat' dir='ltr'>Cui</span> <span class='ocrx_word' id='word_1_346' title='bbox 829 2391 954 2440; x_wconf 88' lang='lat' dir='ltr'>nos,</span> <span class='ocrx_word' id='word_1_347' title='bbox 988 2375 1087 2428; x_wconf 83' lang='lat' dir='ltr'>aut</span> <span class='ocrx_word' id='word_1_348' title='bbox 1126 2376 1363 2428; x_wconf 81' lang='lat' dir='ltr'>caeteros</span> <span class='ocrx_word' id='word_1_349' title='bbox 1387 2372 1484 2445; x_wconf 87' lang='lat' dir='ltr'>qui</span> <span class='ocrx_word' id='word_1_350' title='bbox 1513 2372 1584 2426; x_wconf 87' lang='lat' dir='ltr'>de</span> <span class='ocrx_word' id='word_1_351' title='bbox 1614 2374 1670 2426; x_wconf 76' lang='lat' dir='ltr'>te</span> <span class='ocrx_word' id='word_1_352' title='bbox 1696 2374 2072 2442; x_wconf 68' lang='lat' dir='ltr'>prmsumunt,</span> <span class='ocrx_word' id='word_1_353' title='bbox 2171 2384 2314 2432; x_wconf 83' lang='lat' dir='ltr'>sunt.</span> <span class='ocrx_word' id='word_1_354' title='bbox 2346 2383 2540 2450; x_wconf 75' lang='lat' dir='ltr'>Itaque</span> <span class='ocrx_word' id='word_1_355' title='bbox 2564 2380 2659 2450; x_wconf 84' lang='lat' dir='ltr'>qui</span> <span class='ocrx_word' id='word_1_356' title='bbox 2693 2380 2886 2433; x_wconf 76' lang='lat' dir='ltr'>resistit</span> <span class='ocrx_word' id='word_1_357' title='bbox 2907 2382 3180 2449; x_wconf 80' lang='lat' dir='ltr'>potestati.</span> <span class='ocrx_word' id='word_1_358' title='bbox 3207 2379 3319 2434; x_wconf 84' lang='lat' dir='ltr'>Dei</span> <span class='ocrx_word' id='word_1_359' title='bbox 3351 2379 3651 2434; x_wconf 80' lang='lat' dir='ltr'>ordinationi</span> <span class='ocrx_word' id='word_1_360' title='bbox 3673 2393 3733 2429; x_wconf 80' lang='lat' dir='ltr'>re-</span> 
     </span>
    </p>
   </div>
   <div class='ocr_carea' id='block_1_26' title="bbox 451 2459 3734 2538">
    <p class='ocr_par' dir='ltr' id='par_1_26' title="bbox 451 2459 3734 2538">
     <span class='ocr_line' id='line_1_26' title="bbox 451 2459 3734 2538; baseline -0.002 -18"><span class='ocrx_word' id='word_1_361' title='bbox 451 2463 847 2520; x_wconf 89' lang='lat' dir='ltr'>defendendos</span> <span class='ocrx_word' id='word_1_362' title='bbox 877 2460 1162 2532; x_wconf 88' lang='lat' dir='ltr'>relinquis</span> <span class='ocrx_word' id='word_1_363' title='bbox 1182 2461 1209 2515; x_wconf 85' lang='lat'><strong>?</strong></span> <span class='ocrx_word' id='word_1_364' title='bbox 1264 2461 1349 2515; x_wconf 91' lang='lat' dir='ltr'>Sit</span> <span class='ocrx_word' id='word_1_365' title='bbox 1371 2459 1599 2514; x_wconf 88' lang='lat' dir='ltr'>animus</span> <span class='ocrx_word' id='word_1_366' title='bbox 1621 2459 1803 2525; x_wconf 88' lang='lat' dir='ltr'>fortis,</span> <span class='ocrx_word' id='word_1_367' title='bbox 1837 2459 1937 2513; x_wconf 91' lang='lat' dir='ltr'>sed</span> <span class='ocrx_word' id='word_1_368' title='bbox 1983 2476 2076 2513; x_wconf 90' lang='lat' dir='ltr'>us—</span> <span class='ocrx_word' id='word_1_369' title='bbox 2173 2465 2327 2520; x_wconf 89' lang='lat' dir='ltr'>sistit.</span> <span class='ocrx_word' id='word_1_370' title='bbox 2365 2465 2474 2532; x_wconf 84' lang='lat' dir='ltr'>Qui</span> <span class='ocrx_word' id='word_1_371' title='bbox 2498 2473 2677 2520; x_wconf 81' lang='lat' dir='ltr'>autem</span> <span class='ocrx_word' id='word_1_372' title='bbox 2704 2468 2969 2534; x_wconf 75' lang='lat' dir='ltr'>resistunt,</span> <span class='ocrx_word' id='word_1_373' title='bbox 2993 2467 3096 2538; x_wconf 71' lang='lat' dir='ltr'>ipsi</span> <span class='ocrx_word' id='word_1_374' title='bbox 3122 2467 3233 2523; x_wconf 71' lang='lat' dir='ltr'>sibi</span> <span class='ocrx_word' id='word_1_375' title='bbox 3274 2467 3644 2522; x_wconf 73' lang='lat' dir='ltr'>damnationem</span> <span class='ocrx_word' id='word_1_376' title='bbox 3665 2481 3734 2518; x_wconf 86' lang='lat' dir='ltr'>ac-</span> 
     </span>
    </p>
   </div>
   <div class='ocr_carea' id='block_1_27' title="bbox 453 2546 3733 2627">
    <p class='ocr_par' dir='ltr' id='par_1_27' title="bbox 453 2546 3733 2627">
     <span class='ocr_line' id='line_1_27' title="bbox 453 2546 3733 2627; baseline 0.002 -27"><span class='ocrx_word' id='word_1_377' title='bbox 453 2568 564 2625; x_wconf 82' lang='lat' dir='ltr'>que</span> <span class='ocrx_word' id='word_1_378' title='bbox 588 2551 663 2606; x_wconf 81' lang='lat' dir='ltr'>ad</span> <span class='ocrx_word' id='word_1_379' title='bbox 711 2548 1180 2621; x_wconf 85' lang='lat' dir='ltr'>temperantiam.</span> <span class='ocrx_word' id='word_1_380' title='bbox 1217 2548 1383 2614; x_wconf 88' lang='lat' dir='ltr'>Quod</span> <span class='ocrx_word' id='word_1_381' title='bbox 1440 2548 1679 2602; x_wconf 90' lang='lat' dir='ltr'>modum</span> <span class='ocrx_word' id='word_1_382' title='bbox 1718 2546 2078 2619; x_wconf 86' lang='lat' dir='ltr'>supcrgredi-</span> <span class='ocrx_word' id='word_1_383' title='bbox 2176 2555 2413 2626; x_wconf 85' lang='lat' dir='ltr'>quirunt.</span> <span class='ocrx_word' id='word_1_384' title='bbox 2440 2553 2619 2615; x_wconf 83' lang='lat' dir='ltr'>(Rom.</span> <span class='ocrx_word' id='word_1_385' title='bbox 2646 2572 2762 2622; x_wconf 81' lang='lat' dir='ltr'>x111,</span> <span class='ocrx_word' id='word_1_386' title='bbox 2791 2559 2839 2621; x_wconf 82' lang='lat' dir='ltr'>i,</span> <span class='ocrx_word' id='word_1_387' title='bbox 2874 2557 2930 2624; x_wconf 79' lang='lat'>2)</span> <span class='ocrx_word' id='word_1_388' title='bbox 2959 2557 3098 2610; x_wconf 87' lang='lat' dir='ltr'>Ecce</span> <span class='ocrx_word' id='word_1_389' title='bbox 3129 2555 3271 2627; x_wconf 89' lang='lat' dir='ltr'>quid</span> <span class='ocrx_word' id='word_1_390' title='bbox 3309 2557 3525 2621; x_wconf 87' lang='lat' dir='ltr'>hortor,</span> <span class='ocrx_word' id='word_1_391' title='bbox 3553 2571 3657 2609; x_wconf 87' lang='lat' dir='ltr'>ecce</span> <span class='ocrx_word' id='word_1_392' title='bbox 3690 2553 3733 2605; x_wconf 90' lang='lat' dir='ltr'>in</span> 
     </span>
    </p>
   </div>
   <div class='ocr_carea' id='block_1_28' title="bbox 451 2635 3735 2716">
    <p class='ocr_par' dir='ltr' id='par_1_28' title="bbox 451 2635 3735 2716">
     <span class='ocr_line' id='line_1_28' title="bbox 451 2635 3735 2716; baseline -0.001 -22"><span class='ocrx_word' id='word_1_393' title='bbox 451 2643 547 2696; x_wconf 91' lang='lat' dir='ltr'>tur</span> <span class='ocrx_word' id='word_1_394' title='bbox 576 2639 1047 2705; x_wconf 89' lang='lat' dir='ltr'>immoderatum,</span> <span class='ocrx_word' id='word_1_395' title='bbox 1080 2637 1536 2692; x_wconf 90' lang='lat' dir='ltr'>immoderatum</span> <span class='ocrx_word' id='word_1_396' title='bbox 1559 2636 1970 2708; x_wconf 88' lang='lat' dir='ltr'>intemperens,</span> <span class='ocrx_word' id='word_1_397' title='bbox 1995 2635 2079 2690; x_wconf 91' lang='lat' dir='ltr'>in-</span> <span class='ocrx_word' id='word_1_398' title='bbox 2178 2659 2306 2714; x_wconf 62' lang='lat' dir='ltr'>qum</span> <span class='ocrx_word' id='word_1_399' title='bbox 2333 2643 2514 2710; x_wconf 79' lang='lat' dir='ltr'>duco;</span> <span class='ocrx_word' id='word_1_400' title='bbox 2548 2643 2667 2697; x_wconf 87' lang='lat' dir='ltr'>imo</span> <span class='ocrx_word' id='word_1_401' title='bbox 2707 2660 2823 2698; x_wconf 87' lang='lat' dir='ltr'>non</span> <span class='ocrx_word' id='word_1_402' title='bbox 2871 2661 2998 2715; x_wconf 74' lang='lat' dir='ltr'>ego,</span> <span class='ocrx_word' id='word_1_403' title='bbox 3031 2644 3130 2699; x_wconf 78' lang='lat' dir='ltr'>sed</span> <span class='ocrx_word' id='word_1_404' title='bbox 3170 2645 3493 2716; x_wconf 73' lang='lat' dir='ltr'>Apostolus,</span> <span class='ocrx_word' id='word_1_405' title='bbox 3519 2643 3620 2697; x_wconf 87' lang='lat' dir='ltr'>imo</span> <span class='ocrx_word' id='word_1_406' title='bbox 3646 2657 3735 2695; x_wconf 88' lang='lat' dir='ltr'>non</span> 
     </span>
    </p>
   </div>
   <div class='ocr_carea' id='block_1_29' title="bbox 325 2726 3736 2804">
    <p class='ocr_par' dir='ltr' id='par_1_29' title="bbox 325 2726 3736 2804">
     <span class='ocr_line' id='line_1_29' title="bbox 325 2726 3736 2804; baseline -0 -20"><span class='ocrx_word' id='word_1_407' title='bbox 325 2785 330 2794; x_wconf 64' lang='grc'>,</span> <span class='ocrx_word' id='word_1_408' title='bbox 366 2765 367 2768; x_wconf 60' lang='grc' dir='ltr'><strong>η</strong></span> <span class='ocrx_word' id='word_1_409' title='bbox 455 2726 837 2800; x_wconf 87' lang='lat' dir='ltr'>temperantia</span> <span class='ocrx_word' id='word_1_410' title='bbox 884 2727 1085 2782; x_wconf 86' lang='lat' dir='ltr'>vitium</span> <span class='ocrx_word' id='word_1_411' title='bbox 1118 2731 1222 2782; x_wconf 91' lang='lat' dir='ltr'>est.</span> <span class='ocrx_word' id='word_1_412' title='bbox 1255 2726 1516 2798; x_wconf 82' lang='lat' dir='ltr'>Amplius</span> <span class='ocrx_word' id='word_1_413' title='bbox 1545 2743 1660 2781; x_wconf 90' lang='lat' dir='ltr'>non</span> <span class='ocrx_word' id='word_1_414' title='bbox 1713 2726 2075 2798; x_wconf 88' lang='lat' dir='ltr'>progredior.</span> <span class='ocrx_word' id='word_1_415' title='bbox 2177 2730 2295 2797; x_wconf 91' lang='lat' dir='ltr'>ille,</span> <span class='ocrx_word' id='word_1_416' title='bbox 2327 2731 2427 2786; x_wconf 91' lang='lat' dir='ltr'>sed</span> <span class='ocrx_word' id='word_1_417' title='bbox 2456 2731 2734 2804; x_wconf 89' lang='lat' dir='ltr'>perillum</span> <span class='ocrx_word' id='word_1_418' title='bbox 2753 2733 2899 2786; x_wconf 90' lang='lat' dir='ltr'>Deus</span> <span class='ocrx_word' id='word_1_419' title='bbox 2923 2750 2936 2800; x_wconf 89' lang='lat'><strong>;</strong></span> <span class='ocrx_word' id='word_1_420' title='bbox 2958 2734 3022 2786; x_wconf 91' lang='lat' dir='ltr'>ut</span> <span class='ocrx_word' id='word_1_421' title='bbox 3051 2732 3151 2786; x_wconf 87' lang='lat' dir='ltr'>Dei</span> <span class='ocrx_word' id='word_1_422' title='bbox 3181 2733 3531 2788; x_wconf 89' lang='lat' dir='ltr'>ordinationi</span> <span class='ocrx_word' id='word_1_423' title='bbox 3555 2747 3653 2785; x_wconf 91' lang='lat' dir='ltr'>non</span> <span class='ocrx_word' id='word_1_424' title='bbox 3667 2746 3736 2784; x_wconf 86' lang='lat' dir='ltr'>re-</span> 
     </span>
    </p>
   </div>
   <div class='ocr_carea' id='block_1_30' title="bbox 465 2814 3738 2892">
    <p class='ocr_par' dir='ltr' id='par_1_30' title="bbox 465 2814 3738 2892">
     <span class='ocr_line' id='line_1_30' title="bbox 465 2814 3738 2892; baseline -0.001 -19"><span class='ocrx_word' id='word_1_425' title='bbox 465 2817 669 2873; x_wconf 90' lang='lat' dir='ltr'>Sinon</span> <span class='ocrx_word' id='word_1_426' title='bbox 690 2834 794 2888; x_wconf 89' lang='lat' dir='ltr'>pro</span> <span class='ocrx_word' id='word_1_427' title='bbox 827 2818 904 2884; x_wconf 90' lang='lat' dir='ltr'>te,</span> <span class='ocrx_word' id='word_1_428' title='bbox 936 2817 1141 2870; x_wconf 90' lang='lat' dir='ltr'>saltem</span> <span class='ocrx_word' id='word_1_429' title='bbox 1190 2833 1294 2888; x_wconf 92' lang='lat' dir='ltr'>pro</span> <span class='ocrx_word' id='word_1_430' title='bbox 1343 2815 1540 2872; x_wconf 90' lang='lat' dir='ltr'>ovibus</span> <span class='ocrx_word' id='word_1_431' title='bbox 1569 2816 1681 2870; x_wconf 88' lang='lat' dir='ltr'>tuis</span> <span class='ocrx_word' id='word_1_432' title='bbox 1723 2815 1826 2870; x_wconf 92' lang='lat' dir='ltr'>tibi</span> <span class='ocrx_word' id='word_1_433' title='bbox 1867 2814 2079 2870; x_wconf 88' lang='lat' dir='ltr'>timen-</span> <span class='ocrx_word' id='word_1_434' title='bbox 2179 2817 2374 2873; x_wconf 88' lang='lat' dir='ltr'>sistitis</span> <span class='ocrx_word' id='word_1_435' title='bbox 2399 2818 2688 2890; x_wconf 87' lang='lat' dir='ltr'>[resistas],</span> <span class='ocrx_word' id='word_1_436' title='bbox 2722 2837 2827 2874; x_wconf 89' lang='lat' dir='ltr'>nec</span> <span class='ocrx_word' id='word_1_437' title='bbox 2853 2821 2972 2892; x_wconf 88' lang='lat' dir='ltr'>ipse</span> <span class='ocrx_word' id='word_1_438' title='bbox 3014 2819 3117 2874; x_wconf 91' lang='lat' dir='ltr'>tibi</span> <span class='ocrx_word' id='word_1_439' title='bbox 3149 2820 3596 2874; x_wconf 87' lang='lat' dir='ltr'>dominationem</span> <span class='ocrx_word' id='word_1_440' title='bbox 3619 2835 3738 2872; x_wconf 83' lang='lat' dir='ltr'>assu-</span> 
     </span>
    </p>
   </div>
   <div class='ocr_carea' id='block_1_31' title="bbox 462 2904 3738 2977">
    <p class='ocr_par' dir='ltr' id='par_1_31' title="bbox 462 2904 3738 2977">
     <span class='ocr_line' id='line_1_31' title="bbox 462 2904 3738 2977; baseline -0.001 -16"><span class='ocrx_word' id='word_1_441' title='bbox 462 2906 600 2962; x_wconf 89' lang='lat' dir='ltr'>dum</span> <span class='ocrx_word' id='word_1_442' title='bbox 632 2909 735 2960; x_wconf 89' lang='lat' dir='ltr'>est.</span> <span class='ocrx_word' id='word_1_443' title='bbox 761 2907 840 2961; x_wconf 90' lang='lat' dir='ltr'>De</span> <span class='ocrx_word' id='word_1_444' title='bbox 865 2905 1118 2977; x_wconf 91' lang='lat' dir='ltr'>periculo</span> <span class='ocrx_word' id='word_1_445' title='bbox 1150 2906 1308 2960; x_wconf 91' lang='lat' dir='ltr'>enim</span> <span class='ocrx_word' id='word_1_446' title='bbox 1343 2904 1536 2976; x_wconf 88' lang='lat' dir='ltr'>agitur</span> <span class='ocrx_word' id='word_1_447' title='bbox 1563 2905 1645 2959; x_wconf 88' lang='lat' dir='ltr'>rei</span> <span class='ocrx_word' id='word_1_448' title='bbox 1677 2904 1916 2976; x_wconf 66' lang='lat' dir='ltr'>publicae</span> <span class='ocrx_word' id='word_1_449' title='bbox 1945 2906 2078 2958; x_wconf 65' lang='lat' dir='ltr'>tum.</span> <span class='ocrx_word' id='word_1_450' title='bbox 2181 2922 2326 2960; x_wconf 88' lang='lat' dir='ltr'>mas.</span> <span class='ocrx_word' id='word_1_451' title='bbox 2358 2906 2750 2962; x_wconf 86' lang='lat' dir='ltr'>Fortassishoc</span> <span class='ocrx_word' id='word_1_452' title='bbox 2769 2911 2854 2963; x_wconf 90' lang='lat' dir='ltr'>est</span> <span class='ocrx_word' id='word_1_453' title='bbox 2870 2908 3335 2963; x_wconf 90' lang='lat' dir='ltr'>dominationem</span> <span class='ocrx_word' id='word_1_454' title='bbox 3357 2908 3460 2963; x_wconf 89' lang='lat' dir='ltr'>sibi</span> <span class='ocrx_word' id='word_1_455' title='bbox 3480 2921 3738 2969; x_wconf 86' lang='lat' dir='ltr'>assumere,</span> 
     </span>
    </p>
   </div>
   <div class='ocr_carea' id='block_1_32' title="bbox 457 2992 3737 3068">
    <p class='ocr_par' dir='ltr' id='par_1_32' title="bbox 457 2992 3737 3068">
     <span class='ocr_line' id='line_1_32' title="bbox 457 2992 3737 3068; baseline -0.001 -19"><span class='ocrx_word' id='word_1_456' title='bbox 457 2994 516 3050; x_wconf 91' lang='lat' dir='ltr'>Si</span> <span class='ocrx_word' id='word_1_457' title='bbox 543 2995 626 3049; x_wconf 88' lang='lat' dir='ltr'>ita</span> <span class='ocrx_word' id='word_1_458' title='bbox 656 2997 718 3050; x_wconf 91' lang='lat' dir='ltr'>ut</span> <span class='ocrx_word' id='word_1_459' title='bbox 745 2993 961 3066; x_wconf 83' lang='lat' dir='ltr'>ccepisti</span> <span class='ocrx_word' id='word_1_460' title='bbox 1013 2995 1315 3066; x_wconf 89' lang='lat' dir='ltr'>perstabis,</span> <span class='ocrx_word' id='word_1_461' title='bbox 1365 2993 1593 3049; x_wconf 88' lang='lat' dir='ltr'>evenire</span> <span class='ocrx_word' id='word_1_462' title='bbox 1638 2996 1824 3065; x_wconf 90' lang='lat' dir='ltr'>potest</span> <span class='ocrx_word' id='word_1_463' title='bbox 1864 2993 1922 3046; x_wconf 91' lang='lat' dir='ltr'>in</span> <span class='ocrx_word' id='word_1_464' title='bbox 1954 2995 2080 3046; x_wconf 89' lang='lat' dir='ltr'>tan-</span> <span class='ocrx_word' id='word_1_465' title='bbox 2183 3011 2251 3049; x_wconf 88' lang='lat' dir='ltr'>ea</span> <span class='ocrx_word' id='word_1_466' title='bbox 2281 3012 2406 3066; x_wconf 83' lang='lat' dir='ltr'>quae</span> <span class='ocrx_word' id='word_1_467' title='bbox 2433 3012 2467 3049; x_wconf 89' lang='lat' dir='ltr'>a</span> <span class='ocrx_word' id='word_1_468' title='bbox 2491 2994 2920 3050; x_wconf 89' lang='lat' dir='ltr'>sublimioribus</span> <span class='ocrx_word' id='word_1_469' title='bbox 2969 2997 3360 3067; x_wconf 89' lang='lat' dir='ltr'>injunguntur</span> <span class='ocrx_word' id='word_1_470' title='bbox 3403 2992 3737 3068; x_wconf 83' lang='lat' dir='ltr'>supersedere.</span> 
     </span>
    </p>
   </div>
   <div class='ocr_carea' id='block_1_33' title="bbox 456 3082 3740 3155">
    <p class='ocr_par' dir='ltr' id='par_1_33' title="bbox 456 3082 3740 3155">
     <span class='ocr_line' id='line_1_33' title="bbox 456 3082 3740 3155; baseline -0.001 -17"><span class='ocrx_word' id='word_1_471' title='bbox 456 3086 583 3138; x_wconf 90' lang='lat' dir='ltr'>tum</span> <span class='ocrx_word' id='word_1_472' title='bbox 615 3100 744 3139; x_wconf 88' lang='lat' dir='ltr'>eam</span> <span class='ocrx_word' id='word_1_473' title='bbox 775 3083 963 3139; x_wconf 88' lang='lat' dir='ltr'>vexari</span> <span class='ocrx_word' id='word_1_474' title='bbox 994 3083 1080 3137; x_wconf 86' lang='lat' dir='ltr'>vel</span> <span class='ocrx_word' id='word_1_475' title='bbox 1107 3083 1281 3138; x_wconf 90' lang='lat' dir='ltr'>etiam</span> <span class='ocrx_word' id='word_1_476' title='bbox 1309 3082 1501 3154; x_wconf 89' lang='lat' dir='ltr'>diripi,</span> <span class='ocrx_word' id='word_1_477' title='bbox 1551 3086 1618 3138; x_wconf 92' lang='lat' dir='ltr'>ut</span> <span class='ocrx_word' id='word_1_478' title='bbox 1647 3085 1746 3137; x_wconf 89' lang='lat' dir='ltr'>aut</span> <span class='ocrx_word' id='word_1_479' title='bbox 1783 3098 2083 3152; x_wconf 85' lang='lat' dir='ltr'>nunquam</span> <span class='ocrx_word' id='word_1_480' title='bbox 2121 3153 2148 3155; x_wconf 37' lang='grc' dir='ltr'>μ</span> <span class='ocrx_word' id='word_1_481' title='bbox 2183 3083 2297 3138; x_wconf 91' lang='lat' dir='ltr'>Sed</span> <span class='ocrx_word' id='word_1_482' title='bbox 2327 3082 2479 3155; x_wconf 89' lang='lat' dir='ltr'>quia,</span> <span class='ocrx_word' id='word_1_483' title='bbox 2513 3084 2858 3138; x_wconf 83' lang='lat' dir='ltr'>dum-tecum</span> <span class='ocrx_word' id='word_1_484' title='bbox 2873 3084 3208 3151; x_wconf 88' lang='lat' dir='ltr'>eras,nimis</span> <span class='ocrx_word' id='word_1_485' title='bbox 3238 3087 3470 3139; x_wconf 87' lang='lat' dir='ltr'>acutum</span> <span class='ocrx_word' id='word_1_486' title='bbox 3485 3087 3535 3138; x_wconf 91' lang='lat' dir='ltr'>te</span> <span class='ocrx_word' id='word_1_487' title='bbox 3555 3083 3740 3137; x_wconf 78' lang='lat' dir='ltr'>etclam</span> 
     </span>
    </p>
   </div>
   <div class='ocr_carea' id='block_1_34' title="bbox 461 3153 3738 3245">
    <p class='ocr_par' dir='ltr' id='par_1_34' title="bbox 461 3153 3738 3245">
     <span class='ocr_line' id='line_1_34' title="bbox 461 3153 3738 3245; baseline -0.002 -17"><span class='ocrx_word' id='word_1_488' title='bbox 461 3175 562 3228; x_wconf 89' lang='lat' dir='ltr'>aut</span> <span class='ocrx_word' id='word_1_489' title='bbox 584 3189 712 3228; x_wconf 90' lang='lat' dir='ltr'>sero</span> <span class='ocrx_word' id='word_1_490' title='bbox 744 3175 1064 3245; x_wconf 89' lang='lat' dir='ltr'>reparetur.</span> <span class='ocrx_word' id='word_1_491' title='bbox 1116 3172 1476 3244; x_wconf 89' lang='lat' dir='ltr'>Quapropter</span> <span class='ocrx_word' id='word_1_492' title='bbox 1497 3172 1822 3238; x_wconf 87' lang='lat' dir='ltr'>recordare,</span> <span class='ocrx_word' id='word_1_493' title='bbox 1847 3170 2082 3225; x_wconf 87' lang='lat' dir='ltr'>domine</span> <span class='ocrx_word' id='word_1_494' title='bbox 2099 3153 2150 3216; x_wconf 64' lang='grc' dir='ltr'>α</span> <span class='ocrx_word' id='word_1_495' title='bbox 2181 3171 2474 3227; x_wconf 90' lang='lat' dir='ltr'>videntem</span> <span class='ocrx_word' id='word_1_496' title='bbox 2499 3189 2796 3241; x_wconf 85' lang='lat' dir='ltr'>noveram,</span> <span class='ocrx_word' id='word_1_497' title='bbox 2830 3173 3056 3244; x_wconf 84' lang='lat' dir='ltr'>opinor,</span> <span class='ocrx_word' id='word_1_498' title='bbox 3088 3173 3197 3227; x_wconf 87' lang='lat' dir='ltr'>hoc</span> <span class='ocrx_word' id='word_1_499' title='bbox 3220 3173 3449 3244; x_wconf 86' lang='lat' dir='ltr'>quodin</span> <span class='ocrx_word' id='word_1_500' title='bbox 3471 3169 3738 3226; x_wconf 88' lang='lat' dir='ltr'>canonibus</span> 
     </span>
    </p>
   </div>
   <div class='ocr_carea' id='block_1_35' title="bbox 463 3256 3743 3333">
    <p class='ocr_par' dir='ltr' id='par_1_35' title="bbox 463 3256 3743 3333">
     <span class='ocr_line' id='line_1_35' title="bbox 463 3256 3743 3333; baseline -0.001 -17"><span class='ocrx_word' id='word_1_501' title='bbox 463 3261 567 3329; x_wconf 91' lang='lat' dir='ltr'>mi,</span> <span class='ocrx_word' id='word_1_502' title='bbox 600 3261 862 3316; x_wconf 67' lang='lat' dir='ltr'>Ecclesia:</span> <span class='ocrx_word' id='word_1_503' title='bbox 909 3263 1118 3315; x_wconf 67' lang='lat' dir='ltr'>sanctas</span> <span class='ocrx_word' id='word_1_504' title='bbox 1158 3261 1248 3315; x_wconf 92' lang='lat' dir='ltr'>cui</span> <span class='ocrx_word' id='word_1_505' title='bbox 1291 3260 1583 3332; x_wconf 62' lang='lat' dir='ltr'>prmsides,</span> <span class='ocrx_word' id='word_1_506' title='bbox 1623 3260 1927 3314; x_wconf 77' lang='lat' dir='ltr'>recordare</span> <span class='ocrx_word' id='word_1_507' title='bbox 1955 3276 2084 3328; x_wconf 56' lang='lat' dir='ltr'>om-y</span> <span class='ocrx_word' id='word_1_508' title='bbox 2184 3260 2414 3332; x_wconf 85' lang='lat' dir='ltr'>legitur,</span> <span class='ocrx_word' id='word_1_509' title='bbox 2447 3261 2690 3316; x_wconf 89' lang='lat' dir='ltr'>honesta</span> <span class='ocrx_word' id='word_1_510' title='bbox 2744 3261 3098 3333; x_wconf 76' lang='lat' dir='ltr'>praecipienti</span> <span class='ocrx_word' id='word_1_511' title='bbox 3141 3262 3524 3316; x_wconf 87' lang='lat' dir='ltr'>obediendum</span> <span class='ocrx_word' id='word_1_512' title='bbox 3552 3256 3743 3322; x_wconf 77' lang='lat' dir='ltr'>esse,\&#39;i-</span> 
     </span>
    </p>
   </div>
   <div class='ocr_carea' id='block_1_36' title="bbox 463 3346 3745 3422">
    <p class='ocr_par' dir='ltr' id='par_1_36' title="bbox 463 3346 3745 3422">
     <span class='ocr_line' id='line_1_36' title="bbox 463 3346 3745 3422; baseline -0.002 -18"><span class='ocrx_word' id='word_1_513' title='bbox 463 3350 626 3405; x_wconf 90' lang='lat' dir='ltr'>nium</span> <span class='ocrx_word' id='word_1_514' title='bbox 657 3349 756 3422; x_wconf 90' lang='lat' dir='ltr'>qui</span> <span class='ocrx_word' id='word_1_515' title='bbox 776 3349 880 3404; x_wconf 86' lang='lat' dir='ltr'>tibi</span> <span class='ocrx_word' id='word_1_516' title='bbox 913 3349 1162 3404; x_wconf 88' lang='lat' dir='ltr'>libenter</span> <span class='ocrx_word' id='word_1_517' title='bbox 1187 3349 1462 3404; x_wconf 89' lang='lat' dir='ltr'>serviunt.</span> <span class='ocrx_word' id='word_1_518' title='bbox 1499 3349 1755 3420; x_wconf 86' lang='lat' dir='ltr'>Loquere</span> <span class='ocrx_word' id='word_1_519' title='bbox 1803 3364 1934 3401; x_wconf 90' lang='lat' dir='ltr'>cum</span> <span class='ocrx_word' id='word_1_520' title='bbox 1974 3346 2086 3401; x_wconf 91' lang='lat' dir='ltr'>illis</span> <span class='ocrx_word' id='word_1_521' title='bbox 2184 3365 2266 3403; x_wconf 83' lang='lat' dir='ltr'>vae</span> <span class='ocrx_word' id='word_1_522' title='bbox 2296 3349 2481 3403; x_wconf 89' lang='lat' dir='ltr'>adhuc</span> <span class='ocrx_word' id='word_1_523' title='bbox 2511 3349 2811 3404; x_wconf 58' lang='lat' dir='ltr'>memoriis</span> <span class='ocrx_word' id='word_1_524' title='bbox 2836 3350 3206 3416; x_wconf 77' lang='lat' dir='ltr'>recondaris;</span> <span class='ocrx_word' id='word_1_525' title='bbox 3235 3353 3296 3404; x_wconf 90' lang='lat' dir='ltr'>et</span> <span class='ocrx_word' id='word_1_526' title='bbox 3320 3351 3427 3405; x_wconf 88' lang='lat' dir='ltr'>hoc</span> <span class='ocrx_word' id='word_1_527' title='bbox 3470 3347 3599 3404; x_wconf 88' lang='lat' dir='ltr'>mihi</span> <span class='ocrx_word' id='word_1_528' title='bbox 3621 3359 3745 3415; x_wconf 83' lang='lat' dir='ltr'>supe-</span> 
     </span>
    </p>
   </div>
   <div class='ocr_carea' id='block_1_37' title="bbox 464 3435 3742 3511">
    <p class='ocr_par' dir='ltr' id='par_1_37' title="bbox 464 3435 3742 3511">
     <span class='ocr_line' id='line_1_37' title="bbox 464 3435 3742 3511; baseline -0.002 -19"><span class='ocrx_word' id='word_1_529' title='bbox 464 3437 564 3511; x_wconf 88' lang='lat' dir='ltr'>qui</span> <span class='ocrx_word' id='word_1_530' title='bbox 592 3437 696 3492; x_wconf 91' lang='lat' dir='ltr'>tibi</span> <span class='ocrx_word' id='word_1_531' title='bbox 727 3453 846 3492; x_wconf 90' lang='lat' dir='ltr'>non</span> <span class='ocrx_word' id='word_1_532' title='bbox 885 3437 1053 3492; x_wconf 89' lang='lat' dir='ltr'>aliter</span> <span class='ocrx_word' id='word_1_533' title='bbox 1081 3453 1145 3491; x_wconf 89' lang='lat' dir='ltr'>ac</span> <span class='ocrx_word' id='word_1_534' title='bbox 1177 3436 1283 3491; x_wconf 90' lang='lat' dir='ltr'>sibi</span> <span class='ocrx_word' id='word_1_535' title='bbox 1332 3437 1655 3491; x_wconf 89' lang='lat' dir='ltr'>consultum</span> <span class='ocrx_word' id='word_1_536' title='bbox 1693 3436 1909 3502; x_wconf 86' lang='lat' dir='ltr'>volunt,</span> <span class='ocrx_word' id='word_1_537' title='bbox 1954 3451 2086 3489; x_wconf 90' lang='lat' dir='ltr'>cum</span> <span class='ocrx_word' id='word_1_538' title='bbox 2183 3435 2471 3504; x_wconf 86' lang='lat' dir='ltr'>rinducas,</span> <span class='ocrx_word' id='word_1_539' title='bbox 2527 3437 2657 3492; x_wconf 93' lang='lat' dir='ltr'>ideo</span> <span class='ocrx_word' id='word_1_540' title='bbox 2711 3440 2766 3491; x_wconf 86' lang='lat' dir='ltr'>te</span> <span class='ocrx_word' id='word_1_541' title='bbox 2814 3437 3171 3509; x_wconf 70' lang='lat' dir='ltr'>praecipienti</span> <span class='ocrx_word' id='word_1_542' title='bbox 3230 3439 3389 3492; x_wconf 89' lang='lat' dir='ltr'>nolle</span> <span class='ocrx_word' id='word_1_543' title='bbox 3441 3435 3742 3509; x_wconf 83' lang='lat' dir='ltr'>acquiescere</span> 
     </span>
    </p>
   </div>
   <div class='ocr_carea' id='block_1_38' title="bbox 465 3516 3742 3596">
    <p class='ocr_par' dir='ltr' id='par_1_38' title="bbox 465 3516 3742 3596">
     <span class='ocr_line' id='line_1_38' title="bbox 465 3516 3742 3596; baseline -0.003 -14"><span class='ocrx_word' id='word_1_544' title='bbox 465 3525 704 3582; x_wconf 88' lang='lat' dir='ltr'>domino</span> <span class='ocrx_word' id='word_1_545' title='bbox 732 3541 865 3580; x_wconf 90' lang='lat' dir='ltr'>meo</span> <span class='ocrx_word' id='word_1_546' title='bbox 887 3524 1201 3580; x_wconf 87' lang='lat' dir='ltr'>venerabili</span> <span class='ocrx_word' id='word_1_547' title='bbox 1225 3525 1653 3596; x_wconf 81' lang='lat' dir='ltr'>archiepisc0po</span> <span class='ocrx_word' id='word_1_548' title='bbox 1677 3526 1760 3578; x_wconf 91' lang='lat' dir='ltr'>W.</span> <span class='ocrx_word' id='word_1_549' title='bbox 1788 3523 2082 3595; x_wconf 83' lang='lat' dir='ltr'>[Wiligiso]</span> <span class='ocrx_word' id='word_1_550' title='bbox 2183 3524 2321 3596; x_wconf 85' lang='lat' dir='ltr'>quia</span> <span class='ocrx_word' id='word_1_551' title='bbox 2350 3524 2408 3578; x_wconf 89' lang='lat' dir='ltr'>in</span> <span class='ocrx_word' id='word_1_552' title='bbox 2433 3525 2742 3580; x_wconf 89' lang='lat' dir='ltr'>honestum</span> <span class='ocrx_word' id='word_1_553' title='bbox 2766 3525 3028 3580; x_wconf 88' lang='lat' dir='ltr'>videatur</span> <span class='ocrx_word' id='word_1_554' title='bbox 3047 3525 3357 3582; x_wconf 89' lang='lat' dir='ltr'>Ecclesiam</span> <span class='ocrx_word' id='word_1_555' title='bbox 3385 3529 3536 3579; x_wconf 89' lang='lat' dir='ltr'>tuam</span> <span class='ocrx_word' id='word_1_556' title='bbox 3565 3516 3742 3578; x_wconf 74' lang='lat' dir='ltr'>dicacesi</span> 
     </span>
    </p>
   </div>
   <div class='ocr_carea' id='block_1_39' title="bbox 464 3611 3742 3687">
    <p class='ocr_par' dir='ltr' id='par_1_39' title="bbox 464 3611 3742 3687">
     <span class='ocr_line' id='line_1_39' title="bbox 464 3611 3742 3687; baseline -0.003 -18"><span class='ocrx_word' id='word_1_557' title='bbox 464 3613 744 3687; x_wconf 86' lang='lat' dir='ltr'>spirituali</span> <span class='ocrx_word' id='word_1_558' title='bbox 773 3616 872 3668; x_wconf 93' lang='lat' dir='ltr'>tuo</span> <span class='ocrx_word' id='word_1_559' title='bbox 922 3617 979 3668; x_wconf 84' lang='lat' dir='ltr'>et</span> <span class='ocrx_word' id='word_1_560' title='bbox 1023 3615 1192 3669; x_wconf 87' lang='lat' dir='ltr'>Patre</span> <span class='ocrx_word' id='word_1_561' title='bbox 1231 3617 1290 3669; x_wconf 92' lang='lat' dir='ltr'>et</span> <span class='ocrx_word' id='word_1_562' title='bbox 1318 3615 1517 3680; x_wconf 88' lang='lat' dir='ltr'>fratre,</span> <span class='ocrx_word' id='word_1_563' title='bbox 1567 3630 1700 3668; x_wconf 91' lang='lat' dir='ltr'>cum</span> <span class='ocrx_word' id='word_1_564' title='bbox 1749 3613 1987 3668; x_wconf 88' lang='lat' dir='ltr'>domino</span> <span class='ocrx_word' id='word_1_565' title='bbox 2018 3614 2084 3667; x_wconf 85' lang='lat' dir='ltr'>H.</span> <span class='ocrx_word' id='word_1_566' title='bbox 2186 3629 2289 3666; x_wconf 87' lang='lat' dir='ltr'>sua</span> <span class='ocrx_word' id='word_1_567' title='bbox 2315 3612 2558 3684; x_wconf 78' lang='lat' dir='ltr'>privare.</span> <span class='ocrx_word' id='word_1_568' title='bbox 2583 3612 2804 3668; x_wconf 91' lang='lat' dir='ltr'>Sanctis</span> <span class='ocrx_word' id='word_1_569' title='bbox 2828 3613 3091 3668; x_wconf 85' lang='lat' dir='ltr'>Patribus</span> <span class='ocrx_word' id='word_1_570' title='bbox 3140 3611 3634 3684; x_wconf 64' lang='lat' dir='ltr'>praedecessoribus</span> <span class='ocrx_word' id='word_1_571' title='bbox 3652 3623 3742 3660; x_wconf 81' lang='lat' dir='ltr'>ves-</span> 
     </span>
    </p>
   </div>
   <div class='ocr_carea' id='block_1_40' title="bbox 469 3695 3744 3773">
    <p class='ocr_par' dir='ltr' id='par_1_40' title="bbox 469 3695 3744 3773">
     <span class='ocr_line' id='line_1_40' title="bbox 469 3695 3744 3773; baseline -0.003 -16"><span class='ocrx_word' id='word_1_572' title='bbox 469 3701 815 3773; x_wconf 83' lang='lat' dir='ltr'>[Heriberto]</span> <span class='ocrx_word' id='word_1_573' title='bbox 840 3701 1018 3758; x_wconf 88' lang='lat' dir='ltr'>fratre</span> <span class='ocrx_word' id='word_1_574' title='bbox 1047 3705 1146 3756; x_wconf 92' lang='lat' dir='ltr'>tuo</span> <span class='ocrx_word' id='word_1_575' title='bbox 1197 3702 1448 3769; x_wconf 87' lang='lat' dir='ltr'>uterino,</span> <span class='ocrx_word' id='word_1_576' title='bbox 1482 3702 1623 3757; x_wconf 89' lang='lat' dir='ltr'>item</span> <span class='ocrx_word' id='word_1_577' title='bbox 1650 3701 1963 3758; x_wconf 81' lang='lat' dir='ltr'>venerabili</span> <span class='ocrx_word' id='word_1_578' title='bbox 1993 3718 2084 3756; x_wconf 82' lang='lat' dir='ltr'>ar-</span> <span class='ocrx_word' id='word_1_579' title='bbox 2187 3699 2311 3767; x_wconf 89' lang='lat' dir='ltr'>tris,</span> <span class='ocrx_word' id='word_1_580' title='bbox 2345 3705 2409 3754; x_wconf 91' lang='lat' dir='ltr'>ut</span> <span class='ocrx_word' id='word_1_581' title='bbox 2431 3700 2773 3766; x_wconf 86' lang='lat' dir='ltr'>audivimus,</span> <span class='ocrx_word' id='word_1_582' title='bbox 2803 3717 2920 3755; x_wconf 89' lang='lat' dir='ltr'>non</span> <span class='ocrx_word' id='word_1_583' title='bbox 2959 3701 3356 3765; x_wconf 88' lang='lat' dir='ltr'>inhonestum,</span> <span class='ocrx_word' id='word_1_584' title='bbox 3389 3700 3487 3754; x_wconf 91' lang='lat' dir='ltr'>sed</span> <span class='ocrx_word' id='word_1_585' title='bbox 3511 3697 3650 3751; x_wconf 84' lang='lat' dir='ltr'>valde</span> <span class='ocrx_word' id='word_1_586' title='bbox 3671 3695 3744 3748; x_wconf 88' lang='lat' dir='ltr'>ho-</span> 
     </span>
    </p>
   </div>
   <div class='ocr_carea' id='block_1_41' title="bbox 465 3782 3740 3864">
    <p class='ocr_par' dir='ltr' id='par_1_41' title="bbox 465 3782 3740 3864">
     <span class='ocr_line' id='line_1_41' title="bbox 465 3782 3740 3864; baseline -0.003 -18"><span class='ocrx_word' id='word_1_587' title='bbox 465 3790 848 3864; x_wconf 85' lang='lat' dir='ltr'>chiepiscopo,</span> <span class='ocrx_word' id='word_1_588' title='bbox 880 3807 1013 3846; x_wconf 91' lang='lat' dir='ltr'>cum</span> <span class='ocrx_word' id='word_1_589' title='bbox 1058 3791 1298 3847; x_wconf 90' lang='lat' dir='ltr'>domino</span> <span class='ocrx_word' id='word_1_590' title='bbox 1327 3793 1387 3846; x_wconf 90' lang='grc' dir='ltr'>Β.</span> <span class='ocrx_word' id='word_1_591' title='bbox 1420 3791 1792 3856; x_wconf 82' lang='lat' dir='ltr'>[Burchardo]</span> <span class='ocrx_word' id='word_1_592' title='bbox 1824 3790 2088 3862; x_wconf 88' lang='lat' dir='ltr'>Wangio-</span> <span class='ocrx_word' id='word_1_593' title='bbox 2187 3792 2418 3844; x_wconf 87' lang='lat' dir='ltr'>nestum</span> <span class='ocrx_word' id='word_1_594' title='bbox 2441 3791 2500 3844; x_wconf 89' lang='lat' dir='ltr'>et</span> <span class='ocrx_word' id='word_1_595' title='bbox 2527 3789 2661 3844; x_wconf 87' lang='lat' dir='ltr'>utile</span> <span class='ocrx_word' id='word_1_596' title='bbox 2685 3789 2868 3844; x_wconf 89' lang='lat' dir='ltr'>visum</span> <span class='ocrx_word' id='word_1_597' title='bbox 2900 3792 2983 3843; x_wconf 90' lang='lat' dir='ltr'>est</span> <span class='ocrx_word' id='word_1_598' title='bbox 3032 3789 3092 3843; x_wconf 91' lang='lat' dir='ltr'>in</span> <span class='ocrx_word' id='word_1_599' title='bbox 3121 3789 3259 3844; x_wconf 90' lang='lat' dir='ltr'>locis</span> <span class='ocrx_word' id='word_1_600' title='bbox 3307 3789 3416 3843; x_wconf 87' lang='lat' dir='ltr'>sibi</span> <span class='ocrx_word' id='word_1_601' title='bbox 3459 3782 3740 3846; x_wconf 83' lang='lat' dir='ltr'>commissis,</span> 
     </span>
    </p>
   </div>
   <div class='ocr_carea' id='block_1_42' title="bbox 466 3874 3742 3953">
    <p class='ocr_par' dir='ltr' id='par_1_42' title="bbox 466 3874 3742 3953">
     <span class='ocr_line' id='line_1_42' title="bbox 466 3874 3742 3953; baseline -0.004 -16"><span class='ocrx_word' id='word_1_602' title='bbox 466 3897 608 3937; x_wconf 89' lang='lat' dir='ltr'>num</span> <span class='ocrx_word' id='word_1_603' title='bbox 631 3879 918 3953; x_wconf 88' lang='lat' dir='ltr'>episcopo,</span> <span class='ocrx_word' id='word_1_604' title='bbox 941 3880 1180 3953; x_wconf 87' lang='lat' dir='ltr'>aliisque</span> <span class='ocrx_word' id='word_1_605' title='bbox 1203 3880 1468 3936; x_wconf 82' lang='lat' dir='ltr'>ﬁdelibus</span> <span class='ocrx_word' id='word_1_606' title='bbox 1490 3884 1546 3936; x_wconf 91' lang='lat' dir='ltr'>et</span> <span class='ocrx_word' id='word_1_607' title='bbox 1565 3879 1764 3935; x_wconf 88' lang='lat' dir='ltr'>amicis</span> <span class='ocrx_word' id='word_1_608' title='bbox 1789 3880 1924 3934; x_wconf 78' lang='lat' dir='ltr'>tuis.</span> <span class='ocrx_word' id='word_1_609' title='bbox 1944 3880 2090 3935; x_wconf 89' lang='lat' dir='ltr'>Con-</span> <span class='ocrx_word' id='word_1_610' title='bbox 2187 3881 2492 3949; x_wconf 89' lang='lat' dir='ltr'>postquam</span> <span class='ocrx_word' id='word_1_611' title='bbox 2521 3877 2580 3932; x_wconf 89' lang='lat' dir='ltr'>in</span> <span class='ocrx_word' id='word_1_612' title='bbox 2613 3880 2841 3932; x_wconf 88' lang='lat' dir='ltr'>tantum</span> <span class='ocrx_word' id='word_1_613' title='bbox 2878 3876 3062 3949; x_wconf 87' lang='lat' dir='ltr'>grevit</span> <span class='ocrx_word' id='word_1_614' title='bbox 3104 3877 3355 3932; x_wconf 88' lang='lat' dir='ltr'>Ecclesia</span> <span class='ocrx_word' id='word_1_615' title='bbox 3409 3879 3468 3930; x_wconf 94' lang='lat' dir='ltr'>ut</span> <span class='ocrx_word' id='word_1_616' title='bbox 3512 3874 3603 3946; x_wconf 86' lang='lat' dir='ltr'>ipsi</span> <span class='ocrx_word' id='word_1_617' title='bbox 3646 3884 3742 3924; x_wconf 83' lang='lat' dir='ltr'>eam</span> 
     </span>
    </p>
   </div>
   <div class='ocr_carea' id='block_1_43' title="bbox 466 3959 3741 4042">
    <p class='ocr_par' dir='ltr' id='par_1_43' title="bbox 466 3959 3741 4042">
     <span class='ocr_line' id='line_1_43' title="bbox 466 3959 3741 4042; baseline -0.005 -17"><span class='ocrx_word' id='word_1_618' title='bbox 466 3969 661 4025; x_wconf 91' lang='lat' dir='ltr'>silium</span> <span class='ocrx_word' id='word_1_619' title='bbox 690 3970 847 4042; x_wconf 86' lang='lat' dir='ltr'>quod</span> <span class='ocrx_word' id='word_1_620' title='bbox 865 3968 971 4025; x_wconf 88' lang='lat' dir='ltr'>tibi</span> <span class='ocrx_word' id='word_1_621' title='bbox 1002 3970 1147 4025; x_wconf 91' lang='lat' dir='ltr'>dent</span> <span class='ocrx_word' id='word_1_622' title='bbox 1176 3986 1292 4025; x_wconf 89' lang='lat' dir='ltr'>non</span> <span class='ocrx_word' id='word_1_623' title='bbox 1325 3969 1614 4042; x_wconf 90' lang='lat' dir='ltr'>repudies.</span> <span class='ocrx_word' id='word_1_624' title='bbox 1641 3969 1809 4033; x_wconf 92' lang='lat' dir='ltr'>Quod</span> <span class='ocrx_word' id='word_1_625' title='bbox 1835 3967 1991 4023; x_wconf 92' lang='lat' dir='ltr'>enim</span> <span class='ocrx_word' id='word_1_626' title='bbox 2019 3969 2088 4024; x_wconf 90' lang='lat' dir='ltr'>de</span> <span class='ocrx_word' id='word_1_627' title='bbox 2186 3965 2427 4021; x_wconf 88' lang='lat' dir='ltr'>circuire</span> <span class='ocrx_word' id='word_1_628' title='bbox 2465 3969 2523 4020; x_wconf 85' lang='lat' dir='ltr'>et</span> <span class='ocrx_word' id='word_1_629' title='bbox 2550 3966 2851 4021; x_wconf 87' lang='lat' dir='ltr'>observare</span> <span class='ocrx_word' id='word_1_630' title='bbox 2882 3982 3001 4020; x_wconf 92' lang='lat' dir='ltr'>non</span> <span class='ocrx_word' id='word_1_631' title='bbox 3030 3966 3309 4032; x_wconf 89' lang='lat' dir='ltr'>valerent,</span> <span class='ocrx_word' id='word_1_632' title='bbox 3340 3964 3481 4020; x_wconf 87' lang='lat' dir='ltr'>alios</span> <span class='ocrx_word' id='word_1_633' title='bbox 3501 3961 3600 4017; x_wconf 90' lang='lat' dir='ltr'>sibi</span> <span class='ocrx_word' id='word_1_634' title='bbox 3620 3959 3741 4014; x_wconf 85' lang='lat' dir='ltr'>subs-</span> 
     </span>
    </p>
   </div>
   <div class='ocr_carea' id='block_1_44' title="bbox 468 4048 3746 4131">
    <p class='ocr_par' dir='ltr' id='par_1_44' title="bbox 468 4048 3746 4131">
     <span class='ocr_line' id='line_1_44' title="bbox 468 4048 3746 4131; baseline -0.005 -17"><span class='ocrx_word' id='word_1_635' title='bbox 468 4062 525 4114; x_wconf 89' lang='lat' dir='ltr'>te</span> <span class='ocrx_word' id='word_1_636' title='bbox 553 4057 764 4131; x_wconf 86' lang='lat' dir='ltr'>agitur,</span> <span class='ocrx_word' id='word_1_637' title='bbox 819 4057 1053 4114; x_wconf 90' lang='lat' dir='ltr'>illorum</span> <span class='ocrx_word' id='word_1_638' title='bbox 1107 4058 1324 4130; x_wconf 85' lang='lat' dir='ltr'>pariter</span> <span class='ocrx_word' id='word_1_639' title='bbox 1375 4060 1461 4112; x_wconf 90' lang='lat' dir='ltr'>est</span> <span class='ocrx_word' id='word_1_640' title='bbox 1487 4060 1699 4113; x_wconf 89' lang='lat' dir='ltr'>tecum.</span> <span class='ocrx_word' id='word_1_641' title='bbox 1745 4056 1803 4112; x_wconf 93' lang='lat' dir='ltr'>Si</span> <span class='ocrx_word' id='word_1_642' title='bbox 1847 4057 2087 4112; x_wconf 90' lang='lat' dir='ltr'>istorum</span> <span class='ocrx_word' id='word_1_643' title='bbox 2186 4055 2395 4110; x_wconf 87' lang='lat' dir='ltr'>tituere</span> <span class='ocrx_word' id='word_1_644' title='bbox 2425 4054 2750 4109; x_wconf 84' lang='lat' dir='ltr'>sacerdotes</span> <span class='ocrx_word' id='word_1_645' title='bbox 2793 4056 2851 4107; x_wconf 91' lang='lat' dir='ltr'>et</span> <span class='ocrx_word' id='word_1_646' title='bbox 2888 4071 2956 4109; x_wconf 82' lang='lat' dir='ltr'>ex</span> <span class='ocrx_word' id='word_1_647' title='bbox 2995 4071 3111 4108; x_wconf 91' lang='lat' dir='ltr'>uno</span> <span class='ocrx_word' id='word_1_648' title='bbox 3161 4053 3488 4125; x_wconf 85' lang='lat' dir='ltr'>episcopatu</span> <span class='ocrx_word' id='word_1_649' title='bbox 3517 4051 3640 4104; x_wconf 88' lang='lat' dir='ltr'>duos</span> <span class='ocrx_word' id='word_1_650' title='bbox 3673 4048 3746 4099; x_wconf 83' lang='lat' dir='ltr'>aut</span> 
     </span>
    </p>
   </div>
   <div class='ocr_carea' id='block_1_45' title="bbox 466 4137 3744 4219">
    <p class='ocr_par' dir='ltr' id='par_1_45' title="bbox 466 4137 3744 4219">
     <span class='ocr_line' id='line_1_45' title="bbox 466 4137 3744 4219; baseline -0.005 -16"><span class='ocrx_word' id='word_1_651' title='bbox 466 4147 708 4204; x_wconf 87' lang='lat' dir='ltr'>consilio</span> <span class='ocrx_word' id='word_1_652' title='bbox 739 4147 886 4202; x_wconf 88' lang='lat' dir='ltr'>ferte</span> <span class='ocrx_word' id='word_1_653' title='bbox 913 4147 1235 4219; x_wconf 82' lang='lat' dir='ltr'>delinquas,</span> <span class='ocrx_word' id='word_1_654' title='bbox 1263 4145 1376 4201; x_wconf 90' lang='lat' dir='ltr'>illis</span> <span class='ocrx_word' id='word_1_655' title='bbox 1426 4145 1825 4218; x_wconf 88' lang='lat' dir='ltr'>imputabitur.</span> <span class='ocrx_word' id='word_1_656' title='bbox 1881 4146 2091 4200; x_wconf 84' lang='lat' dir='ltr'>Habuit</span> <span class='ocrx_word' id='word_1_657' title='bbox 2188 4146 2302 4199; x_wconf 87' lang='lat' dir='ltr'>tres</span> <span class='ocrx_word' id='word_1_658' title='bbox 2330 4143 2555 4209; x_wconf 80' lang='lat' dir='ltr'>facere;</span> <span class='ocrx_word' id='word_1_659' title='bbox 2589 4146 2653 4196; x_wconf 92' lang='lat' dir='ltr'>ut</span> <span class='ocrx_word' id='word_1_660' title='bbox 2679 4143 2835 4213; x_wconf 90' lang='lat' dir='ltr'>quod</span> <span class='ocrx_word' id='word_1_661' title='bbox 2879 4160 3026 4200; x_wconf 86' lang='lat' dir='ltr'>unus</span> <span class='ocrx_word' id='word_1_662' title='bbox 3049 4142 3242 4196; x_wconf 88' lang='lat' dir='ltr'>minus</span> <span class='ocrx_word' id='word_1_663' title='bbox 3273 4143 3482 4212; x_wconf 87' lang='lat' dir='ltr'>posset,</span> <span class='ocrx_word' id='word_1_664' title='bbox 3513 4156 3548 4193; x_wconf 87' lang='lat' dir='ltr'>a</span> <span class='ocrx_word' id='word_1_665' title='bbox 3570 4137 3744 4191; x_wconf 82' lang='lat' dir='ltr'>duobus</span> 
     </span>
    </p>
   </div>
   <div class='ocr_carea' id='block_1_46' title="bbox 469 4230 3743 4310">
    <p class='ocr_par' dir='ltr' id='par_1_46' title="bbox 469 4230 3743 4310">
     <span class='ocr_line' id='line_1_46' title="bbox 469 4230 3743 4310; baseline -0.004 -18"><span class='ocrx_word' id='word_1_666' title='bbox 469 4253 699 4310; x_wconf 88' lang='lat' dir='ltr'>quoque</span> <span class='ocrx_word' id='word_1_667' title='bbox 722 4238 956 4292; x_wconf 80' lang='lat' dir='ltr'>fortuna</span> <span class='ocrx_word' id='word_1_668' title='bbox 973 4253 1125 4309; x_wconf 73' lang='lat' dir='ltr'>saepe</span> <span class='ocrx_word' id='word_1_669' title='bbox 1145 4253 1467 4309; x_wconf 82' lang='lat' dir='ltr'>regressum</span> <span class='ocrx_word' id='word_1_670' title='bbox 1491 4234 1584 4307; x_wconf 80' lang='lat'>(2).</span> <span class='ocrx_word' id='word_1_671' title='bbox 1611 4235 1776 4299; x_wconf 91' lang='lat' dir='ltr'>Quod</span> <span class='ocrx_word' id='word_1_672' title='bbox 1797 4235 1972 4290; x_wconf 91' lang='lat' dir='ltr'>modo</span> <span class='ocrx_word' id='word_1_673' title='bbox 1986 4234 2090 4289; x_wconf 83' lang='lat' dir='ltr'>im-</span> <span class='ocrx_word' id='word_1_674' title='bbox 2186 4235 2285 4286; x_wconf 87' lang='lat' dir='ltr'>aut</span> <span class='ocrx_word' id='word_1_675' title='bbox 2299 4232 2482 4287; x_wconf 89' lang='lat' dir='ltr'>tribus</span> <span class='ocrx_word' id='word_1_676' title='bbox 2499 4230 2840 4285; x_wconf 89' lang='lat' dir='ltr'>cumulatius</span> <span class='ocrx_word' id='word_1_677' title='bbox 2858 4232 3239 4303; x_wconf 89' lang='lat' dir='ltr'>suppleretur.</span> <span class='ocrx_word' id='word_1_678' title='bbox 3263 4230 3374 4284; x_wconf 89' lang='lat' dir='ltr'>Sed</span> <span class='ocrx_word' id='word_1_679' title='bbox 3387 4230 3511 4300; x_wconf 86' lang='lat' dir='ltr'>jam</span> <span class='ocrx_word' id='word_1_680' title='bbox 3534 4238 3743 4310; x_wconf 75' lang='lat' dir='ltr'>errorum</span> 
     </span>
    </p>
   </div>
   <div class='ocr_carea' id='block_1_47' title="bbox 470 4309 3746 4398">
    <p class='ocr_par' dir='ltr' id='par_1_47' title="bbox 470 4309 3746 4398">
     <span class='ocr_line' id='line_1_47' title="bbox 470 4309 3746 4398; baseline -0.005 -17"><span class='ocrx_word' id='word_1_681' title='bbox 470 4325 658 4381; x_wconf 88' lang='lat' dir='ltr'>minet</span> <span class='ocrx_word' id='word_1_682' title='bbox 682 4325 786 4382; x_wconf 91' lang='lat' dir='ltr'>tibi</span> <span class='ocrx_word' id='word_1_683' title='bbox 818 4325 877 4381; x_wconf 90' lang='lat' dir='ltr'>in</span> <span class='ocrx_word' id='word_1_684' title='bbox 909 4323 1173 4398; x_wconf 84' lang='lat' dir='ltr'>proximo</span> <span class='ocrx_word' id='word_1_685' title='bbox 1201 4325 1457 4380; x_wconf 81' lang='lat' dir='ltr'>fortassis</span> <span class='ocrx_word' id='word_1_686' title='bbox 1485 4324 1785 4396; x_wconf 84' lang='lat' dir='ltr'>continget</span> <span class='ocrx_word' id='word_1_687' title='bbox 1825 4327 1883 4378; x_wconf 91' lang='lat' dir='ltr'>et</span> <span class='ocrx_word' id='word_1_688' title='bbox 1899 4324 2084 4378; x_wconf 89' lang='lat' dir='ltr'>alteri.</span> <span class='ocrx_word' id='word_1_689' title='bbox 2187 4321 2359 4393; x_wconf 89' lang='lat' dir='ltr'>plena</span> <span class='ocrx_word' id='word_1_690' title='bbox 2383 4323 2515 4374; x_wconf 91' lang='lat' dir='ltr'>sunt</span> <span class='ocrx_word' id='word_1_691' title='bbox 2544 4319 2759 4374; x_wconf 88' lang='lat' dir='ltr'>omnia.</span> <span class='ocrx_word' id='word_1_692' title='bbox 2790 4318 2871 4372; x_wconf 91' lang='lat' dir='ltr'>llli</span> <span class='ocrx_word' id='word_1_693' title='bbox 2905 4322 3084 4374; x_wconf 87' lang='lat' dir='ltr'>totam</span> <span class='ocrx_word' id='word_1_694' title='bbox 3104 4334 3344 4390; x_wconf 85' lang='lat' dir='ltr'>operam</span> <span class='ocrx_word' id='word_1_695' title='bbox 3372 4333 3526 4372; x_wconf 89' lang='lat' dir='ltr'>suam</span> <span class='ocrx_word' id='word_1_696' title='bbox 3546 4330 3635 4386; x_wconf 88' lang='lat' dir='ltr'>pro</span> <span class='ocrx_word' id='word_1_697' title='bbox 3655 4309 3746 4365; x_wconf 86' lang='lat' dir='ltr'>ani-</span> 
     </span>
    </p>
   </div>
   <div class='ocr_carea' id='block_1_48' title="bbox 469 4403 3743 4478">
    <p class='ocr_par' dir='ltr' id='par_1_48' title="bbox 469 4403 3743 4478">
     <span class='ocr_line' id='line_1_48' title="bbox 469 4403 3743 4478; baseline -0.006 -8"><span class='ocrx_word' id='word_1_698' title='bbox 469 4414 609 4470; x_wconf 88' lang='lat' dir='ltr'>Ideo</span> <span class='ocrx_word' id='word_1_699' title='bbox 643 4432 761 4470; x_wconf 91' lang='lat' dir='ltr'>non</span> <span class='ocrx_word' id='word_1_700' title='bbox 783 4414 956 4470; x_wconf 90' lang='lat' dir='ltr'>nimis</span> <span class='ocrx_word' id='word_1_701' title='bbox 984 4414 1427 4470; x_wconf 87' lang='lat' dir='ltr'>formidandum</span> <span class='ocrx_word' id='word_1_702' title='bbox 1455 4417 1538 4468; x_wconf 89' lang='lat' dir='ltr'>est</span> <span class='ocrx_word' id='word_1_703' title='bbox 1562 4417 1624 4467; x_wconf 89' lang='lat' dir='ltr'>ut</span> <span class='ocrx_word' id='word_1_704' title='bbox 1647 4414 1822 4468; x_wconf 90' lang='lat' dir='ltr'>modo</span> <span class='ocrx_word' id='word_1_705' title='bbox 1853 4412 1957 4468; x_wconf 86' lang='lat' dir='ltr'>tibi</span> <span class='ocrx_word' id='word_1_706' title='bbox 1979 4413 2087 4467; x_wconf 89' lang='lat' dir='ltr'>im-</span> <span class='ocrx_word' id='word_1_707' title='bbox 2188 4409 2391 4463; x_wconf 88' lang='lat' dir='ltr'>mabus</span> <span class='ocrx_word' id='word_1_708' title='bbox 2416 4407 2704 4463; x_wconf 85' lang='lat' dir='ltr'>lucrandis</span> <span class='ocrx_word' id='word_1_709' title='bbox 2743 4407 3153 4473; x_wconf 78' lang='lat' dir='ltr'>insumebant;</span> <span class='ocrx_word' id='word_1_710' title='bbox 3198 4422 3304 4461; x_wconf 90' lang='lat' dir='ltr'>nos</span> <span class='ocrx_word' id='word_1_711' title='bbox 3341 4403 3616 4478; x_wconf 85' lang='lat' dir='ltr'>quomodo</span> <span class='ocrx_word' id='word_1_712' title='bbox 3648 4411 3743 4452; x_wconf 84' lang='lat' dir='ltr'>cor-</span> 
     </span>
    </p>
   </div>
   <div class='ocr_carea' id='block_1_49' title="bbox 469 4490 3747 4586">
    <p class='ocr_par' dir='ltr' id='par_1_49' title="bbox 469 4490 3747 4586">
     <span class='ocr_line' id='line_1_49' title="bbox 469 4490 3747 4586; baseline -0.004 -30"><span class='ocrx_word' id='word_1_713' title='bbox 469 4505 695 4575; x_wconf 88' lang='lat' dir='ltr'>ponant</span> <span class='ocrx_word' id='word_1_714' title='bbox 746 4503 903 4574; x_wconf 89' lang='lat' dir='ltr'>quod</span> <span class='ocrx_word' id='word_1_715' title='bbox 955 4503 1061 4575; x_wconf 90' lang='lat' dir='ltr'>ipsi</span> <span class='ocrx_word' id='word_1_716' title='bbox 1110 4504 1282 4574; x_wconf 90' lang='lat' dir='ltr'>paulo</span> <span class='ocrx_word' id='word_1_717' title='bbox 1327 4505 1457 4576; x_wconf 88' lang='lat' dir='ltr'>post</span> <span class='ocrx_word' id='word_1_718' title='bbox 1509 4502 1659 4557; x_wconf 85' lang='lat' dir='ltr'>ferre</span> <span class='ocrx_word' id='word_1_719' title='bbox 1702 4501 2087 4572; x_wconf 80' lang='lat' dir='ltr'>refragentur.</span> <span class='ocrx_word' id='word_1_720' title='bbox 2115 4490 3747 4586; x_wconf 44' lang='lat' dir='ltr'>I,porafoveamuspraecipuesatagimus.llliprocmloilus</span> 
     </span>
    </p>
   </div>
   <div class='ocr_carea' id='block_1_50' title="bbox 546 4574 3747 4663">
    <p class='ocr_par' dir='ltr' id='par_1_50' title="bbox 546 4574 3747 4663">
     <span class='ocr_line' id='line_1_50' title="bbox 546 4574 3747 4663; baseline -0.004 -19"><span class='ocrx_word' id='word_1_721' title='bbox 546 4591 696 4646; x_wconf 87' lang='lat' dir='ltr'>Sane</span> <span class='ocrx_word' id='word_1_722' title='bbox 726 4574 992 4663; x_wconf 82' lang='lat' dir='ltr'>plurimis</span> <span class='ocrx_word' id='word_1_723' title='bbox 1018 4592 1285 4648; x_wconf 85' lang='lat' dir='ltr'>fidelibus</span> <span class='ocrx_word' id='word_1_724' title='bbox 1314 4574 1426 4646; x_wconf 82' lang='lat' dir='ltr'>tuis</span> <span class='ocrx_word' id='word_1_725' title='bbox 1446 4591 1504 4646; x_wconf 90' lang='lat' dir='ltr'>in</span> <span class='ocrx_word' id='word_1_726' title='bbox 1532 4594 1817 4647; x_wconf 85' lang='lat' dir='ltr'>conventu</span> <span class='ocrx_word' id='word_1_727' title='bbox 1847 4591 2089 4644; x_wconf 88' lang='lat' dir='ltr'>fratrum</span> <span class='ocrx_word' id='word_1_728' title='bbox 2116 4574 2162 4586; x_wconf 47' lang='grc' dir='ltr'><strong><em>υ</em></strong></span> <span class='ocrx_word' id='word_1_729' title='bbox 2190 4603 2294 4658; x_wconf 83' lang='lat' dir='ltr'>pro</span> <span class='ocrx_word' id='word_1_730' title='bbox 2318 4589 2472 4640; x_wconf 87' lang='lat' dir='ltr'>terra</span> <span class='ocrx_word' id='word_1_731' title='bbox 2491 4584 3022 4656; x_wconf 86' lang='lat' dir='ltr'>disceptamus.Non</span> <span class='ocrx_word' id='word_1_732' title='bbox 3038 4588 3186 4638; x_wconf 88' lang='lat' dir='ltr'>esset</span> <span class='ocrx_word' id='word_1_733' title='bbox 3203 4586 3396 4638; x_wconf 88' lang='lat' dir='ltr'>tamen</span> <span class='ocrx_word' id='word_1_734' title='bbox 3419 4574 3747 4663; x_wconf 55' lang='lat' dir='ltr'>necesse.Tar-</span> 
     </span>
    </p>
   </div>
   <div class='ocr_carea' id='block_1_51' title="bbox 472 4660 3747 4749">
    <p class='ocr_par' dir='ltr' id='par_1_51' title="bbox 472 4660 3747 4749">
     <span class='ocr_line' id='line_1_51' title="bbox 472 4660 3747 4749; baseline -0.005 -15"><span class='ocrx_word' id='word_1_735' title='bbox 472 4682 726 4745; x_wconf 91' lang='lat' dir='ltr'>tuorum,</span> <span class='ocrx_word' id='word_1_736' title='bbox 752 4680 849 4736; x_wconf 91' lang='lat' dir='ltr'>ubi</span> <span class='ocrx_word' id='word_1_737' title='bbox 883 4681 1172 4736; x_wconf 88' lang='lat' dir='ltr'>ordinatio</span> <span class='ocrx_word' id='word_1_738' title='bbox 1205 4682 1358 4736; x_wconf 84' lang='lat' dir='ltr'>facta</span> <span class='ocrx_word' id='word_1_739' title='bbox 1387 4682 1493 4749; x_wconf 91' lang='lat' dir='ltr'>est,</span> <span class='ocrx_word' id='word_1_740' title='bbox 1543 4683 1600 4735; x_wconf 90' lang='lat' dir='ltr'>te</span> <span class='ocrx_word' id='word_1_741' title='bbox 1628 4681 1688 4734; x_wconf 91' lang='lat' dir='ltr'>in</span> <span class='ocrx_word' id='word_1_742' title='bbox 1737 4679 2092 4735; x_wconf 86' lang='lat' dir='ltr'>audientiam</span> <span class='ocrx_word' id='word_1_743' title='bbox 2193 4693 2257 4731; x_wconf 88' lang='lat' dir='ltr'>ra</span> <span class='ocrx_word' id='word_1_744' title='bbox 2284 4675 2449 4729; x_wconf 90' lang='lat' dir='ltr'>nobis</span> <span class='ocrx_word' id='word_1_745' title='bbox 2477 4673 2612 4728; x_wconf 87' lang='lat' dir='ltr'>satis</span> <span class='ocrx_word' id='word_1_746' title='bbox 2643 4673 2771 4728; x_wconf 90' lang='lat' dir='ltr'>erit.</span> <span class='ocrx_word' id='word_1_747' title='bbox 2788 4675 2866 4727; x_wconf 90' lang='lat' dir='ltr'>De</span> <span class='ocrx_word' id='word_1_748' title='bbox 2892 4673 3034 4728; x_wconf 64' lang='lat' dir='ltr'>celo</span> <span class='ocrx_word' id='word_1_749' title='bbox 3057 4672 3374 4737; x_wconf 88' lang='lat' dir='ltr'>videamus,</span> <span class='ocrx_word' id='word_1_750' title='bbox 3396 4670 3440 4724; x_wconf 88' lang='lat' dir='ltr'>si</span> <span class='ocrx_word' id='word_1_751' title='bbox 3462 4668 3687 4723; x_wconf 81' lang='lat' dir='ltr'>velimus.</span> <span class='ocrx_word' id='word_1_752' title='bbox 3701 4660 3747 4712; x_wconf 85' lang='lat' dir='ltr'>in</span> 
     </span>
    </p>
   </div>
   <div class='ocr_carea' id='block_1_52' title="bbox 429 4755 3750 4842">
    <p class='ocr_par' dir='ltr' id='par_1_52' title="bbox 429 4755 3750 4842">
     <span class='ocr_line' id='line_1_52' title="bbox 429 4755 3750 4842; baseline -0.005 -21"><span class='ocrx_word' id='word_1_753' title='bbox 429 4805 431 4807; x_wconf 90' lang='lat'><strong><em>-</em></strong></span> <span class='ocrx_word' id='word_1_754' title='bbox 473 4767 668 4822; x_wconf 86' lang='lat' dir='ltr'>venire</span> <span class='ocrx_word' id='word_1_755' title='bbox 691 4770 843 4824; x_wconf 91' lang='lat' dir='ltr'>nolle</span> <span class='ocrx_word' id='word_1_756' title='bbox 865 4769 1172 4841; x_wconf 88' lang='lat' dir='ltr'>displicuit,</span> <span class='ocrx_word' id='word_1_757' title='bbox 1195 4769 1586 4842; x_wconf 88' lang='lat' dir='ltr'>opinantibus,</span> <span class='ocrx_word' id='word_1_758' title='bbox 1608 4769 1654 4824; x_wconf 89' lang='lat' dir='ltr'>si</span> <span class='ocrx_word' id='word_1_759' title='bbox 1676 4768 1914 4823; x_wconf 90' lang='lat' dir='ltr'>omnino</span> <span class='ocrx_word' id='word_1_760' title='bbox 1939 4768 2095 4821; x_wconf 82' lang='lat' dir='ltr'>infir-</span> <span class='ocrx_word' id='word_1_761' title='bbox 2194 4763 2283 4818; x_wconf 87' lang='lat' dir='ltr'>his</span> <span class='ocrx_word' id='word_1_762' title='bbox 2313 4761 2580 4818; x_wconf 77' lang='lat' dir='ltr'>omnibus</span> <span class='ocrx_word' id='word_1_763' title='bbox 2601 4763 2920 4833; x_wconf 88' lang='lat' dir='ltr'>temporale</span> <span class='ocrx_word' id='word_1_764' title='bbox 2950 4762 3197 4826; x_wconf 90' lang='lat' dir='ltr'>lucrum,</span> <span class='ocrx_word' id='word_1_765' title='bbox 3229 4759 3379 4831; x_wconf 90' lang='lat' dir='ltr'>quod</span> <span class='ocrx_word' id='word_1_766' title='bbox 3401 4755 3750 4842; x_wconf 71' lang='lat' dir='ltr'>hominesula-</span> 
     </span>
    </p>
   </div>
   <div class='ocr_carea' id='block_1_53' title="bbox 479 4836 3749 4932">
    <p class='ocr_par' dir='ltr' id='par_1_53' title="bbox 479 4836 3749 4932">
     <span class='ocr_line' id='line_1_53' title="bbox 479 4836 3749 4932; baseline -0.002 -22"><span class='ocrx_word' id='word_1_767' title='bbox 479 4872 639 4911; x_wconf 86' lang='lat' dir='ltr'>mare</span> <span class='ocrx_word' id='word_1_768' title='bbox 670 4857 862 4925; x_wconf 87' lang='lat' dir='ltr'>velles,</span> <span class='ocrx_word' id='word_1_769' title='bbox 905 4836 970 4910; x_wconf 32' lang='lat' dir='ltr'>te”</span> <span class='ocrx_word' id='word_1_770' title='bbox 991 4836 1277 4928; x_wconf 65' lang='lat' dir='ltr'>praesente</span> <span class='ocrx_word' id='word_1_771' title='bbox 1311 4858 1496 4930; x_wconf 87' lang='lat' dir='ltr'>magis</span> <span class='ocrx_word' id='word_1_772' title='bbox 1521 4857 1804 4912; x_wconf 86' lang='lat' dir='ltr'>inﬁrmari</span> <span class='ocrx_word' id='word_1_773' title='bbox 1827 4856 2095 4927; x_wconf 88' lang='lat' dir='ltr'>potuisse.</span> <span class='ocrx_word' id='word_1_774' title='bbox 2197 4852 2286 4922; x_wconf 89' lang='lat' dir='ltr'>gis</span> <span class='ocrx_word' id='word_1_775' title='bbox 2315 4853 2568 4918; x_wconf 86' lang='lat' dir='ltr'>tuentur,</span> <span class='ocrx_word' id='word_1_776' title='bbox 2601 4853 2658 4903; x_wconf 87' lang='lat' dir='ltr'>et</span> <span class='ocrx_word' id='word_1_777' title='bbox 2685 4850 2743 4903; x_wconf 85' lang='lat' dir='ltr'>in</span> <span class='ocrx_word' id='word_1_778' title='bbox 2776 4866 2889 4920; x_wconf 86' lang='lat' dir='ltr'>quo</span> <span class='ocrx_word' id='word_1_779' title='bbox 2915 4849 3084 4902; x_wconf 74' lang='lat' dir='ltr'>fames</span> <span class='ocrx_word' id='word_1_780' title='bbox 3106 4852 3220 4902; x_wconf 69' lang='lat' dir='ltr'>tute</span> <span class='ocrx_word' id='word_1_781' title='bbox 3253 4844 3476 4902; x_wconf 85' lang='lat' dir='ltr'>detrahi</span> <span class='ocrx_word' id='word_1_782' title='bbox 3502 4836 3749 4932; x_wconf 54' lang='lat' dir='ltr'>{armiin</span> 
     </span>
    </p>
   </div>
   <div class='ocr_carea' id='block_1_54' title="bbox 474 4924 3748 5018">
    <p class='ocr_par' dir='ltr' id='par_1_54' title="bbox 474 4924 3748 5018">
     <span class='ocr_line' id='line_1_54' title="bbox 474 4924 3748 5018; baseline -0.008 -17"><span class='ocrx_word' id='word_1_783' title='bbox 474 4946 586 5002; x_wconf 87' lang='lat' dir='ltr'>Sed</span> <span class='ocrx_word' id='word_1_784' title='bbox 619 4945 756 5018; x_wconf 88' lang='lat' dir='ltr'>quia</span> <span class='ocrx_word' id='word_1_785' title='bbox 779 4924 1146 5010; x_wconf 14' lang='lat' dir='ltr'>terdonante,</span> <span class='ocrx_word' id='word_1_786' title='bbox 1183 4924 1621 5016; x_wconf 40' lang='lat' dir='ltr'>quoquovmodo</span> <span class='ocrx_word' id='word_1_787' title='bbox 1651 4924 1896 5011; x_wconf 86' lang='lat' dir='ltr'>dederis,</span> <span class='ocrx_word' id='word_1_788' title='bbox 1928 4960 2098 5014; x_wconf 90' lang='lat' dir='ltr'>paro-</span> <span class='ocrx_word' id='word_1_789' title='bbox 2201 4957 2316 4994; x_wconf 87' lang='lat' dir='ltr'>non</span> <span class='ocrx_word' id='word_1_790' title='bbox 2346 4938 2728 4992; x_wconf 89' lang='lat' dir='ltr'>imminuetur</span> <span class='ocrx_word' id='word_1_791' title='bbox 2750 4937 3056 4992; x_wconf 82' lang='lat' dir='ltr'>tibi.Multo</span> <span class='ocrx_word' id='word_1_792' title='bbox 3080 4935 3238 4989; x_wconf 89' lang='lat' dir='ltr'>enim</span> <span class='ocrx_word' id='word_1_793' title='bbox 3259 4934 3503 5004; x_wconf 87' lang='lat' dir='ltr'>potiora,</span> <span class='ocrx_word' id='word_1_794' title='bbox 3529 4924 3748 5018; x_wconf 72' lang='lat' dir='ltr'>utaudio.</span> 
     </span>
    </p>
   </div>
   <div class='ocr_carea' id='block_1_55' title="bbox 473 5013 3747 5102">
    <p class='ocr_par' dir='ltr' id='par_1_55' title="bbox 473 5013 3747 5102">
     <span class='ocr_line' id='line_1_55' title="bbox 473 5013 3747 5102; baseline -0.007 -12"><span class='ocrx_word' id='word_1_795' title='bbox 473 5034 602 5090; x_wconf 83' lang='lat' dir='ltr'>cilia</span> <span class='ocrx_word' id='word_1_796' title='bbox 630 5013 765 5088; x_wconf 82' lang='lat' dir='ltr'>data</span> <span class='ocrx_word' id='word_1_797' title='bbox 785 5034 888 5098; x_wconf 88' lang='lat' dir='ltr'>est,</span> <span class='ocrx_word' id='word_1_798' title='bbox 923 5036 980 5086; x_wconf 90' lang='lat' dir='ltr'>et</span> <span class='ocrx_word' id='word_1_799' title='bbox 1020 5013 1219 5085; x_wconf 74' lang='lat' dir='ltr'>multis</span> <span class='ocrx_word' id='word_1_800' title='bbox 1248 5013 1529 5102; x_wconf 68' lang='lat' dir='ltr'>religiosis</span> <span class='ocrx_word' id='word_1_801' title='bbox 1580 5049 1643 5087; x_wconf 86' lang='lat' dir='ltr'>ac</span> <span class='ocrx_word' id='word_1_802' title='bbox 1675 5013 2098 5086; x_wconf 84' lang='lat' dir='ltr'>venerabilibus</span> <span class='ocrx_word' id='word_1_803' title='bbox 2200 5033 2370 5099; x_wconf 84' lang='lat' dir='ltr'>atque</span> <span class='ocrx_word' id='word_1_804' title='bbox 2405 5027 2632 5080; x_wconf 86' lang='lat' dir='ltr'>utiliora</span> <span class='ocrx_word' id='word_1_805' title='bbox 2651 5026 2772 5095; x_wconf 83' lang='lat' dir='ltr'>jam</span> <span class='ocrx_word' id='word_1_806' title='bbox 2803 5024 3076 5088; x_wconf 85' lang='lat' dir='ltr'>reddidit,</span> <span class='ocrx_word' id='word_1_807' title='bbox 3115 5028 3286 5094; x_wconf 86' lang='lat' dir='ltr'>atque</span> <span class='ocrx_word' id='word_1_808' title='bbox 3317 5022 3489 5076; x_wconf 87' lang='lat' dir='ltr'>etiam</span> <span class='ocrx_word' id='word_1_809' title='bbox 3515 5013 3747 5102; x_wconf 77' lang='lat' dir='ltr'>redderet.</span> 
     </span>
    </p>
   </div>
   <div class='ocr_carea' id='block_1_56' title="bbox 469 5101 3748 5193">
    <p class='ocr_par' dir='ltr' id='par_1_56' title="bbox 469 5101 3748 5193">
     <span class='ocr_line' id='line_1_56' title="bbox 469 5101 3748 5193; baseline -0.008 -15"><span class='ocrx_word' id='word_1_810' title='bbox 469 5123 606 5178; x_wconf 80' lang='lat' dir='ltr'>viris</span> <span class='ocrx_word' id='word_1_811' title='bbox 626 5119 1142 5193; x_wconf 88' lang='lat' dir='ltr'>comprobantibus</span> <span class='ocrx_word' id='word_1_812' title='bbox 1169 5101 1458 5174; x_wconf 79' lang='lat' dir='ltr'>ordinatio</span> <span class='ocrx_word' id='word_1_813' title='bbox 1499 5121 1650 5175; x_wconf 86' lang='lat' dir='ltr'>facta</span> <span class='ocrx_word' id='word_1_814' title='bbox 1679 5123 1782 5185; x_wconf 88' lang='lat' dir='ltr'>est,</span> <span class='ocrx_word' id='word_1_815' title='bbox 1829 5119 2099 5191; x_wconf 87' lang='lat' dir='ltr'>quodque</span> <span class='ocrx_word' id='word_1_816' title='bbox 2199 5122 2256 5172; x_wconf 91' lang='lat' dir='ltr'>et</span> <span class='ocrx_word' id='word_1_817' title='bbox 2285 5117 2468 5171; x_wconf 83' lang='lat' dir='ltr'>adhuc</span> <span class='ocrx_word' id='word_1_818' title='bbox 2500 5115 2741 5170; x_wconf 86' lang='lat' dir='ltr'>forsitan</span> <span class='ocrx_word' id='word_1_819' title='bbox 2771 5114 2994 5180; x_wconf 74' lang='lat' dir='ltr'>reddet,</span> <span class='ocrx_word' id='word_1_820' title='bbox 3033 5113 3076 5166; x_wconf 88' lang='lat' dir='ltr'>si</span> <span class='ocrx_word' id='word_1_821' title='bbox 3111 5115 3335 5166; x_wconf 84' lang='lat' dir='ltr'>tantum</span> <span class='ocrx_word' id='word_1_822' title='bbox 3369 5110 3426 5163; x_wconf 90' lang='lat' dir='ltr'>in</span> <span class='ocrx_word' id='word_1_823' title='bbox 3452 5101 3748 5162; x_wconf 85' lang='lat' dir='ltr'>audientiam</span> 
     </span>
    </p>
   </div>
   <div class='ocr_carea' id='block_1_57' title="bbox 477 5194 3749 5273">
    <p class='ocr_par' dir='ltr' id='par_1_57' title="bbox 477 5194 3749 5273">
     <span class='ocr_line' id='line_1_57' title="bbox 477 5194 3749 5273; baseline -0.008 -6"><span class='ocrx_word' id='word_1_824' title='bbox 477 5211 652 5267; x_wconf 86' lang='lat' dir='ltr'>tantis</span> <span class='ocrx_word' id='word_1_825' title='bbox 676 5208 1006 5265; x_wconf 89' lang='lat' dir='ltr'>auctoribus</span> <span class='ocrx_word' id='word_1_826' title='bbox 1035 5207 1373 5262; x_wconf 82' lang='lat' dir='ltr'>roboratam</span> <span class='ocrx_word' id='word_1_827' title='bbox 1398 5224 1461 5262; x_wconf 89' lang='lat' dir='ltr'>ac</span> <span class='ocrx_word' id='word_1_828' title='bbox 1510 5212 1700 5262; x_wconf 85' lang='lat' dir='ltr'>ratum</span> <span class='ocrx_word' id='word_1_829' title='bbox 1732 5209 1949 5263; x_wconf 83' lang='lat' dir='ltr'>factum</span> <span class='ocrx_word' id='word_1_830' title='bbox 1993 5211 2097 5273; x_wconf 89' lang='lat' dir='ltr'>est,</span> <span class='ocrx_word' id='word_1_831' title='bbox 2201 5206 2409 5271; x_wconf 80' lang='lat' dir='ltr'>venies,</span> <span class='ocrx_word' id='word_1_832' title='bbox 2442 5206 2500 5258; x_wconf 91' lang='lat' dir='ltr'>et</span> <span class='ocrx_word' id='word_1_833' title='bbox 2523 5202 2837 5257; x_wconf 90' lang='lat' dir='ltr'>secundum</span> <span class='ocrx_word' id='word_1_834' title='bbox 2868 5202 3023 5272; x_wconf 90' lang='lat' dir='ltr'>quod</span> <span class='ocrx_word' id='word_1_835' title='bbox 3050 5201 3127 5254; x_wconf 88' lang='lat' dir='ltr'>tui</span> <span class='ocrx_word' id='word_1_836' title='bbox 3159 5202 3448 5256; x_wconf 83' lang='lat' dir='ltr'>consortes</span> <span class='ocrx_word' id='word_1_837' title='bbox 3475 5194 3569 5249; x_wconf 87' lang='lat' dir='ltr'>tibi</span> <span class='ocrx_word' id='word_1_838' title='bbox 3587 5201 3749 5245; x_wconf 82' lang='lat' dir='ltr'>consu-</span> 
     </span>
    </p>
   </div>
   <div class='ocr_carea' id='block_1_58' title="bbox 477 5283 3749 5368">
    <p class='ocr_par' dir='ltr' id='par_1_58' title="bbox 477 5283 3749 5368">
     <span class='ocr_line' id='line_1_58' title="bbox 477 5283 3749 5368; baseline -0.006 -13"><span class='ocrx_word' id='word_1_839' title='bbox 477 5299 711 5357; x_wconf 85' lang='lat' dir='ltr'>difﬁcile</span> <span class='ocrx_word' id='word_1_840' title='bbox 730 5296 2096 5368; x_wconf 71' lang='lat' dir='ltr'>annullarietirritumﬁerivalet;cedat,quaeso,</span> <span class='ocrx_word' id='word_1_841' title='bbox 2199 5295 2321 5350; x_wconf 90' lang='lat' dir='ltr'>lent</span> <span class='ocrx_word' id='word_1_842' title='bbox 2339 5309 2496 5365; x_wconf 84' lang='lat' dir='ltr'>ages.</span> <span class='ocrx_word' id='word_1_843' title='bbox 2529 5291 2720 5346; x_wconf 89' lang='lat' dir='ltr'>Liceat</span> <span class='ocrx_word' id='word_1_844' title='bbox 2770 5290 2913 5345; x_wconf 88' lang='lat' dir='ltr'>mihi</span> <span class='ocrx_word' id='word_1_845' title='bbox 2936 5306 3076 5360; x_wconf 85' lang='lat' dir='ltr'>pace</span> <span class='ocrx_word' id='word_1_846' title='bbox 3128 5292 3228 5343; x_wconf 88' lang='lat' dir='ltr'>tua</span> <span class='ocrx_word' id='word_1_847' title='bbox 3275 5289 3382 5343; x_wconf 86' lang='lat' dir='ltr'>hoc</span> <span class='ocrx_word' id='word_1_848' title='bbox 3427 5283 3570 5356; x_wconf 89' lang='lat' dir='ltr'>quod</span> <span class='ocrx_word' id='word_1_849' title='bbox 3620 5287 3749 5346; x_wconf 75' lang='lat' dir='ltr'>super</span> 
     </span>
    </p>
   </div>
   <div class='ocr_carea' id='block_1_59' title="bbox 475 5372 3746 5456">
    <p class='ocr_par' dir='ltr' id='par_1_59' title="bbox 475 5372 3746 5456">
     <span class='ocr_line' id='line_1_59' title="bbox 475 5372 3746 5456; baseline -0.009 -12"><span class='ocrx_word' id='word_1_850' title='bbox 475 5389 750 5445; x_wconf 85' lang='lat' dir='ltr'>sanctitas</span> <span class='ocrx_word' id='word_1_851' title='bbox 773 5391 874 5442; x_wconf 89' lang='lat' dir='ltr'>tua</span> <span class='ocrx_word' id='word_1_852' title='bbox 902 5387 1136 5442; x_wconf 90' lang='lat' dir='ltr'>illorum</span> <span class='ocrx_word' id='word_1_853' title='bbox 1156 5384 1443 5441; x_wconf 86' lang='lat' dir='ltr'>sanctitati</span> <span class='ocrx_word' id='word_1_854' title='bbox 1465 5385 1558 5456; x_wconf 87' lang='lat' dir='ltr'>qui</span> <span class='ocrx_word' id='word_1_855' title='bbox 1588 5385 1720 5439; x_wconf 91' lang='lat' dir='ltr'>huic</span> <span class='ocrx_word' id='word_1_856' title='bbox 1745 5383 2099 5440; x_wconf 89' lang='lat' dir='ltr'>ordinationi</span> <span class='ocrx_word' id='word_1_857' title='bbox 2201 5383 2404 5439; x_wconf 90' lang='lat' dir='ltr'>eadem</span> <span class='ocrx_word' id='word_1_858' title='bbox 2419 5398 2480 5436; x_wconf 92' lang='lat' dir='ltr'>re</span> <span class='ocrx_word' id='word_1_859' title='bbox 2493 5397 2722 5436; x_wconf 87' lang='lat' dir='ltr'>mecum</span> <span class='ocrx_word' id='word_1_860' title='bbox 2746 5379 2863 5452; x_wconf 90' lang='lat' dir='ltr'>ipse</span> <span class='ocrx_word' id='word_1_861' title='bbox 2889 5378 3303 5433; x_wconf 87' lang='lat' dir='ltr'>sermocinatus</span> <span class='ocrx_word' id='word_1_862' title='bbox 3321 5393 3378 5430; x_wconf 91' lang='lat' dir='ltr'>es</span> <span class='ocrx_word' id='word_1_863' title='bbox 3397 5374 3495 5428; x_wconf 89' lang='lat' dir='ltr'>tibi</span> <span class='ocrx_word' id='word_1_864' title='bbox 3523 5372 3571 5425; x_wconf 91' lang='lat' dir='ltr'>in</span> <span class='ocrx_word' id='word_1_865' title='bbox 3591 5374 3746 5456; x_wconf 66' lang='lat' dir='ltr'>aurern</span> 
     </span>
    </p>
   </div>
   <div class='ocr_carea' id='block_1_60' title="bbox 475 5445 3747 5550">
    <p class='ocr_par' dir='ltr' id='par_1_60' title="bbox 475 5445 3747 5550">
     <span class='ocr_line' id='line_1_60' title="bbox 475 5445 3747 5550; baseline -0.006 -16"><span class='ocrx_word' id='word_1_866' title='bbox 475 5476 906 5534; x_wconf 88' lang='lat' dir='ltr'>consentientes</span> <span class='ocrx_word' id='word_1_867' title='bbox 947 5475 1438 5548; x_wconf 87' lang='lat' dir='ltr'>subscripserunt;</span> <span class='ocrx_word' id='word_1_868' title='bbox 1473 5475 1782 5530; x_wconf 88' lang='lat' dir='ltr'>roboretur</span> <span class='ocrx_word' id='word_1_869' title='bbox 1802 5490 1869 5528; x_wconf 83' lang='lat' dir='ltr'>ex</span> <span class='ocrx_word' id='word_1_870' title='bbox 1897 5476 1952 5529; x_wconf 90' lang='lat' dir='ltr'>te</span> <span class='ocrx_word' id='word_1_871' title='bbox 1981 5490 2097 5528; x_wconf 91' lang='lat' dir='ltr'>uno</span> <span class='ocrx_word' id='word_1_872' title='bbox 2202 5487 2515 5528; x_wconf 87' lang='lat' dir='ltr'>susurrare.</span> <span class='ocrx_word' id='word_1_873' title='bbox 2545 5469 2746 5524; x_wconf 88' lang='lat' dir='ltr'>Nonne</span> <span class='ocrx_word' id='word_1_874' title='bbox 2768 5466 3086 5522; x_wconf 85' lang='lat' dir='ltr'>recordaris</span> <span class='ocrx_word' id='word_1_875' title='bbox 3105 5466 3260 5538; x_wconf 87' lang='lat' dir='ltr'>quod</span> <span class='ocrx_word' id='word_1_876' title='bbox 3281 5465 3335 5519; x_wconf 92' lang='lat' dir='ltr'>in</span> <span class='ocrx_word' id='word_1_877' title='bbox 3352 5462 3538 5550; x_wconf 81' lang='lat' dir='ltr'>priore</span> <span class='ocrx_word' id='word_1_878' title='bbox 3553 5468 3680 5550; x_wconf 38' lang='lat' dir='ltr'>anno</span> <span class='ocrx_word' id='word_1_879' title='bbox 3692 5445 3747 5502; x_wconf 67' lang='lat' dir='ltr'>ad</span> 
     </span>
    </p>
   </div>
   <div class='ocr_carea' id='block_1_61' title="bbox 478 5539 3747 5640">
    <p class='ocr_par' dir='ltr' id='par_1_61' title="bbox 478 5539 3747 5640">
     <span class='ocr_line' id='line_1_61' title="bbox 478 5539 3747 5640; baseline -0.008 -20"><span class='ocrx_word' id='word_1_880' title='bbox 478 5565 632 5640; x_wconf 79' lang='lat' dir='ltr'>quod</span> <span class='ocrx_word' id='word_1_881' title='bbox 653 5564 780 5636; x_wconf 89' lang='lat' dir='ltr'>jam</span> <span class='ocrx_word' id='word_1_882' title='bbox 810 5564 1128 5620; x_wconf 91' lang='lat' dir='ltr'>multorum</span> <span class='ocrx_word' id='word_1_883' title='bbox 1159 5539 1565 5636; x_wconf 74' lang='lat' dir='ltr'>religiosorum</span> <span class='ocrx_word' id='word_1_884' title='bbox 1592 5561 1953 5619; x_wconf 84' lang='lat' dir='ltr'>confirmavit</span> <span class='ocrx_word' id='word_1_885' title='bbox 1981 5563 2099 5616; x_wconf 89' lang='lat' dir='ltr'>col-</span> <span class='ocrx_word' id='word_1_886' title='bbox 2204 5559 2476 5617; x_wconf 90' lang='lat' dir='ltr'>eumdem</span> <span class='ocrx_word' id='word_1_887' title='bbox 2505 5559 2693 5612; x_wconf 89' lang='lat' dir='ltr'>locum</span> <span class='ocrx_word' id='word_1_888' title='bbox 2736 5556 2795 5611; x_wconf 89' lang='lat' dir='ltr'>C.</span> <span class='ocrx_word' id='word_1_889' title='bbox 2829 5556 3162 5626; x_wconf 87' lang='lat' dir='ltr'>[Bamberg]</span> <span class='ocrx_word' id='word_1_890' title='bbox 3211 5553 3373 5609; x_wconf 89' lang='lat' dir='ltr'>nobis</span> <span class='ocrx_word' id='word_1_891' title='bbox 3419 5539 3747 5622; x_wconf 79' lang='lat' dir='ltr'>equitantibus</span> 
     </span>
    </p>
   </div>
   <div class='ocr_carea' id='block_1_62' title="bbox 549 5687 1672 5767">
    <p class='ocr_par' dir='ltr' id='par_1_62' title="bbox 549 5687 1672 5767">
     <span class='ocr_line' id='line_1_62' title="bbox 549 5687 1672 5767; baseline -0.005 -16"><span class='ocrx_word' id='word_1_892' title='bbox 549 5689 815 5767; x_wconf 64' lang='lat' dir='ltr'>(1.);Viae.</span> <span class='ocrx_word' id='word_1_893' title='bbox 847 5687 1082 5746; x_wconf 52' lang='lat' dir='ltr'>ﬁnesid.</span> <span class='ocrx_word' id='word_1_894' title='bbox 1116 5707 1190 5759; x_wconf 75' lang='lat' dir='ltr'>xx,</span> <span class='ocrx_word' id='word_1_895' title='bbox 1220 5690 1323 5747; x_wconf 79' lang='grc'>413</span> <span class='ocrx_word' id='word_1_896' title='bbox 1346 5691 1405 5746; x_wconf 86' lang='lat' dir='ltr'>et</span> <span class='ocrx_word' id='word_1_897' title='bbox 1439 5689 1672 5747; x_wconf 70' lang='lat'>426-27.</span> 
     </span>
    </p>
   </div>
  </div>
