4012 6180
186 434 327 497 μίαν
1163 428 1460 488 SERGIUS
1490 429 1559 487 Iv
1580 427 1783 487 pars.
1814 458 1884 471 —
1912 426 2197 490 norma
2218 432 2605 495 msromcs
3438 435 3584 509 me

189 575 281 618 me
313 552 584 614 advocato
609 550 683 609 ad
702 551 783 621 te,
811 548 1223 624 hujuscemodi
1262 568 1615 619 sermonem,
1665 548 1823 623 quasi
1842 550 1899 610 Δ
1930 568 2139 623 gressu
2163 558 2411 629 justitiae
2438 576 2674 617 cursum
2701 572 3011 635 peragere.
3040 550 3245 617 Errata
3271 561 3429 622 enim
3459 550 3580 627 non

190 644 495 721 praescires,
532 644 753 698 habere
785 638 1047 712 coepisti:
1086 663 1116 691 «
1139 640 1200 697 Si
1246 658 1346 697 rex
1370 641 1453 696 ibi
1502 641 1687 695 facere
1709 639 1822 693 vel-

1931 647 2085 699 recto
2122 647 2312 702 ductu
2343 654 2673 719 occurrunt,
2714 651 2815 706 sed
2860 665 2932 704 ex
2981 648 3301 706 transverso
3331 655 3388 708 et
3415 653 3580 716 devio

190 736 261 791 let
280 733 698 805 episcopatum,
725 728 893 785 facile
922 727 1100 783 illum
1127 729 1395 784 Ecclesiae
1416 731 1530 783 tuae
1550 728 1703 800 quod
1721 726 1823 782 tibi
1923 730 2269 803 venientia,
2303 754 2337 792 a
2363 742 2518 794 recto
2545 741 2772 795 tramite
2795 736 3094 808 depellere
3112 738 3327 796 volunt.
3357 742 3579 816 Quippe

192 822 375 877 utilius
395 823 545 876 esset
564 835 731 891 posse
761 817 1041 883 tribuere,
1068 820 1129 872 te
1154 834 1395 889 parvum
1418 816 1555 871 inde
1577 817 1823 871 fructum
1927 821 2135 874 errata
2155 837 2289 877 non
2323 831 2511 881 essent
2538 828 2645 883 nisi
2670 845 2701 883 a
2721 828 2885 882 recto
2907 825 3053 879 calle
3077 825 3388 885 deviarent.
3413 832 3576 889 Unde

192 912 421 977 habere,
450 912 636 963 totam
668 908 827 962 illam
856 909 1087 960 terram
1116 923 1267 978 pene
1288 906 1494 961 silvam
1526 906 1825 971 esse,Scla-
1927 911 1985 963 et
2003 906 2068 961 in
2096 911 2388 976 operibus
2410 915 2640 986 justitiae
2670 912 3051 987 przecipimur
3071 931 3258 988 neque
3284 918 3357 973 ad
3377 919 3573 976 dexte-

192 1017 293 1055 vos
324 998 401 1054 ibi
435 998 723 1064 habitare,
756 998 812 1049 te
835 994 896 1048 in
923 994 1026 1048 illa
1064 995 1400 1067 longinqua
1418 995 1510 1049 vel
1530 1010 1827 1066 nunquam
1925 1013 2061 1054 ram
2098 1009 2306 1072 neque
2335 1003 2407 1058 ad
2425 1004 2710 1060 sinistram
2749 1003 3073 1059 declinare,
3107 1007 3221 1061 Hoc
3257 1006 3338 1064 ita
3356 1008 3569 1064 deseri-

191 1089 282 1144 vel
301 1104 429 1143 raro
450 1084 690 1141 venisse.
714 1105 742 1131 ιι
767 1085 969 1138 Nonne
994 1083 1130 1138 haec
1152 1083 1213 1137 in
1236 1084 1392 1138 hunc
1414 1083 1661 1137 modum
1681 1082 1832 1138 dicta
1927 1089 2049 1161 pto,
2086 1081 2157 1138 in
2187 1088 2278 1144 his
2307 1109 2432 1163 quae
2461 1110 2495 1147 a
2518 1109 2654 1163 rege
2691 1092 3069 1162 postulantur
3111 1094 3255 1151 nihil
3281 1095 3563 1166 invenies,

191 1193 320 1234 esse
346 1174 593 1231 recolis?
618 1174 731 1229 Cur
758 1172 934 1226 modo
967 1170 1211 1226 difﬁcile
1249 1172 1481 1226 videtur
1519 1172 1675 1243 quod
1694 1175 1831 1227 tunc
1927 1179 1992 1231 ut
2015 1187 2134 1245 ego
2179 1193 2543 1249 cognoscam,
2576 1178 2729 1250 quod
2755 1178 3119 1249 religionem
3158 1183 3333 1238 laedat
3366 1186 3453 1240 vel
3485 1187 3562 1241 ad

190 1265 361 1322 facile
391 1264 568 1318 visum
595 1261 725 1316 est?
752 1263 892 1314 Ecce
918 1260 1071 1331 jam,
1102 1263 1166 1314 ut
1189 1260 1444 1327 confido,
1480 1275 1832 1330 cognoscere
1931 1263 2214 1321 delictum
2245 1266 2493 1333 inducat,
2521 1281 2717 1319 verum
2748 1266 2963 1322 omnia
2982 1268 3154 1324 divini
3176 1270 3357 1327 cultus
3374 1272 3558 1345 pieta-

191 1356 358 1429 potes
382 1369 474 1407 me
505 1350 607 1406 tibi
637 1350 852 1421 injusta
882 1365 1004 1402 non
1026 1366 1366 1421 suggerere,
1396 1364 1505 1402 nec
1528 1348 1750 1403 hortari
1773 1351 1836 1404 ut
1931 1357 2050 1409 tem
2072 1354 2363 1410 tueantur.
2387 1356 2503 1409 Hoc
2524 1354 2580 1407 et
2600 1351 2718 1423 ipse
2744 1352 2803 1407 in
2826 1352 3060 1425 synodo
3075 1357 3560 1427 miserabili,atta-

194 1444 327 1515 plus
352 1456 548 1510 regem
581 1438 786 1493 timeas
805 1453 985 1508 quam
1018 1438 1227 1504 Deum,
1257 1438 1354 1492 sed
1376 1438 1445 1490 ut
1491 1435 1656 1490 illum
1697 1454 1832 1508 pro-
1931 1459 2069 1498 men
2090 1442 2379 1498 luculenta
2401 1440 2662 1497 oratione
2682 1441 3050 1512 perstrinxit,
3074 1445 3230 1517 quia,
3252 1445 3299 1500 si
3328 1464 3388 1501 se
3408 1448 3560 1505 Deus

194 1534 327 1604 pter
354 1530 502 1583 hunc
532 1528 589 1581 et
615 1525 820 1595 diligas
857 1528 919 1578 et
966 1524 1267 1591 formides,
1315 1525 1680 1596 honestaque
1712 1543 1831 1582 non
1932 1531 2182 1602 privaret
2207 1533 2394 1588 fructu
2420 1528 2633 1583 ventris
2661 1529 2747 1584 sui
2775 1533 2835 1585 et
2864 1532 3149 1599 humana,
3180 1534 3341 1603 prole
3366 1535 3557 1590 011183!-

192 1613 575 1688 praacipienti,
606 1614 707 1667 sed
735 1612 1089 1683 supplicanti
1133 1627 1198 1667 ac
1242 1612 1570 1667 retribuere
1617 1613 1833 1669 volenti
1933 1620 2181 1687 redaret,
2204 1638 2263 1676 se
2285 1621 2490 1681 Deum,
2518 1615 2563 1670 si
2585 1616 2955 1688 dignaretur,
2979 1620 3228 1675 libenter
3245 1619 3352 1676 sibi
3373 1621 3558 1677 haere-

195 1703 505 1768 concedas;
532 1700 820 1772 leviusque
841 1700 953 1754 tibi
978 1700 1089 1754 erit
1108 1701 1319 1771 partito
1342 1699 1404 1753 in
1428 1699 1610 1754 alium
1631 1716 1830 1767 onere;

1934 1708 2067 1763 dem
2099 1709 2419 1771 facturum;
2450 1706 2507 1758 et
2527 1704 2599 1760 ad
2617 1705 2725 1761 hoc
2748 1706 2931 1762 nimis
2962 1707 3261 1762 humiliter
3290 1709 3555 1766 omnium

195 1791 420 1890 facilius
439 1806 669 1895 quoque
695 1787 765 1843 de
786 1787 1160 1895 pajujcioribuls
1182 1788 1496 1885 animabus
1515 1804 1834 1859 procuran-
1866 1836 1917 1895 B
1932 1797 2304 1867 praesentium
2326 1791 2600 1862 suffragia
2617 1794 2818 1865 poscit.
2843 1795 2907 1851 Si
2930 1795 3351 1862 interfueris,ut
3363 1797 3556 1868 propi-

195 1880 290 1936 dis
315 1879 602 1934 rationem
628 1878 744 1931 Deo
773 1875 1025 1930 reddere
1055 1875 1291 1946 poteris.

270 1966 495 2033 Quodsi
507 1966 690 2021 adhuc
703 1964 906 2019 cedere
920 1979 1042 2017 non
1063 1962 1162 2031 vis,
1185 1967 1241 2017 et
1253 1962 1391 2035 quia
1410 1961 1627 2033 legitur
1648 1964 1834 2019 Deum

196 2071 450 2128 regnare
479 2055 667 2110 facere
716 2051 1078 2124 hypocritam
1106 2053 1343 2123 propter
1391 2052 1835 2123 perversitatem

197 2143 401 2217 pepuli
423 2142 546 2213 (Job
571 2157 752 2206 xxxw,
780 2138 1294 2211 30),resistendum
1309 2143 1477 2210 putas
1491 2138 1603 2194 nisi
1635 2138 1835 2211 aliquo

201 2235 552 2304 argumento
573 2231 902 2295 subruatur,
927 2228 1115 2283 dicam
1137 2227 1270 2282 inde
1293 2227 1449 2300 quod
1468 2227 1837 2299 sentio.Apo—

200 2322 406 2387 stolas,
430 2334 718 2392 organum
740 2316 945 2371 Christi
968 2315 1231 2370 inﬂatum
1272 2332 1305 2369 a
1345 2315 1563 2386 Spiritu
1603 2318 1831 2384 sancto,

208 2409 412 2465 fallere
436 2422 803 2479 nequaquam
823 2406 1028 2476 potest.
1072 2402 1357 2474 Quidquid
1395 2405 1582 2470 sonat,
1624 2420 1830 2458 verum

208 2500 320 2565 est,
342 2496 439 2552 sed
462 2491 909 2563 intelligentiam
925 2491 1145 2563 quaerit.
1160 2490 1390 2555 Quoties
1409 2489 1678 2562 exigente
1698 2508 1831 2547 ma-

206 2585 337 2641 litia
357 2587 550 2639 nostra
571 2599 606 2636 a
625 2582 905 2653 potestate
926 2595 1178 2652 nequam
1199 2578 1829 2652 premimur,quidquid

211 2672 385 2728 nobis
406 2673 478 2726 ab
500 2687 566 2725 ea
585 2668 917 2742 praecipitur
941 2667 1097 2739 quod
1117 2683 1150 2720 a
1172 2666 1280 2720 ﬁde
1302 2682 1417 2720 non
1441 2667 1749 2721 abhorreat
1770 2671 1829 2722 et

209 2759 487 2832 religioni
507 2755 802 2814 catholica:
825 2772 942 2811 non
965 2752 1532 2819 adversetur,videtur
1544 2753 1685 2808 mihi
1705 2771 1829 2810 esse

212 2848 567 2905 faciendum.
601 2848 777 2914 Dura,
812 2844 1087 2910 difﬁcilia,
1136 2842 1377 2897 molesta
1404 2845 1731 2911 grassentur
1768 2843 1833 2897 in

216 2936 414 3003 nobis,
436 2934 762 3007 parendum
782 2935 885 2987 est.
912 2931 1044 2997 Quae
1065 2930 1224 2985 enim
1242 2934 1388 2995 sunt,
1410 2946 1440 2982 a
1464 2929 1575 2983 Deo
1586 2929 1837 2985 ordinata

1933 1884 2079 1939 tium
2101 1888 2156 1939 te
2181 1881 2392 1946 sentio,
2420 1882 2614 1950 procul
2637 1882 2815 1938 dubio
2843 1882 3231 1938 miserereris.
3255 1883 3436 1955 Igitur
3453 1884 3559 1939 mi—

1934 1974 2130 2040 tescat,
2163 1987 2265 2027 oro
2296 1971 2376 2032 te,
2427 1967 2653 2024 animus
2696 1973 2859 2038 tuus;
2914 1972 3047 2027 laxa
3092 1970 3285 2026 sinum
3330 1970 3559 2043 pietatis

1934 2062 2069 2127 tuae,
2090 2074 2262 2131 parce
2282 2052 2408 2121 tibi,
2431 2055 2701 2113 miserere
2724 2061 2967 2114 tuorum
2993 2057 3087 2129 (3).
3116 2058 3279 2124 Quod
3298 2058 3560 2131 hypocri-

1934 2148 2009 2201 ιω
2030 2147 2157 2217 regi
2171 2147 2363 2200 facere
2379 2141 2674 2214 debueras,
2693 2145 2783 2201 fac
2795 2145 2934 2201 huic
2945 2145 3293 2217 religionem
3306 2149 3562 2202 astruen-

1934 2234 2001 2288 ti.
2027 2233 2286 2289 Honesta
2304 2233 2562 2301 postulat,
2578 2234 2783 2289 eadem
2802 2234 2948 2289 satis
2977 2238 3036 2289 et
3053 2251 3224 2307 super
3241 2234 3563 2289 retribuere

1933 2324 2125 2393 parat.
2147 2316 2210 2374 Si
2233 2315 2368 2386 quid
2386 2321 2644 2376 Ecclesiae
2664 2324 2780 2377 tuae
2802 2322 3124 2394 corporalis
3143 2322 3310 2396 spatii
3339 2322 3560 2377 subtra-

1929 2408 2119 2476 hitur,
2161 2406 2275 2459 hoc
2305 2403 2454 2463 idem
2492 2408 2773 2480 spirituali
2817 2410 3203 2466 aediﬁcatione
3232 2410 3560 2481 suppletur;

1929 2497 2252 2565 multoque
2279 2494 2608 2552 honoratior
2656 2497 2769 2552 erit
2814 2498 3068 2554 fecunda
3113 2497 3175 2552 in
3221 2496 3340 2553 ﬁlia
3388 2513 3564 2567 quam

1928 2585 2199 2639 omnino
2213 2582 2420 2657 absque
2439 2585 2631 2641 liberis
2649 2585 2862 2641 sterilis
2881 2588 3216 2641 remaneret
3226 2587 3286 2641 et
3302 2583 3565 2639 infecun-

1924 2672 2014 2729 da.
2068 2671 2261 2730 Aufer
2279 2674 2604 2746 rubiginem
2642 2690 2678 2728 a
2713 2674 2913 2742 corde,
2953 2675 3201 2731 hilarem
3239 2677 3297 2728 te
3333 2672 3406 2728 ad
3441 2672 3565 2727 haec

1929 2762 2149 2818 omnia
2182 2764 2445 2836 deinceps
2467 2762 2721 2819 ostende.
2740 2764 2869 2818 Non
2885 2762 3078 2818 veniet
3090 2778 3217 2818 sero
3231 2777 3405 2834 quem
3416 2762 3566 2816 Deus

1932 2848 2221 2920 adjuvare
2241 2854 2373 2907 vult.
2403 2850 2562 2907 Unde
2581 2849 2756 2905 modo
2776 2849 3291 2917 tristaris,decursa
3311 2847 3419 2903 ista
3438 2849 3563 2901 ten-

1936 2936 2170 2993 tatione
2190 2942 2307 2995 Deo
2328 2937 2574 3011 propitio
2598 2939 2846 2992 multum
2868 2938 3009 2992 inde
3029 2935 3332 2992 laetaberis.
3354 2935 3559 2989 Tenta-

211 3034 365 3079 sunt.
391 3024 473 3079 Ibi
494 3021 782 3094 culpanda
805 3023 891 3074 est
914 3019 1158 3090 pravitas
1189 3019 1404 3083 nostra,
1438 3032 1555 3070 non
1582 3016 1845 3073 ferientis
1880 3087 1917 3097 ﬂ
1940 3023 2021 3078 tio
2054 3028 2145 3080 est
2173 3027 2285 3082 vita
2312 3029 2570 3083 humana
2607 3041 2780 3097 super
2815 3027 3055 3080 terram.
3101 3025 3225 3078 Non
3268 3023 3353 3077 est
3386 3022 3564 3077 homo

210 3112 463 3184 justitia.
496 3087 619 3166 Non
643 3109 804 3165 enim
837 3087 946 3161 nisi
968 3105 1336 3179 perversitate
1358 3106 1553 3159 nostra
1572 3110 1850 3175 regnaret
1872 3087 1919 3147 α
1947 3111 2045 3185 qui
2071 3130 2195 3168 non
2223 3115 2385 3170 bibat
2402 3116 2472 3169 de
2492 3113 2665 3169 calice
2676 3087 2822 3167 .isto.
2847 3113 3155 3171 convertat
3178 3112 3325 3167 Deus
3343 3110 3561 3169 luctum

214 3199 545 3271 hypocrita.
576 3197 635 3253 Si
667 3196 902 3269 quando
932 3212 1065 3249 vero
1088 3192 1415 3264 hujusmodi
1458 3191 1675 3265 aliquid
1694 3210 1729 3247 a
1747 3211 1848 3266 po-
1948 3204 2113 3254 tuum
2132 3201 2194 3254 in
2217 3202 2515 3271 gaudium.
2538 3200 2720 3256 Nimis
2740 3204 3018 3271 augustor
3038 3200 3193 3272 quod
3206 3201 3325 3254 tam
3349 3198 3568 3254 dudum

220 3291 437 3342 testate
464 3287 561 3340 illa
590 3287 760 3341 nobis
808 3284 1148 3355 injungatur
1186 3282 1341 3353 quod
1378 3281 1465 3334 vel
1502 3280 1851 3352 religionem
1952 3289 2038 3342 est
2056 3289 2212 3359 quod
2231 3292 2289 3342 te
2318 3305 2423 3344 nec
2453 3288 2737 3344 audierim
2779 3305 2888 3343 nec
2923 3287 3187 3343 viderim.
3211 3287 3343 3343 Ideo
3363 3286 3567 3343 vellem

222 3375 517 3441 vulneret,
540 3375 625 3429 vel
663 3374 739 3427 ad
778 3375 1077 3444 peccatum
1113 3372 1331 3440 vergat,
1372 3368 1552 3423 libere
1580 3370 1851 3425 resisten-
1953 3374 2171 3446 aliquid
2201 3376 2404 3430 audire
2452 3380 2708 3442 tuorum,
2752 3376 2871 3431 sive
2919 3393 3022 3449 per
3065 3376 3302 3444 litteras,
3332 3375 3447 3431 sive
3465 3391 3571 3449 per

224 3465 377 3520 dum
399 3479 633 3531 censeo;
659 3461 921 3535 quamvis
939 3461 1045 3514 hoc
1067 3474 1186 3513 non
1207 3458 1459 3530 preprie,
1481 3458 1581 3513 sed
1601 3459 1852 3527 abusive,
1952 3461 2136 3515 vivam
2162 3476 2384 3516 vocem.
2428 3463 2542 3518 Sed
2578 3463 2652 3517 sit
2670 3463 2953 3518 arbitratu
2976 3465 3097 3519 tuo.
3125 3463 3274 3519 Satis
3301 3479 3571 3537 operosus

224 3552 458 3607 dicatur
478 3553 731 3617 resistere,
756 3553 945 3605 errata
991 3548 1302 3613 declinare,
1344 3549 1400 3599 et
1440 3549 1594 3601 recto
1632 3547 1856 3602 itineris
1955 3566 2037 3612 es,
2068 3565 2189 3603 non
2221 3548 2407 3603 audeo
2441 3549 2629 3620 magis
2652 3553 2707 3605 te
2730 3550 3072 3623 defatigare.

308 3675 385 3746 (3)
417 3673 507 3746 Sic
536 3690 716 3746 prope
742 3673 894 3746 apud
919 3670 1237 3746 __Virgilium
1277 3668 1539 3746 (ίΕηρξά.
1582 3671 1661 3746 x1)
1682 3672 1858 3746 Dran-
1955 3670 2219 3746 superius
2247 3672 2320 3726 ad
2348 3672 2525 3729 Turni
2556 3672 2886 3730 orationem
2918 3673 3123 3731 Dranci
3151 3675 3571 3746 respondentis.

221 3740 456 3811 ces,'ad
482 3740 662 3816 cu'jus'
674 3740 852 3798 verba
878 3740 1085 3797 alludit
1128 3741 1223 3794 hic
1267 3740 1572 3806 Arnoldus,
1596 3744 1659 3794 ut
1686 3743 1856 3813 paulo
1958 3740 2056 3797 En.
2087 3744 2329 3797 PATROL.

1558 3984 1739 4030 ANNO
1805 3983 2038 4030 DOMINI
2102 3982 2257 4030 MXll
3012 3970 3013 3973 “

967 4098 1893 4242 SEBGIUS.
1958 4101 2183 4242 IV
2280 4102 2544 4236 PA
2568 4102 2844 4238 PA

1217 4427 1811 4534 NOTITIA
1898 4424 2659 4533 HISTOBICA

1060 4598 1393 4668 (CIACONIUS,
1428 4595 1513 4649 De
1565 4595 1706 4653 Vitis
1730 4595 2104 4650 Romanorum
2150 4594 2488 4665 ponti/Eoum,
2523 4610 2582 4664 p.
2614 4596 2765 4663 284.)

232 4789 487 4860 Sergius
530 4786 614 4853 IV,
636 4785 798 4860 APetri
848 4784 1074 4840 Martini
1114 4783 1287 4860 filius,
1333 4782 1647 4860 Romanus,
1692 4783 1873 4860 Bucca
1890 4790 1943 4848 1)
1973 4781 2197 4860 interea
2218 4795 2350 4832 vero
2374 4778 2495 4860 ejus
2516 4780 2756 4860 consilio
2778 4785 2835 4835 et
2852 4782 3277 4860 monitionibus;
3297 4787 3588 4860 principes

281 4848 405 4916 ονΞὶ
427 4848 818 4928 αηιθὰᾶὶοὶιιε,
844 4874 911 4910 ex
930 4860 1113 4910 castro
1137 4855 1334 4918 Lunae,
1360 4853 1677 4928 monachus
1701 4854 1873 4905 antea
1973 4848 2147 4928 [taliae
2190 4848 2766 4928 compositonfcedere
2809 4852 3048 4906 consilia
3083 4848 3583 4928 ineunt‘pelleiidi

327 4929 675 4989 nedictiuus,
701 4926 847 4980 sedit
875 4942 1059 4980 annos
1107 4943 1166 4991 ιι,
1214 4939 1444 4976 menses
1488 4939 1576 4995 is,
1607 4923 1725 4975 dies
1774 4938 1870 4995 xli,
1973 4921 2320 4995 Sarracenos
2341 4919 2589 4995 a_S_icilia
2611 4920 2817 4995 insula,
2840 4939 3016 4995 quam
3035 4940 3141 4995 per
3160 4919 3371 4981 multo-3
3398 4944 3583 4983 annos

226 5004 474 5060 creatus
500 5015 569 5052 xv
600 4999 720 5052 Kal.
745 4997 1120 5067 Septembris,
1144 4990 1301 5069 anno
1329 4998 1485 5069 1009.
1521 4993 1615 5069 Vir
1633 4992 1869 5069 sanctis-
1974 4991 2365 5069 detinuerant,
2386 4990 2558 5061 idque
2600 4992 2793 5046 moliri
2821 4990 3056 5063 paribus
3085 4996 3297 5051 animis
3321 5000 3379 5051 et
3404 4998 3581 5069 copiis

227 5075 430 5130 simus
460 5070 608 5135 vitae,
637 5061 929 5139 gratesque
959 5064 1415 5139 consuetudinis,
1439 5068 1496 5116 et
1525 5066 1659 5116 ante
1681 5062 1870 5139 po_nti-
1975 5061 2297 5139 instituunt.

230 5145 508 5205 ﬁcetum,
533 5130 668 5193 etin
690 5139 810 5210 ipso
832 5130 1168 5210 pontiﬁcatu
1192 5136 1319 5201 fuit,
1346 5135 1403 5187 in
1416 5130 1707 5259 (pauperes
1728 5133 1868 5212 libe-
2044 5134 2242 5185 Annus
2268 5133 2403 5211 lOlt)
2434 5130 2612 5185 nobili
2642 5133 3009 5205 Ungarorum
3029 5136 3103 5191 ad
3122 5136 3293 5191 ﬁdem
3314 5135 3583 5191 Christia-

230 5214 407 5259 mlis-
439 5210 501 5259 in
531 5210 746 5259 amicos
784 5213 841 5259 et
884 5209 1198 5259 familiares
1235 5208 1407 5259 iucun
1455 5221 1539 5259 us.
1591 5203 1652 5256 in
1684 5203 1867 5257 delm-
1973 5218 2110 5256 nam
2132 5218 2504 5257 conversxone
2527 5203 2859 5258 nobilitatus
2882 5207 2984 5258 est.
3007 5204 3583 5259 Insumfaciendaarei

226 5214 409 5279 ralis,
439 5203 502 5264 in
531 5203 746 5264 amicos
784 5203 851 5263 et
883 5209 1198 5263 familiares
1229 5203 1554 5279 jucundus,
1591 5203 1652 5256 in
1679 5203 1867 5279 deliu-
1973 5218 2110 5279 nam
2132 5203 2504 5279 conversione
2527 5203 2984 5279 nobilitatusest.
3007 5204 3583 5279 Ipsumfaciendgerei

229 5272 797 5358 quentesclemens,
831 5280 889 5333 in
910 5272 1296 5358 contumaces
1338 5276 1646 5358 modestus.
1679 5275 1872 5358 Tantae
1971 5272 2304 5358 initiumab
2327 5272 2448 5354 ipso
2481 5288 2619 5344 rege
2648 5278 2734 5328 est
2752 5275 3005 5355 ductum,
3146 5290 3278 5354 cum
3307 5274 3579 5346 Giselam,

231 5343 577 5429 ﬁrudentim
603 5343 883 5429 praeterea
903 5351 1030 5429 fuit,
1062 5352 1123 5402 ut
1153 5352 1396 5429 totosuo
1414 5345 1763 5429 pontiﬁcatu
1789 5344 1872 5429 nil
1971 5343 2221 5425 Heinrici
2249 5343 2405 5429 regis
2420 5343 2701 5412 sororem,
2719 5343 3125 5429 eximiaspeéie
3139 5343 3423 5429 virginem
3442 5343 3581 5403 con;

233 5413 629 5501 Eommissum
650 5422 722 5475 sit
742 5413 1087 5501 quo-merito
1108 5413 1455 5499 reprehendi
1497 5415 1871 5501 gubernantis
1963 5413 2128 5495 jugio
2160 5413 2470 5501 impetrare
2496 5431 2613 5501 no‘n
2640 5418 2847 5489 posset,
2889 5413 2997 5501 pisi
3053 5413 3379 5471 Christiana
3406 5433 3581 5501 saera

239 5493 614 5566 negligentia
638 5484 835 5566 possit.
862 5493 923 5544 lu
952 5493 1131 5544 Deum
1164 5484 1324 5542 enim
1346 5484 1581 5566 omnem
1612 5489 1869 5566 mentem
1968 5484 2300 5566 Susciperet,
2333 5485 2482 5539 ultro
2510 5485 2587 5566 ad
2623 5484 2857 5566 sacrum.
2884 5484 3467 5566 lavacrurnﬁccessit,
3515 5505 3582 5546 ac

237 5552 595 5623 convertens
618 5552 796 5642 (quod
814 5564 999 5616 facere
1023 5556 1869 5642 omnespontifices'deberent),
1971 5552 2205 5642 gentem
2235 5571 2397 5610 suam
2430 5554 2799 5628 pulcherrimi
2830 5552 2962 5609 facti
2993 5552 3319 5613 imitatione
3345 5552 3577 5615 succen-

229 5639 407 5710 juste
444 5625 881 5710 atque—integre
912 5631 1116 5710 omnia
1149 5625 1871 5710 esten-imisui‘sententi‘a
1971 5625 2073 5710 dit:

238 5694 412 5768 "treus
441 5694 650 5775 nativa,
694 5707 753 5764 et
780 5694 1052 5763 boribus
1100 5701 1345 5759 instituti
1373 5699 1459 5757 sui
1488 5698 1866 5772 gubernabat.
2035 5696 2388 5757 ﬂammida:
2416 5696 2500 5753 vir
2526 5695 2827 5752 sanctitate
2846 5694 3107 5754 moribus
3128 5699 3189 5754 et
3202 5696 3419 5772 pietate
3434 5696 3577 5757 imi.
