4012 6180
195 394 332 454 1501

1430 402 1787 462 EPISTOLIE
1818 401 1907 464 ET
1942 402 2337 463 DIPLOMATA

3429 417 3575 484 1802

190 522 305 589 set,
334 519 647 593 reperitur,
678 523 849 596 atque
884 523 1177 597 quomodo
1222 523 1344 597 ipse
1395 526 1677 598 Sylvestcr
1716 529 1824 600 piae
1846 529 2253 597 Aciesiasticze
2302 533 2632 593 saecularive
2668 552 2948 611 personas
2988 535 3231 598 facultas
3283 543 3355 600 sit
3405 546 3572 609 idem

190 611 500 665 memoriae
552 612 831 667 Romanze
889 614 1153 669 Ecclesia
1201 616 1414 686 praesul
1471 616 1829 686 dcprecasset

190 698 532 765 Henricum,
567 699 666 771 qui
697 717 764 754 eo
796 704 1053 772 tempore
1075 703 1352 756 ducatum
1376 705 1613 758 tenebat
1634 706 1827 760 Baina-

187 784 441 849 riorum,
465 790 529 840 ut
554 789 943 858 supradictum
966 791 1360 859 patriarcham
1386 796 1653 845 moneret
1672 798 1733 847 ut
1753 795 1825 848 ab

188 872 569 929 infestatione
602 880 816 930 sancta:
846 878 1165 932 Parentinze
1199 879 1470 933 Ecclesiae
1504 882 1821 936 recederet.

189 965 364 1029 Quod
394 970 755 1019 memoratus
778 966 1044 1021 Henricus
1066 969 1252 1021 facere
1279 984 1402 1020 non
1432 969 1635 1038 potuit,
1660 987 1826 1024 eum-

190 1071 310 1126 que
341 1054 413 1108 ad
439 1070 499 1106 se
529 1070 736 1107 vocare
769 1055 918 1119 fecit,
951 1056 1046 1109 sed
1075 1059 1344 1127 tempore
1388 1056 1627 1111 distulit.
1663 1060 1824 1113 Unde

190 1142 316 1213 ipse
344 1142 631 1213 Sylvester
659 1159 807 1213 papa
855 1143 960 1213 pizc
1006 1145 1305 1198 memoria:
1354 1148 1702 1213 protestatus
1741 1150 1827 1201 est

190 1247 489 1286 canonum
522 1231 702 1285 libros
723 1235 894 1303 atque
925 1233 1137 1302 legum,
1175 1234 1232 1286 in
1265 1232 1478 1303 quibus
1508 1238 1827 1301 praesentes

188 1319 475 1390 capitulos
514 1320 753 1389 reperit,
783 1321 890 1374 hoc
932 1325 1015 1375 est
1053 1320 1110 1373 in
1143 1320 1538 1389 octuagesimo
1571 1324 1825 1393 septimo

188 1408 360 1461 titulo
391 1407 645 1461 Africani
687 1408 914 1461 concilii
943 1425 953 1461 :
991 1430 1016 1457 ‹‹
1051 1410 1238 1464 Placet
1262 1408 1677 1480 utquicunque
1709 1412 1826 1483 epi-

190 1497 347 1566 scopi
372 1497 568 1565 plebes
588 1513 733 1567 quas
755 1496 827 1550 ad
857 1514 1017 1552 suam
1039 1498 1292 1552 cathedr.
1320 1496 1656 1551 existimant
1687 1516 1825 1569 per-

189 1584 401 1649 tinere,
434 1601 552 1638 non
578 1585 660 1639 ita
690 1588 957 1655 repetant
988 1589 1047 1639 ut
1068 1604 1264 1640 causas
1283 1585 1825 1657 suasjudicantibus

189 1670 476 1741 episcopis
505 1674 707 1741 agant,
739 1671 837 1725 sed
869 1672 978 1725 alio
1008 1672 1305 1726 remittere
1340 1672 1682 1737 meruerint,
1706 1675 1822 1729 sive

186 1757 511 1811 volentibus
521 1758 645 1811 sine
661 1775 780 1812 non
794 1760 1113 1813 volentibus
1127 1761 1387 1831 plebibus
1400 1760 1817 1816 detrimentum

1925 622 2176 673 castrum
2206 620 2494 689 minuere,
2548 627 2825 683 infestare
2866 628 2955 681 vel
2998 628 3116 684 suis
3156 632 3352 688 usibus
3378 636 3572 697 vindi-

1925 724 2075 773 care,
2108 708 2209 761 sed
2239 709 2504 779 quietum
2528 717 2654 783 tibi,
2678 717 2825 771 sicut
2849 734 2884 770 a
2907 718 3075 772 nobis
3095 736 3436 780 concessum
3460 732 3568 800 cst,

1926 801 1985 849 et
2014 796 2309 867 integrum
2354 809 2748 860 conservetur.
2799 805 2859 861 Si
2905 824 3021 877 qua
3070 808 3247 880 igitur
3300 796 3570 873 ecclesia;

1924 885 2065 939 stica
2121 886 2480 943 sazcularisve
2533 911 2789 963 persona
2850 898 3094 964 temere,
3164 903 3320 973 quod
3374 905 3567 963 absit!

1924 974 2194 1027 adversus
2222 974 2328 1026 ista
2360 982 2822 1053 praesumpserit,
2856 986 3109 1042 secundo
3136 990 3377 1048 tertiove
3405 1011 3571 1052 com-

1925 1062 2152 1115 monita
2180 1061 2225 1114 si
2274 1079 2390 1115 non
2423 1070 2822 1127 satisfactione
2859 1082 3119 1145 congrua
3145 1081 3565 1156 emendaverit,

1923 1155 2164 1209 honoris
2185 1157 2243 1208 et
2264 1155 2436 1210 ofﬁcii
2462 1160 2546 1213 sui
2568 1162 2897 1231 periculum
2921 1164 3191 1235 patiatur,
3215 1172 3312 1223 aut
3333 1188 3565 1231 excom-

1926 1243 2339 1297 municationis
2368 1247 2591 1303 ultione
2618 1252 2927 1320 plectatur.
2965 1253 3071 1317 Qui
3097 1274 3229 1313 vero
3261 1275 3563 1319 conserva-

1930 1334 2018 1385 tor
2039 1332 2799 1423 exstiterit,omnipotentis
2822 1340 2923 1393 Dei
2947 1344 3004 1394 et
3024 1347 3417 1414 apostolorum
3439 1353 3563 1423 ejus

1924 1421 2077 1473 Petri
2119 1423 2177 1474 et
2205 1421 2363 1474 Pauli
2388 1426 2640 1489 gratiam
2666 1427 3125 1485 misericorditer
3148 1421 3554 1510 consequatur.

1994 1511 2113 1579 Ego
2146 1510 2382 1577 Sergius
2412 1515 2713 1569 catholicae
2748 1518 3015 1573 Ecclesia:
3038 1521 3356 1593 episcopus.

1993 1599 2201 1652 Datum
2232 1600 2497 1655 Laterani
2520 1620 2624 1673 per
2651 1621 2900 1659 manum
2925 1608 3182 1679 Gregorii
3207 1616 3417 1669 sanctas
3443 1616 3554 1671 Ro-

1921 1702 2110 1740 manae
2142 1687 2405 1741 Ecclesiae
2438 1692 2754 1746 cardinalis
2802 1696 3145 1765 presbyteri,
3177 1716 3237 1752 ιιι
3269 1702 3556 1758 Kalendas

1920 1776 2146 1845 Aprilis,
2192 1777 2512 1832 Dominicae
2563 1781 2991 1837 Incarnationis
3032 1800 3188 1842 anno
3238 1788 3548 1846 millesimo

184 1846 541 1919 patiantur.»
560 1847 637 1901 Ex
664 1848 963 1901 mundana
981 1848 1158 1902 etiam
1180 1850 1305 1919 lege
1325 1849 1433 1903 hoc
1452 1852 1606 1903 recte
1629 1852 1819 1905 facere
1840 1891 1891 1950 Β
1919 1863 2167 1932 decimo,
2200 1864 2521 1921 indictione
2547 1886 2665 1924 vm_

182 1950 352 2007 posse
374 1934 666 2006 cognovit.
694 1937 836 1990 Nam
858 1952 991 1989 cum
1013 1936 1080 1990 dc
1109 1937 1221 1991 hoe
1247 1936 1601 1992 Justinianus
1632 1938 1820 2010 impe-

181 2027 347 2078 rator
378 2022 439 2077 in
468 2026 667 2078 octavo
690 2024 838 2078 libro
862 2024 1291 2103 Institutionum
1318 2041 1330 2079 :
1357 2048 1383 2074 «
1410 2025 1467 2079 Si
1499 2026 1625 2098 quis
1654 2044 1818 2082 ausu-

182 2111 485 2184 prOpriam
507 2129 633 2166 rem
657 2112 955 2183 occupavit
979 2130 991 2166 :
1016 2113 1059 2167 si
1083 2130 1180 2167 sua
1203 2117 1305 2179 est,
1328 2114 1584 2181 amittat;
1609 2115 1653 2169 si
1676 2115 1815 2171 alie-

184 2215 282 2263 na,
317 2197 503 2269 ipsam
529 2199 981 2254 aestimationem
1006 2199 1088 2253 rei
1118 2200 1340 2254 reddat.
1369 2223 1395 2249 »
1420 2200 1632 2256 Idcirco
1655 2205 1817 2258 tanta

183 2284 527 2339 auctoritate
549 2288 889 2340 sanctorum
916 2288 1148 2340 Patrum
1170 2290 1341 2358 atque
1373 2287 1569 2357 legum
1608 2288 1815 2342 sufful-

181 2372 665 2444 tus,privilegium
688 2372 791 2427 tibi
814 2374 1001 2427 facere
1014 2375 1309 2445 praecepit,
1334 2378 1392 2429 et
1415 2392 1548 2429 eum
1569 2379 1813 2446 paterna

182 2461 375 2515 valere
403 2462 855 2516 commendavit.
892 2463 1005 2515 Hoc
1027 2478 1133 2533 ego
1157 2478 1530 2533 cognoscens,
1553 2465 1812 2534 supradi-

183 2550 279 2601 cta
310 2548 457 2612 loca,
489 2547 546 2601 id
580 2551 667 2602 est
695 2548 899 2601 Ruvini
929 2548 1219 2619 parochia,
1250 2542 1311 2603 δι
1337 2549 1448 2603 duo
1476 2551 1728 2618 castella,
1754 2555 1814 2606 et

184 2635 366 2699 vallis,
398 2635 679 2707 privilegii
726 2635 1004 2705 paginam
1055 2636 1180 2703 tibi,
1215 2639 1291 2701 et,
1337 2638 1482 2691 sicut
1529 2638 1813 2707 Sylvester

181 2724 574 2794 praedecessor
596 2729 795 2778 noster
817 2724 1198 2792 conﬁrmavit,
1224 2726 1531 2789 conﬁrmo,
1556 2730 1726 2797 atque
1749 2728 1808 2784 in

184 2814 473 2866 aeternum
502 2814 691 2867 valere
733 2812 1025 2883 praecipio.
1063 2812 1228 2876 Quod
1259 2813 1302 2866 si
1334 2813 1539 2884 aliquis
1566 2815 1810 2883 patriar-

184 2900 318 2967 cha,
365 2905 463 2955 aut
492 2900 813 2971 episcopus,
844 2900 925 2952 vel
968 2901 1238 2971 qumlihet
1277 2918 1492 2971 magna
1522 2918 1808 2974 parvaque

183 3004 437 3059 persona
457 2988 766 3053 contraire,
798 2988 885 3041 vel
909 2990 1036 3041 tuos
1066 3005 1418 3042 successores
1450 2989 1599 3043 ultra
1621 2989 1692 3044 de
1714 3008 1812 3046 su-

182 3075 460 3147 pradictis
480 3076 616 3131 locis
629 3076 885 3147 aliquam
902 3075 1444 3130 inconsuetudinem
1463 3077 1650 3130 facere
1664 3093 1808 3148 prae-

179 3163 515 3234 sumpserit,
538 3164 609 3217 sit
628 3164 814 3218 fossus
835 3164 1026 3233 gladio
1052 3164 1166 3218 mei
1187 3164 1679 3233 anathematis,et,
1697 3167 1806 3221 nisi

180 3253 301 3306 cito
348 3251 672 3323 resipuerit,
715 3269 848 3306 cum
894 3252 1040 3308 Juda
1092 3252 1323 3307 Domini
1372 3252 1487 3307 mei
1530 3254 1804 3311 traditore
1833 3269 1879 3328 ί]

179 3341 601 3412 perpetualiter
630 3346 853 3411 gemat.

255 3428 546 3498 Scriptum
574 3445 677 3500 per
709 3446 916 3483 manus
941 3430 1232 3484 Benedicti
1260 3431 1448 3501 gratia
1469 3431 1567 3487 Dei
1591 3432 1800 3488 notarii

180 3516 499 3588 regionarii
530 3522 587 3572 et
612 3517 875 3571 scrinarii
904 3516 960 3572 S.
985 3518 1261 3574 Romanae
1291 3520 1575 3586 Ecclesiae,
1600 3537 1799 3577 mense

176 3604 384 3661 Martio
411 3604 530 3660 ind.
564 3608 781 3660 octava.

254 3712 409 3767 Bene
437 3712 636 3767 valete.

955 3804 1020 3857 ΙΙ.

177 3895 369 3965 Sergii
423 3894 454 3948 Ι
466 3896 531 3962 V,

287 3973 519 4023 castrum

618 3914 732 3967 apa-
787 3897 998 3970 litterae,
1047 3898 1237 3970 quibus
1285 3898 1524 3953 Vediano
1576 3900 1797 3955 cuidam

598 3970 831 4023 curiensc
862 3969 1014 4024 titulo
1044 3969 1397 4040 cmphyteusis
1430 3970 1685 4026 concedit.

790 4075 977 4145 (Anno
1012 4076 1191 4143 1010.)

2688 1960 2783 2014 ΙΙΙ.

1914 2039 2207 2120 Sergisz
2220 2041 2288 2120 V_
2306 2045 2606 2120 conﬁrmat
2624 2046 3002 2120 fundaizbncm
3027 2051 3356 2120 parochialis
3383 2052 3544 2108 eccle-

1985 2115 2078 2188 sia
2120 2112 2315 2188 Sancti
2359 2112 2654 2188 Illic/iactis
2677 2118 2828 2188 apud
2873 2112 3329 2176 Nomintulannm
3373 2140 3546 2177 cecro-

1990 2183 2136 2267 bium
2179 2185 2234 2237 in
2274 2201 2423 2267 agre
2441 2183 2775 2267 Mutinensi,
2799 2190 3008 2259 factam
3033 2208 3065 2246 a
3094 2190 3376 2267 Rodulpho
3405 2194 3543 2267 ejus-

1983 2253 2102 2307 dem
2122 2254 2342 2308 camobii
2366 2257 2572 2311 abbate.

2523 2345 2714 2416 (Anno
2750 2350 2934 2416 1011.)

2194 2430 2525 2498 [ΜυιιΑτοιιι,
2566 2433 2759 2504 Antig.
2794 2433 2950 2501 Ital.,
2986 2436 3050 2503 V,
3102 2439 3254 2509 341.]

1983 2516 2218 2571 Sancws
2249 2517 2570 2590 episcopus,
2611 2536 2805 2574 servus
2833 2538 3130 2578 servorum
3163 2525 3285 2579 Dei.

1982 2606 2346 2675 Apostolatus
2400 2608 2581 2660 nostri
2624 2611 2711 2662 est
2738 2611 3065 2681 proprium,
3094 2615 3321 2685 quoties
3349 2613 3396 2668 si
3421 2628 3539 2685 qua

1909 2696 2106 2746 sancta
2118 2692 2366 2747 Ecclesia
2385 2695 2656 2764 adjutorii
2679 2697 2897 2768 aliquid
2917 2716 3019 2753 seu
3041 2701 3537 2757 corroborationis

1908 2781 1981 2834 ab
2013 2796 2081 2833 eo
2111 2781 2456 2851 poposcerit,
2492 2782 2663 2836 toties
2712 2800 2843 2838 cum
2877 2787 3037 2840 omni
3086 2789 3384 2843 alacritate
3410 2803 3535 2841 sese

1909 2868 2247 2938 impetrasse
2276 2869 2657 2935 congaudeat.
2702 2872 2771 2925 Et
2801 2889 2875 2926 ne
2904 2874 3099 2944 aliqua
3128 2875 3537 2947 improborum

1906 2955 2206 3019 calliditas,
2232 2955 2344 3008 sive
2367 2956 2823 3012 adversariorum
2848 2964 3060 3015 sancta:
3092 2962 3359 3018 Ecclesiae
3380 2964 3537 3016 astu-

1903 3044 1986 3099 tia
1999 3043 2059 3097 in
2081 3046 2374 3113 posterum
2390 3043 2579 3097 eidem
2594 3045 2806 3100 addere
2829 3053 3141 3118 praesumat
3152 3048 3536 3120 calumniam,

1908 3147 2026 3185 non
2057 3130 2245 3182 solum
2276 3129 2461 3197 dictis,
2516 3132 2617 3185 sed
2661 3133 2837 3188 etiam
2889 3135 3139 3206 scriptis,
3190 3137 3540 3211 quidquida

1902 3218 2075 3273 nobis
2104 3216 2212 3270 sibi
2256 3232 2589 3272 concessum
2628 3220 2820 3289 fuerit,
2854 3222 2914 3275 in
2943 3228 3298 3295 perpetuum
3323 3228 3538 3283 conﬁr-

1902 3323 2066 3361 mare
2112 3304 2355 3375 dignum
2396 3306 2681 3362 duximus.
2739 3309 3098 3383 Quapropter
3148 3318 3359 3371 notum
3405 3316 3533 3374 fore

1900 3401 2165 3455 volumus
2196 3398 2467 3454 omnibus
2497 3400 2835 3457 Christianis
2859 3403 3123 3459 ﬁdelibus
3145 3410 3400 3480 qualiter
3416 3411 3532 3468 Ro-

1899 3488 2093 3543 dulfus
2122 3488 2466 3542 venerabilis
2497 3489 2673 3544 abbas
2702 3492 2952 3547 ecclesia
2977 3498 3192 3551 sancta:
3229 3499 3529 3555 Nonantu-

1896 3577 2096 3641 lensis,
2148 3591 2263 3629 una
2305 3593 2436 3631 cum
2469 3577 2629 3632 omni
2676 3581 3131 3651 congregatione
3159 3584 3406 3643 fratrum
3437 3605 3528 3645 se-

1897 3666 2137 3721 niorum
2175 3666 2616 3732 monachorum,
2665 3670 2807 3721 nutu
2838 3668 3029 3723 divino
3060 3675 3119 3724 et
3148 3671 3524 3745 instigatione

1898 3752 2148 3826 Spiritus
2168 3752 2473 3825 sancti,qui
2496 3756 3306 3828 mentes,quasrepleverit,ad
3329 3764 3521 3818 omni-

1878 3839 2138 3912 potentis
2159 3838 2258 3892 Dei
2276 3840 3520 3916 obsequium,ejusdemqueSponsaa,scilicet

1894 3931 2109 3983 sanctae
2130 3926 2412 3995 Ecclesiae,
2428 3928 2799 3984 ineﬁ‘abiliter
2818 3930 3518 4004 accendit,predicatione

1894 4031 2126 4087 quoque
2138 4014 2398 4069 ﬁdelium
2412 4016 2817 4089 praedictorum
2836 4018 3077 4073 fratrum
3091 4021 3283 4092 coegit
3294 4022 3517 4081 habita-

1893 4106 2050 4159 tores
2074 4106 2247 4174 atque
2276 4105 2402 4175 agri
2430 4107 2677 4161 cultores
2700 4106 2824 4178 jam
2849 4107 3102 4179 priefatie
3131 4110 3377 4167 abbatis
3407 4130 3515 4169 no-

489 4179 808 4247 [MURATOR1,
838 4179 1031 4251 Anliq-
1072 4178 1226 4248 Ῑιαίι,
1261 4181 1303 4245 Ι,
1337 4182 1483 4250 94ίι]
1894 4194 2141 4246 strae.....
2169 4194 2472 4263 paraachiae
2504 4193 2757 4250 decimas
2784 4178 2900 4251 Deo
2922 4195 3080 4264 dare,
3108 4198 3207 4269 qui
3237 4199 3515 4260 hactenus

251 4284 493 4340 Saucius
518 4283 835 4355 episcopus,
867 4300 1057 4339 servus
1084 4300 1376 4338 servorum
1425 4284 1548 4351 Dei,
1586 4285 1794 4343 dilecto
1895 4296 2073 4352 usque
2094 4296 2289 4335 rerum
2333 4299 2565 4338 suarum
2592 4283 2845 4339 decimas
2871 4285 2987 4340 Deo
3018 4285 3263 4342 minime
3292 4287 3512 4348 tribue-

175 4373 301 4427 ﬁlio
332 4372 595 4438 Vsmmo,
628 4372 947 4427 Scuriensis
975 4372 1143 4428 castri
1174 4372 1435 4439 domino,
1464 4373 1707 4429 salutem
1738 4378 1796 4429 et
1894 4368 2036 4423 bant
2064 4385 2076 4421 :
2106 4368 2438 4433 Q.....mum
2486 4373 2667 4426 scelus
2720 4373 3173 4441 arbitrabantur,
3233 4391 3301 4430 eo
3350 4381 3513 4449 quod

172 4460 558 4532 apostolicam
590 4460 1082 4515 benedictionem.
1820 4491 1873 4550 D
1893 4456 1953 4509 in
1984 4456 2169 4550 Veteri
2219 4474 2283 4511 ac
2327 4460 2478 4550 Novo
2519 4460 2884 4515 Testamento
2911 4466 3273 4535 praeCep......
3299 4468 3508 4522 memi-

244 4547 610 4604 Manifestum
634 4553 720 4603 est
750 4552 997 4603 castrum
1022 4550 1176 4620 quod
1198 4550 1399 4604 Scuria
1417 4549 1624 4604 dicitur
1645 4554 1792 4606 tem-
1821 4547 1855 4550 _
1889 4549 2098 4599 nerant
2150 4562 2269 4601 ηοῐὶ
2309 4548 2612 4602 solum...”
2663 4550 2780 4603 Deo
2811 4550 3078 4604 conferre
3104 4551 3357 4607 decimas
3387 4554 3508 4611 die-

169 4635 415 4707 poribus
436 4636 619 4690 beatae
646 4636 943 4690 memoriae
966 4636 1398 4707 praedecessoris
1420 4638 1601 4690 nostri
1624 4655 1790 4710 papae
1886 4650 2037 4687 rum.
2055 4634 2137 4687 Ad
2159 4650 2405 4704 quorum
2428 4636 3227 4705 exhortationes,venerabilis
3245 4640 3510 4700 videlicet

165 4722 452 4787 Silvestri,
500 4725 562 4775 ut
590 4723 764 4776 etiam
797 4739 951 4776 nunc
980 4728 1163 4777 vestra
1186 4723 1469 4777 relatione
1497 4725 1790 4795 comperi-
1887 4721 2113 4775 abbatis
2143 4724 2199 4775 et
2228 4723 2514 4791 praedictae
2545 4724 3035 4796 congregationis,
3072 4743 3275 4782 omnes
3300 4732 3505 4785 unani-

166 4826 327 4873 mus,
358 4810 521 4878 regia
550 4810 945 4865 muniﬁcentia
964 4811 1260 4882 quondam
1282 4825 1387 4880 per
1411 4826 1619 4865 manus
1639 4812 1786 4882 ejus—
1888 4809 2062 4861 miter
2081 4824 2184 4863 sua
2203 4811 2379 4865 corda
2407 4809 2772 4879 inclinantes,
2796 4814 3048 4869 contrito
3065 4815 3240 4871 corde
3254 4817 3506 4875 decimas

159 4898 303 4953 dem
328 4897 498 4952 beato
527 4898 694 4952 Petro
721 4898 893 4953 fuisse
924 4899 1221 4965 collatum,
1263 4903 1320 4952 et
1346 4916 1378 4952 a
1411 4904 1464 4952 le
1501 4916 1654 4953 nunc
1688 4916 1789 4971 per
1885 4896 2001 4950 Deo
2027 4912 2130 4967 per
2156 4912 2340 4951 annos
2369 4897 2627 4968 singulos
2650 4898 2720 4954 de
2743 4900 3015 4955 omnibus
3045 4890 3505 4976 quaeipossessuri

161 4985 611 5042 innovationem
639 4988 744 5041 sub
774 5003 947 5042 censu
973 5003 1169 5042 annuo
1214 4988 1416 5042 docem
1467 4988 1784 5042 solidorum
1885 4987 2071 5051 erant,
2100 4983 2306 5039 offerre
2336 4990 2633 5054 voverunt,
2666 4989 2838 5060 atque
2865 4989 3077 5045 obnixe
3120 4991 3414 5062 petierunt
3440 4997 3505 5048 ut

159 5073 614 5130 Raimundensis
642 5078 895 5129 monetae
923 5075 1204 5129 oblatum.
1237 5077 1350 5129 Nos
1374 5076 1590 5147 itaque,
1624 5091 1783 5131 eam-
1882 5073 2188 5143 praedictas
2235 5073 2508 5140 decimaS,
2566 5090 2707 5145 quas
2768 5075 3019 5132 libenter
3085 5079 3201 5133 Deo
3255 5080 3499 5135 reddere

159 5161 301 5215 dem
340 5160 713 5230 suscipientes
735 5160 1111 5225 oblationem,
1139 5160 1415 5233 quoniam
1439 5162 1495 5215 id
1524 5178 1645 5216 esse
1670 5164 1783 5216 tuae
1884 5158 2254 5227 dis.....bant,
2287 5176 2359 5213 ne
2382 5160 2441 5214 in
2474 5162 2664 5217 futuro
2691 5162 2849 5218 laicis
2877 5165 3210 5220 hominibus
3240 5165 3299 5219 in
3320 5166 3497 5221 bene-

1881 5246 2010 5301 ﬁcio
2033 5247 2328 5313 darentur,
2345 5252 2541 5303 nostro
2572 5252 2886 5323 apostolico
2917 5253 3331 5308 interdicerent
3350 5270 3497 5324 pree-

1881 5336 2067 5405 cepto.
2092 5337 2331 5406 Propter
2358 5336 2467 5392 hoc
2487 5341 2680 5392 autem
2702 5339 2825 5411 jam
2857 5340 3006 5394 fatus
3034 5340 3209 5393 abbas
3230 5356 3347 5394 una
3365 5356 3498 5398 cum

1881 5421 2121 5476 consilio
2148 5422 2414 5491 fratrum,
2444 5429 2701 5481 nostram
2734 5428 3068 5498 deprecatus
3115 5429 3200 5481 est
3224 5429 3495 5500 magniﬁ-

1879 5509 2129 5564 centiam
2142 5513 2612 5575 ,utconstitueret
2625 5515 2694 5568 de
2710 5515 2831 5585 jam
2848 5514 3013 5567 dictis
3026 5513 3265 5569 decimis
3292 5521 3491 5576 nostro

1878 5598 2187 5669 largimine
2238 5617 2414 5655 unam
2453 5602 2814 5667 canonicam,
2848 5617 2966 5655 suae
3019 5600 3195 5657 etiam
3244 5605 3490 5662 abbatie

1876 5685 2193 5759 subjectum
2222 5685 2283 5742 in
2315 5704 2429 5761 qua
2450 5687 2883 5762 clericiidiurnis
2908 5705 2973 5745 ac
3004 5688 3302 5750 nocturnis
3327 5691 3487 5751 horis

160 5247 478 5303 voluntatis
529 5249 890 5318 agnovimus,
946 5248 1048 5303 tibi
1098 5265 1133 5302 a
1180 5264 1357 5302 manu
1412 5248 1783 5303 beatitudinis

160 5338 380 5390 nostra
412 5352 541 5389 cum
571 5353 785 5407 magna
814 5336 1119 5391 devotione
1145 5335 1495 5407 suscipienti,
1524 5338 1582 5391 et
1620 5336 1779 5391 omni

157 5423 487 5495 posteritati
515 5427 627 5478 tute
650 5428 899 5478 castrum
923 5424 1136 5478 Scurize
1157 5439 1287 5477 cum
1310 5424 1580 5478 omnibus
1602 5424 1771 5493 perti-

159 5510 388 5565 nenciis
414 5514 471 5565 et
492 5511 947 5581 possessionibus
967 5512 1089 5583 ejus
1109 5511 1168 5565 in
1193 5514 1534 5582 perpetuum
1564 5511 1778 5565 habere

157 5598 557 5663 concedimus,
601 5602 656 5652 et
695 5599 851 5653 idern
881 5599 1237 5670 protectione
1268 5598 1415 5652 sedis
1452 5598 1778 5669 apostolicae

154 5685 614 5743 communimus.
647 5686 967 5743 Statuimus
993 5685 1152 5741 enim
1182 5688 1244 5741 ut
1264 5684 1405 5741 nulli
1429 5685 1668 5742 omnino
1686 5702 1779 5740 oc-
