4012 6180
481 466 621 528 1503

477 681 612 736 vina
637 653 976 733 exhiberent
997 665 1292 738 obsequia.
1325 664 1421 717 Hae
1451 662 1646 715 autem
1668 657 1802 710 sunt
1826 655 1972 708 ﬁnes
1993 653 2090 707 de-

477 769 764 825 cimarum
785 761 936 817 illius
955 755 1206 830 praefatis
1232 749 1524 807 canonica:
1549 764 1561 802 :
1586 764 1619 800 a
1640 744 1874 800 Claudia
1903 743 2096 797 Strata

478 871 662 929 usque
691 853 762 908 ad
793 848 1116 906 Porciolam
1142 861 1154 898 ε
1188 861 1222 897 a
1244 840 1423 897 Mucia
1440 853 1574 892 vero
1600 849 1779 906 usque
1809 832 1883 885 ad
1913 832 2094 885 Pana-

478 925 633 1003 riuin
655 943 900 1007 ﬂumen,
933 940 990 991 et
1013 935 1164 990 ultra
1192 927 1468 1004 quidquid
1499 928 1555 979 et
1580 925 1863 995 quantum
1889 935 1923 973 a
1950 933 2096 1007 prae-

481 1033 619 1090 dicti
645 1003 904 1087 fluminis
931 1025 1166 1100 vill.._....
1209 1003 1306 1073 seu
1338 1034 1372 1071 a
1392 1013 1732 1070 Nonantulze
1761 1003 2096 1063 habitatori-

481 1124 590 1180 bus
615 1120 928 1176 laboratur.
962 1115 1030 1168 Et
1054 1097 1334 1184 quidquid
1359 1102 1549 1160 clerici
1578 1102 1638 1156 in
1668 1097 1907 1172 praefata
1927 1110 2098 1184 cano-

485 1210 619 1267 nica
665 1209 780 1262 Deo
827 1199 1219 1258 communiter
1248 1193 1563 1249 militantes
1598 1189 1749 1262 juste
1805 1201 1948 1255 aequ

487 1296 784 1371 poterunt.
815 1295 929 1348 Nos
965 1304 1100 1343 vero
1121 1283 1384 1358 precibus
1411 1279 1561 1333 illius
1586 1273 1916 1338 annuimus,
1949 1285 2060 1342 quo

493 1360 873 1457 cognovimus
912 1379 1064 1450 juste
1113 1371 1344 1446 peti.....
1370 1367 1619 1437 denique
1675 1360 1986 1416 constituta
2022 1373 2080 1410 es

1855 441 2084 501 SERGII
2121 440 2191 497 IV
2219 436 2425 496 PAPIE

486 588 759 656 Domino,
785 585 844 640 et
867 579 1085 638 ibidem
1117 570 1483 632 convenienti
1507 567 1717 642 populo
1739 564 1979 622 sollicite
2004 563 2088 618 di-
2116 567 2169 624 Α

3675 411 3805 474 15οι

2959 546 3042 604 lV.

2192 665 2411 735 Sergius
2438 661 2529 716 IV
2553 677 2700 733 papa
2744 657 3024 726 conﬁrmat
3074 653 3210 706 bona
3257 646 3449 703 omnia
3505 642 3579 698 ad
3633 641 3812 702 Gua-

2511 765 2669 805 uense
2717 744 3095 801 monasterium
3139 736 3496 811 pertinentia.

2791 851 2984 922 (Anno
3031 845 3211 914 lOll.)

2303 956 2966 1036 [CocouaLmns,Bullar.
3007 951 3170 1024 ampl.
3200 948 3456 1014 σοίιεοι.,
3490 947 3534 1012 l,
3570 949 3724 1012 340.]

2270 1080 2504 1135 SERGIUS
2535 1075 2854 1148 episcopus,
2884 1086 3074 1125 servus
3120 1080 3425 1121 servorum
3481 1061 3610 1127 Dei,
3651 1061 3823 1115 Ouvz

1953 1148 2099 1238 {fere
2200 1168 2469 1239 religioso
2501 1163 2697 1220 abbati
2738 1159 2934 1216 Sancti
2957 1154 3247 1212 Michaelis
3289 1149 3664 1220 archangeli,
3692 1148 3824 1202 εδει.

2067 1268 2104 1323 d
2200 1257 2391 1328 ctiqde
2441 1249 2713 1308 Germani
2751 1245 3096 1303 confessoris
3145 1241 3385 1306 Christi,
3430 1238 3593 1309 quod
3647 1240 3732 1290 est
3760 1235 3827 1288 si~

2085 1358 2107 1408 ι
2201 1323 2328 1400 tum
2358 1343 2419 1397 in
2451 1341 2593 1396 valle
2623 1338 2967 1393 Conﬂuente
2983 1334 3149 1404 juxta
3177 1329 3424 1384 ﬂuvium
3463 1323 3746 1386 Literani,
3777 1324 3830 1376 in

493 1417 562 1442 υυ
612 1417 873 1438 uuvuuua
945 1417 1064 1431 υυιν
1115 1417 1344 1446 γυνη...-
1373 1417 1564 1437 ...νη-Ἰγ
1600 1417 1607 1418 ,

493 1417 812 1528 inshonore
841 1417 1035 1521 Sailcli
1065 1456 1349 1518 Michaelis
1377 1453 1674 1517 canonica,
1703 1445 1954 1504 ordinati
1977 1445 2109 1499 sunt
2206 1434 2396 1488 locum
2429 1444 2603 1501 quem
2645 1427 2855 1480 vocant
2882 1424 3168 1484 Cuxanus,
3205 1417 3314 1471 tibi
3365 1419 3689 1484 tecumque
3719 1428 3832 1466 ma-

2569 1519 2580 1528 .
2749 1516 2760 1528 .
2855 1515 2866 1528 .
2921 1510 2932 1521 .
2996 1509 3348 1528 ,πω-ψη*
3392 1500 3815 1528 “mnuum”

489 1557 686 1616 clerici
709 1553 1167 1626 archipresbyter
1181 1543 1451 1609 ........lis,
1475 1542 1563 1595 cui
1587 1540 1760 1595 etiam
1793 1535 2106 1606 archipres-

497 1649 699 1719 bytero
728 1621 885 1700 hanc
921 1641 1266 1713 potestatem
1293 1630 1780 1688 concessimusvut
1817 1625 1886 1679 de
1916 1621 2109 1677 crimi-

501 1711 728 1790 nalibus
774 1711 955 1802 culpis
984 1728 1104 1799 ipse
1128 1723 1411 1797 judicium
1441 1718 1656 1773 indicat
1680 1711 2108 1786 paenitentibus.

497 1824 791 1886 Attamen,
837 1797 884 1872 si
931 1797 1238 1871 necessitas
1283 1805 1627 1872 incubuerit,
1671 1805 1743 1858 ab
1773 1802 1964 1871 aliquo
1996 1797 2113 1869 epi-

501 1926 673 1982 scopo
700 1909 930 1979 expetat
943 1902 1252 1976 judicium,
1276 1915 1349 1952 ne
1380 1892 1728 1952 desideranti
1759 1890 1968 1944 animae
2000 1902 2116 1958 pce—
2148 1890 2198 1948 B

505 1980 812 2053 nitentiam
841 1992 1074 2048 interim
1103 2004 1316 2060 negare
1345 1985 1621 2040 videatur.
1645 1980 1962 2049 Eidemque
1986 1990 2118 2028 vero

505 2085 1002 2157 archipresbytero
1053 2095 1191 2138 cura
1240 2076 1313 2130 sit
1356 2091 1461 2146 pro
1505 2070 1796 2135 omnibus,
1828 2067 1888 2120 in
1918 2061 2122 2118 divinis

514 2173 782 2230 videlicet
806 2170 1030 2238 ofﬁciis,
1080 2168 1140 2222 in
1184 2161 1527 2226 luminariis,
1578 2160 1639 2213 in
1687 2152 2030 2219 architectis,
2062 2150 2123 2204 in

509 2260 854 2333 hospitibus,
877 2259 937 2311 in
960 2254 1197 2313 decimis
1224 2256 1282 2307 et
1311 2252 1369 2305 in
1391 2245 1778 2304 oblationibus
1807 2237 2126 2296 dividendis

510 2350 666 2404 inter
690 2349 948 2412 caeteros,
978 2344 1056 2398 sic
1086 2341 1332 2414 qualiter
1361 2355 1421 2392 se
1444 2332 1821 2405 recognoscat
1849 2331 1965 2383 Deo
1997 2325 2126 2380 red-

518 2438 779 2494 diturum
804 2433 1096 2489 rationem
1113 2431 1174 2483 in
1201 2429 1294 2484 die
1309 2425 1507 2497 judicii
1534 2441 1546 2489 ;
1576 2422 1743 2491 eique
1758 2433 2026 2474 concessa
2045 2417 2131 2468 est

519 2524 748 2580 decima
796 2520 964 2576 unius
1009 2519 1177 2582 villae,
1222 2531 1350 2586 quae
1395 2512 1603 2566 dicitur
1651 2507 1946 2570 Salicetus,
1995 2505 2130 2558 ante

507 2609 660 2666 alios
668 2611 904 2681 propter
921 2621 1117 2662 curam
1134 2597 1886 2659 sollicitudinis.Statuentes
1904 2593 2131 2662 aposto-

519 2697 631 2755 lica
671 2680 1021 2752 auctoritate
1051 2697 1113 2746 ut
1137 2690 1462 2762 quicunque
1488 2687 1637 2739 hanc
1681 2680 2131 2745 ordinationem,

521 2800 700 2858 quam
718 2785 836 2838 Deo
867 2781 1179 2838 auxiliante
1200 2793 1304 2849 pro
1325 2777 1505 2831 salute
1529 2772 1858 2827 animarum
1879 2766 2135 2822 ﬁdelium

527 2855 800 2930 ordinare
826 2870 1123 2942 jussi-mus,
1156 2871 1220 2922 et
1246 2869 1312 2919 ut
1335 2865 1408 2919 ab
1429 2877 1624 2917 errore
1655 2857 1898 2930 pristino
1929 2855 2136 2910 libera-

519 2963 726 3016 rentur
782 2958 1083 3030 ampliare,
1127 2955 1212 3010 vel
1261 2953 1566 3009 observare
1614 2944 1912 3012 studuerit,
1944 2944 2140 2998 nostra

523 3049 803 3106 solidetur
831 3045 1252 3104 benedictione.
1288 3041 1394 3106 Qui
1421 3043 1636 3104 autem,
1659 3037 1814 3107 quod
1838 3050 1958 3088 non
1978 3034 2140 3103 opta-

525 3153 678 3206 mus,
709 3138 923 3193 violare
951 3133 1281 3199 tentaverit,
1308 3134 1406 3186 aut
1425 3126 1728 3184 consilium
1756 3122 2009 3179 violandi
2038 3121 2135 3174 de-

505 3226 774 3292 _.dederit,
797 3229 896 3284 aut
913 3242 948 3280 a
966 3222 1322 3295 subjectione
1343 3218 1523 3273 sancti
1544 3212 1881 3270 monasterii
1899 3209 2138 3266 canoni-

526 3331 659 3372 eam
705 3315 1041 3371 subtrahere
1091 3308 1386 3382 cupiverit,
1432 3323 1531 3361 seu
1585 3303 1742 3358 laicis
1771 3301 2053 3356 decimam
2082 3298 2140 3351 in

533 3402 816 3459 beneﬁcio
832 3403 968 3456 dare
989 3396 1464 3464 voluerit,anathe
1472 3392 1638 3447 matis
1649 3390 1872 3444 vinculo
1884 3387 2143 3442 feriatur.

538 3490 707 3553 Quod
725 3492 790 3544 ut
809 3489 994 3544 verius
1013 3487 1298 3550 credatur,
1321 3480 1769 3552 diligentiusque
1786 3477 1858 3531 ab
1879 3475 2149 3531 omnibus

541 3576 1008 3642 observetur,hoc
1028 3574 1322 3630 decretum
1336 3574 1531 3626 nostro
1545 3565 1882 3622 cancellario
1903 3564 2151 3618 scribere

541 3665 940 3738 praecepimus,
975 3662 1299 3733 nostrisque
1325 3658 1546 3720 litteris,
1579 3659 1642 3710 ut
1683 3653 1941 3726 superius
1963 3650 2150 3723 praeli-

517 3753 828 3821 _bav-imus,
858 3768 926 3807 ac
955 3749 1336 3822 impressione
1363 3745 1544 3802 nostri
1565 3742 1740 3814 sigilli
1761 3738 2153 3796 corroboravi-

541 3857 691 3896 mus.
741 3843 812 3896 Et
847 3840 1088 3912 praefato
1131 3836 1326 3894 abbati
1374 3834 1619 3890 Redulfo
1663 3835 1834 3902 atque
1887 3827 2158 3883 omnibus

542 3929 818 3987 fratribus
860 3930 921 3984 in
963 3931 1073 3984 hoc
1096 3928 1326 3982 decreto
1351 3921 1706 3978 unanimiter
1729 3920 1878 3974 facto
1911 3916 2158 3972 scribere

540 4019 942 4092 praecepimus.

619 4109 774 4163 Bene
791 4108 992 4161 valete.

617 4197 660 4262 ’ξ’
681 4197 890 4251 Datum
920 4212 1023 4266 per
1054 4208 1292 4248 manum
1319 4189 1469 4245 Petri
1497 4184 1746 4257 episcopi
1769 4185 1978 4237 sanctae
2008 4182 2158 4234 Prae-

549 4284 793 4347 nestinae
842 4282 1125 4347 Ecclesiae,
1180 4283 1238 4334 et
1284 4273 1704 4333 bibliothecarii
1747 4270 1890 4326 sacri
1940 4266 2158 4339 palatii,

548 4386 705 4426 anno
763 4370 996 4426 Domini
1049 4365 1358 4430 millesimo
1409 4360 1736 4428 undecimo,
1785 4375 1840 4412 v1
1879 4354 2232 4429 KalendasD

547 4457 724 4524 Junii,
747 4458 1064 4513 indictione
1093 4474 1167 4511 1x.

624 4545 902 4600 Bodulfus
927 4546 1103 4600 abbas
1128 4542 1386 4616 jussione
1417 4536 1742 4610 apostolica).
1770 4531 1922 4589 sedis
1962 4530 2022 4584 in
2052 4531 2162 4584 hoc

553 4631 786 4688 decreto
812 4649 992 4688 manu
1011 4631 1246 4703 propria
1266 4625 1591 4698 subscripsi.

627 4722 747 4791 Ego
769 4721 1073 4792 Frogerius
1099 4720 1259 4792 prior
1289 4735 1466 4772 manu
1496 4729 1628 4768 mea
1657 4706 1984 4779 subscripsi.

629 4809 970 4864 Laurentius
1022 4808 1320 4879 presbyter
1366 4809 1422 4858 et
1478 4801 1795 4857 monachus
1822 4811 1999 4852 manu
2039 4809 2169 4848 mea

555 4896 884 4967 subscripsi.

632 4985 916 5039 Gulferius
942 4985 1259 5040 monachus
1280 4998 1456 5037 manu
1481 4994 1613 5033 mea
1641 4971 1966 5044 subscripsi.

633 5074 942 5146 Gregorius
988 5074 1288 5146 presbyter
1341 5075 1397 5125 et
1445 5068 1762 5124 monachus
1810 5077 1987 5118 manu
2043 5073 2174 5113 mea

563 5162 890 5234 subscripsi.

637 5252 807 5308 Liuzo
836 5251 1157 5308 monachus
1175 5246 1501 5319 subscripsi.

2210 1500 2499 1585 mentibus,
2532 1519 2590 1571 et
2615 1530 2716 1586 per
2746 1516 2803 1567 te
2855 1510 2964 1565 tuis
2995 1509 3352 1577 illorumque
3391 1500 3834 1560 successoribus,

2210 1610 2359 1663 salus
2379 1611 2436 1661 et
2455 1621 2586 1677 pax,
2607 1605 2664 1658 et
2680 1599 2990 1672 apostolica
3016 1593 3350 1652 benedictio
3372 1591 3571 1664 quoad
3595 1589 3837 1643 mundus

2211 1695 2534 1768 permanet.
2567 1693 2774 1745 Amen.

2292 1781 2434 1836 Cum
2464 1780 2686 1834 constet
2713 1773 3022 1830 Dominum
3054 1772 3240 1825 Deum
3263 1770 3540 1821 nostrum
3563 1768 3839 1818 honorem

2217 1872 2427 1925 sanctae
2454 1864 2794 1920 universalis
2824 1858 3081 1915 Ecclesize
3115 1857 3484 1911 incessanter
3506 1870 3542 1906 a
3566 1866 3842 1924 prepaga-

2216 1956 2438 2012 toribus
2459 1955 2643 2008 beatae
2683 1949 2818 2005 ﬁdei
2845 1947 3247 2018 augmentare,
3273 1957 3520 1996 necesse
3541 1942 3633 1994 est
3657 1939 3730 1992 ab
3758 1938 3842 1991 illo

2221 2044 2394 2099 totius
2405 2043 2534 2113 jure
2547 2036 2852 2110 regiminis
2873 2035 2952 2088 eis
2971 2031 3292 2087 concedere
3313 2043 3574 2084 censura
3579 2025 3719 2097 justi
3735 2041 3846 2078 me-

2223 2128 2538 2186 deraminis
2559 2125 2988 2188 liberalitatem,
3016 2121 3431 2188 malorumque
3455 2114 3665 2187 procul
3695 2113 3764 2166 ab
3793 2128 3851 2165 ea

2224 2219 2435 2291 pellere
2463 2214 2884 2286 pervasionem.
2936 2207 3218 2273 Quocirca
3259 2204 3556 2278 quoniam
3599 2198 3853 2255 convenit

2226 2305 2552 2378 apostolicae
2595 2300 2792 2374 pietati
2841 2298 3098 2368 benigna
3145 2293 3489 2367 petentibus
3529 2303 3854 2344 succurrere

2227 2392 2648 2465 compassione,
2669 2389 2800 2444 ideo
2829 2403 2932 2441 nos
2953 2386 3064 2440 tuis
3087 2383 3261 2456 justis
3287 2380 3544 2453 (etenim
3570 2379 3720 2432 sicut
3739 2377 3858 2429 sunt

2233 2464 2398 2538 nobis
2418 2479 2780 2551 adjudicatag,
2808 2492 2942 2529 nam
2960 2476 3109 2546 juste
3139 2471 3305 2541 ﬁunt)
3331 2471 3678 2523 annuentes
3691 2464 3857 2537 preci-

2232 2573 2570 2637 bus,omnes
2582 2547 2963 2639 proprietates
2978 2563 3092 2616 sive
3105 2559 3511 2632 possessiones
3535 2556 3722 2628 ipsius
3743 2551 3838 2606 loci
3848 2595 3860 2612 ,

2233 2660 2378 2714 ﬁnes
2407 2657 2495 2712 vel
2521 2655 2732 2710 limites
2751 2669 2881 2707 cum
2904 2649 3242 2722 adjacentiis
3261 2646 3708 2719 praecipuorum
3730 2657 3861 2713 pra:-

2236 2748 2487 2812 diorum,
2518 2760 2645 2798 cum
2697 2740 2971 2797 omnibus
3005 2735 3279 2802 ecclesiis,
3339 2732 3664 2805 parochiis,
3705 2729 3862 2792 villis,

2237 2837 2430 2892 fundis
2458 2835 2621 2900 casis,
2647 2831 2948 2895 casalibus,
3003 2827 3190 2893 terris,
3241 2823 3488 2894 campis,
3533 2820 3746 2893 pratis,
3776 2833 3863 2888 pa-

2238 2925 2403 2991 scuis,
2427 2923 2600 2989 silvis,
2624 2918 2882 2992 garricis,
2910 2915 3078 2981 areis,
3103 2911 3453 2978 torculariis,
3477 2909 3676 2982 aquis,
3699 2922 3864 2978 aqua-

2239 3030 2370 3069 rum
2393 3011 2673 3075 ductibus,
2697 3008 2821 3073 viis,
2847 3002 3219 3067 molendinis,
3254 2997 3716 3054 molendinariis
3745 3010 3863 3047 cum

2243 3103 2357 3156 suis
2386 3103 2555 3172 caput
2575 3097 2757 3170 aquis,
2773 3099 2828 3149 et
2849 3094 2963 3148 suis
2988 3089 3328 3163 piscatoriis,
3356 3088 3586 3142 cultum
3610 3089 3668 3138 et
3693 3082 3865 3138 incul-

2244 3193 2388 3256 tum,
2418 3192 2475 3243 et
2504 3200 2860 3259 quiscunque
2893 3179 3340 3252 gloriosissimus
3370 3170 3865 3243 archangelusli-

2243 3276 2400 3330 chael
2434 3291 2498 3328 ex
2521 3257 2932 3327 collationibus
2953 3266 3212 3321 ﬁdelium
3236 3264 3296 3316 in
3318 3260 3596 3317 caenobio
3615 3257 3868 3314 Coxiano

2245 3363 2496 3417 retinere
2543 3359 2787 3424 videtur,
2837 3356 3032 3409 nostro
3090 3351 3516 3406 confirmamus
3545 3343 3868 3418 privilegio.

2249 3446 2626 3503 Concedimus
2651 3445 2845 3514 itaque
2889 3437 3162 3513 praedicto
3208 3433 3597 3497 monasterio,
3631 3429 3787 3502 quod
3815 3428 3871 3480 in

2248 3534 2485 3591 circuitu
2507 3533 2632 3603 ejus
2657 3530 2922 3594 habetur,
2953 3524 3222 3580 alaudem
3248 3538 3382 3575 cum
3425 3520 3646 3574 finibus
3679 3520 3736 3570 et
3762 3515 3873 3569 suis

2253 3618 2497 3676 terrenis
2526 3635 2592 3672 ex
2621 3618 2798 3670 latere
2824 3629 2940 3667 uno
2969 3611 3314 3682 pergentem
3337 3623 3445 3678 per
3474 3603 3874 3659 summitatem

2255 3708 2439 3764 Serra:
2467 3705 2536 3759 de
2566 3701 2803 3757 Bovaria
2832 3700 2906 3753 ad
2929 3700 3131 3752 Jovum
3148 3695 3218 3750 de
3241 3695 3515 3758 Clerano,
3546 3695 3604 3745 et
3621 3690 3877 3744 admon-

2253 3798 2373 3849 tem
2401 3791 2498 3864 qui
2524 3789 2730 3844 dicitur
2761 3786 3043 3852 Lavarias,
3077 3787 3134 3838 et
3169 3799 3273 3854 per
3302 3781 3572 3835 Lavarias
3607 3793 3790 3848 usque
3821 3775 3878 3828 in

2257 3879 2668 3944 Flamidinum,
2687 3879 2742 3930 et
2758 3875 2892 3929 inde
2921 3873 3036 3927 itur
3056 3871 3322 3925 inlocum
3343 3867 3659 3922 vocitatum
3683 3864 3879 3927 Stella,

2259 3973 2316 4025 et
2337 3983 2516 4039 usque
2546 3965 2606 4020 in
2651 3963 3045 4018 summitatem
3090 3956 3311 4012 montis
3358 3953 3722 4025 Canigonis;
3771 3955 3882 4004 eta

2257 4055 2582 4112 meridiana
2610 4052 2798 4106 fronte
2843 4047 3060 4104 montis
3102 4043 3422 4115 Canigonis
3454 4039 3760 4096 descendit
3784 4053 3885 4109 per

2259 4145 2489 4198 Serram
2507 4139 2665 4211 pogii
2687 4135 3040 4210 Aquiloniad
3062 4149 3266 4203 rupem
3292 4131 3462 4201 vulgo
3487 4130 3882 4197 nuncupatum

2260 4221 3150 4288 CherumClerinti,etdescendit
3163 4235 3266 4290 per
3276 4235 3403 4271 sum
3415 4216 3682 4270 mitatem
3699 4214 3883 4268 Serra!

2259 4333 2438 4388 usque
2461 4315 2532 4369 ad
2553 4312 2792 4385 pogium
2815 4307 3130 4373 Parabarii,
3159 4309 3217 4360 et
3240 4321 3421 4376 usque
3444 4303 3503 4356 in
3535 4303 3730 4356 rivum
3747 4301 3883 4355 Mer-

2261 4403 2508 4469 darium,
2541 4405 2599 4454 et
2624 4397 2922 4454 deducitur
2961 4411 3141 4466 usque
3195 4393 3254 4446 in
3297 4391 3537 4445 fluvium
3580 4389 3779 4450 Tede;
3835 4391 3886 4439 et

2263 4509 2299 4546 a
2349 4485 2780 4562 septentrionali
2832 4485 2994 4555 parte
3036 4480 3267 4535 venitur
3323 4479 3383 4531 in
3437 4479 3614 4530 strata
3655 4475 3886 4546 publica

2268 4593 2444 4648 quam
2474 4575 2675 4630 dicunt
2694 4573 2843 4627 Duas
2869 4570 3130 4635 Sorores,
3165 4569 3222 4621 et
3251 4583 3355 4638 per
3387 4564 3513 4636 ipsa
3534 4562 3626 4615 via
3653 4563 3886 4633 publica

2266 4681 2446 4736 usque
2469 4663 2526 4717 in
2550 4661 2901 4724 Literanum,
2925 4659 2982 4710 et
3004 4656 3138 4709 inde
3166 4655 3272 4708 sub
3305 4653 3517 4708 Sancto
3553 4649 3747 4704 Felice
3769 4653 3886 4703 ten-

2272 4753 2425 4807 ditur
2445 4766 2623 4821 usque
2637 4749 2696 4802 in
2719 4746 2984 4800 alaudem
3008 4744 3231 4798 Sancta:
3245 4740 3520 4804 Mariaa,et
3539 4739 3891 4790 terminatur

2272 4840 2332 4893 in
2360 4838 2662 4892 Petraﬁxa.
2697 4833 2916 4888 Deinde
2939 4831 3196 4884 tenditur
3217 4844 3322 4900 per
3340 4827 3464 4896 ipsa
3486 4825 3769 4886 camella,
3801 4825 3888 4877 ubi

2272 4943 2442 4997 rupes
2471 4939 2704 4994 magna,
2737 4922 2797 4975 in
2819 4935 2932 4992 qua
2971 4919 3044 4972 ob
3077 4914 3540 4986 dignoscendum
3573 4913 3889 4965 terminum

2274 5015 2450 5087 ipsius
2480 5011 2698 5067 alaudis
2727 5026 2762 5064 a
2786 5010 2955 5063 bonae
2987 5004 3287 5059 niemoriae
3320 4999 3672 5057 Seniofredo
3688 5001 3891 5053 comite

2275 5119 2410 5157 crux
2432 5100 2618 5156 excisa
2630 5101 2732 5152 est.
2767 5098 2835 5150 Et
2854 5094 3064 5150 exinde
3081 5091 3270 5146 iturin
3286 5089 3522 5144 Bovaria
3548 5087 3892 5141 subteriore.

2275 5194 2332 5245 et
2360 5206 2463 5261 per
2502 5185 2897 5242 summitatem
2945 5197 3124 5254 usque
3176 5180 3237 5233 in
3289 5175 3528 5232 Bovaria
3574 5176 3890 5245 superiore.

2275 5260 2553 5332 Alaudem
2602 5273 2798 5346 itaque
2842 5268 3177 5326 Tauriniani
3233 5283 3364 5322 cum
3413 5262 3661 5318 ecclesia
3710 5260 3894 5318 Sancti

2276 5362 2568 5420 Fructuosi
2596 5378 2730 5415 cum
2777 5357 3015 5414 decimis
3045 5360 3102 5410 et
3138 5353 3430 5427 primitiis,
3453 5354 3513 5405 et
3531 5351 3740 5405 villam
3775 5365 3894 5402 cum

2276 5451 2550 5508 omnibus
2579 5449 2751 5503 rebus
2799 5445 2872 5500 ad
2897 5461 2956 5499 se
2993 5442 3439 5515 pertinentibus.
3481 5438 3678 5495 Simili
3729 5437 3894 5493 modo

2279 5540 2474 5594 villam
2493 5536 2720 5594 Clerani
2739 5550 2870 5589 cum
2893 5532 3132 5588 ecclesia
3155 5529 3348 5586 Sancti
3372 5528 3622 5594 Martini,
3644 5544 3786 5582 cum
3805 5526 3892 5580 (ιε-

2279 5626 2446 5682 cimis
2467 5631 2522 5681 et
2542 5623 2832 5699 primitiis,
2863 5625 2921 5678 et
2948 5620 3220 5676 alaudem
3239 5635 3372 5673 cum
3395 5617 3610 5672 ﬁnibus
3628 5621 3692 5670 et
3706 5615 3893 5670 termi-

2280 5715 2388 5771 nis.
2411 5717 2669 5788 Itemque
2689 5711 2956 5771 alaudem
2975 5708 3316 5776 Avallaneti,
3331 5710 3388 5764 et
3406 5704 3685 5763 alaudem
3709 5705 3781 5762 de
3802 5711 3894 5760 Ar-
