4012 6180
449 383 586 446 Im

1822 375 2050 435 SERGII
2087 369 2156 436 IV
2191 375 2398 436 ΡΑΡΛΕ

3654 381 3786 437 i508

449 510 522 568 de
547 509 678 566 villa
707 503 960 564 Tarteria
987 521 1120 561 cum
1150 503 1387 560 decimis
1430 509 1486 560 et
1514 504 1780 578 primitiis
1809 505 1940 560 suis.
1963 507 2071 560 Ec-
2087 509 2143 570 Α
2165 506 2318 574 villa,
2349 506 2605 579 itemque
2649 503 2949 561 ecclesiam
2997 505 3223 561 Sanctae
3282 501 3612 571 Felicitatis,
3661 523 3787 576 quae

452 599 685 654 clesiam
715 595 905 652 Sancti
933 594 1174 650 Andreae
1202 594 1261 649 in
1283 594 1417 648 villa
1449 595 1740 665 Batturga,
1773 598 1828 648 et
1857 592 2068 648 ibidem

365 693 378 698 '
451 685 702 742 alodem.
733 685 798 738 In
828 683 963 737 villa
988 683 1201 738 Telone
1241 683 1539 737 ecclesiam
1571 682 1762 737 Sancti
1792 681 2069 748 Vincenti,

455 789 584 845 qua:
611 772 718 826 sita
747 775 834 826 est
860 770 918 824 in
947 770 1081 842 pujo
1107 788 1238 825 cum
1299 770 1464 825 alode
1517 786 1641 836 suo,
1691 773 1752 823 et
1779 770 1838 822 in
1869 769 2071 824 eadem

451 861 591 915 villa
617 859 847 915 alodem
874 858 1072 913 alium.
1105 861 1174 914 Et
1202 859 1260 913 in
1309 859 1452 913 valle
1493 857 1780 922 Baritana,
1835 856 1893 910 in
1943 857 2072 911 villa

453 949 805 1004 Monteliano
827 947 1054 1003 alodem
1075 964 1204 1002 cum
1236 948 1357 1020 ejus
1386 947 1597 1000 finibus
1621 949 1678 1000 et
1702 945 2066 1017 adjacentiis;

458 1041 518 1092 et
543 1037 606 1091 in
632 1037 766 1092 villa
791 1038 898 1090 Bar
926 1036 1152 1090 alodem
1183 1053 1315 1090 cum
1343 1036 1464 1108 ejus
1487 1035 1700 1089 finibus
1726 1035 1782 1088 in
1808 1033 2069 1105 plurimis

453 1124 622 1191 locis;
657 1128 715 1178 et
745 1123 804 1177 in
857 1122 1132 1178 comitatu
1175 1123 1551 1194 Urgellitano,
1601 1123 1660 1175 in
1693 1122 1825 1175 villa
1853 1122 2070 1176 Cabrils

455 1213 683 1268 alodem
713 1212 811 1283 qui
843 1212 950 1265 fuit
1005 1211 1075 1264 de
1108 1211 1409 1266 Undiscolo
1441 1211 1745 1264 monacho.
1789 1209 2069 1273 Quaecun-

455 1317 568 1374 que
593 1303 787 1354 autem
817 1299 991 1353 habet
1028 1299 1180 1352 idem
1212 1298 1537 1354 coenobium
1565 1298 1623 1351 in
1653 1297 1934 1368 praedictis
1974 1312 2072 1350 co-

456 1388 756 1444 mitatibus
781 1403 881 1440 seu
934 1387 1091 1454 locis,
1151 1387 1450 1440 statuimus
1489 1389 1660 1457 atque
1709 1383 2072 1439 decernimus

451 1477 586 1549 jure
611 1480 887 1548 perpetuo
917 1475 1282 1547 possidenda,
1316 1479 1373 1528 et
1401 1475 1615 1546 absque
1642 1474 1810 1528 ullius
1846 1472 2069 1543 inquie-

457 1565 660 1620 tudine
693 1563 964 1618 tenenda.
988 1564 1049 1616 In
1081 1563 1358 1617 comitatu
1379 1579 1510 1616 vero
1559 1561 1854 1616 Cerdaniae
1881 1560 2072 1612 villam

433 1668 636 1724 quam
664 1654 869 1706 vocant
900 1650 1212 1718 Rivolorto,
1264 1667 1394 1704 cum
1451 1650 1664 1704 ﬁnibus
1711 1653 1767 1704 et
1815 1647 2075 1702 terminis

460 1740 606 1808 suis;
647 1739 907 1793 similiter
936 1739 1128 1792 villam
1157 1738 1227 1792 de
1268 1739 1626 1808 Montenigro
1677 1754 1813 1792 cum
1838 1735 2077 1790 ecclesia

461 1787 606 1808 __--,
647 1787 896 1793 _-__-----_
1162 1787 1222 1792 ᾖ-
1268 1787 1622 1808 ---ψη---οη
1681 1787 1811 1792 η---

461 1825 654 1882 Sancti
677 1825 956 1896 Stephani
985 1841 1116 1878 cum
1138 1825 1371 1879 decimis
1398 1829 1456 1878 et
1496 1824 1760 1895 primitiis
1789 1823 1902 1877 suis
1931 1841 1943 1885 ;
1978 1821 2076 1876 sed
2099 1787 2151 1848 Β

463 1919 520 1970 et
560 1915 620 1969 in
663 1913 936 1969 comitatu
987 1913 1292 1983 Bergitano
1321 1913 1514 1968 villam
1570 1913 1907 1984 Spiojiolam
1947 1926 2075 1964 cum

465 2003 702 2059 ecclesia
729 2000 922 2058 Sancti
950 2001 1282 2069 Clementis,
1311 2019 1441 2056 cum
1473 1999 1709 2056 decimis
1735 2004 1790 2054 et
1814 1999 2080 2070 primitiis

465 2097 523 2147 et
557 2091 828 2147 omnibus
857 2090 929 2144 ad
958 2106 1016 2144 se
1052 2089 1472 2161 pertinentibus
1521 2089 1710 2156 rebus,
1767 2092 1822 2141 et
1851 2087 2080 2142 alodem

465 2180 536 2236 de
567 2179 852 2246 Cleirano,
885 2181 1056 2250 atque
1086 2178 1143 2231 in
1171 2179 1340 2232 Petra
1390 2178 1582 2243 furno,
1613 2181 1670 2230 et
1700 2176 1758 2230 in
1792 2177 2078 2240 Herenna,

469 2271 527 2322 et
550 2269 610 2323 in
629 2267 793 2322 Viver
823 2267 893 2320 de
921 2265 1306 2320 Castraserras
1331 2266 1559 2320 alodem
1583 2266 1678 2336 qui
1720 2265 1829 2318 fuit
1849 2265 1918 2318 de
1939 2263 2084 2318 Onia

467 2356 794 2422 monacho;
856 2357 913 2408 et
965 2353 1023 2406 in
1091 2353 1319 2407 Wardia
1385 2353 1612 2408 alodem
1669 2356 1724 2406 et
1786 2352 2082 2406 ecclesiam

471 2445 697 2500 Sancta
747 2441 937 2496 Mariae
989 2457 1119 2494 cum
1178 2441 1291 2494 suis
1337 2441 1530 2508 rebus,
1591 2445 1647 2493 et
1713 2441 1976 2494 alaudem
2024 2439 2083 2492 in

470 2531 604 2586 villa
660 2529 930 2584 Crosilios
961 2546 975 2594 ;
1037 2527 1175 2582 item
1207 2527 1266 2580 in
1307 2529 1450 2581 valle
1483 2528 1838 2595 Confluente,
1872 2529 1929 2580 in
1955 2528 2087 2580 villa

470 2621 696 2684 Astoer,
717 2620 777 2671 et
802 2617 863 2670 in
892 2615 1192 2687 Aspicano,
1233 2619 1290 2668 et
1336 2615 1394 2668 in
1438 2616 1694 2670 Penedes
1723 2615 1971 2670 alodem.
2025 2617 2084 2668 In

469 2707 603 2762 van
646 2705 958 2771 Fenestret,
1015 2707 1073 2757 et
1119 2703 1176 2757 in
1222 2705 1442 2772 Saorla,
1498 2707 1554 2758 et
1600 2704 1657 2757 in
1711 2703 1984 2770 Vincano,
2033 2706 2089 2756 et

469 2795 534 2850 in
559 2793 780 2861 Vilella,
821 2796 880 2846 et
901 2792 960 2846 in
989 2792 1341 2864 Rigerdano,
1371 2797 1427 2846 et
1457 2793 1514 2846 in
1540 2793 1750 2859 Vallils,
1775 2795 1831 2846 et
1869 2793 1927 2845 in
1959 2795 2092 2846 Are-

472 2883 694 2950 nianes,
721 2884 778 2935 et
801 2881 860 2934 in
889 2879 1228 2947 Ghuvianas,
1260 2879 1318 2933 in
1351 2880 1436 2934 his
1467 2881 1734 2935 omnibus
1775 2880 1990 2946 alodes,
2035 2897 2093 2952 et

2169 595 2277 649 sita
2317 599 2400 650 est
2449 595 2508 649 in
2563 593 2906 650 Castellione
2937 610 3064 648 cum
3095 593 3212 648 suis
3251 592 3539 656 alodibus,
3571 593 3632 646 in
3665 595 3791 648 villa

2169 683 2526 750 Favarios,et
2544 683 2604 737 in
2634 683 2948 754 Regulella,
2982 686 3036 736 et
3055 683 3110 737 in
3133 681 3574 745 Tiriliano,etin
3597 681 3789 736 Cassa-

2171 771 2316 834 nias,
2349 775 2405 826 et
2427 773 2484 825 in
2513 771 3042 827 Pleucios:alodem
3064 771 3240 824 etiam
3265 769 3487 823 devan
3511 770 3790 836 Saccaria,

2171 861 2228 912 et
2257 859 2326 912 de
2355 859 2602 925 Palmas,
2633 857 2778 910 etde
2808 857 3020 928 Campo
3040 857 3266 923 Ursino,
3315 859 3374 910 et
3427 856 3499 910 de
3521 858 3792 923 Petralas,

2171 949 2228 1000 et
2257 947 2327 1000 de
2359 947 2656 1000 Curbones
2685 948 2741 999 et
2765 945 2835 998 de
2863 945 3076 1010 Uxone,
3117 949 3173 998 et
3206 945 3278 998 de
3301 944 3796 1010 Coma-Calida,et

2168 1033 2540 1100 Porcilianos,
2571 1037 2628 1086 et
2659 1033 2727 1086 de
2751 1033 2881 1086 villa
2906 1034 3105 1099 Pratis,
3154 1036 3214 1086 et
3243 1033 3315 1086 de
3356 1032 3723 1094 Pricilianos,
3745 1036 3799 1086 et

2170 1123 2239 1176 de
2273 1123 2594 1186 Cahannas,
2655 1124 2711 1174 et
2755 1120 2825 1174 de
2877 1120 3106 1174 Virano.
3159 1121 3227 1172 Et
3259 1120 3320 1172 in
3381 1119 3532 1172 valle
3577 1119 3799 1173 Sancta:

2171 1209 2361 1265 Mariae
2414 1210 2665 1275 alodem,
2714 1209 2812 1261 sed
2839 1211 2896 1260 et
2939 1208 3141 1260 vallem
3199 1200 3432 1262 Sanctae
3483 1207 3707 1272 Crucis,
3749 1213 3802 1261 et

2173 1297 2503 1367 archangeli
2529 1296 2834 1362 Michaelis,
2867 1299 2924 1348 et
2951 1295 3096 1348 beati
3126 1296 3370 1350 Joannis
3407 1313 3544 1366 qua:
3587 1296 3699 1349 sita
3723 1299 3804 1348 est

2173 1387 2232 1441 in
2264 1387 2409 1439 valle
2456 1385 2620 1452 Alba,
2667 1401 2798 1438 cum
2846 1382 3078 1437 decimis
3127 1387 3186 1437 et
3229 1383 3547 1454 primitiis;
3599 1381 3702 1437 sed
3749 1386 3804 1436 et

2175 1474 2443 1529 omnibus
2487 1473 2657 1528 rebus
2709 1472 2781 1526 ad
2837 1486 2965 1524 eam
3023 1471 3475 1542 pertinentibus.
3544 1471 3802 1526 Castrum

2175 1563 2350 1617 etiam
2384 1563 2576 1617 Sancti
2599 1564 2890 1618 Laurentii
2921 1581 3049 1619 cum
3081 1563 3288 1618 eadem
3310 1563 3593 1622 Ecclesia,
3629 1559 3728 1614 sed
3753 1563 3808 1612 et

2175 1655 2380 1704 cuncta
2413 1651 2485 1703 ad
2515 1651 2781 1706 eamdem
2807 1652 3011 1706 vallem
3043 1650 3431 1722 pertinentia:
3475 1648 3714 1702 alodem
3739 1646 3805 1698 de

2175 1739 2310 1792 villa
2341 1739 2804 1807 Attendido,etin
2844 1739 3259 1804 Chonosolo,et
3283 1737 3342 1791 in
3377 1737 3642 1802 Buliaco,
3673 1735 3802 1788 etin

2177 1827 2440 1882 Conredo
2465 1845 2478 1894 ;
2514 1831 2568 1881 et
2593 1827 2652 1880 in
2672 1828 2951 1882 comitatu
2969 1827 3214 1882 Bedensi
3238 1827 3298 1880 in
3327 1825 3468 1879 villa
3490 1823 3804 1878 Brevazello

2177 1915 2425 1970 alodem.
2463 1916 2526 1968 In
2557 1915 2833 1969 comitatu
2889 1915 3167 1970 Tolosano
3215 1913 3530 1968 ecclesiam
3591 1912 3806 1966 Sancta:

2178 2003 2368 2058 Mariae
2389 2020 2516 2074 quae
2548 2003 2656 2056 sita
2687 2007 2771 2057 est
2799 2003 2951 2057 inter
2980 2003 3117 2057 duas
3146 2019 3350 2074 aquas,
3411 2018 3554 2054 cum
3581 1999 3810 2054 decimis

2179 2095 2237 2146 et
2265 2091 2622 2161 primitiis‘et
2649 2109 2780 2146 cum
2813 2091 3078 2146 omnibus
3135 2090 3406 2144 alodibus
3437 2089 3516 2143 ad
3548 2087 3808 2142 eamdem

2181 2179 2479 2234 ecclesiam
2499 2179 2944 2250 pertinentibus,
2973 2196 3104 2234 cum
3164 2179 3332 2250 aquis
3389 2181 3450 2230 et
3497 2175 3812 2248 piscatoriis

2183 2272 2238 2322 et
2262 2267 2539 2333 vernctis;
2571 2269 2800 2323 alodem
2831 2269 2900 2322 de
2930 2269 3166 2338 Algares
3228 2267 3619 2332 subteriores,
3677 2269 3735 2319 et
3755 2265 3812 2318 in

2183 2358 2418 2427 Algares
2457 2355 2780 2428 superiores
2810 2356 3181 2410 medietatem
3214 2354 3479 2408 ecclesia:
3503 2353 3702 2408 Sancti
3725 2355 3817 2407 Ju-

2183 2445 2342 2512 liani,
2376 2449 2432 2498 et
2459 2444 2830 2498 medietatem
2860 2445 2930 2498 de
2965 2443 3239 2498 omnibus
3261 2460 3394 2513 qua:
3427 2442 3505 2496 ad
3531 2457 3666 2496 eam
3689 2458 3814 2512 per—

2185 2533 2396 2599 tinent,
2428 2536 2485 2585 ct
2511 2532 2760 2598 alodem,
2792 2536 2848 2586 et
2899 2529 3132 2587 boscos:
3198 2535 3256 2584 et
3283 2532 3343 2584 in
3386 2531 3526 2584 villa
3556 2532 3818 2584 Texona-

2186 2621 2300 2676 rias
2326 2621 2625 2674 ecclesiam
2649 2621 2842 2676 Sancti
2868 2621 3092 2675 Martini
3113 2637 3246 2674 cum
3261 2620 3514 2674 decimis
3543 2623 3605 2674 et
3629 2620 3822 2690 primi-

2187 2711 2280 2764 tiis
2305 2709 2635 2782 cunctisque
2661 2711 2832 2764 rebus
2860 2711 2932 2764 ad
2961 2727 3092 2764 eam
3122 2709 3818 2782 pertinentibus,sedalo-

2189 2799 2320 2854 dem
2345 2801 2401 2852 et
2426 2799 2646 2865 boscos,
2682 2803 2739 2852 et
2767 2798 2998 2853 alodem
3023 2798 3092 2852 de
3124 2798 3522 2864 Cortevillica,
3557 2800 3618 2852 et
3641 2798 3700 2852 in
3730 2798 3822 2850 vil-

2190 2887 2308 2940 lare
2345 2886 2518 2955 Fagia
2557 2885 2806 2952 alodem,
2841 2889 2897 2939 et
2923 2886 2980 2940 in
3011 2886 3142 2940 villa
3200 2887 3435 2939 Bexano
3483 2885 3724 2939 alodem
3769 2889 3824 2938 et

469 2971 667 3026 vitiare
719 2969 998 3024 Erzillano
1065 2967 1292 3022 alodem
1356 2969 1451 3039 qui
1532 2969 1639 3022 fuit
1693 2969 1762 3022 de
1821 2968 2090 3022 Durando
2191 2973 2614 3040 molendinum,
2671 2977 2727 3027 et
2768 2973 2824 3026 in
2879 2975 3212 3044 Artennago
3271 2973 3591 3027 ecclesiam
3637 2971 3820 3026 Sancti

469 3059 829 3135 presbytero,
897 3058 1102 3112 vallem
1155 3057 1589 3123 Stabiam,cum
1637 3057 1876 3111 ecclesia
1898 3056 2160 3121 SanctiC
2195 3061 2453 3124 Quintini
2491 3077 2621 3114 cum
2674 3059 2912 3114 decimis
2963 3064 3018 3113 et
3050 3059 3347 3130 primitiis,
3408 3063 3471 3114 et
3502 3059 3740 3114 alodem
3767 3057 3822 3111 in

472 3150 718 3206 Andreae
761 3163 894 3202 cum
935 3145 1174 3200 decimis
1217 3149 1274 3198 et
1302 3145 1568 3216 primitiis
1617 3148 1768 3202 suis:
1803 3145 1860 3200 in
1892 3147 2093 3200 eadem
2194 3149 2398 3203 eodem
2430 3149 2652 3216 loco,et
2677 3148 2738 3202 in
2753 3147 3057 3218 Ambliago
3079 3148 3314 3202 alodem
3337 3151 3398 3202 et
3419 3148 3822 3202 molendinum

471 3238 620 3293 valle
639 3236 800 3291 villas
821 3251 952 3289 cum
985 3232 1248 3288 terminis
1295 3237 1354 3286 et
1381 3233 1770 3300 finibus,silvis
1801 3237 1863 3288 et
1883 3231 2094 3288 monti-
2195 3253 2325 3290 cum
2346 3240 2514 3308 caput
2543 3237 2704 3308 aquis
2731 3239 2789 3290 et
2818 3235 3222 3308 piscatoriis,et
3245 3237 3307 3288 in
3337 3236 3575 3307 Viliago
3605 3235 3824 3290 alodem

475 3327 621 3393 bus;
673 3324 813 3378 item
843 3322 1063 3376 Vallem
1106 3321 1373 3391 Magnam
1419 3338 1550 3374 cum
1609 3321 1846 3375 ecclesia
1905 3319 2096 3376 Sancti
2197 3329 2254 3380 et
2283 3326 2774 3400 mol_endinum,et
2794 3325 2854 3378 in
2877 3325 3146 3378 Miliarias
3166 3325 3488 3379 ecclesiam
3513 3325 3710 3380 Sancti
3731 3325 3828 3378 Sa-

477 3411 760 3467 Vincentii
787 3427 919 3465 cum
963 3407 1200 3463 decimis
1231 3411 1286 3462 et
1331 3407 1618 3480 primitiis,
1665 3425 1796 3462 cum
1836 3407 2099 3463 terminis
2197 3415 2416 3468 turnini
2441 3431 2571 3468 cum
2597 3415 2867 3469 omnibus
2895 3415 3064 3468 rebus
3095 3413 3167 3467 ad
3213 3430 3349 3468 eam
3377 3414 3825 3486 pertinentibus,

480 3505 538 3557 et
586 3500 818 3564 finibus,
873 3497 1026 3550 silvis
1076 3499 1134 3549 et
1173 3495 1411 3549 collibus
1453 3497 1526 3550 ad
1573 3497 1838 3550 eamdem
1894 3499 2097 3552 vallem
2200 3505 2258 3556 et
2300 3502 2515 3557 ibidem
2569 3501 2836 3557 alodem:
2870 3503 2938 3556 Et
2991 3502 3048 3555 in
3103 3502 3409 3573 provincia
3471 3499 3829 3556 Narbonensi

481 3585 910 3660 pertinentibus
935 3600 947 3638 ε
1007 3581 1248 3636 AlOdem
1277 3581 1344 3635 de
1388 3582 1524 3636 Buta
1552 3599 1681 3636 cum
1741 3585 2001 3638 terminis
2047 3587 2105 3638 et
2203 3589 2429 3644 alodem
2461 3591 2529 3644 de
2551 3589 2758 3644 Villare
2785 3590 3063 3645 Aldrado:
3089 3591 3155 3644 Et
3178 3589 3238 3643 in
3263 3590 3564 3644 comitatu
3583 3589 3828 3643 Bisuldn-

484 3675 716 3744 ﬁnibUS,
753 3677 810 3730 et
833 3671 1063 3727 aIOdBm
1105 3669 1174 3724 de
1225 3671 1415 3724 Ῑῐιειιῖθι
1441 3688 1539 3725 seu
1567 3671 1636 3724 de
1667 3673 1984 3742 Ragollella
2015 3675 2106 3726 εἰ·
2205 3679 2370 3734 nensi
2401 3677 2592 3732 villam
2624 3677 2871 3732 Centens
2900 3693 3028 3731 cum
3057 3677 3269 3732 ﬁnibus
3303 3682 3364 3732 et
3396 3678 3675 3732 terminis
3705 3675 3828 3741 suis,

495 3777 608 3838 que
637 3764 707 3818 de
730 3762 959 3832 Nisiago
991 3763 1048 3814 et
1089 3759 1158 3814 de
1185 3757 1318 3813 Villa
1359 3758 1665 3827 MilliariOS,
1713 3763 1770 3814 et
1798 3761 1866 3814 de
1893 3761 2102 3816 Sancto
2205 3769 2264 3821 et
2288 3766 2514 3820 alodem
2541 3765 2610 3820 de
2629 3766 2907 3833 ‘Maliano,
2935 3770 2993 3820 et
3030 3766 3334 3820 ecclesiam
3357 3767 3572 3821 Sancti
3600 3766 3830 3820 Michae-

497 3853 678 3908 Felice
720 3845 1036 3922 superidrc,
1070 3865 1169 3902 seu
1200 3847 1268 3902 de
1296 3848 1504 3902 Sancto
1538 3848 1717 3902 Felice
1748 3848 2064 3903 subteriore
2089 3865 2102 3904 :
2205 3854 2272 3908 lis
2303 3854 2372 3908 de
2399 3854 2795 3908 Ortomadario
2819 3870 2949 3908 cum
2981 3853 3282 3908 decimiset
3307 3854 3601 3924 primitiis
3631 3857 3688 3907 et
3711 3868 3830 3906 cum

495 3943 635 3998 item
661 3940 889 3995 alodem
921 3937 992 3990 de
1019 3936 1346 4004 Valletorta,
1389 3939 1445 3990 et
1471 3937 1540 3990 de
1568 3937 1742 3990 Locas
1787 3939 1843 3990 et
1873 3937 1943 3990 de
1977 3935 2110 3992 Cur-
2209 3943 2473 3998 eamdem
2503 3943 2714 4009 villam,
2749 3942 2892 3996 etin
2950 3943 3200 3996 Cantens
3251 3943 3525 4008 alodem,
3590 3945 3688 4015 qui
3737 3941 3833 3996 fuit

494 4032 676 4088 baria.
717 4030 786 4083 ΕΙ.
809 4029 870 4081 in
892 4028 1082 4080 locum
1107 4041 1281 4096 quem
1315 4027 1521 4078 vocant
1547 4025 1784 4092 Insulas,
1816 4027 1998 4079 terras
2053 4028 2111 4080 et
2208 4032 2506 4099 Odonis,ct
2533 4031 2760 4086 alodem
2791 4031 2860 4086 de
2888 4031 3161 4096 Munera],
3195 4034 3252 4084 ct
3271 4031 3518 4085 alodem
3555 4032 3628 4086 de
3657 4033 3833 4086 Monte

495 4121 729 4187 vineas;
777 4121 835 4172 et
882 4115 1111 4170 alodem
1148 4113 1218 4166 de
1265 4111 1694 4180 Valleventosa;
1742 4117 1799 4166 et
1831 4113 1893 4166 in
1935 4114 2091 4184 pugit

2211 4123 2450 4187 Canuto,
2479 4125 2535 4173 et
2566 4121 2636 4175 de
2655 4120 2913 4187 Salletas,
2947 4124 3003 4174 et
3034 4121 3092 4173 in
3122 4119 3410 4172 comitatu
3461 4121 3834 4192 Impurdano,

494 4212 776 4275 Buscano,
807 4209 866 4260 et
893 4204 954 4258 in
983 4203 1128 4257 valle
1159 4200 1356 4272 Asperi
1377 4201 1604 4254 alodem
1628 4201 1696 4286 de
1723 4201 2032 4268 Vernedas,
2057 4206 2114 4256 et
2211 4210 2438 4264 alodem
2465 4209 2536 4262 de
2567 4208 2926 4275 Castellione,
2969 4213 3026 4262 et
3076 4209 3384 4262 ecclesiam
3445 4209 3522 4264 de
3576 4209 3836 4264 Flaviano

491 4301 556 4356 in
584 4295 852 4362 Molledil,
882 4297 940 4348 et
958 4291 1186 4347 alodem
1213 4290 1282 4343 de
1316 4287 1551 4356 Crodos,
1585 4291 1733 4343 etde
1785 4289 2110 4357 Salvaticos,
2131 4313 2185 4372 D
2210 4314 2340 4351 cum
2397 4297 2510 4350 suis
2563 4297 2826 4352 terminis
2878 4300 2935 4350 et
2985 4296 3395 4368 pertinentiis;
3442 4316 3504 4353 ιη
3570 4298 3838 4352 comitatu

497 4393 555 4444 et
579 4389 650 4442 de
674 4387 808 4441 villa
832 4381 1132 4439 Paladolo:
1157 4383 1214 4433 et
1235 4378 1292 4432 in
1318 4379 1592 4432 comitatu
1615 4378 2035 4432 Rosselionensi
2054 4379 2111 4432 in

496 4477 632 4530 villa
657 4475 840 4529 Tiviro
871 4470 1100 4526 alodem
1127 4484 1258 4522 cum
1287 4466 1498 4521 finibus
1525 4469 1582 4520 et
1609 4465 1892 4532 terminis,
1925 4467 2112 4520 e'talo-

501 4563 636 4618 dem
661 4561 731 4616 de
755 4561 915 4615 fonte
937 4557 1227 4623 Centuria,
1261 4560 1316 4610 et
1355 4556 1424 4610 de
1466 4554 1727 4622 Reliano,
1751 4557 1808 4607 et
1839 4553 1898 4607 in
1920 4553 2113 4608 villare

499 4652 710 4708 Milano
740 4649 968 4704 alodem
1005 4645 1103 4717 qui
1130 4644 1238 4699 fuit
1257 4644 1326 4699 de
1353 4643 1624 4698 Bonisilio
1648 4661 1660 4709 ;
1709 4643 1966 4715 itemque
1994 4642 2112 4697 alo-

503 4740 638 4795 dem
666 4737 872 4793 Basoni
901 4751 1032 4789 cum
1059 4732 1294 4788 ecclesia
1323 4733 1516 4788 Sancti
1555 4731 1831 4786 Vincentii
1864 4748 1995 4786 cum
2017 4731 2114 4785 de-

501 4829 665 4885 cimis
705 4830 763 4881 et
781 4823 1048 4897 primitiis
1077 4820 1406 4894 cunctisque
1437 4821 1608 4875 rebus
1635 4820 1706 4874 ad
1731 4837 1789 4874 se
1821 4821 2114 4892 pertinen-

500 4919 674 4986 tibus,
704 4931 838 4970 cum
885 4911 1094 4966 finibus
1143 4913 1201 4964 et
1242 4908 1505 4964 terminis
1549 4907 1683 4976 suis,
1713 4911 1768 4961 et
1793 4908 2020 4962 alodem
2046 4908 2116 4964 de

504 5005 812 5070 Caucanet,
845 4999 1074 5055 alodem
1101 4997 1169 5051 de
1221 4997 1577 5050 Petra-Calce
1609 5013 1740 5049 cum
1771 4994 2032 5049 terminis
2063 4999 2120 5050 et

503 5091 838 5170 adjacentiis
861 5087 996 5154 suis,
1041 5089 1099 5140 et
1149 5085 1208 5138 in
1246 5085 1377 5138 villa
1417 5082 1676 5149 Turilias,
1733 5083 1874 5137 etin
1908 5083 2116 5138 Sancto

503 5183 834 5249 Laurentio,
860 5181 918 5234 et
945 5176 1004 5230 in
1032 5174 1296 5246 Judegas,
1318 5177 1377 5226 et
1405 5173 1462 5226 in
1496 5171 1785 5226 Caldarios
1815 5176 1873 5226 et
1888 5173 2117 5228 alodem

505 5277 582 5332 da
608 5271 841 5329 Berchal
866 5285 879 5323 :
913 5266 1054 5320 item
1083 5262 1144 5317 in
1173 5260 1447 5315 comitatu
1477 5257 1862 5328 Feniolitensi,
1897 5260 1954 5314 in
1973 5261 2117 5316 valle

508 5359 837 5423 Sauriniani
861 5356 1056 5410 villam
1082 5367 1256 5424 quam
1277 5351 1613 5420 nuncupant
1633 5349 1909 5404 Valletam
1935 5350 2008 5404 ad
2035 5350 2120 5404 in-

503 5460 739 5525 tegrum
767 5466 899 5505 cum
920 5427 1129 5501 iinibus
1154 5443 1212 5498 et
1229 5437 1562 5512 adjacentiis
1573 5439 1706 5504 suis,
1729 5453 1858 5492 cum
1885 5439 2119 5496 ecclesia

512 5541 706 5600 Sancti
733 5535 1016 5592 Michaelis
1041 5537 1098 5588 et
1125 5529 1363 5586 ecclesia
1393 5527 1584 5584 Sancti
1614 5526 1920 5600 Petri,quae
1949 5531 2119 5585 estin-

509 5627 882 5697 Tabernullas
897 5633 1032 5680 cum
1045 5637 1148 5677 suo
1168 5618 1358 5691 alode,
1376 5620 1434 5674 et
1455 5615 1600 5672 alios
1619 5613 1814 5672 alodes
1833 5617 1893 5673 in
1915 5619 2118 5678 eadem

2213 4385 2661 4439 Barchinonensi
2688 4385 2746 4438 in
2779 4386 3022 4439 Lanaria
3043 4384 3272 4439 alodem
3311 4386 3414 4457 qui
3432 4387 3550 4442 fuit
3573 4385 3839 4440 chbba-

2211 4473 2354 4540 rich,
2383 4476 2441 4528 et
2476 4473 2534 4527 in
2566 4473 2767 4528 eadem
2797 4473 3020 4528 civitate
3049 4473 3279 4526 alodem
3310 4478 3506 4528 terras
3536 4479 3596 4528 et
3625 4474 3838 4538 vineas;

2213 4562 2283 4616 Et
2306 4561 2364 4614 in
2395 4561 2548 4628 Orta,
2583 4565 2640 4615 et
2669 4561 2727 4615 in
2759 4564 3062 4629 Romanet,
3096 4565 3152 4616 et
3182 4559 3242 4614 in
3293 4562 3691 4616 Fenestrellas
3728 4563 3840 4615 alo-

2215 4649 2315 4703 des
2341 4667 2353 4713 ;
2379 4652 2435 4704 et
2463 4649 2522 4702 in
2552 4649 2850 4703 Balneolos
2880 4649 3142 4714 alodem;
3173 4648 3234 4702 in
3259 4649 3550 4704 comitatu
3575 4649 3840 4706 Vallensi.

2215 4737 2275 4791 in
2305 4737 2567 4808 Mogoda,
2623 4740 2680 4790 et
2724 4735 2783 4789 in
2851 4737 3144 4792 Galleches
3195 4740 3254 4790 et
3316 4737 3376 4790 in
3433 4738 3644 4803 Tenes,
3688 4741 3750 4792 et
3789 4737 3840 4790 in

2215 4824 2463 4892 Olineto,
2494 4826 2552 4878 et
2589 4823 2648 4877 in
2703 4823 3009 4892 Palaciolo,
3068 4824 3212 4879 etin
3283 4825 3617 4886 Petrafitta,
3679 4829 3736 4878 et
3793 4825 3842 4878 in

2216 4911 2712 4984 Aspicellalodes;
2747 4912 2813 4964 Et
2874 4909 2932 4964 in
2992 4911 3220 4965 civitate
3279 4912 3592 4967 Minorissa
3654 4912 3843 4966 alodes

2218 4999 2314 5070 qui
2341 4999 2570 5054 fuerunt
2595 4998 2902 5052 Audesindi
2924 4999 3218 5053 monachi.
3245 5001 3315 5053 Et
3332 5001 3392 5054 in
3415 5000 3706 5054 comitatu
3740 5003 3844 5053 Au-

2219 5102 2376 5141 some
2407 5086 2636 5140 alodem
2658 5085 2726 5140 de
2749 5085 2945 5140 villare
2968 5087 3356 5159 Pauli,quiest
3380 5088 3550 5158 juxta
3579 5087 3842 5140 Castrum

2221 5174 2532 5241 Salliforas,
2565 5177 2622 5228 et
2652 5175 2843 5230 alodes
2872 5174 2942 5230 de
2976 5176 3188 5231 Cheros
3215 5193 3227 5229 :
3263 5176 3408 5231 etin
3439 5177 3657 5232 Sancto
3695 5177 3842 5246 Hyp-

2217 5261 2396 5336 polito
2425 5265 2482 5315 et
2509 5260 2642 5314 villa
2668 5263 2888 5316 Palazol
2920 5263 3168 5318 alodem.
3205 5264 3335 5318 Haec
3355 5263 3538 5336 igitur
3566 5280 3842 5335 quascun-

2219 5369 2329 5424 que
2357 5349 2598 5406 diximus
2649 5352 2736 5405 vel
2783 5367 2909 5428 quae
2954 5368 3071 5406 non
3123 5351 3374 5406 diximus
3406 5352 3652 5424 praedia,
3687 5352 3839 5406 villas

2217 5440 2448 5508 scilicet,
2484 5439 2765 5508 ecclesias,
2796 5440 3115 5510 parochias,
3175 5440 3410 5508 fundos,
3468 5458 3655 5508 casas,
3685 5455 3840 5494 casa-

2216 5532 2319 5600 les,
2351 5534 2532 5584 terras
2569 5530 2746 5584 cultas
2804 5532 2861 5583 et
2890 5529 3150 5598 incultas,
3206 5545 3470 5602 campos,
3518 5531 3732 5602 sylvas,
3763 5527 3837 5582 vi-

2216 5622 2540 5694 neas,prata
2546 5633 2839 5694 ,pecorum
2843 5633 3072 5694 pascua,
3088 5635 3274 5692 areas,
3293 5619 3836 5695 torcularia,aquas,
