4012 6180
494 364 629 430 is“

1866 360 2095 423 SERGII
2132 361 2201 419 IV
2233 356 2440 420 PAPJE

3689 366 3824 424 1512

496 496 728 554 alodem
760 493 857 567 qui
900 492 1011 549 fuit
1031 491 1319 562 Rodulphi
1351 490 1626 565 episcOpi,
1658 495 1716 547 et
1762 492 2097 564 parochiam
2120 497 2174 556 Α
2194 496 2479 548 terminos
2505 491 2647 563 ejus,
2685 492 2744 545 et
2772 489 2940 547 alode
2987 486 3058 546 de
3101 488 3347 546 Camma
3397 504 3536 543 cum
3581 489 3818 545 ecclesia

499 585 571 641 de
597 583 878 650 Vineolas,
914 596 1044 636 cum
1075 579 1314 635 decimis
1339 583 1396 635 et
1424 580 1712 651 primitiis,
1756 598 1897 652 quas
1926 582 2103 637 Geor-

494 672 622 743 gius
648 670 951 742 episcopus
1000 669 1280 724 concessit
1321 672 1519 723 sancto
1566 669 1849 724 Salvatori
1887 670 2103 741 absque

492 757 733 824 tributo,
753 757 901 812 sicut
919 757 977 811 in
996 756 1119 827 ipsa
1140 756 1278 813 dote
1298 760 1559 824 resonat;
1584 760 1640 810 et
1662 757 1890 812 alodem
1913 756 2103 827 ipsum

491 861 669 918 quem
698 844 898 901 dicunt
925 843 1447 915 Campmanaudati
1478 861 1609 899 cum
1634 843 1901 899 terminis
1928 847 1987 899 et
2004 845 2105 899 ad-

483 932 772 1006 jacentiis,
803 935 991 989 totam
1020 932 1286 987 videlicet
1339 932 1553 989 villam.
1588 934 1657 987 Et
1706 932 1766 986 in
1807 933 2103 1003 Guausago

489 1021 727 1079 alodem
747 1019 846 1093 qui
891 1020 1002 1076 fuit
1030 1021 1101 1076 de
1132 1020 1377 1076 Guisallo
1405 1026 1462 1075 et
1486 1020 1828 1077 Seniofredo
1855 1037 1984 1076 cum
2014 1036 2104 1075 ec-

487 1109 681 1178 clesia,
714 1125 847 1165 cum
870 1108 1134 1165 terminis
1163 1112 1220 1164 et
1254 1109 1620 1180 adjacentiis.
1652 1110 1719 1163 Et
1745 1109 1976 1164 alodem
2008 1109 2104 1179 qui

487 1198 599 1254 fuit
626 1198 697 1254 de
724 1199 946 1255 Joanne
977 1214 1109 1253 cum
1127 1197 1327 1265 domo,
1352 1197 1521 1251 terris
1543 1201 1601 1252 et
1619 1196 1821 1263 vineis,
1840 1200 1897 1251 et
1916 1197 2106 1269 ipsum

487 1286 730 1343 boscum
760 1286 1060 1344 Libertini.
1091 1288 1161 1341 Et
1181 1286 1239 1340 in
1275 1286 1406 1340 villa
1433 1285 1715 1341 Stamariz
1742 1286 1930 1355 ipsum
1978 1286 2101 1339 alo-

493 1376 631 1433 dem
678 1391 811 1430 cum
867 1373 1155 1441 terminis,
1191 1375 1280 1428 vel
1333 1374 1690 1445 adjacentiis.
1742 1375 1811 1427 Et
1856 1373 1915 1427 in
1973 1373 2108 1427 villa

406 1466 411 1469 ’
492 1464 707 1520 ΔΕηονθ
735 1463 923 1534 ipsum
955 1462 1326 1533 alodem,qui
1350 1462 1462 1516 fuit
1494 1462 1563 1515 de
1590 1462 1897 1527 Tellemar,
1921 1463 2009 1515 vel
2035 1460 2107 1514 de

496 1552 618 1623 ejus
636 1551 962 1606 bteredibus
980 1567 1112 1605 cum
1128 1550 1413 1616 terminis,
1431 1552 1489 1603 et
1510 1550 1740 1604 alodem
1757 1565 1931 1620 quem
1948 1551 2110 1603 tenet

496 1640 698 1694 Petrus
725 1639 1043 1710 presbyter.
1078 1639 1146 1692 Et
1168 1637 1228 1691 in
1258 1637 1382 1708 ipsa
1406 1638 1578 1703 Silva,
1611 1653 1740 1708 quae
1765 1636 1965 1691 dicunt
1995 1637 2103 1691 Gu-

494 1727 706 1793 valosa,
732 1725 1159 1781 cumterminis
1188 1728 1246 1779 et
1271 1725 1624 1796 adjacentiis.
1679 1726 1747 1779 Et
1791 1724 1849 1778 in
1880 1724 2103 1791 Salton,

2202 586 2258 637 et
2286 580 2545 649 decimis,
2586 583 2645 636 et
2686 580 2980 649 primitiis,
3014 582 3069 635 et
3094 579 3467 646 terminibus,
3498 582 3556 632 ct
3580 579 3821 634 Enolosa

2204 685 2336 723 cum
2368 670 2481 724 suis
2539 668 2925 740 pertinentiis.
2958 670 3018 723 Iu
3038 669 3317 723 comitatu
3347 667 3451 739 qui
3478 666 3688 721 dicitur
3711 667 3826 720 Val-

2205 756 2308 821 les,
2342 773 2499 811 casas
2525 773 2658 811 cum
2690 760 2899 824 curtes,
2945 757 3162 821 hortos,
3198 760 3406 824 terras,
3431 758 3493 809 et
3521 755 3743 821 vineas,
3772 759 3825 808 et

2206 845 2435 900 alodem
2466 846 2537 901 de
2570 846 2780 917 Digne,
2831 846 2919 900 vel
2953 844 3322 915 Engelfredo,
3358 846 3419 898 et
3474 842 3714 897 alodem
3762 843 3825 897 de

2208 933 2565 1000 Canobellas,
2583 934 2879 988 etalodem
2902 932 3169 987 Mationa.
3200 933 3266 985 In
3291 931 3580 986 comitatu
3603 935 3830 985 Ausona

2206 1021 2437 1075 alodem
2460 1022 2678 1092 palatii,
2714 1025 2771 1075 et
2800 1021 3028 1076 alodem
3059 1020 3157 1091 qui
3177 1019 3391 1090 dicitur
3420 1019 3613 1090 Oligo,
3649 1024 3709 1072 et
3734 1019 3832 1072 Da-

2209 1110 2376 1163 nielis
2400 1110 2681 1177 villarem,
2739 1110 2967 1165 alodem
3020 1108 3325 1176 Saniliare,
3382 1112 3445 1161 et
3490 1107 3737 1163 alodem
3766 1108 3831 1161 de

2208 1197 2467 1251 Elzedelo
2490 1213 2622 1251 cum
2652 1198 3019 1263 terminibus,
3047 1200 3104 1250 et
3122 1196 3333 1250 boscos
3363 1196 3584 1250 Rochm
3615 1195 3831 1261 Felicis,

2208 1285 2437 1339 alodem
2472 1285 2762 1339 Planezas.
2788 1286 2854 1338 Et
2876 1285 2934 1339 in
2955 1284 3234 1339 comitatu
3250 1288 3495 1338 Auzona
3525 1284 3674 1338 alios
3693 1285 3838 1338 alan-

2208 1373 2306 1427 des
2336 1374 2396 1426 in
2430 1373 2624 1427 multis
2684 1373 2846 1439 locis,
2868 1372 2926 1426 id
2955 1376 3040 1426 est
3057 1372 3180 1443 ipsa
3203 1373 3451 1438 Deveza,
3482 1375 3545 1426 et
3570 1370 3633 1425 in
3661 1371 3838 1426 Wisti-

2208 1461 2363 1517 liano
2394 1478 2571 1529 casas,
2642 1465 2843 1527 terras,
2875 1461 3067 1516 vineas
3110 1461 3586 1533 quamplurinas,
3623 1464 3685 1515 et
3727 1461 3840 1515 alo-

2208 1551 2390 1617 dium,
2418 1549 2516 1622 qui
2536 1550 2643 1605 fuit
2677 1550 2747 1605 de
2779 1551 3000 1604 Borello
3027 1550 3245 1605 comite
3280 1549 3350 1603 de
3386 1550 3651 1604 Paliares
3673 1550 3836 1605 Mira-

2207 1637 2301 1704 lie,
2332 1654 2464 1692 cum
2497 1638 2611 1692 suis
2661 1639 2944 1704 terminis,
2974 1642 3031 1692 et
3061 1638 3220 1710 ipsos
3259 1638 3462 1693 alodes
3489 1655 3641 1711 quos
3685 1638 3836 1693 dedit

2205 1725 2454 1780 Gualdus
2484 1726 2557 1780 ad
2581 1724 2854 1781 Sanctam
2909 1726 3149 1781 Mariam
3180 1727 3329 1782 sicut
3358 1727 3455 1781 ille
3484 1727 3749 1793 tenebat,
3780 1731 3837 1780 et

492 1812 726 1869 alodem
746 1828 877 1867 cum
900 1812 1102 1881 boscis,
1118 1828 1261 1883 quos
1282 1812 1441 1867 dedit
1460 1812 1640 1867 dictus
1657 1812 1907 1867 domnus
1919 1812 2101 1878 Oliba,
2126 1813 2177 1870 B
2208 1829 2311 1884 pro
2343 1814 2658 1868 donatione
2688 1813 2937 1868 scribere
2966 1814 3122 1880 fecit,
3153 1818 3211 1868 et
3239 1815 3468 1869 alodem
3493 1815 3656 1887 quod
3682 1814 3825 1868 Guil-

495 1904 555 1957 et
606 1901 845 1957 boscum
874 1901 970 1972 qui
989 1900 1096 1955 fuit
1114 1901 1185 1956 de
1225 1899 1559 1971 Sperandeo
1582 1903 1639 1955 et
1666 1900 1736 1954 de
1767 1900 1950 1967 Ortes,
1974 1916 2107 1954 cum

490 1989 759 2047 terminis
784 1991 873 2044 vel
905 1988 1256 2061 adjacentiis.
1290 1990 1360 2044 Et
1398 1990 1630 2044 alodem
1662 1990 1733 2044 de
1767 1989 1999 2055 Sasitos,
2050 1990 2109 2042 et

491 2077 648 2152 ipsos
675 2077 1055 2133 condaminas
1080 2078 1150 2132 de
1167 2078 1533 2144 Archamala,
1555 2081 1612 2133 et
1639 2077 1869 2132 alodem
1892 2077 1963 2131 de
1987 2077 2108 2130 Bal-

499 2167 628 2235 bos,
659 2170 718 2223 et
743 2168 975 2223 alodem
1001 2168 1073 2222 de
1100 2166 1441 2233 Monleliols,
1477 2170 1534 2220 et
1576 2166 1807 2221 alodem
1840 2166 1910 2220 de
1937 2164 2107 2220 Guid-

494 2255 701 2310 mondi
747 2271 881 2313 cum
911 2255 1098 2323 terris,
1150 2254 1351 2322 vineis,
1400 2255 1571 2322 silvis,
1602 2271 1735 2309 cum
1767 2253 2024 2321 ecclesia,
2053 2255 2111 2308 et

491 2342 750 2412 decimis,
789 2346 847 2398 et
874 2343 1142 2416 primitiis
1168 2359 1298 2398 cum
1331 2342 1542 2397 ﬁnibus
1595 2346 1654 2397 et
1703 2341 1967 2395 terminis
1995 2340 2110 2395 suis

494 2434 713 2504 absque
745 2433 980 2487 tributo.
1036 2431 1280 2486 Alodem
1311 2445 1446 2485 vero
1478 2429 1575 2501 qui
1606 2430 1816 2484 dicitur
1844 2430 2111 2484 Salselles

494 2536 628 2575 cum
674 2518 915 2573 ecclesia
962 2520 1024 2575 S.
1064 2517 1241 2584 Petri,
1275 2533 1406 2572 cum
1438 2517 1696 2585 decimis,
1731 2521 1789 2571 et
1819 2516 2107 2588 primitiis,

495 2622 631 2662 cum
652 2606 865 2662 ﬁnibus
892 2609 950 2662 et
979 2605 1324 2661 terminibus
1355 2606 1470 2659 suis
1519 2606 1734 2677 absque
1769 2606 2009 2660 tributo.
2044 2606 2107 2659 In

494 2711 647 2768 pago
674 2695 1023 2765 Berguitano
1051 2694 1243 2750 locum
1282 2693 1581 2748 Brositano
1607 2694 1836 2749 alodem
1875 2694 2020 2748 sicut
2046 2693 2105 2748 in

494 2781 728 2841 illorum
747 2781 965 2854 judicio
990 2785 1244 2848 resonat,
1271 2785 1331 2838 et
1352 2782 1627 2853 parochia
1657 2783 1883 2838 Sancta;
1916 2782 2107 2837 Mariae

493 2860 628 2926 cum
656 2870 911 2926 ecclesiis
937 2870 1045 2925 sibi
1071 2869 1331 2938 subditis,
1363 2870 1422 2925 id
1447 2872 1551 2938 est,
1574 2871 1853 2941 palatium
1884 2871 2109 2942 Rodga-

492 2959 645 3015 rium
673 2959 726 3015 ei
755 2959 879 3030 ipsa
906 2960 1215 3027 Pera,cum
1239 2958 1482 3014 decimis
1512 2963 1571 3013 et
1591 2959 1859 3029 primitiis
1888 2959 2104 3030 absque

2208 1902 2414 1955 lelmus
2434 1901 2592 1956 dedit
2612 1902 2671 1955 in
2688 1902 2987 1957 Albedano
3008 1919 3141 1956 cum
3160 1903 3349 1969 terris,
3364 1903 3607 1969 casis,et
3627 1903 3830 1966 vineis,

2208 1989 2377 2044 cultis
2402 1991 2490 2043 vel
2522 1989 2770 2057 incultis,
2802 1994 2861 2044 et
2882 1990 3111 2045 alodem
3138 1991 3210 2045 de
3246 1990 3442 2056 Serra,
3477 1991 3583 2062 qui
3632 1992 3741 2045 fuit
3764 1991 3832 2045 de

2208 2076 2473 2145 Gafredo,
2500 2080 2556 2131 et
2574 2078 2804 2133 alodem
2827 2078 2896 2132 de
2920 2079 3236 2145 Juniolosa,
3262 2082 3320 2132 et
3370 2079 3616 2132 alodem
3643 2078 3716 2133 de
3739 2079 3836 2133 Ga-

2209 2164 2368 2219 linde
2395 2181 2634 2236 campus
2665 2166 2762 2238 qui
2792 2166 2901 2220 fuit
2925 2166 2993 2221 de
3019 2166 3424 2221 Guiscafredus
3473 2166 3741 2233 clericus,
3782 2172 3835 2221 et

2211 2253 2405 2308 alodes
2431 2254 2502 2308 de
2531 2254 2798 2322 Lociana,
2835 2254 2934 2326 qui
2963 2255 3201 2309 fuerunt
3232 2255 3546 2309 Guillelmo
3578 2256 3701 2310 ﬁlio
3730 2256 3827 2309 Er-

2210 2340 2479 2407 menairi,
2507 2345 2565 2396 et
2593 2342 2823 2397 alodem
2841 2342 2911 2397 de
2932 2342 3179 2397 Guisado
3206 2359 3340 2397 cum
3373 2344 3763 2409 molendinis,
3782 2348 3836 2398 et

2210 2429 2405 2483 alodes
2433 2429 2503 2483 de
2527 2430 2720 2498 Ovalo,
2753 2446 2896 2501 quos
2925 2430 3081 2485 dedit
3106 2430 3517 2485 Gandamurus
3542 2435 3603 2485 et
3619 2432 3835 2486 Hones-

2209 2518 2319 2583 tus,
2356 2520 2413 2571 et
2441 2517 2604 2573 Oliba
2649 2518 2860 2586 clerici,
2891 2519 2979 2574 vel
3014 2519 3205 2573 cuncti
3234 2518 3533 2586 homines,
3566 2523 3629 2573 et
3644 2520 3838 2575 alodes

2211 2603 2281 2658 de
2318 2605 2527 2673 Jonna,
2562 2610 2621 2660 et
2640 2607 2835 2661 alodes
2866 2607 2937 2662 de
2969 2606 3089 2661 rivo
3125 2607 3197 2661 de
3228 2608 3424 2673 Peras,
3448 2610 3513 2661 et
3542 2608 3747 2661 alodes
3770 2607 3838 2661 de

2210 2690 2494 2748 Saturano
2533 2711 2661 2748 cum
2696 2695 2813 2749 suis
2872 2694 3160 2762 terminis,
3198 2698 3258 2749 et
3312 2694 3553 2749 alodem
3584 2695 3663 2749 de
3698 2696 3836 2750 valle

2208 2779 2402 2835 Oriola
2422 2797 2554 2836 cum
2580 2781 2693 2836 suis
2719 2782 3000 2837 terminis.
3034 2785 3098 2837 In
3134 2783 3418 2838 comitatu
3442 2782 3840 2839 Cerdanienso

2206 2868 2352 2923 valle
2386 2868 2649 2924 Lilitense
2680 2870 2815 2924 villa
2843 2871 3176 2926 Armonedo
3205 2886 3340 2925 cum
3361 2870 3611 2925 decimis
3638 2874 3700 2925 et
3727 2872 3841 2942 pri-

2207 2957 2553 3025 mitiis,cum
2579 2959 2744 3013 alode
2758 2959 2855 3031 qui
2881 2959 3087 3014 dicitur
3110 2960 3357 3027 Lilledo,
3384 2965 3445 3014 et
3463 2960 3838 3027 Genebredo,

496 3048 732 3107 tributo.
756 3047 1066 3103 Ecclesiam
1089 3047 1149 3103 S.
1179 3047 1484 3115 Vincentii,
1530 3063 1657 3119 quae
1686 3052 1771 3102 est
1796 3047 1856 3101 in
1889 3047 2107 3102 Albiols
2204 3046 2445 3116 pogium
2469 3047 2539 3101 de
2564 3048 2919 3119 Maranegas,
2950 3051 3008 3103 et
3037 3049 3272 3103 Marcia.
3306 3050 3370 3103 ln
3400 3049 3605 3103 locum
3636 3050 3735 3121 qui
3758 3050 3839 3103 di-

492 3151 627 3193 cum
655 3136 824 3192 alode
856 3140 914 3191 et
939 3135 1177 3191 decimis
1200 3139 1260 3190 et
1286 3135 1575 3207 primitiis.
1608 3137 1676 3189 Et
1704 3136 1765 3190 in
1782 3136 1973 3190 locum
2005 3135 2106 3207 qui
2124 3144 2171 3203 α
2204 3133 2354 3189 citur
2381 3135 2687 3203 Guarexer,
2712 3135 2838 3206 ipso
2862 3137 3029 3192 alode
3053 3153 3187 3190 cum
3209 3137 3476 3203 ecclesia,
3508 3138 3759 3192 decimis
3781 3142 3837 3192 et

495 3224 707 3280 dicitur
727 3226 1073 3281 Suburbano
1104 3225 1339 3279 alodum
1378 3240 1511 3279 cum
1568 3223 1819 3279 ecclesiis
1862 3224 2106 3301 iin‘villa
2204 3221 2496 3292 primitiis.
2547 3225 2611 3277 In
2644 3224 2931 3277 Cerdania
2965 3224 3194 3279 alodem
3223 3225 3322 3297 qui
3369 3224 3590 3280 dicitur
3620 3227 3831 3293 alozos,

490 3313 1504 3385 quadiciturGuargalam.Inlocum
1518 3312 1616 3385 qui
1640 3312 1846 3368 dicitur
1867 3314 2102 3382 Pontus,
2204 3326 2338 3365 cum
2364 3310 2623 3378 ecclesia,
2654 3311 2896 3367 decimis
2914 3315 2971 3367 et
3000 3312 3290 3384 primitiis,
3323 3313 3571 3369 alodem
3597 3314 3673 3369 de
3702 3315 3833 3369 Bar.

497 3401 730 3457 alodem
756 3417 890 3456 cum
919 3400 1192 3469 ecclesiis,
1218 3417 1360 3472 quas
1387 3401 1548 3455 dedit
1577 3400 1881 3456 Guifredus
1911 3418 2107 3458 comes
2207 3400 2277 3453 Et
2304 3399 2364 3454 in
2396 3400 2599 3455 eadem
2631 3400 2936 3469 Cerdania,
2983 3402 3177 3457 alodes
3209 3402 3279 3457 de
3309 3404 3649 3475 Arreguall,
3675 3407 3735 3458 et
3765 3404 3835 3458 de

492 3488 725 3543 Sanctae
753 3489 946 3544 Mariae
976 3492 1039 3543 ut
1067 3488 1246 3544 alium
1270 3488 1503 3543 alodem
1538 3488 1610 3542 de
1636 3489 1943 3561 Gargalam
1971 3508 2106 3547 cum
2205 3487 2495 3543 Nassobell
2526 3490 2585 3542 et
2624 3487 2694 3543 de
2724 3489 3097 3558 Monteliano,
3128 3493 3189 3544 et
3212 3490 3283 3544 de
3308 3491 3445 3557 Bar,
3470 3496 3535 3547 et
3562 3491 3835 3547 Adoll.£t

495 3575 751 3630 ecclesiis
774 3579 833 3630 et
860 3576 1119 3645 decimis,
1150 3579 1209 3630 et
1225 3575 1498 3647 primitiis
1519 3578 1579 3630 et
1597 3577 1878 3647 terminis,
1900 3582 1957 3634 et
1983 3581 2104 3636 alo-
2205 3574 2265 3629 in
2286 3576 2598 3631 Labertells
2644 3576 2871 3633 alodem
2916 3594 3048 3633 cum
3091 3578 3478 3647 molendinis,
3512 3584 3576 3635 et
3602 3581 3836 3635 alodem

488 3662 711 3733 deinde
725 3663 941 3719 Nabars
963 3679 1095 3719 cum
1110 3663 1540 3732 terminibus,et
1558 3665 1787 3721 alodem
1801 3667 1872 3722 de
1892 3666 2102 3737 Nureo,
2204 3663 2276 3719 de
2299 3664 2655 3720 Villa-vetere
2690 3680 2825 3722 cum
2873 3666 3010 3737 ipsis
3055 3667 3335 3734 ccclesiis,
3381 3671 3446 3722 et
3484 3669 3727 3725 alodem
3762 3668 3836 3723 de

492 3754 553 3806 et
589 3751 818 3807 alodem
858 3751 929 3809 de
958 3753 1329 3821 Montesclau,
1361 3754 1421 3807 et
1449 3753 1644 3808 alodes
1665 3753 1956 3811 Torrentis
1970 3772 2105 3828 pro-
2202 3752 2380 3820 Evall,
2432 3756 2491 3808 et
2519 3754 2591 3808 de
2624 3754 2857 3822 Bellich,
2890 3760 2949 3810 et
2991 3756 3061 3810 de
3109 3756 3348 3811 Masclio
3385 3759 3449 3811 et
3507 3756 3582 3812 de
3635 3760 3837 3812 sancta

487 3840 682 3907 fundi,
703 3844 761 3895 et
779 3841 976 3896 alodes
995 3841 1067 3895 de
1093 3841 1449 3903 Folcunaria,
1479 3844 1537 3895 et
1565 3842 1761 3898 alodes
1786 3844 1860 3899 ad
1886 3844 2102 3900 calcem
2204 3839 2442 3909 Eulalia,
2492 3844 2551 3895 et
2587 3840 2659 3896 de
2689 3842 2907 3911 Engils,
2961 3846 3018 3897 et
3057 3843 3128 3898 de
3158 3845 3291 3912 Ger,
3343 3848 3409 3899 et
3449 3846 3526 3900 de
3557 3846 3832 3911 Palaciol,

488 3929 560 3984 de
590 3932 777 3985 castro
809 3930 1129 3998 Balzarens,
1164 3932 1223 3984 et
1249 3930 1446 3984 alodes
1469 3929 1539 3984 de
1568 3931 1779 4001 Begua,
1805 3935 1863 3986 et
1890 3932 1962 3987 de
1990 3933 2104 3987 An-
2204 3931 2261 3984 et
2287 3928 2361 3984 de
2396 3929 2732 3998 Villa-Lobs,
2758 3934 2814 3985 et
2834 3931 2904 3985 de
2942 3931 3165 4003 Oligua,
3198 3936 3257 3987 et
3283 3934 3357 3989 de
3389 3937 3647 4003 Anama,
3680 3940 3737 3990 et
3762 3935 3834 3988 de

483 4032 648 4086 zano,
669 4020 727 4073 et
754 4018 952 4073 alodes
977 4017 1108 4073 dela
1129 4016 1392 4083 Doixosa,
1424 4017 1524 4089 qui
1561 4018 1797 4074 fuerunt
1826 4012 2097 4089 Boniﬂlii,
2201 4016 2442 4088 Salciep,
2484 4020 2542 4072 et
2574 4018 2645 4073 de
2675 4020 3009 4091 Equaleges,
3034 4024 3095 4075 et
3133 4020 3205 4074 de
3229 4022 3329 4089 Ur,
3355 4027 3419 4077 et
3443 4024 3519 4079 de
3542 4024 3834 4079 Centaﬂo-

482 4104 971 4173 etLobatoni,vel
993 4105 1066 4169 de
1096 4105 1336 4160 caeteris.
1360 4106 1430 4160 Et
1456 4105 1639 4176 ipsam
1663 4107 1872 4161 vallem
1895 4109 2099 4163 Marles
2202 4105 2351 4175 Fida,
2410 4108 2469 4161 et
2512 4108 2871 4178 Angastuna,
2912 4112 2971 4162 et
3024 4108 3095 4163 de
3137 4110 3401 4177 Estavar,
3454 4116 3516 4166 et
3545 4112 3621 4167 de
3670 4111 3831 4167 Sala-

481 4208 612 4249 cum
638 4194 803 4250 villas
833 4196 891 4248 et
918 4193 1378 4261 molendinos,et
1405 4194 1707 4249 ecclesiam
1738 4196 1963 4251 Sancta:
1988 4199 2102 4254 Ma-
2199 4210 2339 4267 gosa
2364 4195 2436 4249 de
2455 4194 2591 4261 Sed,
2625 4198 2683 4249 et
2718 4194 2788 4250 de
2820 4196 3125 4263 Palaciolo,
3181 4200 3241 4252 et
3297 4198 3371 4255 de
3424 4201 3832 4266 Valfamelica,

479 4281 582 4337 ria
608 4298 743 4337 cum
763 4282 1005 4339 decimis
1033 4284 1093 4337 et
1120 4281 1414 4354 primitiis,
1446 4286 1504 4336 et
1533 4283 1797 4339 alodibus
1820 4300 1954 4340 cum
1983 4286 2099 4341 suis
2198 4287 2255 4337 et
2278 4284 2348 4337 de
2390 4284 2550 4351 Ezer,
2579 4284 2636 4338 et
2675 4283 2746 4337 de
2791 4284 2963 4352 Esna,
3004 4288 3063 4340 et
3090 4286 3163 4341 de
3196 4286 3488 4343 Psanezas
3517 4292 3577 4344 et
3607 4289 3684 4344 de
3708 4288 3836 4343 Sal-

476 4370 749 4426 terminis
774 4372 859 4427 vel
894 4369 1252 4442 adjacentiis.
1288 4372 1359 4424 Et
1386 4370 1579 4426 alodes
1637 4372 1709 4427 de
1734 4373 2094 4443 Gaminacos,
2196 4371 2415 4443 tegual,
2452 4374 2511 4426 ct
2528 4371 2599 4425 de
2626 4372 2831 4439 Miella,
2860 4376 2919 4428 et
2946 4373 3016 4429 de
3045 4374 3396 4444 Ventolano,
3423 4380 3487 4431 et
3522 4378 3597 4432 de
3617 4378 3835 4433 (110581-

490 4461 559 4553 et.
579 4459 818 4553 ecclesia
829 4459 920 4553 _de_
941 4460 1149 4553 Monte
1167 4458 1396 4527 Clauso,
1423 4548 1433 4553 _
1459 4461 1518 4553 et
1532 4459 1742 4553 alodes
1789 4461 1862 4517 de
1914 4463 2096 4518 Bene-
2116 4494 2169 4553 D
2195 4461 2283 4553 los
2303 4464 2362 4515 et
2377 4460 2448 4514 de
2471 4459 2698 4553 Obzello
2724 4464 2782 4516 et
2804 4460 2874 4553 de
2889 4461 3375 4535 Campancionos,
3395 4465 3641 4522 Macana
3669 4471 3736 4522 et
3755 4467 3833 4521 de

480 4544 661 4613 mide,
715 4548 775 4600 et
794 4547 990 4602 alodes
1015 4547 1087 4602 de
1117 4547 1309 4616 Serra,
1341 4548 1438 4621 qui
1466 4547 1575 4602 fuit
1600 4549 1852 4618 Delanti,
1885 4553 1945 4605 et
1974 4553 2094 4607 alo-

483 4632 584 4689 des
636 4632 707 4689 de
761 4634 1047 4707 Spurigia,
1092 4638 1153 4690 et
1197 4635 1268 4691 de
1299 4636 1535 4704 Callers,
1568 4642 1627 4692 et
1660 4637 1795 4709 ipsae
1821 4639 1996 4694 valles
2022 4640 2095 4696 de

476 4719 805 4777 Boscedano
826 4738 960 4779 cum
973 4722 1238 4792 villis,vel
1260 4724 1491 4781 illorum
1523 4726 2095 4797 terminos,etalodes

480 4809 559 4865 de
593 4810 815 4865 Palam.
844 4813 909 4866 In
956 4811 1181 4868 civitate
1229 4813 1531 4870 Minorissa
1580 4815 1835 4886 alodem,
1894 4816 1955 4871 id
2007 4821 2096 4874 est

477 4913 658 4966 casas,
686 4902 889 4968 terras,
923 4899 1118 4955 vineas
1141 4904 1201 4957 et
1227 4903 1425 4959 alodes
1467 4902 1565 4976 qui
1607 4905 1843 4960 fuerunt
1867 4905 1938 4960 de
1968 4905 2100 4962 aliis-

475 4986 828 5043 hominibus.
864 4988 927 5041 In
963 4989 1155 5045 Monte
1191 4990 1423 5047 Serrato
1437 4992 1669 5047 adolem
1699 5010 1831 5048 cum
1856 4994 2095 5050 ecclesia

478 5075 677 5131 Sancti
704 5075 879 5144 Petri,
896 5076 1165 5133 etSancti
1178 5079 1491 5148 Martini,et
1502 5080 1561 5135 in
1575 5082 1873 5136 cacumine
1885 5083 2093 5138 Montis

476 5164 693 5222 Serrati
722 5164 1024 5222 ecclesiam
1051 5167 1276 5222 Sancta;
1329 5169 1519 5225 Marias
1550 5174 1608 5225 et
1632 5170 1828 5227 Sancti
1868 5170 2087 5241 Asiseli,

476 5271 607 5313 cum
632 5254 823 5325 terris,
855 5259 914 5311 et
935 5254 1134 5325 vineis,
1168 5259 1227 5310 et
1249 5258 1622 5326 molendinis,
1647 5262 1704 5313 et
1727 5259 1897 5328 silvis,
1913 5263 2086 5333 atque

474 5344 732 5417 garricis,
760 5348 818 5399 et
837 5344 1071 5400 alodem
1101 5344 1200 5417 qui
1230 5345 1438 5401 dicitur
1462 5347 1699 5402 Evelosa
1735 5365 1867 5404 cum
1890 5349 2082 5418 terris,

469 5433 670 5502 vineis,
702 5432 1076 5502 molendinis,
1108 5434 1278 5502 silvis,
1307 5436 1478 5506 atque
1508 5434 1781 5506 garricis;
1838 5439 1897 5492 et
1924 5437 1985 5491 in
2010 5439 2085 5492 ci-

466 5520 643 5575 vitate
697 5521 1058 5577 Barchinona
1105 5538 1282 5591 casas,
1351 5538 1484 5577 cum
1540 5523 1814 5593 curtibus,
1869 5525 2076 5597 puteis,

2194 4548 2528 4615 Meramors,
2557 4551 2616 4602 et
2645 4547 2715 4603 de
2745 4548 2978 4618 Urriols,
3006 4553 3065 4605 et
3092 4551 3165 4606 de
3205 4550 3337 4607 Cols
3359 4570 3501 4608 cum
3531 4559 3831 4626 pasturas,

2194 4638 2254 4690 et
2276 4634 2671 4691 Armonedum
2708 4635 3054 4708 jamdictum
3107 4654 3242 4694 cum
3285 4638 3445 4712 ipsos
3471 4642 3707 4713 boscos,
3774 4646 3834 4698 et

2194 4725 2401 4793 calino,
2437 4728 2495 4779 et
2548 4723 2700 4797 ipsas
2741 4727 3023 4796 pasturas,
3063 4730 3122 4781 et
3148 4728 3455 4785 ecclesiam
3480 4730 3686 4788 Sancti
3718 4734 3834 4788 Ro-

2192 4813 2353 4869 mani
2390 4830 2524 4869 cum
2547 4812 2911 4883 terminibus,
2948 4818 3007 4870 et
3033 4815 3228 4871 alodes
3278 4816 3353 4872 de
3377 4820 3521 4891 pujo
3552 4820 3822 4888 MaleUO,

2192 4900 2291 4972 qui
2318 4900 2536 4956 ibidem
2577 4904 2682 4969 est,
2715 4904 2772 4956 et
2792 4901 3048 4971 Gomses,
3084 4906 3140 4958 et
3191 4903 3588 4978 Scurrigeres,
3649 4914 3717 4965 et
3770 4910 3831 4964 in

2191 4992 2398 5046 eadem
2449 4991 2729 5047 Cerdania
2773 4990 2833 5047 in
2871 4993 3129 5065 pluribus
3176 4995 3338 5063 locis,
3372 5013 3558 5063 casas,
3599 5006 3828 5068 curtes,

2189 5097 2322 5136 cum
2343 5082 2529 5137 vineis
2552 5087 2607 5136 el
2638 5081 2824 5141 terris.
2847 5084 2915 5139 Et
2942 5084 3002 5138 in
3029 5084 3310 5141 comitatu
3355 5088 3832 5159 Urgellitanensi

2188 5172 2419 5227 alodem
2461 5171 2557 5243 qui
2598 5171 2805 5227 dicitur
2841 5174 3077 5229 Exeduli
3134 5192 3269 5231 cum
3317 5178 3567 5233 ecclesia
3617 5180 3830 5237 Sancti

2185 5260 2494 5316 Michaelis.
2537 5262 2605 5315 Et
2642 5262 2703 5315 in
2733 5265 2916 5317 castro
2946 5264 3214 5320 Cardona
3250 5266 3487 5323 alodem
3519 5286 3713 5341 quem
3746 5272 3831 5328 di-

2184 5354 2324 5405 cunt
2350 5350 2568 5418 Pradjs,
2592 5353 2650 5406 et
2674 5352 2897 5407 caeteris
2917 5353 3072 5423 aliis;
3102 5358 3161 5409 et
3184 5355 3383 5411 alodes
3394 5358 3470 5413 de
3492 5357 3825 5417 Scorbario

2182 5454 2316 5493 cum
2345 5439 2598 5495 ecclesiis
2621 5443 2679 5494 et
2705 5441 2820 5495 suis
2851 5442 3222 5512 terminibus,
3254 5448 3314 5500 et
3341 5447 3545 5502 alodes
3568 5447 3648 5502 de
3680 5450 3828 5506 Cor-

2180 5527 2395 5582 dinello
2435 5545 2567 5585 cum
2611 5529 2849 5585 ecclesia
2889 5528 3083 5586 Sancti
3131 5532 3485 5605 Cucuphatis
3512 5552 3654 5592 cum
3689 5540 3821 5596 suis

462 5606 667 5682 hortis,
695 5609 885 5682 terris,
912 5609 1114 5684 vineis,
1145 5626 1275 5689 quae
1311 5614 1447 5670 sunt
1486 5610 1640 5669 intra
1688 5612 1981 5673 civitatem
2016 5618 2076 5675 et
2175 5615 2544 5691 torminibus,
2582 5621 2643 5678 et
2662 5620 2862 5681 alodes
2888 5619 2963 5676 de
2988 5620 3210 5696 Lagno,
3252 5624 3319 5681 et
3338 5623 3720 5686 Castrobono
3744 5629 3815 5689 in
