4012 6180
347 391 490 445 1513

1570 383 1935 442 ΕΡΙΞΤΟιιΕ
1980 385 2069 440 ET
2108 383 2516 441 DIPLOMATA

3610 399 3752 456 1514

343 512 570 565 eodem
627 510 907 566 comitatu
962 508 1103 563 alias
1151 512 1335 562 terras
1387 509 1445 559 et
1484 504 1699 559 vineas.
1745 509 1808 559 In
1849 507 2002 560 valle
2030 511 2089 569 Α
2113 523 2221 561 nec
2250 507 2323 560 ab
2349 506 2464 561 ullo
2496 506 2557 560 in
2575 507 2737 578 cujus
2758 521 2934 562 suum
2960 507 3048 560 est
3073 510 3504 569 monasterium
3527 517 3749 588 episco-

344 599 699 654 Conﬂuenti
733 599 982 663 alodem,
1024 597 1121 668 qui
1171 595 1377 650 dicitur
1406 594 1558 661 Evol,
1590 609 1720 647 cum
1750 592 1877 664 ipsa
1907 610 2001 647 sa-

348 687 496 742 lices
522 691 584 741 et
612 692 897 761 pasturas,
923 688 989 740 Et
1026 686 1085 740 in
1117 685 1322 740 eadem
1363 683 1507 737 valle
1551 682 1609 735 in
1632 681 1830 735 multis
1852 680 2003 736 locis

353 776 584 843 vineas,
620 780 683 831 et
726 776 955 832 alodem
988 774 1057 828 de
1081 774 1381 840 Sodames,
1422 774 1480 825 et
1504 770 1701 825 alodes
1730 770 1802 824 de
1826 769 2002 822 Win-

356 864 528 931 ccdo,
565 867 627 918 et
656 864 730 918 de
749 865 1028 929 Macanos,
1062 865 1120 916 et
1145 861 1377 916 alodem
1406 860 1477 914 de
1514 873 1827 930 sagamano
1855 870 2005 910 cum

359 952 613 1007 ecclesia
639 951 841 1007 Sancti
872 949 1184 1006 Clementis
1222 966 1354 1004 cum
1391 948 1506 1002 suis
1533 946 1814 1013 alodibus,
1848 945 1916 997 et
1933 943 2002 997 in

360 1040 608 1095 Soliano
641 1040 898 1107 alodem,
930 1042 988 1095 et
1008 1038 1067 1093 in
1095 1037 1441 1092 Corneliano
1472 1039 1651 1091 terras
1671 1037 1728 1088 et
1752 1033 2005 1100 vineas;

369 1132 428 1184 et
455 1129 517 1183 in
537 1127 789 1183 Arriano
818 1145 991 1195 casas,
1028 1130 1208 1180 terras
1240 1129 1298 1180 et
1325 1126 1537 1191 vineas,
1564 1126 1622 1178 et
1648 1122 1885 1177 alodem
1928 1119 2007 1175 de

371 1218 662 1285 Monsedo,
693 1219 753 1270 et
782 1213 1145 1282 Vitamarias,
1175 1199 1493 1268 et’alodem
1519 1213 1589 1267 de
1620 1207 2003 1266 Fenestredo.

362 1311 428 1363 ln
488 1308 613 1363 loco
671 1305 773 1377 qui
836 1305 1043 1359 dicitur
1090 1303 1270 1369 Bulla,
1321 1306 1504 1356 terras
1545 1304 1603 1355 et
1656 1299 1878 1366 vineas,
1944 1300 2008 1351 et

373 1413 547 1464 casas,
580 1411 712 1450 cum
748 1392 993 1448 decimis
1024 1395 1081 1448 et
1107 1390 1401 1463 primitiis.
1451 1392 1512 1445 In
1542 1388 1853 1444 Vintolano
1884 1389 2007 1441 ter-

368 1502 467 1540 ras
493 1487 549 1540 et
576 1483 795 1539 vineas.
828 1484 891 1537 In
907 1481 1280 1552 campajonos
1301 1496 1482 1547 casas,
1505 1482 1687 1534 terras
1717 1481 1774 1532 et
1800 1476 2008 1531 vineas

370 1575 510 1630 etin
532 1573 741 1646 Bippas
780 1576 991 1639 terras,
1024 1586 1181 1625 casas
1214 1572 1274 1623 et
1296 1569 1514 1624 vineas.
1548 1569 1616 1623 In
1644 1568 1884 1623 Macana
1906 1580 2004 1619 ca-

366 1680 474 1731 sas,
503 1662 714 1731 vineas,
736 1664 953 1716 terras.
969 1660 1037 1714 Et
1055 1658 1114 1713 in
1136 1657 1414 1714 comitatu
1440 1653 1867 1712 Bossolionensi
1886 1652 2008 1708 alo-

372 1752 505 1807 dem
538 1752 606 1805 de
632 1751 851 1815 Tason,
901 1751 959 1803 et
1000 1750 1238 1802 Amasos
1295 1745 1367 1801 de
1418 1745 1785 1801 Petra-calce.
1811 1745 1881 1797 Et
1938 1740 1999 1798 in

367 1841 513 1895 valle
539 1838 701 1910 Speri
732 1837 974 1892 alodem
1025 1836 1094 1891 de
1126 1834 1367 1889 Etaloris
1399 1836 1457 1889 et
1483 1833 1713 1889 alodem
1757 1832 1830 1887 de
1859 1831 1998 1887 Her-

373 1928 502 1982 mis.
537 1926 895 1982 Incomitatu
919 1922 1230 1980 Paloriensi
1258 1923 1455 1977 alodes
1487 1922 1584 1993 qui
1617 1924 1751 1975 sunt
1778 1920 1837 1974 in
1865 1921 1997 1975 Bas-

371 2015 592 2070 turcius
620 2031 751 2069 cum
777 2012 1144 2079 ecclesiis,vel
1167 2011 1282 2065 suis
1312 2010 1596 2065 alodibus.
1625 2011 1687 2063 In
1714 2009 1995 2064 comitatu

370 2102 777 2158 Bisuldunensi
829 2101 1025 2156 alodes
1083 2098 1181 2171 qui
1243 2100 1479 2153 fuerunt
1526 2098 1597 2152 de
1662 2097 1869 2165 Corbo,
1935 2099 1995 2152 et

363 2190 785 2262 Argilagarios,
856 2189 1171 2255 Valle-alta,
1237 2185 1560 2252 Juviniano,
1629 2201 1760 2239 cum
1826 2184 1991 2253 casis,

365 2279 547 2334 vineis
594 2282 653 2333 et
703 2277 905 2345 terris;
962 2277 1021 2331 in
1076 2277 1265 2332 locum
1320 2275 1418 2348 qui
1458 2274 1665 2329 dicitur
1707 2274 1990 2341 Judaicas,

369 2366 605 2421 ecclesia
660 2365 718 2420 S.
792 2365 945 2420 Petri
1003 2380 1135 2418 cum
1193 2381 1369 2430 casas,
1424 2366 1610 2417 terras
1667 2365 1725 2416 et
1774 2362 1991 2430 vineas,

367 2469 502 2508 cum
534 2453 773 2507 decimis
819 2454 876 2505 et
917 2450 1203 2523 primitiis,
1239 2454 1296 2505 et
1344 2449 1752 2516 oblationibus,
1795 2452 1852 2503 et
1879 2449 1995 2505 suis

363 2542 634 2597 terminis
664 2543 753 2595 vel
790 2541 1153 2611 adjacentiis.
1187 2542 1254 2594 Et
1284 2539 1342 2593 in
1402 2537 1694 2593 Vernedas
1746 2537 1888 2592 casis
1937 2540 1996 2591 et

282 2632 289 2637 ’
364 2631 555 2697 terris,
600 2634 658 2684 et
696 2631 928 2683 alodem
960 2630 1030 2683 de
1082 2630 1345 2700 Fulgosa,
1402 2631 1461 2682 et
1507 2627 1578 2681 de
1631 2626 1993 2694 Secundella,

365 2718 503 2773 etin
529 2718 778 2790 Aqualia
804 2720 860 2770 et
898 2717 1127 2772 alodem
1183 2716 1253 2771 de
1286 2718 1424 2787 Bag,
1483 2715 1583 2786 qui
1629 2714 1739 2768 fuit
1785 2714 1856 2768 de
1886 2715 1995 2769 Ba-

368 2808 596 2870 mardo,
634 2810 693 2861 et
725 2806 1040 2873 Porrarias,
1074 2810 1132 2860 et
1152 2805 1380 2860 alodem
1434 2804 1505 2858 de
1536 2802 1840 2857 Blacarder
1866 2819 1997 2857 cum

362 2896 570 2961 boscis,
601 2895 854 2968 pasturis
880 2897 936 2949 et
976 2894 1346 2961 molendinis,
1382 2898 1440 2948 et
1480 2892 1713 2947 alodem
1754 2892 1824 2945 de
1868 2892 2000 2946 Bra-

368 2984 487 3051 uia,
513 2988 571 3039 et
598 2984 783 3056 ipsam
806 2983 1039 3037 tertiam
1084 2986 1309 3055 partem
1343 2983 1415 3037 de
1458 2981 1593 3035 villa
1612 2980 1835 3034 Palazol
1864 2997 1996 3034 cum

363 3072 629 3126 terminis
654 3074 713 3125 et
738 3070 947 3125 finibus
973 3071 1126 3125 suis:
1160 3074 1218 3124 ct
1270 3070 1468 3125 alodes
1495 3069 1566 3122 de
1614 3069 1783 3122 Basso
1829 3071 1887 3122 et
1926 3069 1998 3123 de

2019 1880 2073 1940 B

2112 595 2234 666 pio,
2255 613 2361 651 nec
2387 597 2460 652 ab
2491 596 2606 651 alio
2632 597 2816 668 possit
2861 598 3391 668 excommunicari,
3429 606 3520 659 vel
3550 607 3745 680 aliqua

2109 684 2183 738 ad
2196 683 2471 738 eumdem
2490 684 2922 739 monasterium
2947 683 3254 754 pertinens
3266 690 3745 751 ecclesia.Statui-

2107 787 2237 825 mus
2265 772 2441 827 etiam
2469 776 2531 827 ut
2560 773 2819 844 quisquis
2854 771 3149 843 paenitens
3169 791 3204 829 a
3228 775 3531 835 liminibus
3558 785 3744 839 exclu-

2109 875 2201 913 sus
2212 861 2471 916 Ecclcsias
2490 862 2747 932 quandiu
2762 860 2843 916 ibi
2863 861 3640 928 steterit,habeatlicentiam
3657 869 3745 925 iu-

2108 948 2376 1003 troeundi
2408 952 2466 1004 et
2495 966 2670 1005 omne
2695 949 2971 1005 divinum
2994 949 3251 1028 officium
3277 955 3571 1011 audiendi.
3588 957 3739 1013 Con-

2110 1035 2367 1091 cedimus
2388 1054 2616 1109 quoque
2638 1037 2839 1093 abbati
2888 1038 2981 1091 vel
3014 1042 3337 1109 monachis,
3370 1048 3428 1098 et
3467 1045 3741 1101 omnibus

2111 1124 2277 1178 cleris
2307 1126 2379 1180 ad
2393 1126 2813 1181 monasterium
2839 1125 3301 1198 pertinentibus,
3314 1130 3610 1188 licentiam
3623 1133 3735 1188 nisi

2108 1211 2395 1266 voluerint
2437 1217 2757 1283 spontanee
2788 1215 2881 1269 vel
2924 1215 3140 1285 rogati,
3184 1217 3259 1271 ad
3298 1219 3583 1289 synodum
3618 1238 3739 1277 non

2111 1300 2306 1355 eundi.
2344 1300 2768 1357 Confirmamus
2789 1302 2981 1374 igitur
3003 1306 3061 1357 et
3086 1305 3412 1361 stabilimus
3436 1309 3649 1364 amodo
3669 1313 3734 1364 ut

2109 1389 2297 1443 nullus
2322 1406 2442 1455 rex,
2470 1390 2659 1444 nullus
2689 1390 2995 1463 princeps,
3026 1393 3214 1447 nullus
3245 1395 3737 1462 marchio,nullus

2108 1492 2323 1544 comes,
2360 1478 2549 1532 nullus
2571 1478 2771 1549 judex,
2815 1495 3017 1550 neque
3047 1480 3166 1534 ulla
3199 1496 3420 1551 magna
3443 1499 3735 1556 parvaque

2105 1580 2356 1635 persona
2387 1566 2644 1636 aliquam
2674 1566 2793 1620 vim
2820 1567 2914 1621 vel
2935 1566 3305 1622 invasionem
3327 1568 3386 1622 in
3410 1570 3616 1626 eodem
3629 1588 3737 1629 cae-

2106 1654 2281 1709 nobio
2295 1656 2395 1708 aut
2424 1654 2484 1707 in
2515 1653 2627 1708 suis
2648 1653 3032 1724 pertinentiis
3052 1655 3244 1710 facere
3268 1661 3602 1728 praesumat,
3622 1677 3731 1732 pro

2104 1756 2217 1813 quo
2239 1744 2297 1795 et
2324 1741 2429 1795 sub
2452 1739 2625 1795 divini
2645 1741 2857 1812 judicii
2876 1741 3295 1807 obtestatione,
3318 1747 3376 1797 et
3390 1746 3732 1803 anathema-

2100 1828 2171 1883 tis
2188 1828 2593 1884 interdictione
2606 1830 3062 1901 promulgantes
3073 1830 3731 1900 decernimus,utnullus

2097 1934 2354 1989 unquam
2379 1920 2710 1973 nostrorum
2736 1934 3141 1973 successorum
3167 1919 3509 1990 pontiﬁcum
3536 1940 3728 1998 neque

2096 2006 2223 2078 quis
2240 2006 2403 2060 illum
2423 2006 2693 2077 frangere
2721 2008 2936 2061 tentet.
2961 2005 3020 2060 Si
3041 2006 3166 2079 quis
3186 2011 3405 2077 autem,
3433 2011 3587 2082 quod
3604 2016 3726 2069 no'n

2096 2093 2407 2162 credimus,
2441 2110 2547 2149 nec
2573 2093 2790 2148 timens
2812 2095 3029 2162 Deum,
3059 2097 3117 2149 et
3131 2098 3396 2152 nostrum
3416 2099 3728 2172 parvipen-

2097 2182 2239 2237 dens
2261 2181 2646 2254 privilegium,
2670 2182 2831 2253 quod
2864 2182 3266 2253 concedimus,
3293 2186 3469 2242 verbo
3497 2187 3725 2245 factove

2097 2271 2460 2343 disrumpere
2480 2270 2817 2338 tentaverit,
2844 2271 3011 2326 hunc
3039 2272 3295 2345 quisquis
3309 2273 3404 2329 ille
3421 2276 3616 2345 fuerit,
3650 2278 3724 2334 de

2094 2363 2258 2431 parte
2272 2360 2373 2415 Dei
2393 2359 3148 2432 omnipotentis,sanctique
3167 2362 3288 2433 ejus
3305 2364 3549 2436 apostoli
3566 2366 3724 2423 Petri

2096 2451 2155 2502 et
2176 2452 2395 2515 nostra,
2420 2446 2518 2519 qui
2542 2447 2666 2516 ejus
2686 2446 2995 2517 fungimur
3018 2449 3159 2516 vice,
3180 2451 3609 2521 perpetuis,nisi
3627 2470 3724 2511 re-

2096 2535 2358 2607 sipuerit,
2412 2533 2809 2590 anathematis
2843 2534 3092 2591 vinculis
3126 2538 3472 2610 obligamus.
3503 2540 3563 2597 Si
3593 2543 3724 2615 quis

2098 2626 2295 2677 autem
2325 2624 2496 2694 huius
2517 2621 2699 2676 sancti
2728 2623 2988 2678 coanobii
3007 2625 3242 2696 adjutor
3271 2627 3538 2697 existens,
3558 2629 3724 2688 illum

2098 2711 2158 2765 in
2185 2727 2297 2780 quo
2326 2709 2580 2781 potuerit
2612 2709 2856 2781 elegerit
2882 2714 2944 2765 et
2971 2715 3269 2781 amaverit,
3309 2715 3403 2769 hic
3417 2715 3517 2771 Dei
3538 2722 3726 2776 omni-

2107 2799 2365 2869 potentis
2413 2798 2747 2852 interventu
2790 2800 3114 2867 apostolica
3141 2802 3396 2872 repletus
3444 2803 3725 2863 benedic-

2100 2887 2260 2941 tione
2283 2902 2541 2941 crescere
2563 2902 2621 2939 se
2670 2885 2931 2955 gaudeat
2959 2887 3019 2941 in
3060 2887 3331 2943 virtutem
3379 2889 3450 2944 de
3479 2890 3718 2950 virtute:

2104 2974 2291 3046 sitque
2322 2974 2511 3046 portio
2561 2973 2681 3043 ejus
2719 2974 3045 3043 paradisus,
3085 2976 3392 3031 haereditas
3433 2977 3583 3035 illius
3610 2983 3720 3038 Do-

2101 3062 2297 3116 minus
2316 3061 2591 3127 Christus,
2612 3075 2721 3131 pax
2744 3066 2803 3115 et
2829 3061 3149 3117 consolatio
3180 3064 3323 3135 ejus,
3354 3065 3452 3120 ubi
3483 3083 3718 3142 semper

363 3158 622 3231 Viguilar
646 3163 705 3214 et
736 3159 805 3212 de
841 3159 1125 3213 Bivocano
1156 3176 1169 3227 ;
1223 3161 1279 3212 et
1322 3159 1393 3213 de
1420 3157 1766 3226 Villalonga,
1821 3158 1878 3211 et
1927 3156 1997 3211 de
2028 3170 2074 3230 α
2101 3154 2160 3206 et
2187 3151 2467 3221 gaudium
2496 3152 2554 3204 et
2582 3149 2748 3203 dolor
2777 3151 2992 3205 nullus.

364 3248 605 3315 Pineda,
635 3251 694 3301 et
741 3247 907 3302 alode
934 3247 1003 3302 de
1039 3248 1308 3319 Bagonos
1344 3263 1356 3301 :
1387 3246 1447 3300 in
1479 3244 1757 3300 comitatu
1778 3246 1995 3299 Gerun-

363 3335 527 3390 densi
556 3336 617 3389 in
647 3336 782 3390 villa
831 3352 1004 3407 quam
1036 3336 1235 3389 dicunt
1259 3329 1504 3389 'Celiano
1532 3334 1654 3405 ipso
1705 3334 1892 3403 alode,
1939 3336 1996 3388 et

362 3424 531 3478 alode
559 3425 631 3479 de
659 3425 963 3497 Emulano.
1000 3426 1062 3478 In
1113 3424 1397 3479 comitatu
1460 3422 1761 3477 Ccrdanim
1805 3422 1994 3493 ipsum

362 3512 615 3575 alodem,
658 3514 813 3585 quod
844 3514 951 3568 fuit
976 3512 1277 3567 Gualdaldi
1328 3510 1705 3579 vicccomitis,
1730 3527 1863 3566 cum
1905 3528 1992 3567 ec—

359 3601 545 3655 clesiis
576 3602 967 3673 superpositis,
1001 3618 1129 3674 quae
1174 3600 1253 3654 ibi
1302 3604 1456 3668 sunt,
1519 3600 1634 3654 sive
1683 3599 1742 3654 in
1775 3600 1985 3668 locum,

358 3704 537 3760 quem
563 3693 772 3744 vocant
800 3691 857 3744 in
888 3692 1043 3746 Valle
1082 3692 1273 3744 vetere
1303 3689 1604 3744 ecclesiam
1633 3687 1826 3743 Sancti
1852 3690 1990 3745 Mar-

356 3776 486 3843 tini,
519 3781 576 3831 et
601 3778 792 3832 Sancti
827 3777 1125 3833 Saturnini
1158 3794 1289 3832 cum
1336 3778 1549 3832 finibus
1600 3779 1657 3831 et
1702 3777 1984 3844 terminis,

357 3865 602 3920 decimis
640 3870 701 3921 et
738 3867 1026 3938 primitiis.
1068 3868 1212 3921 Item
1261 3867 1319 3921 in
1352 3868 1498 3922 valle
1541 3866 1763 3938 Asperi,
1789 3866 1984 3922 villam

359 3969 536 4025 quam
568 3954 766 4010 dicunt
790 3956 1029 4011 Hermas
1076 3971 1209 4010 cum
1251 3955 1462 4010 ﬁnibus
1489 3957 1548 4008 et
1577 3954 1844 4010 terminis
1866 3954 1982 4009 suis

355 4056 424 4095 ac
455 4041 627 4098 silvis.
660 4045 723 4098 In
759 4044 1042 4099 Roveraso
1069 4060 1248 4111 casas,
1309 4060 1440 4098 cum
1480 4042 1649 4098 terris
1701 4046 1759 4098 et
1776 4042 1977 4111 vineis,

357 4132 419 4184 et
436 4130 680 4199 eremis;
714 4131 852 4186 item
877 4132 935 4187 in
959 4132 1308 4204 Berguitano
1330 4132 1389 4187 in
1420 4130 1554 4186 villa
1569 4132 1847 4204 Donegua
1878 4148 1891 4188 :
1919 4131 1979 4187 in

354 4219 638 4273 comitatu
659 4221 1088 4293 Empuradense
1114 4220 1345 4275 alodem
1381 4219 1452 4274 de
1480 4222 1684 4291 stagno
1711 4221 1878 4275 salso.
1912 4221 1979 4275 Et

354 4305 417 4361 in
451 4308 842 4363 Petralatense
876 4310 1107 4364 alodem
1132 4309 1203 4364 de
1237 4308 1590 4373 Castillione,
1619 4310 1677 4362 ct
1703 4310 1774 4364 de
1793 4310 1975 4365 Valle-

354 4396 515 4449 mala
544 4411 674 4451 cum
700 4397 1065 4453 terminibus.
1099 4398 1229 4451 Haec
1256 4397 1436 4468 igitur
1462 4412 1820 4470 quaecunque
1841 4398 1978 4452 dixi-

354 4499 511 4552 mus,
544 4485 627 4538 vel
654 4501 1013 4557 qnzecunque
1045 4502 1162 4539 non
1186 4484 1431 4539 dicimus
1462 4484 1682 4555 praedia
1702 4486 1974 4558 acquisita

352 4571 440 4625 vel
467 4572 817 4643 acquirenda
839 4574 908 4628 ad
933 4576 1144 4628 sanctae
1177 4573 1278 4629 Dei
1306 4568 1605 4628 Genitricis
1644 4574 1973 4630 coenobium

351 4657 415 4713 in
441 4661 587 4716 valle
613 4661 1010 4732 Rivipollensis
1029 4662 1203 4716 situm
1232 4661 1604 4734 pertinentia,
1632 4663 1971 4719 auctoritate

349 4745 434 4802 illi
464 4747 772 4803 ﬁrmantur
795 4765 829 4804 a
868 4750 1038 4805 nobis
1065 4750 1399 4823 apostolica.
1433 4749 1749 4805 Statuimus
1774 4754 1968 4806 autem

344 4837 433 4903 ut,
460 4835 696 4907 quando
719 4837 895 4891 abbas
920 4836 1094 4909 ipsius
1124 4837 1463 4892 monasterii
1514 4837 1741 4906 obierit,
1774 4854 1964 4910 neque

344 4938 382 4978 a
408 4922 663 4999 regibus,
690 4942 878 4997 neque
918 4942 951 4980 a
970 4926 1293 4995 comitibus,
1321 4942 1507 4999 neque
1533 4943 1567 4980 a
1586 4926 1968 4999 qualicunque

345 5025 599 5083 persona
626 5028 731 5083 pro
754 5013 1090 5086 cupiditate,
1123 5014 1383 5087 pecuniae
1406 5030 1594 5084 causa,
1644 5032 1832 5087 neque
1861 5032 1968 5088 pro

347 5100 608 5172 qualibet
636 5102 844 5156 favoris
872 5102 1062 5157 inanis
1086 5103 1272 5174 gloria
1300 5103 1516 5159 ibidem
1545 5104 1972 5158 constituantur

345 5188 607 5257 abbates,
640 5191 741 5245 sed
762 5192 1031 5246 acunctis
1056 5191 1137 5247 ibi
1164 5193 1235 5247 de
1262 5192 1528 5264 gentibus
1554 5192 1726 5246 servis
1755 5191 1855 5247 Dei
1886 5209 1971 5247 se-

344 5277 600 5333 cundum
630 5279 835 5349 Deum,
890 5283 949 5334 et
990 5282 1155 5353 juxta
1179 5280 1473 5336 Benedicti
1499 5280 1683 5335 Patris
1707 5281 1968 5353 regulam

342 5365 633 5438 eligantur
650 5369 915 5425 abbates.
940 5371 1156 5426 Damus
1195 5386 1426 5442 quoque
1470 5369 1766 5425 licentiam
1791 5369 1970 5441 ipsius

342 5452 452 5509 loci
482 5456 675 5512 abbati
702 5458 1026 5532 ubicunque
1048 5460 1136 5514 vel
1169 5477 1204 5515 a
1232 5459 1470 5532 qualibu
1481 5476 1734 5531 scunque
1755 5459 1970 5531 episco-

341 5542 430 5616 pis
451 5562 583 5601 suos
610 5547 848 5602 clericos
897 5548 1228 5617 ordinandi,
1256 5565 1292 5603 a
1315 5549 1699 5621 qualicunque
1724 5548 1778 5603 ei
1804 5548 1939 5603 sede

340 5631 619 5707 placuerit
628 5635 893 5693 Chrisma
909 5637 1249 5710 accipiendi,
1269 5640 1329 5695 et
1346 5641 1457 5694 uta
1473 5638 1633 5695 nullo
1661 5637 1935 5712 episcopo
1962 5659 1978 5689 ι

585 5735 828 5795 Paeon.
863 5735 1124 5797 CXXXIX.

2173 3239 2468 3310 Scriptum
2491 3254 2595 3310 per
2627 3253 2873 3293 manum
2902 3239 3193 3295 Benedicti
3220 3242 3428 3298 notarii
3450 3246 3714 3318 regiona-

2100 3327 2193 3396 rii,
2232 3332 2288 3383 et
2318 3326 2598 3383 scriniarii
2616 3330 2831 3381 sanctae
2853 3328 3133 3384 Romana:
3150 3329 3410 3387 Ecclesiae
3432 3332 3490 3388 in
3512 3351 3712 3395 mense

2096 3416 2450 3483 Novembris,
2484 3414 2804 3470 indictione
2826 3416 3076 3472 decima.

2165 3489 2319 3542 Bene
2349 3488 2555 3544 valete.

2852 3560 2924 3616 VI

2088 3647 2311 3719 Sergius
2350 3646 2444 3702 1V
2464 3661 2610 3719 papa
2639 3646 2933 3719 conﬁrmat
2980 3649 3355 3719 fumlatz‘onem
3395 3659 3712 3715 monasterii

2158 3718 2222 3801 δ.
2278 3719 2437 3801 ._P_etri
2467 3717 2896 3789 ’Fcnz'liotensis,
2955 3717 3007 3776 et
3069 3721 3202 3776 bona
3262 3724 3334 3779 ad
3384 3728 3529 3785 illud
3588 3746 3706 3801 spe-

2158 3793 2386 3846 ctantz’a.

2682 3856 2880 3930 (Anno
2924 3862 3108 3933 10H.)

2192 3948 2610 4020 [COCQUELINES,
2658 3944 2876 4002 Bullar.
2912 3948 3075 4019 ampl.
3119 3949 3342 4019 collect.,
3368 3952 3410 4020 Ι,
3437 3953 3586 4025 314.]

2152 4038 2387 4094 SERGIUS
2411 4036 2734 4108 episcopus,
2764 4051 2960 4090 servus
2987 4053 3283 4093 servorum
3314 4039 3437 4095 Dei.

2154 4127 2213 4182 Si
2244 4127 2450 4183 domus
2476 4122 2971 4179 excellentissima:
3002 4126 3404 4196 speculatiouis
3446 4128 3687 4186 sanctis-

2083 4215 2246 4271 sima:
2289 4214 2489 4270 matris
2532 4215 2746 4267 nostra:
2777 4211 3042 4267 Ecclesia:
3099 4212 3459 4285 impellimur
3480 4234 3687 4280 curam

2082 4307 2367 4375 satagere,
2401 4304 2460 4357 et
2486 4302 2558 4356 ob
2590 4298 2844 4354 studium
2873 4298 3049 4354 divini
3078 4302 3261 4357 cultus
3278 4319 3382 4375 pro
3402 4304 3685 4378 religione

2077 4408 2375 4449 sacrorum
2423 4391 2682 4445 locorum
2714 4403 3128 4459 promovemur
3147 4392 3524 4463 praecogitare
3553 4394 3685 4451 illo-

2077 4496 2209 4536 rum
2241 4478 2661 4534 sublimitatem
2693 4478 2865 4547 atque
2904 4476 3297 4546 stabilitatem,
3340 4483 3404 4534 ut
3425 4481 3530 4536 soli
3562 4483 3679 4540 Deo

2075 4568 2373 4625 servitium
2405 4567 2634 4620 valeant
2661 4564 3069 4619 habitantesin
3093 4566 3515 4639 eaimpendere
3534 4587 3548 4638 ;
3570 4571 3682 4629 hoc

2073 4658 2242 4714 nobis
2264 4658 2430 4713 decet
2457 4655 2553 4727 pio
2586 4654 2783 4709 labore
2820 4669 3163 4723 assuescere,
3192 4660 3257 4711 ut
3275 4657 3472 4713 anime
3522 4659 3683 4717 Chri-

2072 4750 2160 4803 sto
2183 4748 2407 4813 dicatm,
2441 4761 2568 4816 quae
2596 4760 2655 4798 se
2685 4742 2744 4796 in
2769 4742 2971 4797 diebus
2999 4742 3132 4799 vita:
3163 4743 3397 4802 illorum
3420 4749 3678 4808 servituti

2070 4835 2569 4899 contradiderunt,
2612 4833 3003 4904 perseverent,
3034 4832 3139 4887 sub
3172 4833 3295 4903 ejus
3327 4835 3534 4891 militia
3562 4838 3675 4894 im-

2069 4924 2443 4999 perturbatae,
2467 4938 2572 4976 nec
2590 4937 2709 4975 non
2739 4923 2797 4974 et
2811 4919 2907 4974 illa
2932 4918 3045 4974 illic
3059 4924 3337 4976 maneant
3362 4940 3467 4996 per
3478 4928 3676 4980 aucto-

2067 5015 2302 5069 ritatem
2331 5014 2541 5066 nostrae
2572 5008 2721 5063 sedis
2766 5008 3115 5080 apostolicae,
3149 5011 3486 5067 auctoritate
3508 5013 3677 5069 nobis

2070 5118 2359 5167 concessa,
2376 5100 2479 5154 sub
2502 5099 2623 5169 ejus
2636 5096 2923 5164 videlicet,
2952 5098 3113 5169 cujus
3142 5096 3508 5152 nosfruimur
3526 5098 3671 5169 vice,

2069 5191 2182 5245 fide
2213 5193 2378 5245 tenus
2417 5188 2608 5255 ﬁrma,
2667 5202 2794 5258 qua:
2847 5185 3032 5240 votive
3063 5202 3097 5240 a
3126 5183 3438 5240 Christanis
3480 5184 3540 5241 in
3572 5187 3674 5244 Dei

2069 5278 2336 5336 laudibus
2380 5274 2705 5331 contradita
2762 5277 2914 5329 sunt.
2947 5273 3126 5343 Igitur
3154 5269 3424 5327 omnibus
3452 5272 3675 5345 episco-

2071 5368 2180 5443 pis,
2233 5364 2492 5432 ducibus,
2547 5362 2876 5429 comitibus,
2904 5363 2980 5419 et
3004 5362 3217 5414 sach
3270 5359 3373 5414 Dei
3412 5361 3676 5421 Ecclesiae

2072 5454 2418 5530 primatibus
2438 5451 2819 5525 prmsentibus
2839 5447 3054 5503 scilicet
3073 5448 3131 5501 et
3158 5444 3366 5502 futuris
3388 5447 3677 5525 ﬁdelibus,

2077 5549 2283 5604 notum
2305 5560 2426 5599 esse
2445 5543 2705 5599 volumus
2734 5536 2870 5610 quia
2901 5535 3143 5590 dilectus
3165 5536 3225 5589 et
3241 5536 3505 5608 specialis
3532 5539 3683 5600 illius

2082 5636 2277 5693 noster
2290 5631 2615 5690 Bernardus
2631 5641 2826 5685 comes
2833 5622 3120 5699 gloriosus
3145 5624 3431 5699 suggessit
3451 5631 3689 5701 aposto.

3414 5724 3516 5785 ,48
