4028 6186
475 370 609 423 151ξῖ

1840 360 2067 421 SERGH
2105 355 2172 420 IV
2211 357 2412 422 ΡΛΡᾸΞ

3604 373 3712 427 1516

475 489 593 545 atui
624 491 820 545 nostro
848 488 1002 560 quod
1033 489 1090 542 iu
1113 489 1388 543 comitatu
1419 487 1737 543 Feniolensi
1772 489 1947 542 vellet
1976 504 2072 542 se-
2094 490 2150 550 A
2246 489 2536 562 Scriptum
2576 508 2679 563 per
2730 507 2966 547 manum
3010 491 3300 548 Benedicti
3334 491 3534 548 notarii
3561 492 3721 564 regio-

474 578 696 632 undum
753 576 1177 631 institutionem
1230 577 1529 632 canonica:
1561 573 1924 630 auctoritatis
1956 589 2076 627 mo-

477 665 791 720 nasterium
819 668 1151 719 construere
1208 665 1264 718 in
1294 666 1544 737 quodam
1587 663 2072 728 venerabililoco,

475 754 568 824 qui
592 756 676 806 est
696 756 1058 806 consecratus
1082 753 1373 808 inhonorc
1406 753 1587 806 sancti
1623 752 1774 808 Petri
1807 749 2074 822 apostoli,

473 841 790 912 deprecans
810 845 871 894 ut
901 841 1055 896 idem
1079 842 1499 896 monasterium
1520 844 1732 895 nostrae
1751 839 2077 911 apostolicae

470 929 879 1000 prmoeptionis
907 930 1266 985 muniremus
1293 929 1612 1001 privilegio.
1649 929 1822 1000 Cujus
1847 926 2079 999 petitio-

474 1033 610 1071 nem
633 1018 914 1072 salubrius
940 1019 1013 1072 ob
1039 1035 1300 1072 amorem
1316 1018 1418 1072 Dei
1445 1018 1763 1090 adimplere
1785 1015 2081 1070 studentes

475 1105 840 1160 decernimus
861 1121 963 1175 per
984 1106 1152 1176 hujus
1178 1106 1356 1161 nostri
1392 1105 1672 1176 privilegii
1709 1103 2079 1175 dignitatem,

479 1196 538 1245 ut
570 1193 766 1247 omnia
801 1209 926 1264 qua:
969 1193 1284 1264 antiquitus
1321 1194 1709 1264 cuiuscunque
1758 1189 1988 1263 generis
2023 1189 2080 1242 in

477 1282 682 1335 eodem
719 1283 902 1336 votive
951 1280 1275 1336 contradita
1300 1285 1432 1336 sunt
1462 1283 1612 1347 loco,
1669 1281 1782 1334 sive
1834 1278 2076 1350 praedia,

478 1369 592 1422 sive
626 1370 683 1422 in
722 1369 980 1428 decimis.
1013 1370 1124 1424 sive
1182 1369 1236 1422 in
1263 1369 1551 1440 primitiis,
1601 1369 1713 1421 sive
1767 1368 1824 1421 in
1864 1365 2085 1420 caeteris

480 1457 960 1511 redhibitionibus
981 1458 1392 1523 eeclesmsticis,
1418 1457 1753 1528 perenniter
1779 1459 2083 1526 pers13tere

475 1545 674 1616 jubein
687 1561 747 1598 us
767 1545 979 1599 ibidem
999 1546 1322 1614 mancipata
1342 1544 1548 1612 alodia,
1566 1546 1650 1599 vel
1670 1559 1795 1614 quae
1815 1543 2087 1615 praefatus

483 1648 678 1686 comes
707 1633 764 1685 in
797 1632 1002 1687 eodem
1032 1633 1309 1701 subrogat
1340 1633 1487 1698 loco,
1521 1631 1609 1686 vel
1639 1648 1766 1703 quae
1801 1630 2084 1686 moderno

483 1719 750 1775 videntur
778 1722 849 1774 ad
871 1721 1143 1775 eumdem
1161 1723 1349 1774 locum
1368 1726 1632 1793 tempore
1649 1719 1961 1792 pertinere,
1985 1735 2088 1791 per

2177 579 2346 646 narii,
2385 585 2443 636 et
2502 581 2780 637 scriniarii
2844 585 3055 637 sanctae
3078 582 3347 637 Romanas
3387 581 3639 648 Ecclesia,
3676 582 3718 636 in

2177 686 2378 724 mense
2406 672 2763 736 Novembris,
2805 671 3120 727 indictione
3143 671 3387 726 decima.

2252 759 2404 814 Bene
2432 762 2636 816 valete.

2916 852 3029 908 VII.

2249 954 2432 1029 Sergiz'
2477 955 2569 1010 IV
2615 973 2770 1028 papae
2817 956 3164 1027 privilegium
3215 973 3317 1029 pro
3385 958 3671 1013 monasteria

2789 1043 3151 1114 Canigonensi
3167 1086 3182 1099 .

2751 1155 2972 1218 (Anno
3018 1152 3218 1222 1011.)

2616 1257 2991 1327 [CocoUELm.,
3021 1261 3064 1311 t.
3086 1258 3196 1328 l,p.
3215 1257 3362 1327 315.]

2258 1363 2488 1418 SERGIUS
2518 1363 2838 1436 episcopus,
2871 1380 3065 1418 servus
3091 1377 3385 1417 servorum
3417 1362 3528 1416 Dei.

2259 1450 2542 1516 Quoniam
2571 1451 2761 1506 divina
2781 1455 3074 1506 annuente
3107 1451 3318 1522 pietate
3358 1450 3543 1505 sedula
3567 1454 3726 1507 mosin

2188 1540 2397 1594 nostris
2428 1541 2942 1613 prmdecessoribus
2977 1541 3193 1595 exstitit
3233 1541 3516 1612 prosperis
3541 1541 3634 1595 sive
3657 1541 3728 1595 ad-

2187 1629 2360 1682 versis
2386 1629 2648 1683 omnium
2681 1629 2984 1683 hominum
3018 1629 3350 1700 diligentius
3377 1631 3608 1701 vigilare,
3628 1630 3727 1683 etin

2190 1718 2626 1772 necessitatibus
2654 1719 2977 1785 subvenire,
3011 1735 3124 1790 quo
3153 1720 3372 1774 malum
3400 1719 3456 1773 in
3484 1719 3650 1775 animo
3667 1736 3731 1774 re-

483 1808 635 1862 hanc
653 1809 832 1862 nostri
853 1809 1131 1880 privilegii
1154 1809 1556 1863 auctoritatem
1580 1809 1638 1862 in
1661 1808 2086 1880 przenominato
2112 1801 2165 1860 B
2191 1823 2382 1861 secare
2423 1807 2726 1879 possimus,
2759 1807 2978 1861 bonum
3012 1823 3146 1862 vero
3194 1810 3514 1878 apostolicis
3545 1809 3728 1864 benedi-

486 1896 866 1968 subrogamus
887 1899 1011 1952 loco
1038 1915 1051 1964 ;
1072 1914 1318 1967 quorum
1337 1897 1576 1951 nomina
1593 1900 1727 1952 sunt
1751 1897 1874 1951 haec
1889 1913 1901 1950 :
1917 1896 2092 1951 eccle-

489 1985 634 2038 siam
670 1988 893 2040 Sancta:
934 1986 1119 2039 Mariae
1155 1985 1224 2039 de
1253 1986 1426 2052 Valle,
1461 1988 1518 2040 et
1549 1985 1850 2040 ecclesiam
1883 1985 2084 2040 Sancti

485 2073 752 2128 Andreae.
785 2077 843 2128 et
871 2074 1170 2128 ecclesiam
1202 2074 1394 2128 Sancti
1426 2074 1650 2128 Martini
1689 2075 1759 2128 de
1796 2074 1927 2128 villa
1959 2075 2086 2129 Pri-

487 2161 710 2229 nianas,
734 2165 792 2216 et
821 2162 1120 2216 ecclesiam
1160 2162 1354 2216 Sancti
1381 2162 1574 2217 Jacobi
1607 2179 1736 2217 cum
1770 2162 2006 2217 decimis
2037 2166 2094 2217 et

486 2252 778 2323 primitiis,
811 2255 867 2307 et
916 2252 1136 2319 alodiis,
1170 2252 1653 2307 redhibitionibus
1679 2252 1929 2319 illarum,
1963 2253 2094 2307 hac-

487 2344 656 2396 tenus
685 2345 743 2396 et
762 2340 1018 2395 alodium
1051 2341 1120 2395 de
1143 2340 1272 2396 villa
1292 2341 1568 2395 Archauis
1612 2358 1744 2396 cum
1802 2341 2092 2411 terminis,

488 2432 547 2483 et
599 2430 806 2482 ﬁnibus
858 2428 992 2494 suis,
1024 2445 1232 2498 nempe
1284 2433 1338 2481 et
1369 2429 1623 2483 alodium
1676 2429 1832 2500 quod
1863 2430 2085 2484 Wadal-

486 2519 572 2570 lus
611 2517 681 2570 de
712 2516 918 2570 eodem
947 2517 1071 2570 loco
1101 2517 1277 2570 abbas
1317 2517 1374 2569 in
1408 2517 1537 2570 villa
1568 2516 1625 2570 S.
1664 2517 1861 2572 Felicis
1892 2519 2091 2590 acqui-

486 2603 615 2658 sivit
643 2603 756 2658 sive
808 2619 912 2673 per
974 2607 1261 2674 parentes,
1321 2604 1434 2658 sive
1479 2621 1582 2674 per
1625 2606 2088 2679 qualemcunque

485 2709 682 2747 vocem
715 2709 727 2746 :
760 2692 1025 2746 similiter
1056 2696 1112 2746 et
1143 2691 1396 2747 alodium
1429 2693 1499 2748 de
1522 2693 1652 2748 villa
1683 2695 1996 2766 Regulella,
2021 2701 2080 2751 et

486 2781 640 2852 quod
676 2781 906 2834 Pontius
930 2781 1108 2835 frater
1125 2781 1250 2851 jam
1264 2781 1396 2836 dicti
1411 2781 1634 2836 abbatis
1658 2781 1872 2838 ibidem
1900 2785 2083 2841 votive

483 2869 834 2939 subrogavit.
875 2869 1003 2922 Haec
1034 2868 1233 2923 omnia
1264 2869 1480 2940 praedia
1509 2885 1682 2940 supra
1719 2871 2024 2928 nominata
2055 2891 2089 2929 a

483 2958 749 3012 ﬁdelibus
771 2957 850 3011 ibi
874 2958 1100 3023 collata,
1124 2957 1213 3012 vel
1258 2974 1385 3028 quae
1417 2957 1686 3030 deinceps
1740 2959 1956 3014 fuerint
1991 2977 2084 3016 ac-

422 3089 424 3092 ν
482 3046 693 3118 quisita
721 3063 852 3100 cum
881 3046 1090 3101 eodem
1138 3047 1494 3101 monasterio
1547 3048 1648 3102 sub
1706 3052 1916 3103 sancta:
1974 3051 2083 3104 Ro-

481 3151 672 3190 manae
709 3136 970 3189 Ecclesiae
1002 3139 1061 3189 et
1092 3139 1301 3190 nostra:
1333 3136 1484 3189 sedis
1517 3138 1844 3208 apostolica:
1878 3139 2084 3209 recipi-

479 3239 608 3277 mus
640 3223 984 3288 munimine,
1027 3223 1136 3276 hoc
1185 3226 1502 3277 statuentes
1533 3227 1594 3277 ut
1627 3224 1898 3297 deinceps
1929 3227 2087 3281 nulla

480 3328 738 3383 unquam
769 3313 1074 3380 subrogata
1099 3327 1348 3382 persona
1365 3312 1667 3382 przefatam
1691 3313 1990 3368 ecclesiam
2007 3318 2087 3368 at-

480 3416 593 3470 que
626 3399 1044 3453 monasterium
1075 3415 1206 3453 cum
1232 3400 1345 3454 suis
1379 3401 1646 3455 omnibus
1671 3419 1844 3472 supra
1875 3403 2082 3457 taxatis

481 3488 584 3541 sub
605 3487 737 3556 jure
762 3486 995 3540 alterius
1010 3487 1261 3540 ecclesiae
1275 3504 1406 3540 eam
1436 3489 1748 3559 subjugare
1771 3495 2086 3560 praesumat

483 3591 677 3645 neque
709 3575 945 3646 placitos
966 3574 1242 3644 publicos,
1265 3576 1379 3630 sive
1397 3593 1498 3648 per
1511 3577 1844 3646 homicidia,
1867 3581 1956 3634 vel
1978 3597 2084 3652 pro

481 3663 869 3734 cujuscunque
899 3663 1066 3734 culpa
1095 3663 1279 3718 valeat
1305 3681 1583 3736 peragere
1607 3667 1695 3721 vel
1722 3667 2086 3723 functionem

483 3751 599 3806 sive
621 3753 941 3823 temporale
957 3751 1249 3806 servitium
1271 3769 1337 3806 ex
1361 3754 1567 3809 eodem
1594 3757 1946 3812 monasterio
1978 3757 2091 3812 exi-

486 3857 651 3914 gere;
685 3840 784 3895 sed
813 3840 981 3895 liceat
1030 3841 1225 3895 abbati
1263 3842 1528 3914 praefato,
1568 3847 1625 3898 et
1663 3845 2089 3901 successoribus

487 3929 602 3986 suis
629 3931 734 3984 sub
761 3933 971 3984 nostra:
1011 3931 1384 3985 institutionis
1404 3931 1634 3987 servitio
1657 3933 1848 4005 quiete
1877 3936 2088 4003 vivere,

489 4037 596 4076 nec
624 4021 854 4075 licentia
884 4021 954 4074 sit
980 4021 1244 4092 cuiquam
1260 4038 1488 4092 magna:
1503 4039 1807 4094 parvaeque
1828 4040 2091 4095 personae

489 4128 559 4167 ex
587 4111 709 4181 ejus
760 4111 931 4165 rebus
954 4109 1338 4182 omnibusque
1364 4110 1436 4163 ad
1495 4127 1626 4166 eum
1667 4113 2093 4183 pertinentibus

492 4201 697 4256 exinde
713 4201 961 4267 auferre,
977 4199 1078 4254 sed
1100 4199 1377 4254 omniain
1407 4200 1614 4255 eodem
1645 4202 1770 4258 loco
1790 4219 1896 4273 per
1909 4203 2095 4259 nostri

489 4289 770 4363 privilegii
797 4288 1199 4344 auctoritatem
1220 4288 1553 4359 perenniter
1572 4295 1850 4345 maneant
1867 4291 2090 4351 dotata.

2109 3085 2156 3148 C

2190 1895 2476 1950 ctionibus
2504 1895 2882 1949 corroborare
2908 1900 3296 1967 :quaprOpter
3328 1914 3448 1964 nos,
3469 1898 3556 1969 qui
3574 1913 3728 1951 eorum

2191 1982 2761 2054 gestamusinfulam,
2781 1983 3011 2037 illorum
3034 1985 3230 2055 utique
3263 1987 3516 2040 volumus
3545 1986 3730 2055 vestigia

2193 2071 2373 2141 sequi,
2404 2075 2465 2126 ut
2497 2087 2699 2126 omnes
2720 2071 2979 2125 videlicet
3005 2071 3272 2127 homines
3295 2074 3398 2128 sub
3419 2075 3604 2130 nostris
3625 2079 3731 2128 tem-

2193 2161 2426 2233 poribus
2447 2176 2481 2213 a
2512 2160 2627 2215 Deo
2648 2159 2914 2214 constitui
2939 2161 3252 2231 gaudeant,
3287 2167 3345 2216 et
3358 2164 3469 2217 Deo
3482 2163 3730 2217 auxiliante

2192 2249 2526 2322 perenniter
2553 2264 2770 2302 nomen
2807 2252 2980 2302 tantae
3004 2248 3304 2320 dignitatis
3328 2251 3512 2314 decus,
3537 2254 3588 2304 et
3617 2267 3733 2304 com-

2193 2339 2366 2392 moda
2391 2337 2599 2392 ferant.
2634 2336 2766 2391 ldeo
2799 2336 2933 2407 quia
2977 2335 3198 2392 Christo
3231 2337 3591 2394 distribuente
3616 2340 3733 2394 Petri

2193 2425 2468 2498 principis
2501 2425 2894 2497 apostolorum
2925 2425 3108 2481 vicem
3145 2430 3460 2498 gestamus,
3492 2429 3586 2482 hoc
3612 2427 3729 2498 quod

2190 2515 2431 2570 facimus
2482 2515 2880 2569 inconvulsum
2932 2531 3171 2570 manere
3225 2518 3505 2583 volumus,
3534 2521 3587 2571 ut
3609 2517 3733 2570 nulla

2189 2603 2405 2659 laicalis
2432 2620 2681 2675 persona
2726 2620 2826 2657 seu
2879 2603 3286 2676 episcoporum
3321 2608 3409 2660 vel
3453 2605 3732 2660 clericorum

2192 2692 2402 2746 nostris
2461 2692 2648 2746 obstet
2696 2691 2996 2763 praeceptis
3044 2695 3144 2746 aut
3191 2694 3555 2761 contradicat,
3611 2708 3669 2745 ne
3688 2690 3729 2743 in

2187 2780 2382 2835 multis
2407 2780 2904 2834 maledictionibus
2925 2780 3203 2836 incurrat.
3234 2782 3417 2853 Igitur
3435 2782 3557 2853 quia
3577 2781 3725 2852 postu-

2187 2869 2343 2924 lastis
2375 2886 2408 2923 a
2437 2868 2623 2935 nobis,
2672 2867 2938 2922 Guifrede
2982 2868 3186 2924 dilecte
3245 2887 3458 2937 comes,
3498 2873 3726 2942 quatenus

2187 2957 2486 3012 ecclesiam
2526 2959 2707 3012 sancti
2735 2957 2956 3012 Martini
2977 2958 3078 3012 tibi
3097 2960 3556 3024 concederemus,
3576 2963 3625 3013 ut
3648 2974 3726 3030 pro

2187 3049 2419 3100 tuorum
2437 3050 2827 3117 peccatorum,
2858 3046 2975 3100 sive
2999 3050 3232 3102 tuorum
3255 3053 3554 3119 parentum
3578 3046 3733 3101 remis-

2184 3134 2346 3190 sione
2375 3134 2435 3188 in
2467 3151 2535 3188 ea
2564 3136 2982 3189 monasterium
3017 3136 3257 3204 faceres,
3288 3140 3348 3190 et
3377 3136 3444 3191 de
3474 3137 3571 3190 tuis
3596 3134 3732 3205 siqui-

2187 3223 2321 3278 dem
2362 3222 2590 3295 praediis
2611 3222 2693 3276 illi
2725 3227 2936 3277 sanctae
2967 3225 3232 3278 Ecclesiae
3255 3225 3734 3290 concederes;hac,

2186 3312 2547 3367 charisssime
2580 3311 2658 3365 fili
2692 3311 2890 3381 petitio
2922 3312 3089 3366 nobis
3119 3313 3278 3368 bona
3321 3305 3550 3379 videtur,
3594 3315 3642 3365 et
3661 3327 3735 3364 an-

2188 3417 2339 3455 nuen
2348 3404 2402 3455 te
2432 3414 2659 3454 summo
2676 3401 2829 3472 Rege
2843 3399 2999 3454 illam
3014 3403 3320 3472 praefatam
3341 3402 3616 3458 ecclesiam
3632 3415 3732 3454 cum

2189 3488 2834 3560 omnibuspertinentiis
2848 3488 2950 3543 tibi
2967 3489 3366 3560 concedimus,
3380 3495 3437 3545 et
3465 3488 3735 3562 apostolica

2189 3578 2528 3632 auctoritate
2559 3578 2990 3644 confirmamus,
3016 3580 3073 3632 et
3089 3594 3220 3633 eam
3255 3579 3314 3634 in
3349 3584 3653 3652 perpetuam
3675 3575 3736 3628 in-

2189 3669 2521 3722 convulsam
2552 3683 2791 3721 manere
2834 3667 3143 3722 sancimus.
3179 3668 3572 3735 Concedimus,
3598 3666 3732 3720 etiam

2190 3756 2503 3827 praelibatae
2531 3756 2783 3812 ecclesia:
2814 3760 2878 3810 ut
2908 3773 3210 3828 nunquam
3234 3757 3495 3813 obnoxia
3524 3755 3586 3810 sit
3603 3751 3734 3808 servi-

2189 3844 2299 3898 tuti
2333 3843 2586 3912 alterius,
2613 3861 2844 3915 semper
2869 3843 2942 3898 sit
2970 3845 3153 3900 libera
3187 3849 3245 3900 et
3269 3845 3582 3919 apostolicis
3607 3841 3733 3914 privi-

2154 3933 2357 4010 .legiis
2419 3935 2687 4000 exaltata,
2746 3948 2848 4004 per
2871 3935 2959 4004 {se
3016 3933 3077 3988 in
3126 3951 3314 3990 aevum
3346 3937 3565 3990 maneat
3607 3928 3733 3985 subli-

2192 4027 2371 4078 mata.
2404 4022 2554 4086 Quas
2605 4025 2802 4077 autem
2857 4022 3244 4094 possessiones
3310 4027 3409 4078 aut
3452 4020 3641 4095 praedia
3662 4032 3733 4070 seu

2191 4111 2446 4167 conﬁnia
2474 4128 2607 4166 cum
2651 4111 2765 4167 suis
2800 4111 3064 4167 omnibus
3113 4112 3482 4182 pertinentiis
3504 4111 3731 4177 rebusque

2193 4200 2411 4258 cunctis
2432 4217 2610 4272 usque
2629 4201 2740 4254 huc
2761 4199 3070 4272 acquisitis,
3093 4201 3252 4256 villas
3267 4201 3499 4267 scilicet,
3521 4195 3730 4254 ecclesias

2192 4307 2322 4346 cum
2353 4291 2584 4345 illarum
2614 4289 2996 4361 pertinentiis,
3028 4290 3352 4360 parochias,
3392 4289 3734 4354 fundos,casas

492 4381 872 4437 Coneedimus
900 4379 1074 4433 etiam
1104 4378 1343 4449 praefato
1359 4378 1550 4433 abbati
1573 4383 1632 4433 et
1668 4382 2090 4437 successoribus
2112 4374 2167 4435 D
2192 4381 2425 4446 casales,
2444 4378 2705 4445 costales,
2734 4381 2914 4433 terras
2939 4378 3118 4432 cultas
3135 4379 3221 4433 vel
3251 4379 3510 4444 incultas,
3531 4387 3734 4444 campos,

491 4471 605 4524 suis
632 4470 883 4524 chrisma
913 4468 982 4522 de
1010 4481 1350 4539 quacunque
1374 4467 1508 4522 sede
1531 4468 1653 4538 ejus
1683 4469 1967 4539 placuerit
1999 4488 2090 4526 re-

492 4558 624 4630 cipi,
652 4559 737 4611 vel
770 4557 1002 4611 clericos
1038 4572 1238 4610 eorum
1275 4555 1601 4613 ordinandi.
1632 4557 1689 4611 Si
1716 4558 1841 4629 quis
1870 4562 2090 4628 autem,

491 4647 645 4719 quod
673 4663 788 4701 non
811 4649 1100 4715 optamus,
1115 4644 1334 4699 nefario
1359 4661 1497 4699 ausu
1516 4647 1950 4716 praesumpserit
1969 4649 2091 4704 hinc

491 4751 620 4806 quae
648 4751 680 4788 a
710 4734 874 4789 nobis
900 4734 958 4786 in
987 4733 1192 4787 eodem
1213 4736 1409 4787 sancto
1434 4733 1559 4788 loco
1573 4751 1842 4790 concessa
1857 4740 2010 4801 sunt,
2033 4740 2092 4792 et

489 4839 526 4879 ει
549 4823 716 4878 nobis
741 4837 842 4891 pro
873 4822 1180 4876 stabilitate
1204 4823 1327 4893 jam
1351 4821 1483 4877 dicti
1517 4823 1849 4878 monasterii
1880 4828 2092 4880 statuta

488 4916 642 4981 sunt,
675 4911 990 4982 refragare',
1041 4913 1140 4963 aut
1194 4911 1253 4962 in
1309 4927 1603 4983 quoquam
1659 4914 2094 4983 praesumpserit

485 4999 835 5071 transgredi,
866 4997 1003 5052 sciat
1033 5015 1090 5051 se
1122 4997 1307 5053 nostri
1335 4999 1720 5054 anathematis
1748 5000 1972 5055 vinculo
2009 5002 2093 5056 in-

487 5091 790 5156 nodatum,
849 5091 907 5142 et
952 5103 1084 5140 cum
1139 5086 1392 5154 diabolo,
1436 5092 1493 5142 et
1550 5089 1673 5158 ejus
1715 5090 2090 5145 atrocissimis

485 5181 712 5253 pompis
769 5181 939 5249 atque
966 5175 1112 5230 .luda
1143 5175 1420 5230 traditore
1455 5177 1689 5231 Domini
1722 5179 1904 5233 nostri
1958 5181 2087 5234 Jesu

487 5270 709 5325 Christu
737 5266 937 5323 arterni
975 5264 1222 5320 incendii
1264 5265 1540 5335 supplicio
1567 5269 2083 5323 concremandum.

484 5361 555 5414 At
579 5375 711 5414 vero
742 5357 837 5429 qui
854 5357 947 5428 pio
964 5354 1176 5409 intuitu
1193 5353 1524 5408 observator
1544 5353 1599 5406 in
1630 5355 1901 5412 omnibus
1919 5357 2084 5410 exsti-

481 5448 636 5514 terit,
669 5445 993 5502 custodiens
1027 5444 1196 5515 hujus
1224 5441 1959 5514 nostriprivilegiistatuta,
1984 5447 2087 5500 be-

480 5534 820 5593 nedictionis
838 5535 1082 5606 gratiam
1098 5550 1131 5587 a
1151 5531 1682 5587 misericordissima
1700 5532 1942 5588 Domino
1966 5535 2083 5589 Deo

476 5628 672 5681 nostro
706 5622 1097 5692 multipliciter
1125 5625 1509 5693 consequatur
1527 5619 1974 5676 etvitzezeternze
1997 5624 2079 5676 ef-

473 5713 562 5773 ﬁci
592 5714 884 5779 mereatur
904 5710 1186 5786 particeps
1201 5711 1256 5765 in
1275 5710 1828 5768 sacculaszeculorum
1845 5712 2077 5768 .Amen.

2193 4471 2381 4532 silvas,
2402 4468 2617 4535 vineas,
2636 4471 2822 4540 prata,
2841 4483 3117 4539 pecorum
3148 4484 3380 4540 pascua,
3409 4467 3735 4530 areas,torcu-

2192 4559 2354 4627 laria,
2386 4574 2584 4630 aquas,
2626 4573 2908 4628 aquarum
2958 4556 3180 4624 ductus,
3216 4558 3335 4614 vias
3397 4552 3730 4614 molendinas,

2193 4646 2651 4703 molendinarios
2679 4662 2811 4701 cum
2857 4645 2970 4701 suis
3025 4647 3383 4718 caputaquis,
3431 4649 3487 4699 et
3535 4641 3736 4715 piscato'

2193 4736 2312 4804 riis,
2335 4751 2464 4790 cum
2479 4735 2690 4801 salinis,
2715 4738 2773 4789 et
2791 4734 3030 4790 clibanis
3046 4734 3243 4805 piceis,
3268 4735 3465 4790 omnia
3484 4727 3733 4804 acquisita.

2191 4826 2280 4879 vel
2329 4824 2683 4896 acquirenda
2738 4822 2932 4878 Sancti
2979 4823 3206 4878 Martini
3259 4822 3510 4878 cuinobio
3539 4821 3590 4875 in
3622 4815 3732 4869 valle

2194 4915 2519 4970 Continenti
2543 4915 2602 4969 in
2625 4918 2823 4970 monte
2841 4912 3225 4984 Canigonensi
3248 4913 3306 4967 in
3337 4928 3474 4986 pace
3494 4914 3678 4970 tenere,
3694 4906 3736 4956 et

2192 5002 2485 5073 possidere
2514 5001 2637 5056 sine
2667 5003 2902 5072 alicujus
2926 5001 3338 5073 inquietudinis
3361 5002 3563 5055 damno
3586 4995 3736 5049 decre-

2189 5092 2392 5146 vimus.
2429 5091 2744 5146 Statuimus
2773 5094 2968 5146 autem
3016 5095 3096 5156 ut,
3147 5090 3380 5162 quando
3413 5088 3574 5143 abbas
3601 5081 3734 5154 ipsius

2187 5179 2526 5235 monasterii
2557 5179 2782 5246 obierit,
2818 5195 3004 5251 neque
3029 5180 3323 5250 aregibus,
3340 5193 3520 5250 neque
3540 5191 3570 5228 ει
3599 5165 3734 5224 comi-

2187 5270 2359 5335 tibus,
2393 5285 2579 5341 neque
2608 5286 2641 5324 a
2670 5269 3052 5341 qualicunque
3089 5285 3335 5341 persona
3359 5260 3733 5339 cupiditatispe-

2189 5357 2370 5412 cunia:
2392 5375 2581 5424 causa,
2617 5375 2803 5429 neque
2823 5374 2936 5428 pro
2957 5358 3336 5429 qualicunque
3368 5353 3565 5410 favoris
3583 5344 3728 5404 inanis

2186 5446 2372 5517 gloria
2393 5445 2608 5500 ibidem
2634 5447 3060 5502 constituantur
3095 5446 3362 5512 abbates;
3398 5433 3728 5497 sedacunctis

2188 5534 2401 5589 ibidem
2426 5534 2766 5606 degentibus
2780 5535 2958 5589 servis
2969 5534 3068 5589 Dei
3085 5533 3397 5589 secundum
3419 5532 3584 5585 Deum
3601 5524 3727 5595 juxll

2189 5623 2480 5678 Benedicti
2512 5623 2694 5677 Patris
2725 5623 2990 5694 regulam
3025 5623 3312 5694 eligantur
3351 5619 3588 5674 abbates.
3617 5610 3727 5665 Con-

2186 5712 2487 5768 ﬁrmamus
2533 5729 2694 5785 ergo,
2735 5715 2794 5768 et
2847 5713 3171 5769 stabilimus
3221 5710 3427 5770 amodo
3482 5709 3539 5763 ut
3571 5699 3720 5760 nullus
