4028 6186
405 439 543 500 1517

1599 441 1958 503 EPISTOLE
1993 445 2080 504 ET
2117 441 2518 503 DIPLOMATA

3593 467 3728 524 1518

403 581 523 632 rex,
547 563 736 619 nullus
755 562 1041 636 princeps,
1064 564 1252 619 nullus
1282 565 1562 635 marchio,
1586 569 1775 623 nullus
1791 585 2007 632 comes,
2030 573 2085 630 Α
2109 567 2328 640 praedia
2340 585 2471 624 cum
2491 571 2994 641 mansionibus,vel
3009 579 3461 648 possessionibus
3478 585 3551 641 ad
3562 601 3730 643 eum-

405 653 805 724 nullusjudex,
827 653 1014 706 nullus
1035 652 1551 724 episcopus,nullus
1565 656 1741 711 abbas
1757 658 2011 729 aliquam

405 741 523 796 vim
573 741 657 795 vel
697 739 1054 795 invasionem
1105 757 1169 794 ac
1200 742 1669 814 subjugationem
1709 745 1768 798 in
1802 745 2009 799 eodem

404 829 668 886 coenobio
701 833 799 884 aut
847 829 904 883 in
957 829 1071 883 suis
1115 830 1386 884 omnibus
1415 831 1783 902 pertinentiis
1821 833 2010 888 facere

404 919 742 990 praesumat.
770 918 880 971 Pro
902 932 1015 988 quo
1051 916 1154 971 sub
1183 917 1357 972 divini
1371 918 1572 988 judicii
1604 920 2010 986 obtestatione,

406 1009 464 1060 et
475 1004 861 1060 anathematis
880 1004 1287 1060 interdictione
1306 1007 1744 1078 promulgantes
1759 1007 2015 1063 decerni-

404 1110 536 1149 mus
547 1098 609 1149 ut
631 1095 788 1148 nulla
810 1109 1066 1164 unquam
1091 1110 1307 1165 magna
1326 1111 1616 1167 parvaque
1631 1112 1878 1167 persona
1899 1097 2012 1150 ullo

402 1181 666 1254 ingenio,
688 1183 1076 1254 cujuscunque
1102 1182 1175 1236 sit
1199 1182 1439 1247 ordinis,
1465 1183 1636 1255 hujus
1669 1184 1848 1239 nostri
1874 1200 2015 1256 apo-

401 1271 589 1325 stolici
620 1270 905 1342 privilegii
937 1287 1105 1324 ausus
1135 1270 1205 1324 sit
1232 1271 1528 1343 frangere.
1559 1272 1618 1328 Si
1640 1273 1766 1344 quis
1797 1275 2011 1340 autem,

401 1358 557 1432 quod
591 1375 709 1414 non
735 1359 1043 1424 credimus,
1068 1358 1493 1430 parvipendens
1515 1360 1880 1433 privilegium
1905 1377 2014 1416 no-

401 1447 611 1516 strum}
636 1445 994 1517 disrumpere
1022 1447 1350 1509 tentaverit,
1383 1447 1453 1500 de
1481 1449 1647 1519 parte
1693 1447 1792 1502 Dei
1819 1449 2009 1503 omni-

400 1534 676 1607 potentis,
726 1535 1023 1605 sanctique
1078 1534 1200 1605 ejus
1230 1535 1471 1606 apostoli
1499 1535 1675 1604 Petri,
1707 1539 1765 1590 et
1790 1538 2008 1601 nostra,

402 1622 499 1694 qui
525 1623 647 1694 ejus
662 1622 962 1693 fungimur
989 1621 1192 1689 vicem,
1213 1623 1525 1694 perpetuis,
1559 1624 1666 1678 nisi
1683 1624 2008 1696 resipuerit,

401 1711 787 1766 anathematis
817 1710 1053 1765 vinculis
1073 1711 1420 1782 obligamus.
1443 1711 1499 1767 Si
1522 1712 1646 1784 quis
1675 1716 1867 1767 autem
1885 1729 2013 1767 san-

401 1800 476 1854 cti
509 1799 733 1856 caanobi
764 1801 932 1871 hujus
963 1800 1194 1870 adjutor
1247 1800 1514 1869 existens,
1565 1801 1729 1856 illum
1787 1801 1846 1855 in
1897 1816 2010 1872 quo

2117 657 2250 712 dem
2277 658 2468 712 locum
2514 659 2956 728 pertinentibus.
2998 665 3426 726 Confirmamus
3457 674 3636 730 etiam
3667 676 3726 732 in

2111 745 2416 816 praefatum
2429 751 3053 808 monasteriumcellam
3065 756 3583 817 scilicetAlbaniani
3597 780 3728 821 cum

2114 834 2378 924 ecclesias
2395 834 2536 890 duas
2551 836 2766 892 ibidem
2786 841 3452 911 constitutas,ecclesiam
3469 866 3724 924 namque

2116 918 2311 1010 Sancti
2340 922 2731 1010 Petri,nempe
2763 929 2821 980 et
2845 927 3039 984 Sancti
3075 931 3362 990 Michaelis
3393 918 3726 1010 archangeli

2115 1024 2249 1064 cum
2284 1009 2522 1064 decimis
2553 1016 2610 1066 et
2637 1012 2908 1084 primitiis
2938 1021 2996 1072 et
3024 1019 3413 1079 oblationibus
3440 1009 3722 1094 fidelium,

2114 1095 2276 1152 sicuti
2292 1098 2348 1152 in
2364 1097 2590 1154 dotibus
2601 1117 2800 1157 earum
2817 1105 3026 1176 scripta
3039 1109 3724 1180 reperientur.Terminos

2114 1200 2249 1241 vero
2301 1188 2692 1259 concedimus,
2726 1193 2813 1246 vel
2857 1195 3271 1254 confirmamus
3319 1201 3451 1256 huic
3501 1203 3722 1259 cellulae

2116 1274 2279 1330 sicuti
2328 1276 2387 1331 in
2439 1282 2623 1332 vestro
2656 1281 2836 1351 regali
2888 1289 3178 1356 praecepto
3211 1269 3462 1347 resonat.
3497 1290 3723 1347 Mansos

2113 1379 2247 1419 vero
2279 1364 2350 1419 de
2376 1365 2508 1420 villa
2539 1365 2778 1423 Ollarias
2802 1385 2936 1424 cum
2953 1371 3166 1442 fundis,
3184 1380 3240 1430 et
3268 1379 3719 1447 possessionibus

2111 1452 2248 1520 suis,
2277 1453 2544 1508 alaudem
2566 1455 2741 1510 etiam
2776 1457 2846 1511 de
2878 1461 3134 1516 custodia
3159 1479 3288 1518 cum
3311 1468 3547 1523 ecclesia
3573 1469 3716 1524 San-

2111 1547 2214 1598 ctae
2267 1543 2478 1612 Mariae,
2533 1544 2649 1600 sive
2703 1547 3003 1603 ecclesiam
3058 1549 3252 1606 Sancti
3289 1553 3581 1610 Laurentii
3611 1556 3717 1611 sibi

2110 1632 2230 1702 subj
2241 1635 2588 1701 ectam,cum
2617 1633 2856 1690 decimis
2872 1639 2930 1691 et
2940 1638 3231 1708 primitiis,
3257 1645 3315 1696 et
3330 1643 3718 1699 oblationibus

2110 1719 2457 1776 ﬁdelium.ln
2473 1722 2602 1778 Giro
2621 1740 2754 1778 vero
2776 1726 2996 1794 praedia
3007 1728 3076 1782 ad
3097 1730 3369 1785 eumdem
3382 1732 3574 1787 locum
3590 1749 3717 1805 per-

2111 1809 2375 1865 tinentia.
2423 1811 2781 1882 Imprimitus
2820 1814 2878 1868 in
2911 1815 3042 1870 villa
3060 1818 3261 1887 Pratis,
3296 1835 3548 1891 mansos,
3581 1837 3713 1878 cum

401 1888 661 1981 potuerit
712 1889 972 1981 elegerit.
1033 1887 1298 1942 ditaverit
1348 1889 1736 1981 etamaverit,
1779 1889 1871 1981 hic
1910 1889 2082 1952 DeiB
2110 1899 2322 1964 fundis,
2356 1899 2508 1970 agris
2558 1901 2863 1969 vinalibus,
2919 1904 3342 1962 molindinariis
3370 1911 3456 1964 vel
3507 1887 3714 1981 caput-

405 1976 822 2048 omnipotentis
848 1976 1176 2030 interventu
1211 1975 1523 2046 apostolica
1551 1979 1802 2049 repletus
1832 1978 2007 2032 bene-

404 2063 652 2120 dictione
665 2065 938 2120 scandere
964 2082 1022 2118 se
1039 2064 1289 2135 gaudeat
1310 2065 1367 2118 in
1394 2065 1664 2119 virtutem
1689 2065 1757 2120 de
1779 2066 2006 2121 virtute.

477 2153 765 2226 Scriptum
796 2170 899 2224 per
918 2170 1123 2207 manus
1137 2152 1426 2206 Benedicti
1443 2154 1652 2209 notarii
1672 2153 2008 2225 regionarii,

407 2245 466 2295 et
503 2242 781 2297 scriniarii
822 2244 1033 2296 sancite
1081 2242 1360 2295 Romana:
1399 2242 1680 2310 Ecclesiae,
1713 2242 1772 2297 in
1811 2259 2010 2297 mense

405 2331 759 2398 Novembris,
791 2329 1110 2386 indictione
1136 2329 1382 2388 decima.

479 2421 629 2474 Bene
650 2421 854 2475 valete.

1161 2490 1297 2543 VIII.

407 2580 632 2649 Sergius
660 2578 752 2632 IV
775 2596 922 2650 papa
978 2580 1361 2633 monasterium
1407 2579 1670 2635 Arulense
1697 2579 1790 2634 sub
1835 2585 2014 2651 prote-

479 2654 646 2705 ctione
673 2651 807 2705 sedis
865 2651 1164 2720 apostolicae
1213 2652 1418 2722 recapit,
1470 2658 1522 2706 et
1569 2669 1602 2704 a
1655 2652 2015 2722 cujuscunque
2083 2699 2090 2706 .

468 2739 729 2804 personae,
807 2724 966 2775 etiam
1023 2722 1250 2792 episcopi
1303 2721 1596 2790 ordinarii,
1649 2721 2018 2792 iurisdictione

480 2798 681 2847 eximit.

1013 2864 1199 2933 (Anno
1234 2865 1419 2933 10H.)

553 2951 932 3018 [Οοεοσειικη
980 2949 1200 3006 Bullar.
1232 2952 1395 3024 ampl.
1421 2950 1638 3006 Collect.
1673 2952 1875 3021 1,316.]

485 3049 716 3105 SERGIUS
747 3051 1067 3121 episcopus,
1100 3067 1293 3105 servus
1324 3067 1618 3105 servorum
1657 3050 1778 3118 Dei,
1809 3050 2020 3106 dilecto

2113 1987 2273 2059 aquis
2298 1988 2636 2059 piscatoriis,
2666 1991 2882 2045 cultum
2908 1994 2995 2046 vel
3029 1993 3307 2050 incultum
3333 1997 3408 2051 ad
3437 1999 3712 2054 eumdem

2111 2076 2303 2130 locum
2331 2093 2365 2130 a
2386 2077 2648 2131 fidelibus
2673 2079 2989 2150 antiquitus
3027 2083 3400 2156 subrogatum
3431 2089 3488 2140 et
3518 2087 3712 2143 villare
3762 2076 3768 2084 ’

2113 2163 2468 2235 Cumquotus
2490 2181 2621 2219 cum
2651 2166 2829 2221 vineis
2842 2171 2900 2222 et
2931 2169 3181 2233 terris,et
3205 2171 3523 2242 piscatoriis
3542 2175 3713 2230 simul

2109 2267 2242 2306 cum
2275 2251 2397 2324 ipso
2440 2254 2643 2307 alaude
2671 2255 2740 2309 de
2773 2256 2989 2311 Maures
3019 2259 3106 2313 vel
3145 2260 3216 2314 de
3252 2261 3594 2333 Maniaches,
3624 2265 3714 2318 vel

2111 2340 2183 2394 de
2202 2341 2488 2396 Madaloth
2520 2359 2650 2396 cum
2679 2343 2844 2398 terris
2873 2349 2932 2400 et
2960 2345 3141 2402 vineis
3169 2351 3387 2405 cultum
3416 2352 3505 2406 vel
3533 2351 3715 2408 incul-

2110 2431 2260 2496 tum,
2309 2433 2366 2484 et
2393 2430 2615 2485 Mansos
2643 2430 2714 2485 de
2762 2433 3038 2489 Bennato.
3083 2435 3509 2494 Conﬁrmamus
3538 2439 3713 2496 etiam

2111 2533 2322 2588 pascua
2364 2519 2634 2590 gregibus
2668 2521 2887 2584 vestris,
2932 2523 3109 2578 etiam
3139 2525 3368 2581 culmen
3400 2527 3472 2582 de
3500 2528 3714 2597 Vesias,

2114 2605 2259 2660 sicut
2283 2605 2342 2659 in
2363 2608 2663 2678 praeceptis
2694 2609 2979 2679 regalibus
3009 2611 3167 2666 vobis
3195 2617 3420 2670 constat
3445 2633 3564 2671 esse
3582 2633 3718 2672 con-

2119 2695 2588 2751 cessum.Vallem
2617 2696 2790 2750 etiam
2811 2698 3178 2768 Riviferrarii,
3200 2719 3372 2773 quam
3399 2704 3722 2760 obtinuistis

2121 2800 2188 2838 ex
2201 2783 2761 2851 curiacomitali,sim
2771 2787 2823 2839 ul
2837 2803 2967 2841 cum
2984 2789 3127 2842 valle
3142 2794 3332 2844 vetere
3347 2791 3722 2860 Riviferrarii,

2122 2887 2298 2942 quam
2315 2871 2640 2926 obtinuistis
2653 2873 2933 2942 superiori
2947 2878 3004 2928 et
3016 2876 3324 2931 subteriori
3340 2894 3472 2932 cum
3487 2880 3726 2934 ecclesia

2123 2958 2742 3014 SanctiMartiniCurtio
2757 2960 2946 3014 Savini
2958 2977 3090 3015 cum
3105 2963 3424 3030 decimis,et
3434 2965 3724 3036 primitiis,

2122 3048 2514 3103 etoblationes
2530 3047 3079 3114 ﬁdelium,cellulam
3103 3051 3284 3106 sancti
3297 3053 3534 3121 Petri,et
3555 3055 3731 3108 eccle-

413 3140 473 3195 in
507 3138 753 3195 Domino
781 3141 898 3194 filio
926 3141 1243 3194 Gauzanaro
1266 3140 1533 3210 religioso
1566 3141 1761 3194 abbati
1789 3156 2023 3195 venera-
2047 3178 2094 3237 Ο
2121 3136 2265 3191 siam
2283 3136 2508 3191 Sancta;
2523 3136 2900 3202 Columbus,ct
2913 3139 3214 3195 ecclesiam
3239 3140 3728 3215 SanctiStephani

413 3228 543 3284 bilis
574 3227 1138 3282 monasteriisanctte
1171 3245 1236 3282 ac
1266 3228 1818 3301 perpetumVirginis
1836 3227 2022 3283 Maria:

419 3317 673 3372 domina:
691 3320 926 3383 nostrae,
950 3316 1104 3387 quod
1128 3317 1301 3370 situm
1326 3320 1411 3371 est
1427 3317 1484 3370 in
1500 3317 1827 3387 Asperiensi
1857 3318 2022 3385 valle,

419 3409 592 3477 atque
623 3403 1275 3476 comitatu,tibituisque
1294 3406 1711 3462 successoribus
1741 3407 1800 3462 in
1821 3423 2030 3480 perpe-

419 3497 606 3550 tuum.

489 3584 646 3639 Tunc
663 3599 905 3639 summae
929 3583 1257 3656 apostolicae
1272 3583 1570 3656 dignitatis
1584 3600 1728 3656 apex
1741 3583 1800 3638 in
1819 3585 1930 3640 hoc
1955 3584 2036 3640 di-

420 3674 534 3728 vini
550 3676 882 3745 prospectus
895 3673 1081 3728 nitore
1095 3673 1450 3744 dignoscitur
1462 3673 1962 3746 preefulgerc,cum
1976 3672 2034 3728 in

422 3762 756 3817 exercendis
779 3763 879 3817 Dei
895 3762 1159 3817 laudibus
1173 3763 1260 3816 sui
1278 3762 1594 3834 impensius
1609 3761 1861 3817 studebit
1875 3762 2034 3816 labo-

421 3851 498 3905 ris
518 3867 783 3906 exercere
807 3854 1124 3906 certamen.
1154 3851 1237 3906 Ob
1269 3851 1377 3906 hoc
1412 3851 1608 3906 debita
1637 3868 1742 3906 nos
1770 3848 2033 3904 Ecclesiae

423 3941 750 4012 apostolica":
777 3940 1081 4011 pastoralis
1111 3940 1393 4010 compulsi
1439 3938 1837 3995 sollicitudinis
1877 3955 2035 4005 cura,

423 4045 664 4102 quaeque
679 4029 751 4084 ad
764 4029 1130 4084 stabilitatem
1141 4029 1367 4098 piorum
1382 4028 1672 4100 pertinere
1685 4026 2039 4098 dignoscitur

422 4119 709 4186 locorum,
733 4117 983 4172 ubertim
1000 4117 1382 4189 promulgari,
1400 4121 1456 4172 et
1468 4117 1798 4190 apostolicae
1815 4115 2035 4171 institu-

423 4208 597 4263 tionis
610 4224 851 4262 censura
872 4207 1434 4273 confirmari,etcum
1449 4208 1568 4261 solo
1586 4207 1847 4279 apostolo
1862 4207 2030 4261 Petro

423 4299 707 4369 legamus,
723 4297 988 4351 omnium
1013 4299 1134 4350 tam
1158 4296 1522 4362 clericorum,
1544 4311 1720 4367 quam
1749 4296 2029 4350 laicorum

425 4403 546 4442 esse
569 4403 769 4441 curam
796 4385 1066 4441 divinitus
1088 4402 1122 4440 a
1141 4385 1390 4439 Domino
1408 4400 1759 4451 concessam,
1777 4383 1927 4439 illius
1947 4383 2031 4438 vi-

2125 3242 2257 3280 cum
2295 3225 2532 3280 decrmis
2585 3228 2642 3280 et
2670 3226 2957 3297 primitiis,
2991 3230 3049 3282 et
3094 3229 3415 3285 oblationes
3446 3231 3728 3299 fidelium,

2129 3314 2301 3369 simul
2345 3331 2477 3368 cum
2500 3313 2652 3385 ipsos
2693 3315 2946 3370 decimos
2972 3316 3043 3371 de
3075 3318 3350 3387 Frexeno,
3381 3323 3439 3374 et
3468 3320 3734 3375 alaudem

2132 3403 2350 3460 castelli
2377 3403 2556 3471 curvi,
2580 3407 2638 3458 et
2652 3403 2845 3459 villam
2872 3405 3165 3474 Cleranos,
3182 3409 3266 3462 vel
3283 3408 3352 3463 de
3376 3410 3732 3477 Bonabosco,

2134 3494 2192 3547 et
2222 3508 2456 3547 mansos
2468 3491 2538 3546 de
2552 3491 2792 3560 Beceda,
2809 3495 2898 3548 vel
2917 3494 2988 3549 de
3009 3495 3468 3562 Arlelas,Balnea
3484 3498 3735 3570 quoque,

2135 3584 2193 3636 et
2218 3581 2423 3636 villare
2445 3580 2914 3649 Cotaaleto,simul
2932 3599 3062 3638 cum
3091 3587 3274 3640 totam
3305 3585 3464 3641 illam
3482 3589 3740 3641 veterem

2135 3670 2346 3725 vallem
2373 3669 2446 3724 ad
2458 3669 2730 3724 eumdem
2759 3673 3178 3727 monasterium
3195 3675 3589 3743 pertinentem
3601 3674 3744 3729 sicut

2137 3775 2242 3829 per
2257 3761 2545 3830 praecepta
2566 3757 2787 3827 regalia
2798 3761 2885 3813 vel
2900 3776 3002 3830 per
3016 3760 3362 3816 donationes
3378 3763 3639 3818 fidelium
3651 3780 3742 3818 vo-

2136 3847 2224 3902 bis
2247 3845 2562 3918 antiquitus
2604 3861 2937 3901 concessum
2969 3847 3097 3915 fuit,
3130 3850 3216 3904 vel
3243 3850 3529 3905 moderno
3559 3850 3742 3905 votive

2137 3951 2471 3991 concessum
2504 3938 2607 3989 est.
2643 3936 2921 3990 Alaudem
2953 3936 3237 4008 siquidem
3266 3939 3583 3994 Palandani
3610 3954 3741 3994 cum

2136 4024 2305 4079 terris
2336 4025 2393 4078 et
2417 4021 2616 4089 vineis,
2649 4023 2707 4076 et
2729 4021 2943 4077 mansis
2973 4026 3029 4077 et
3056 4024 3407 4081 molendinis
3431 4027 3516 4080 vel
3548 4030 3746 4097 caput-

2136 4113 2404 4184 aquis.Et
2430 4111 2491 4166 in
2517 4110 2856 4182 Rivo-nigro
2890 4127 3122 4167 mansos
3154 4113 3456 4181 duos,cum
3481 4115 3653 4169 terris
3685 4119 3744 4170 et

2132 4202 2312 4257 vineis
2327 4202 2400 4257 ad
2413 4200 2730 4256 eorundem
2746 4216 2974 4254 mansos
2988 4201 3743 4271 pertinentibus.Ecclesiam

2132 4291 2349 4345 montis
2368 4288 2585 4344 Aurioli
2608 4304 2738 4342 cum
2772 4287 3093 4356 decimis,et
3112 4288 3460 4361 primitiiset
3487 4290 3741 4345 redhibi-

2129 4379 2582 4450 tionibus,atque
2596 4377 2986 4432 oblationibus
3001 4378 3257 4433 fidelium
3276 4378 3448 4434 simul
3466 4395 3599 4434 cum
3618 4380 3740 4452 ipso

427 4475 644 4531 cariam
674 4493 775 4530 sua
797 4475 918 4529 vice
945 4474 1213 4544 praesenti
1230 4474 1419 4529 saeculi
1446 4471 1840 4544 dispositione,
1862 4475 1921 4528 et
1947 4475 2029 4527 tu-
2048 4472 2102 4543 D
2131 4468 2333 4524 alaude
2347 4468 2416 4522 de
2427 4465 3741 4538 praefatavillaMontisAurioli.Prasdictamvero

423 4569 549 4620 tare
569 4563 770 4619 omnia
785 4566 956 4634 atque
988 4562 1337 4634 injomnibus
1349 4561 1636 4634 prosperis
1650 4578 1750 4616 seu
1763 4561 1821 4616 in
1836 4561 2032 4616 adver-

425 4653 500 4708 sis
530 4651 832 4706 subvenire
881 4651 1223 4706 auctoritate
1255 4650 1587 4721 apostolica.
1624 4651 1734 4705 Nos
1767 4667 1906 4722 ergo
1935 4649 2033 4722 qui

428 4741 476 4812 ej
487 4759 572 4808 us,
590 4740 850 4812 quamvis
866 4739 1358 4808 immeriti,vicem
1383 4739 1656 4810 gerimus,
1681 4740 2034 4811 suffragante

428 4832 546 4886 Deo
554 4829 996 4898 ,monasterium
1013 4829 1267 4900 praefatae
1284 4831 1576 4900 perpetuas
1586 4828 2034 4900 VirginisMariaa

428 4919 642 4975 amodo
668 4919 936 4989 deinceps
962 4918 1522 4986 tenere,defeudere,
1543 4922 1712 4990 atque
1729 4921 2034 4990 protegere

426 5010 532 5064 sub
554 5009 777 5080 uostroj
789 5026 888 5063 ure
903 5012 1216 5079 nostroque
1231 5008 1549 5079 patrocinio
1569 5007 2035 5080 disposuimus,et

427 5103 491 5154 ut
520 5097 805 5172 privilegii
846 5098 999 5151 sedis
1035 5097 1361 5168 apostolicae
1392 5097 1574 5151 infula
1604 5099 1907 5152 decoretur
1932 5098 2034 5151 sub

421 5187 555 5258 jure
583 5190 640 5241 et
679 5186 948 5240 dictione.
975 5185 1119 5240 sicut
1149 5185 1413 5253 diximus,
1462 5190 1673 5240 sanctae
1709 5189 1920 5240 nostra:
1947 5185 2034 5240 cui

429 5277 547 5332 Deo
563 5279 794 5330 auctore
815 5275 1187 5342 deservimus,
1216 5275 1498 5342 Ecclesiae,
1515 5275 1886 5329 constitutam
1907 5277 2033 5330 nul-

428 5365 536 5420 lius
565 5363 819 5419 ecclesiae
850 5363 1084 5418 alterius
1107 5363 1606 5433 jurisdictiouibus
1635 5363 2026 5418 submittatur.

429 5455 540 5509 Pro
568 5470 680 5525 qua
710 5469 770 5507 re
791 5453 992 5506 vestris
1025 5453 1269 5524 propriis
1294 5451 1593 5507 desideriis
1621 5453 2026 5523 obtemperare

429 5542 764 5614 satagimus.
800 5541 1128 5596 Postulastis
1153 5541 1311 5596 enim
1344 5557 1377 5595 a
1407 5541 1571 5595 nobis
1617 5544 1901 5612 quatenus
1927 5559 2030 5613 per

431 5631 612 5687 nostri
626 5630 905 5701 privilegii
923 5631 1325 5685 auctoritatem
1350 5630 2034 5697 concederemus,etcon-

432 5720 801 5780 ﬁrmaremus
812 5719 1056 5796 prmfato
1082 5719 1429 5777 mduasterio
1456 5718 1670 5778 scilicet
1690 5721 1958 5798 cellulas,
1973 5726 2032 5781 et

2133 4555 2430 4613 ecclesiam
2463 4554 2657 4609 Sancti
2681 4554 2967 4610 Michaelis
2989 4556 3319 4628 archangeli
3344 4573 3476 4613 cum
3503 4557 3743 4613 decimis

2133 4650 2192 4702 et
2219 4644 2510 4718 primitiis,
2547 4647 2604 4698 et
2632 4644 3134 4709 redhibitionibus,
3157 4650 3328 4718 atque
3355 4647 3741 4703 oblationibus

2133 4736 2416 4791 fidelium.
2439 4734 2872 4790 Conﬁrmamus
2901 4734 2981 4788 illi
3007 4735 3325 4790 terminum
3344 4753 3411 4791 ex
3440 4740 3604 4810 parte
3624 4753 3740 4791 una

2135 4827 2410 4901 parochia
2443 4824 2635 4904 Sancti
2686 4825 2980 4879 Fructuosi
3029 4825 3100 4880 de
3134 4826 3632 4894 Castro-camelos,
3667 4826 3738 4880 de

2136 4918 2248 4974 alia
2267 4933 2398 4970 vero
2416 4918 2577 4985 parte
2601 4913 2658 4967 in
2688 4913 2936 4968 termino
2965 4916 3250 4986 parochias
3273 4916 3467 4972 Sancti
3502 4913 3736 4970 Joannis

2137 5008 2208 5063 de
2264 5005 2396 5060 villa
2451 5003 2670 5070 Ulmus,
2724 5002 2794 5057 de
2825 5003 2996 5059 tertia
3026 5004 3274 5077 denique
3291 5008 3453 5077 parte
3483 5001 3736 5058 termino

2137 5095 2333 5153 Sancti
2361 5092 2585 5150 Martini
2619 5092 2905 5165 parochias
2935 5093 3006 5148 de
3039 5095 3389 5160 Laurisione,
3431 5092 3501 5145 de
3532 5093 3739 5164 quarta

2135 5185 2419 5258 siquidem
2442 5187 2603 5254 parte
2626 5185 2686 5238 in
2710 5183 2878 5237 vinea
2903 5183 3253 5238 communali
3281 5181 3594 5235 simulcum
3615 5180 3738 5249 ipso

2137 5276 2362 5331 decimo
2395 5275 2465 5329 de
2521 5274 2832 5340 Poncione,
2883 5275 2974 5328 vel
3011 5273 3080 5326 de
3119 5269 3358 5324 llliardis
3386 5287 3582 5328 sorore
3614 5289 3738 5337 sua.

2135 5365 2418 5419 Alaudem
2442 5381 2573 5418 vero
2600 5364 2669 5418 de
2695 5363 2822 5417 villa
2851 5363 3101 5426 Moletto,
3125 5359 3210 5413 vel
3230 5359 3534 5417 Molletello
3567 5363 3738 5421 simul

2135 5470 2266 5508 cum
2286 5453 2520 5508 ecclesia
2543 5452 2734 5508 Sancti
2756 5449 3042 5506 Michaelis
3058 5448 3412 5520 archangeli.
3433 5450 3542 5506 Per
3557 5455 3740 5510 nostri

2138 5560 2272 5598 vero
2301 5542 2580 5616 privilegii
2610 5539 2949 5611 dignitatem
2967 5536 3170 5590 damus
3199 5537 3454 5608 praefata:
3485 5543 3741 5600 ecclesiae

2136 5633 2389 5688 termina
2411 5632 2481 5686 de
2504 5648 2619 5685 una
2649 5630 2812 5699 parte
2834 5626 2892 5680 in
2951 5626 3094 5681 valle
3124 5642 3340 5698 magna
3369 5628 3650 5699 Ferraria,
3682 5633 3742 5689 id

2137 5724 2242 5792 est,
2265 5720 2326 5777 in
2352 5721 2496 5778 colle
2525 5719 2596 5778 de
2627 5714 2928 5788 Lebraria;
2959 5713 3030 5773 de
3048 5713 3160 5774 alia
3187 5731 3324 5774 vero
3343 5720 3508 5792 parte
3538 5718 3598 5778 in
3619 5723 3744 5780 ter-
