4012 6180
352 425 485 479 1319

1728 407 1951 466 SERGH
1995 407 2063 464 IV
2099 404 2307 462 ΡΑΡΛΞ

3535 400 3670 455 1520

342 544 505 602 mino
534 544 605 599 de
633 540 904 615 parochia
929 537 1119 595 Sancti
1152 535 1324 605 Petri,
1359 535 1456 608 qui
1504 533 1712 590 dicitur
1748 531 1945 597 Serra,
1971 533 2030 594 Α
2052 525 2474 615 conﬁrmantur
2523 541 2558 578 a
2606 519 2775 615 nobis
2820 520 3146 615 apostolica.
3173 519 3251 615 ‘Si
3283 518 3411 590 quis
3456 520 3680 615 autem,

346 635 431 690 vel
453 633 544 687 del
560 630 858 702 Aquabula
873 646 885 696 ;
903 628 973 682 de
993 627 1166 681 tertia
1193 642 1422 697 quoque
1446 628 1606 696 parte
1623 622 1679 677 in
1697 620 1950 676 termino

345 722 415 776 de
431 720 773 789 Civennago,
793 717 862 771 de
880 718 1085 788 quarta
1108 714 1393 786 siquidem
1411 716 1574 785 parte
1591 711 1650 766 in
1672 707 1950 782 parochia

345 806 536 863 Sancti
567 805 880 861 Saturnini.
916 803 1209 868 Quantum
1257 803 1410 857 infra
1444 801 1569 856 istis
1606 797 1951 854 torminibus

344 895 650 954 fundatum
670 911 793 950 esse
810 893 1050 959 videtur,
1071 895 1190 947 tam
1205 892 1424 946 cultum
1444 904 1620 960 quam
1640 887 1945 950 incultum,

338 987 403 1050 et
426 982 863 1056 praenominatis
894 979 1347 1052 possessionibus
1374 979 1723 1044 decimas,et
1748 971 1951 1046 primi-

346 1073 454 1126 tias
483 1088 614 1126 cum
628 1070 1012 1126 oblationibus
1039 1068 1298 1122 fidelium
1337 1066 1424 1121 his
1448 1063 1761 1136 przelibatis
1779 1075 1953 1134 paro-

345 1160 485 1216 chiis
505 1160 579 1214 ad
596 1158 1009 1230 possidendum
1027 1155 1362 1228 perenniter
1375 1151 1951 1209 contradimus.Pras-

347 1249 590 1321 cipimus
621 1248 796 1303 etiam
819 1246 1162 1301 auctoritate
1181 1244 1517 1315 apostolica,
1537 1245 1598 1296 ut
1623 1240 1813 1296 nullus
1837 1236 1956 1310 epi-

344 1355 569 1411 scopus,
606 1335 910 1407 omnisque
941 1335 1170 1406 generis
1200 1349 1449 1404 persona
1479 1331 1632 1385 infra
1647 1330 1773 1400 jam
1800 1327 1952 1382 dicta

345 1426 598 1482 termina
612 1426 682 1480 de
696 1425 785 1479 his
797 1419 1458 1494 duabuspramominatis
1470 1417 1753 1490 parochiis
1768 1414 1956 1470 novel-

347 1517 467 1573 lam
483 1514 591 1568 sibi
621 1512 921 1568 ecclesiam
952 1514 1285 1564 construere
1322 1509 1657 1581 prassumat,
1690 1521 1794 1559 nec
1847 1503 1955 1557 cle-

347 1602 498 1658 ricos
529 1601 669 1656 alios
695 1599 907 1670 eligere
924 1598 998 1651 ad
1022 1614 1222 1652 eorum
1244 1595 1569 1651 functiones
1592 1589 1955 1664 peragendas

349 1705 460 1745 nec
483 1689 622 1743 alias
652 1685 918 1741 ecclesias
974 1683 1284 1754 erigendas
1339 1683 1412 1738 ad
1441 1681 1830 1738 ministerium
1860 1695 1956 1735 au-

352 1777 652 1838 diendum,
680 1789 785 1830 nec
817 1774 932 1828 ulla
958 1788 1206 1843 persona
1231 1772 1572 1826 clericorum
1618 1770 1698 1825 eis
1727 1783 1956 1824 sacrum

2056 615 2212 688 quod
2242 614 2367 668 ﬁeri
2398 629 2517 668 non
2574 611 2887 677 credimus,
2919 609 3224 665 temerario
3283 624 3423 662 ausu
3471 609 3678 661 contra.

2051 703 2223 773 hujus
2255 700 2431 756 nostri
2468 699 2746 773 privilegii
2784 701 3016 766 statuta,
3082 697 3240 770 quod
3297 694 3675 750 concedimus

2054 790 2417 860 disrumpere
2447 787 2781 854 tentaverit,
2829 785 2939 840 nisi
2964 785 3289 858 resipuerit,
3320 782 3669 838 auctoritate

2054 879 2156 935 Dei
2189 877 2607 950 omnipotentis
2637 879 2695 932 et
2721 874 2903 930 sancti
2926 872 3491 946 Petriapostolorum
3512 871 3675 943 prin-

2056 966 2195 1038 cipis
2226 969 2399 1038 atque
2429 969 2650 1028 nostra,
2679 964 2778 1037 qui
2800 964 2922 1035 ejus
2939 962 3240 1034 fungimur
3265 961 3411 1028 vice,
3438 959 3678 1014 anathe-

2056 1053 2494 1109 matisvinculis
2543 1051 3015 1108 indissolubiliter
3056 1049 3491 1114 innodandum,
3552 1052 3614 1102 et
3642 1063 3676 1101 a

2056 1157 2240 1213 regno
2267 1141 2369 1197 Dei
2413 1159 2473 1196 se
2529 1140 2742 1196 sentiat
2773 1140 3107 1195 alienatum.
3157 1137 3510 1193 Praadictum
3539 1151 3674 1190 vero

2059 1229 2475 1284 monasterium
2494 1229 2664 1285 nobis
2687 1226 3055 1283 tributariam
3067 1226 3337 1297 eligimus
3360 1241 3467 1297 per
3483 1223 3676 1294 singu-

2058 1317 2143 1372 los
2173 1333 2355 1371 annos
2368 1317 2508 1370 duos
2525 1313 2941 1378 bizantios.Qui
2958 1317 3152 1368 autem
3178 1311 3524 1385 praedictum
3540 1327 3672 1365 san-

2059 1407 2213 1459 ctum
2235 1404 2655 1459 monasterium
2682 1406 2894 1458 sanctae
2924 1400 3072 1456 sedis
3097 1399 3472 1456 tributarium
3493 1399 3672 1470 inquo

2055 1492 2311 1564 potuerit
2325 1491 2583 1563 elegerit,
2617 1495 2674 1545 et
2694 1491 2876 1546 nostri
2895 1488 3175 1562 privilegii
3211 1489 3556 1544 observator
3575 1506 3672 1543 ex-

2056 1580 2280 1648 stiterit,
2287 1596 2398 1651 pax
2412 1597 2583 1652 super
2595 1580 2758 1634 illum
2769 1579 2842 1633 sit
2862 1582 2920 1633 et
2933 1576 3327 1633 misericordia
3339 1577 3676 1632 benedicto-

2025 1724 2028 1726 _
2058 1668 2166 1735 nis,
2199 1667 2258 1722 in
2301 1669 2570 1723 omnibus
2612 1668 2779 1722 rebus
2807 1667 3189 1739 locupletatus
3232 1665 3423 1738 gratia
3441 1665 3586 1720 sciat
3613 1682 3671 1719 se

2058 1755 2405 1828 adepturum
2444 1756 2657 1828 gaudia
2684 1755 3056 1828 sempiterna.

352 1865 740 1922 ministerium
787 1840 1050 1918 exerceat
1105 1860 1195 1914 his
1253 1861 1352 1932 qui
1394 1859 1672 1931 praedicta
1700 1841 2030 1913 terminaB
2131 1840 3674 1932 ScriptumpermanumBenedictinotariiiregionarii,

352 1955 618 2010 videntur
638 1951 920 2018 habitare,
954 1951 1058 2004 nisi
1078 1949 1483 2005 tantummodo
1504 1947 1564 2002 hi
1592 1946 1688 2020 qui
1720 1962 1823 2017 per
1841 1962 1962 2000 ma-

353 2061 459 2100 nus
480 2042 702 2098 abbatis
721 2037 1203 2112 praefaticoenobii
1232 2037 1448 2092 fuerint
1468 2035 1764 2107 subrogati
1785 2034 1843 2088 in
1871 2033 1961 2088 his

351 2147 527 2204 supra
555 2127 868 2185 nominatis
898 2127 1119 2182 duabus
1139 2124 1444 2197 parochiis.
1478 2123 1586 2188 Qui
1618 2123 1784 2178 aliter
1814 2138 1959 2193 prm-

355 2218 684 2292 sumpserit,
715 2220 925 2272 nostra:
943 2214 1298 2271 auctoritatis
1311 2213 1599 2268 sententia
1624 2227 1958 2266 excommu-

354 2307 662 2379 nicationis
678 2306 904 2360 vinculo
935 2304 1193 2360 feriatur.
1218 2303 1383 2357 Enim
1397 2317 1530 2356 vero
1562 2304 1621 2356 et
1648 2299 1959 2356 conﬁrma-

355 2413 486 2452 mus
499 2396 559 2450 in
573 2395 814 2466 praefato
828 2391 1180 2465 monasterio
1193 2392 1333 2446 alios
1346 2405 1551 2444 omnes
1562 2387 1959 2459 alodios,quila

354 2483 736 2540 ﬁdelibusDei
773 2482 832 2535 in
865 2481 1164 2552 prmlibato
1195 2477 1548 2534 monasterio
1569 2477 1762 2532 collati
1790 2491 1960 2548 repe—

355 2570 824 2639 riuntur,scilicet
851 2568 1043 2623 villam
1071 2566 1396 2625 'l‘ordarias.
1429 2581 1560 2620 cum
1591 2566 1800 2620 finibus
1823 2565 1955 2632 suis,

357 2663 415 2716 et.
443 2661 638 2716 villam
679 2657 1030 2713 Fullonicam
1058 2672 1190 2710 cum
1239 2655 1478 2710 ecclesia
1529 2654 1708 2710 sancti
1734 2653 1958 2709 Martini

352 2766 484 2805 cum
504 2746 740 2803 decimis
756 2758 814 2801 et
825 2745 1095 2818 primitiis
1107 2744 1305 2810 suis,et
1322 2744 1646 2800 oblationes
1663 2743 1920 2798 ﬁdelium
1939 2760 1953 2811 ;

351 2853 564 2908 nempe
603 2839 660 2891 et
716 2836 913 2890 villare
943 2833 1042 2905 qui
1087 2836 1323 2887 vocatur
1366 2833 1526 2888 Kasti
1555 2850 1683 2888 cum
1719 2830 1958 2887 ecclesia

350 2926 547 2982 Sancti
570 2923 808 2980 Joannis
838 2939 970 2977 cum
1004 2920 1242 2976 decimis
1269 2924 1327 2974 et
1361 2920 1716 2993 primitiis,ct
1746 2918 1956 2974 ﬁnibus

349 3016 667 3070 suis.Plane
694 3012 1017 3084 quidem,et
1045 3009 1312 3064 alaudem
1346 3009 1416 3064 de
1436 3010 1570 3064 villa
1587 3009 1953 3074 Csssamolas,

2061 1936 2119 1987 et
2161 1932 2444 1988 scriniarii
2471 1936 2686 1988 sanctae
2717 1936 2928 1988 nostrae
2981 1933 3260 1988 Romanas
3294 1930 3586 1997 Ecclesiae,
3617 1929 3677 1983 in

2063 2036 2264 2076 mense
2291 2024 2348 2075 et
2376 2021 2696 2078 indictione
2727 2021 2975 2078 decima.

2131 2109 2285 2164 Bene
2313 2110 2520 2164 valete.

2835 2198 2899 2252 1X

2060 2284 2423 2356 Privilegz'um
2446 2285 2632 2356 Sergii
2675 2284 2766 2342 1V
2801 2302 2961 2357 papae
2977 2301 3080 2357 pro
3118 2285 3444 2342 monasterio
3472 2281 3683 2338 Montis

2730 2374 2987 2447 Maioris.

2577 2465 2766 2536 (Anno
2806 2467 3147 2536 10094012.)

2453 2568 2622 2640 [GalL
2675 2569 2871 2627 Christ.
2911 2588 3058 2635 nov.,
3093 2570 3276 2641 1,104]

2131 2657 2364 2714 SERGIUS
2389 2659 2709 2731 episcopus,
2737 2676 2932 2714 servus
2952 2675 3244 2715 serverum
3270 2658 3398 2714 Dei.

2129 2747 2342 2802 Notum
2361 2747 2630 2801 omnibus
2648 2746 3367 2819 ﬁerivolumus,praacipue
3382 2745 3674 2801 Amalrico

2059 2835 2509 2912 archiepiscopo,
2532 2835 2921 2907 Poncionique
2936 2835 3394 2908 archiepiscopo,
3415 2835 3677 2889 Eldiber-

2058 2923 2425 2992 to,Jocelino,
2453 2924 2820 2994 Almerardo,
2852 2928 2911 2979 et
2939 2924 3192 2980 Frodoni
3229 2923 3540 2996 episcopis,
3573 2939 3677 2977 caa-

2058 3012 2308 3084 terisque
2335 3017 2458 3067 tam
2489 3013 2710 3068 clericis
2731 3030 2909 3085 quam
2941 3013 3117 3081 laicis,
3143 3015 3396 3068 salutem
3419 3016 3479 3068 et
3505 3014 3677 3068 bene-

351 3103 680 3159 ecclestiam
705 3115 936 3173 quoque
956 3097 1178 3152 Sanctae
1202 3097 1546 3169 Marim,qum
1576 3097 1784 3152 dicitur
1813 3099 1957 3151 Pan-
1980 3125 2030 3185 α
2058 3100 2371 3156 dictionem
2392 3101 3112 3171 apostolicam,etc.Sciatis
3124 3102 3283 3173 quod
3301 3101 3677 3156 Archinricus

347 3191 626 3248 nessiares
655 3189 759 3244 sub
783 3189 1024 3242 tuitione
1057 3185 1277 3241 domini
1308 3185 1584 3240 Bernardi
1617 3185 1862 3250 comitis,
1897 3187 1956 3239 et

345 3280 570 3337 abbatis
587 3278 845 3352 praedicti
865 3275 1202 3330 monasterii
1227 3274 1299 3328 ad
1315 3274 1852 3337 construendum,et
1866 3291 1953 3330 or-

345 3368 667 3424 dinandum
690 3382 821 3420 cum
838 3365 993 3419 dona
1009 3363 1267 3417 ﬁdelium
1283 3380 1409 3434 quae
1433 3363 1510 3416 ibi
1524 3362 1741 3417 fuerint
1754 3363 1952 3418 subro-

345 3460 482 3528 gata
528 3455 652 3509 sine
701 3453 892 3524 aliqua
943 3450 1330 3504 minoratione
1360 3451 1445 3504 vel
1474 3450 1946 3510 deterioratione.

344 3543 682 3599 Stabilimus
724 3540 895 3593 simul
944 3555 1074 3592 cum
1107 3537 1305 3592 omnia
1347 3538 1469 3609 ipsa
1521 3555 1648 3610 quas
1680 3539 1950 3614 deinceps

342 3631 568 3687 videtur
597 3631 971 3700 augmentare
1000 3627 1089 3681 vel
1119 3626 1270 3696 juste
1323 3626 1619 3698 acquirere
1662 3629 1862 3684 omnia
1889 3629 1948 3686 in

344 3719 613 3775 omnibus
647 3716 927 3789 quidquid
979 3714 1286 3786 praefatum
1328 3715 1656 3771 camobium
1687 3716 1950 3773 videatur

341 3807 671 3876 habere,vel
685 3804 956 3876 deinceps
967 3802 1261 3876 acquirere
1274 3803 1376 3858 sub
1391 3807 1601 3860 nostrae
1614 3804 1952 3862 defensione

343 3895 706 3954 certitudinis
728 3895 1038 3966 recipimus
1063 3893 1432 3948 omnimodo:
1461 3893 1692 3966 insuper
1708 3911 1951 3950 censura

343 3986 658 4060 apostolica
670 3986 986 4038 statuentes
1002 3982 1104 4036 sub
1131 3981 1306 4034 divini
1327 3982 1950 4053 judiciiobtestatione,

347 4081 409 4132 ut
431 4077 619 4130 nullus
644 4073 906 4129 Ecclesia:
919 4071 1218 4142 episcopus
1247 4069 1304 4123 in
1336 4070 1577 4142 praefato
1596 4072 1953 4127 monasterio

346 4167 630 4224 ditionem
649 4162 986 4234 quamlibet,
1020 4163 1117 4214 aut
1133 4159 1798 4216 excommunicationem
1812 4177 1957 4234 pra:-

346 4261 538 4314 sumat
567 4254 803 4320 inferre,
837 4268 942 4306 nec
973 4251 1031 4304 in
1070 4265 1272 4304 eorum
1318 4248 1588 4317 ccclesiis,
1642 4267 1832 4324 neque
1859 4253 1956 4308 in-

350 4365 550 4405 eorum
585 4342 1053 4419 possessionibus.
1083 4339 1356 4394 Jubemus
1380 4338 1616 4410 insuper
1646 4344 1709 4396 ut
1751 4358 1956 4398 omnes

2057 3189 2235 3245 abbas
2265 3191 2340 3244 ad
2381 3195 2640 3246 nostram
2683 3191 3059 3262 apostolicam
3105 3191 3307 3246 sedem
3349 3191 3677 3245 Aubertum

2056 3279 2411 3334 monachum
2428 3279 2674 3347 misit,ut
2694 3283 2891 3335 nostra
2914 3279 3324 3336 benedictione
3345 3278 3680 3350 Stephanus

2053 3366 2352 3440 episcopus
2371 3369 2669 3424 ecclesiam
2688 3368 2744 3425 S.
2763 3368 2972 3438 Mariae,
2994 3368 3051 3426 S.
3073 3368 3315 3423 Joannis
3331 3370 3393 3422 et
3412 3366 3473 3422 S.
3499 3366 3678 3434 Petri,

2055 3473 2121 3512 ac
2151 3456 2344 3512 Sancti
2366 3457 2656 3512 Benedicti
2687 3460 2984 3512 consecret
3005 3473 3069 3511 ac
3086 3456 3422 3512 benedicat.
3451 3458 3516 3512 Id
3542 3457 3680 3512 scia-

2054 3544 2393 3612 tis,facimus
2419 3545 2481 3599 in
2512 3545 2560 3615 ej
2570 3562 2634 3600 us
2662 3545 3096 3601 consecratione
3117 3545 3296 3600 talem
3315 3545 3679 3600 benedictio-

2055 3650 2194 3688 nem
2222 3638 2280 3688 et
2309 3635 2734 3690 absolutionem
2756 3633 3146 3701 concedimus,
3166 3637 3230 3688 ut
3246 3634 3590 3707 quicunque
3609 3633 3680 3688 ad

2055 3738 2188 3778 eam
2209 3722 2495 3794 pmnitens
2545 3723 2606 3778 in
2659 3722 3090 3779 consecratione
3137 3721 3318 3794 ipsius
3348 3722 3680 3789 advenerit,

2055 3812 2170 3866 tale
2200 3811 2526 3867 remedium
2550 3811 2940 3885 percipiat.lbi
2970 3811 3206 3867 tertiam
3233 3815 3470 3883 partem
3501 3812 3684 3885 paeni-

2053 3901 2230 3956 tentee
2261 3901 2344 3955 illi
2392 3901 2753 3970 dimittimus,
2805 3903 2864 3955 et
2925 3900 3230 3956 ecclesiam
3278 3917 3465 3973 usque
3526 3899 3680 3973 apud

2056 3991 2228 4060 caput
2249 3988 2388 4044 anni
2401 3989 2455 4044 ei
2469 3989 2853 4056 reddimus,et
2865 4003 3070 4058 pacem
3087 3992 3145 4042 et
3165 3988 3680 4059 capillosincidere

2055 4076 2306 4146 habeat;
2335 4080 2394 4132 et
2423 4076 2470 4132 si
2512 4093 2670 4132 mors
2717 4076 2777 4131 in
2818 4076 3006 4148 capite
3061 4076 3205 4131 anni
3259 4077 3548 4144 evenerit,
3592 4077 3682 4131 vel

2057 4165 2212 4220 infra
2229 4183 2468 4233 annum,
2493 4181 2562 4221 ex
2587 4168 2784 4221 nostra
2799 4167 2965 4236 parte
2987 4164 3282 4220 absolutus
3304 4167 3680 4238 permaneat,

2059 4257 2116 4311 et
2143 4255 2188 4309 si
2215 4254 2550 4310 desiderans
2570 4270 2676 4326 per
2698 4253 3098 4309 inﬁrmitatem
3122 4246 3462 4309 annualiter
3481 4253 3682 4310 venire

2058 4343 2403 4417 nequiverit,
2435 4348 2493 4398 et
2521 4342 2944 4398 interveniente
2982 4345 3170 4398 morte
3201 4344 3566 4411 occubuerit,
3623 4344 3682 4398 in

352 4438 566 4493 nocivze
602 4431 994 4489 ecclesiastica:
1023 4426 1404 4494 venditiones,
1439 4429 1526 4481 vel
1552 4431 1955 4488 commutatio-
1979 4411 2033 4472 D
2061 4451 2193 4491 eam
2222 4432 2502 4489 absolutio
2543 4436 2902 4503 permaneat.
2934 4431 3266 4486 Aldibertus
3294 4448 3434 4488 vero
3461 4437 3523 4487 et
3548 4429 3683 4487 Bai-

354 4548 475 4594 nes,
501 4543 627 4600 quae
653 4525 724 4580 ab
743 4517 1140 4576 abbatibusvel
1170 4515 1448 4587 episcopis
1479 4516 1617 4570 olim
1645 4519 1716 4574 de
1748 4521 1958 4578 eodem

357 4613 708 4676 monasterio
741 4611 904 4664 facta:
927 4609 1079 4673 sunt,
1118 4623 1185 4660 ex
1215 4605 1556 4659 auctoritate
1605 4613 1804 4665 nostra
1829 4629 1954 4666 om-

356 4710 498 4765 nino
526 4719 716 4758 vacua:
745 4704 803 4754 et
843 4695 1107 4751 invalidae
1141 4693 1481 4765 persistant:
1513 4695 1648 4765 quia
1678 4699 1953 4772 scriptum

358 4801 444 4854 est
461 4792 618 4867 quia,
649 4788 805 4861 quod
833 4786 1012 4840 semel
1041 4784 1280 4838 oil‘crtur
1304 4784 1420 4837 Deo
1455 4779 1683 4841 auferre
1715 4788 1958 4847 minime

355 4889 543 4946 liceat.
561 4883 776 4936 Damus
788 4875 962 4930 etiam
981 4875 1326 4944 potestatem
1346 4873 1647 4929 monachis
1660 4876 1834 4948 ipsius
1853 4882 1960 4937 loci

353 4973 673 5035 secundum
705 4965 971 5037 regulam
987 4960 1182 5017 Sancti
1199 4962 1490 5017 Benedicti
1513 4979 1578 5017 ex
1592 4981 1797 5023 eorum
1821 4986 1954 5041 pro-

348 5068 480 5142 pria
502 5051 1081 5132 congregatione,vel
1101 5050 1252 5104 unde
1265 5054 1465 5120 aptum
1481 5069 1630 5109 essse
1656 5074 1956 5133 perspexe-

346 5138 490 5220 rint,
514 5152 786 5208 abbatem
818 5138 1092 5214 eligendi,
1125 5141 1181 5191 ct
1213 5141 1523 5210 synodum,
1553 5161 1657 5198 nec
1682 5147 1818 5217 ipsis
1851 5169 1951 5208 nec

343 5244 568 5304 clericis
584 5252 788 5296 eorum
819 5249 938 5289 non
971 5227 1246 5284 custodiri
1272 5229 1524 5285 chrisma
1553 5234 1706 5288 unde
1733 5237 1811 5292 eis
1833 5243 1952 5312 pla-

342 5334 528 5392 cuerit
553 5323 888 5398 recipiendi,
921 5322 982 5375 et
1005 5316 1240 5372 clericos
1266 5333 1490 5385 eorum,
1509 5317 1568 5373 in
1599 5338 1946 5399 quacunque

342 5424 478 5481 sede
524 5415 809 5490 elegerint
861 5405 1173 5468 ordinandi
1215 5409 1274 5461 et
1321 5409 1383 5461 ut
1413 5407 1602 5464 omnis
1631 5414 1942 5486 paenitens,

2061 4523 2315 4579 noardus
2338 4521 2435 4594 qui
2452 4521 2604 4576 hanc
2625 4537 2858 4576 causam
2881 4525 3120 4593 propter
3131 4537 3408 4577 amorem
3424 4523 3531 4577 Dei
3553 4522 3682 4578 ﬁeri

2058 4613 2116 4668 in
2149 4628 2353 4668 eorum
2375 4614 2660 4682 potestate
2677 4609 3002 4682 adiuvando
3028 4609 3290 4680 cupiunt,
3307 4610 3382 4666 de
3393 4613 3687 4682 pmniten-

2060 4703 2140 4758 tia
2167 4703 2237 4758 de
2271 4717 2384 4775 qua
2413 4701 2588 4756 modo
2607 4699 2894 4773 suspirant
2923 4697 3169 4754 absoluti
3189 4698 3396 4766 sint,et
3420 4701 3688 4755 habeant

2060 4792 2352 4864 integram
2384 4789 2676 4845 licentiam
2710 4792 2770 4844 et
2793 4787 3238 4859 possibilitatem
3289 4787 3351 4842 in
3385 4793 3685 4861 quantum

2059 4881 2345 4937 voluerint
2371 4883 2492 4935 tam
2522 4878 2628 4952 ipsi
2659 4893 2834 4949 quam
2857 4877 2968 4943 sui,
2997 4876 3250 4948 augendi
3282 4880 3342 4932 et
3373 4878 3688 4935 crescendi

2059 4970 2333 5024 eumdem
2373 4969 2564 5023 locum
2591 4965 2814 5020 noviter
2843 4966 3216 5034 aediﬁcatum,
3243 4970 3304 5022 et
3333 4969 3688 5024 cmnobium

2053 5058 2256 5114 Montis
2285 5053 2691 5127 Majoris,quod
2707 5053 2857 5124 juris
2883 5059 2970 5109 est
2989 5055 3267 5109 Romana:
3291 5055 3594 5123 Ecclesiae,
3629 5059 3692 5111 et.

2055 5147 2235 5202 sancti
2292 5145 2531 5212 Petri,et
2579 5141 2907 5209 nostri,tam
2949 5141 3008 5196 in
3037 5142 3361 5198 honoribus
3401 5147 3688 5201 ecclesia-

2051 5237 2225 5303 sticis,
2249 5249 2424 5307 quam
2464 5231 2524 5286 in
2546 5231 2631 5286 sui
2661 5234 2947 5302 potestate
2973 5231 3208 5298 habent,
3237 5247 3423 5303 quam
3455 5232 3526 5288 in
3559 5250 3681 5291 ca-

2051 5327 2186 5380 teris
2208 5321 2656 5397 possessionibus
2676 5320 2844 5390 juxta
2872 5319 3031 5392 piam
3061 5319 3412 5390 petitionem
3431 5338 3687 5379 venera-

2047 5414 2176 5470 bilis
2205 5410 2427 5468 abbatis
2455 5410 2712 5482 praedicti
2732 5409 2843 5465 loci
2859 5408 3199 5476 Archinrici,
3221 5413 3280 5464 et
3303 5409 3490 5466 modo
3523 5416 3590 5467 et
3621 5413 3680 5468 in

339 5510 597 5588 quandiu
622 5505 701 5562 ibi
725 5503 967 5568 steterit,
999 5497 1290 5555 licentiam
1310 5498 1523 5554 habeat
1545 5503 1840 5561 ecclesiam
1855 5506 1946 5561 in-
2045 5502 2409 5572 futuro,sicut
2421 5501 2562 5556 olim
2587 5499 2926 5588 Lambertus
2941 5502 3110 5572 pater
3131 5499 3486 5556 earumdem
3509 5503 3680 5557 mili-

337 5586 631 5664 troeundi,
659 5594 746 5649 vel
778 5593 876 5665 qui
902 5589 1122 5646 ibidem
1160 5589 1379 5645 dictum
1422 5589 1596 5645 fuerit
1638 5591 1937 5652 audiendi.
2043 5596 2171 5649 tum
2200 5588 2594 5647 conveniendo
2636 5587 2887 5644 scribere
2938 5587 3095 5643 fecit.
3146 5586 3494 5662 Quicunque
3528 5607 3674 5647 vero

340 5694 472 5749 Haec
499 5687 1042 5761 igiturquzecunque
1058 5679 1834 5755 supradiximusauctoritate
1857 5685 1940 5743 illi
2037 5681 2172 5741 huic
2198 5682 2324 5736 loco
2356 5679 2604 5735 Corteno
2648 5677 2734 5732 vel
2769 5675 2944 5732 Monti
2987 5675 3188 5748 Majori
3231 5676 3385 5733 bene
3427 5677 3672 5750 fecerit,
