4012 6180
361 394 477 449 1521

1518 361 1876 425 EPISTOLJE
1917 358 2000 416 ET
2047 355 2450 416 DIPLOMATA

3565 355 3584 409 1
3598 354 3703 409 522

355 513 530 571 talem
564 499 1046 562 benedictionem
1069 494 1330 570 accipiat,
1351 493 1495 550 sicut
1515 489 1855 555 diximus,et
1872 482 1972 557 qui
2002 486 2053 546 Α
2098 480 2396 553 Corgnito,
2430 484 2677 540 salutem
2703 476 3104 536 charissimam
3137 492 3271 537 cum
3295 474 3705 533 benedictione

359 601 428 657 ad
452 601 602 653 hanc
633 589 932 648 ecclesiam
955 587 1334 654 ibit,securus
1364 583 1437 638 de
1469 578 1741 636 omnibus
1769 572 1968 630 inimi-

360 690 434 747 cis
480 685 593 742 suis
627 682 820 747 vadat,
848 680 907 733 et
957 675 1061 748 qui
1112 673 1164 728 ei
1210 671 1441 744 aliquod
1481 666 1975 741 impedimentum

363 770 713 852 praestiterit,
732 768 873 824 sciat
892 765 939 820 is
962 761 1535 818 excommunicatum
1563 760 1622 811 et
1641 755 1977 810 anathema-

364 844 614 922 tizatum.
645 858 706 914 Si
732 856 858 928 quis
876 853 1096 925 itaque,
1127 849 1282 922 quod
1313 865 1430 904 non
1465 849 1758 918 optamus,
1793 844 1979 895 teme-

366 953 514 1010 rario
548 964 712 1014 ausu,
738 947 846 1000 etc.

435 1038 666 1111 Sergius
694 1035 904 1089 sanctae
932 1029 1235 1086 catholicae
1266 1030 1325 1083 et
1351 1023 1677 1099 apostolica
1715 1015 1978 1074 Ecclesiae

369 1107 589 1202 praesul.
644 1125 842 1179 Petrus
885 1120 1212 1194 episcopus,
1260 1112 1618 1172 Crescentius
1656 1107 1977 1181 episcopus,

372 1193 566 1275 I’etrus
621 1193 940 1285 episcopus,
998 1205 1311 1278 Gregorius
1361 1208 1421 1258 et
1473 1199 1799 1270 Stephanus
1860 1193 1981 1264 epi-

373 1303 551 1376 scopi.

444 1392 648 1447 Datum
681 1385 950 1443 Laterani
976 1399 1079 1457 per
1109 1398 1321 1437 manus
1348 1375 1588 1436 Joannis
1625 1375 1838 1430 sanctae
1867 1372 1982 1424 Ro-

378 1496 563 1536 mana:
592 1475 854 1532 Ecclesiae
881 1472 1110 1529 diaconi
1139 1467 1474 1525 cardinalis.

1151 1575 1214 1631 X.

382 1675 594 1746 Sergius
629 1671 723 1746 I
763 1688 906 1746 papa
939 1666 1292 1746 Amatrlicunt
1318 1663 1625 1746 Aguenslem
1651 1658 1990 1746 archiepisco-

444 1737 579 1817 p'um
631 1745 699 1798 ob
763 1737 1026 1797 'Ve-xatum
1078 1737 1286 1792 Montis

456 1816 747 1887 redarguit.

879 1899 1070 1972 (Anno
1103 1893 1462 1961 1009-1012.)

777 2004 948 2077 [GalL
979 2001 1184 2061 Christ.
1216 2015 1367 2065 nov.,
1414 1999 1456 2064 I,
1493 1995 1605 2065 63.]

458 2114 694 2170 SERGIUS
723 2110 1046 2182 episcopus,
1077 2121 1271 2162 servus
1303 2115 1600 2157 servorum
1641 2096 1763 2162 Dei,
1808 2093 1998 2150 omni-

386 2205 488 2262 bus
521 2197 990 2273 archiepiscopis,
1018 2192 1327 2267 episcopis,
1357 2189 1617 2254 ducibus,
1649 2181 2002 2241 marchioni-

383 2293 486 2348 bus
519 2294 582 2346 et
605 2271 932 2353 comitibus,
966 2285 1213 2339 salutem
1244 2282 1303 2334 et
1341 2276 1716 2351 apostolicam
1763 2271 2001 2328 benedi-

386 2381 676 2436 ctionem.

456 2467 642 2524 Nobis
653 2467 872 2521 clamor
890 2457 1260 2518 nobilissimae
1279 2455 1582 2513 comitissae
1607 2449 1894 2507 Adelaidis
1913 2449 2006 2504 de-

389 2561 547 2614 latus
569 2558 675 2622 est,
708 2556 766 2608 et
788 2553 1212 2608 monachorum
1243 2547 1300 2602 S.
1338 2545 1489 2601 Petri
1521 2558 1691 2613 super
1723 2539 1870 2594 filios
1899 2538 2006 2591 Ne-

387 2643 656 2716 belongi,
690 2641 1034 2697 Rainaldum
1063 2637 1347 2702 videlicet,
1378 2633 1729 2687 Willelmum
1774 2631 1832 2682 et
1862 2627 2009 2680 Lan-

389 2735 654 2800 fredum,
680 2735 738 2787 et
761 2729 1255 2800 archiepiscopum
1281 2721 1634 2778 Amalricum
1657 2722 2011 2788 Aquensem,

393 2823 490 2896 qui
523 2821 754 2878 fortiter
779 2819 1078 2873 devastant
1113 2809 1526 2868 monasterium
1545 2804 1748 2860 Montis
1763 2801 2011 2870 Majoris,

393 2890 561 2985 quod
591 2913 678 2964 est
703 2908 805 2962 sub
836 2905 1120 2978 potestate
1165 2898 1346 2956 sancti
1397 2894 1551 2952 Petri
1601 2896 1658 2948 et
1710 2894 1928 2956 nostra,
1959 2890 2016 2943 et

281 3051 290 3058 .
395 3001 644 3070 insuper
662 2997 854 3050 villam
879 3010 1006 3067 quae
1028 2989 1368 3046 nominatur
1390 2987 1677 3046 Pertusus,
1712 2996 1816 3051 per
1839 2979 2018 3033 virtu—

391 3066 785 3144 tem—illorum
810 3066 1288 3154 depraedaverunt
1304 3077 1362 3129 et
1379 3071 1802 3135 cremaverunt,
1820 3066 2019 3123 tandiu
2049 3073 2095 3136 ρ

399 3190 714 3250 quousque
757 3168 1151 3226 inhabitabilis
1186 3164 1518 3237 permanet.
1553 3161 1631 3214 De
1677 3173 1790 3228 qua
1829 3171 2018 3221 causa,

401 3247 723 3321 monemus
751 3264 808 3316 et
831 3274 1109 3330 rogamus
1147 3251 1490 3309 auctoritate
1535 3247 1931 3320 apostolorum
1963 3247 2021 3298 et

401 3357 634 3419 nostra,
648 3365 823 3420 supra
839 3348 1057 3402 dictum
1078 3347 1405 3414 Aquensem
1420 3336 1936 3408 archiepiscopum,
1960 3334 2023 3386 ut

384 3443 533 3514 ipse
565 3441 787 3514 primus
821 3434 1135 3492 satisfaciat
1168 3448 1180 3486 :
1217 3429 1426 3486 deinde
1455 3442 1585 3482 cum
1618 3423 1838 3480 czrteris
1870 3438 2024 3476 com-

403 3527 862 3604 provincialibus
893 3519 1357 3594 archiepiscopis,
1407 3514 1709 3588 episcopis,
1756 3515 1929 3583 atque
1955 3510 2022 3563 ti-

407 3598 642 3676 delibus
673 3613 1029 3680 Christianis,
1075 3609 1171 3682 qui
1215 3605 1460 3679 imperio
1506 3601 1817 3660 Provincim
1860 3598 2027 3654 babi-

404 3711 563 3773 tant,
589 3705 763 3760 faciat
791 3703 986 3757 venire
1029 3699 1285 3754 infantes
1330 3692 1662 3763 Nevelongi,
1693 3694 1751 3744 et
1781 3688 1854 3743 ad
1889 3703 2025 3742 con-

411 3812 633 3871 gruam
664 3791 1144 3848 emendationem
1174 3787 1302 3840 illos
1328 3783 1645 3839 admoneat
1667 3780 1738 3834 de
1756 3777 1914 3848 gravi
1935 3777 2031 3831 da-

412 3863 585 3951 rvnno,
620 3882 774 3956 quod
801 3881 876 3951 inj
890 3883 1012 3934 uste
1044 3876 1364 3931 intulerunt
1385 3868 1740 3926 monasterio
1769 3868 1829 3920 Β.
1855 3863 2028 3920 Petri.

394 3976 474 4031 "Si
508 3990 611 4028 vos
637 3968 925 4026 audierint
955 3970 1012 4022 et
1038 3961 1498 4026 emendaverint,
1548 3960 1666 4013 Deo
1695 3956 1929 4028 gratias.
1972 3952 2030 4006 Si

419 4066 623 4120 autem
654 4055 1114 4129 contempserint
1145 4051 1381 4107 obedire
1433 4047 1596 4102 vobis
1625 4049 1682 4100 et
1709 4040 2034 4117 apostolicis

419 4147 750 4225 praeceptis,
769 4140 1342 4200 excommunicamus
1371 4137 1520 4198 illos,
1549 4152 1612 4190 ac
1640 4130 2036 4189 maledicimus

419 4221 493 4295 ex
527 4240 692 4309 parte
730 4233 830 4289 Dei
860 4236 918 4287 et
947 4232 1003 4286 S.
1035 4227 1244 4294 Mariae,
1265 4229 1322 4281 et
1342 4224 1685 4281 auctoritate
1711 4223 1773 4277 Β.
1807 4221 2038 4291 aposto-

423 4327 646 4392 lorum,
672 4327 781 4378 etc.
809 4323 1048 4392 Insuper
1077 4333 1220 4387 rogo
1249 4329 1452 4370 omnes
1479 4329 1578 4367 vos
1605 4311 1700 4382 qui
1731 4312 1916 4364 Deum
1942 4322 2036 4360 cu-

426 4433 560 4470 ram
594 4413 807 4468 habere
829 4405 1232 4475 videmini,ut,
1265 4403 1411 4457 sicut
1440 4417 1548 4473 ego
1573 4395 2039 4460 excommunico,

427 4503 697 4559 similiter
727 4503 785 4554 et
813 4515 910 4552 vos
941 4494 1184 4556 faciatis,
1215 4495 1272 4546 et
1297 4490 1773 4560 constringantur
1816 4485 2041 4540 vinculo

431 4588 845 4654 anathematis,
879 4585 976 4658 qui
1007 4583 1056 4636 vi
1085 4580 1345 4636 saeculari
1394 4580 1622 4632 vastant
1665 4579 1837 4647 atque
1883 4570 2044 4629 dissi-

433 4682 580 4754 pant
611 4679 733 4732 sine
762 4676 1054 4731 voluntate
1084 4669 1307 4725 abbatis
1324 4667 1842 4731 etmonachorum,
1867 4666 2049 4717 terras

435 4768 717 4833 retinent,
757 4780 899 4836 quas
923 4778 1028 4816 nos
1069 4762 1126 4813 et
1162 4760 1554 4812 antecessores
1597 4752 1777 4808 nostri
1808 4748 2047 4806 tradidi-

438 4873 593 4923 mus,
626 4857 684 4909 et
711 4846 1212 4908 corroboravimus
1242 4842 1510 4901 coenobio
1545 4857 1718 4912 supra
1749 4840 1923 4895 dicto.

1208 4951 1298 5008 XI.

444 5049 666 5118 Sergius
694 5043 785 5101 IV
794 5062 939 5116 papa
967 5042 1238 5118 gratiam;
1258 5039 1444 5118 abbati
1460 5041 1519 5118 et
1543 5035 1785 5118 omnibus
1806 5033 2056 5118 habitant

518 5105 656 5173 tibus
714 5119 770 5170 in
794 5105 1036 5170 'castello
1093 5121 1143 5167 et
1187 5113 1406 5166 civitate
1451 5108 1702 5178 Corgnito
1721 5105 1972 5178 praecipit
1997 5107 2059 5178 ut

519 5188 766 5245 ecclesias
803 5187 1084 5256 Peregrini
1106 5190 1156 5239 et
1196 5183 1259 5238 S.
1293 5173 1574 5236 Michaelis
1608 5173 1851 5232 ϐίλἱᾶοηὶ
1878 5173 2065 5228 abbati

522 5260 780 5328 Far/ensi
803 5259 1107 5314 restituant.

977 5347 1168 5414 (Anno
1200 5339 1539 5408 1009-1012.)

597 5437 877 5506 [ΜΑΒ]Μ..,
908 5433 1110 5491 Annal.
1152 5430 1268 5487 0rd.
1300 5429 1362 5485 S.
1406 5426 1608 5482 Bened.
1652 5425 1739 5491 ιν,
1773 5423 1922 5489 206.]

535 5545 770 5600 SERGIUS
800 5540 1124 5614 episcopus,
1165 5552 1358 5594 servus
1399 5548 1698 5589 servorum
1742 5528 1866 5595 Dei,
1921 5527 2070 5582 GRA-

463 5649 630 5689 rmvo
677 5603 893 5697 abbati,
939 5603 1016 5684 et.
1039 5603 1311 5683 omnibus
1340 5621 1732 5678 habitantibus
1755 5619 1812 5672 in
1845 5617 2076 5672 castello
2172 5633 2316 5682 sem,
2350 5615 2526 5670 etiam
2559 5609 2712 5665 aliud
2760 5604 3180 5660 monasterium
3227 5607 3284 5663 S.
3330 5604 3431 5661 Dei
3478 5603 3772 5675 genitricis
3853 5622 3860 5630 ·

2079 571 2414 644 apostolica.

2149 662 2354 715 Nostra
2382 678 2524 718 cura
2554 657 2864 734 pastoralis
2892 656 3023 711 talis
3052 659 3157 724 est,
3191 655 3416 710 Christo
3450 656 3705 723 favente,

2077 753 2140 805 ut
2153 749 2553 807 discordantes
2569 747 2913 805 clericosvel
2925 744 3102 799 laicos
3127 745 3202 800 ad
3225 745 3597 800 concordiam
3613 763 3707 800 re-

2076 839 2509 895 vocemus.Ideo
2529 837 2941 900 monemuste,
2963 833 3238 904 praedicte
3253 832 3524 888 Gratiane
3537 833 3708 900 abba,

2078 929 2138 983 et
2167 924 2412 981 omnino
2438 929 2721 1000 jubemus
2759 926 2843 992 ut,
2871 923 3189 978 secundum
3228 925 3585 995 praeceptum
3615 937 3710 976 re-

2079 1016 2229 1089 gula:
2251 1013 2452 1071 Sancti
2484 1013 2809 1081 Benedicti,
2839 1012 3109 1068 humilies
3126 1015 3180 1066 te
3201 1013 3305 1066 sub
3331 1011 3593 1067 Guidone
3617 1010 3716 1065 ab-

2079 1106 2214 1160 bate
2247 1105 2593 1160 monasterii
2646 1105 2885 1159 Sancta:
2916 1101 3104 1156 Maria!
3159 1101 3314 1172 quod
3361 1099 3598 1171 ponitur
3653 1099 3714 1155 in

2082 1192 2250 1249 Farfa
2267 1211 2280 1258 ;
2296 1195 2355 1247 et
2372 1193 2658 1265 quidquid
2679 1194 2894 1246 contra
2907 1190 3269 1261 praelibatum
3292 1187 3716 1245 monasterium

2083 1282 2297 1354 injuste
2350 1282 2540 1353 egisti,
2599 1280 2777 1335 citius
2825 1279 3125 1346 emendes,
3156 1282 3214 1333 et
3258 1279 3540 1345 ecclesias,
3573 1295 3719 1351 quas

2080 1373 2207 1444 jam
2230 1369 2384 1424 dicto
2410 1369 2607 1425 abbati
2623 1367 2962 1434 contendis,
2979 1367 3193 1422 scilicet
3208 1367 3401 1422 Sancti
3419 1367 3720 1439 Peregrini

2090 1465 2148 1516 et
2175 1459 2371 1515 Sancti
2402 1458 2695 1515 Michaelis
2724 1474 2862 1512 cum
2894 1458 3167 1512 omnibus
3195 1456 3310 1512 suis
3332 1457 3719 1529 pertinentiis,

2090 1549 2301 1604 reddas
2321 1547 2426 1603 illi.
2463 1548 2628 1612 Quod
2652 1547 2701 1602 si
2725 1547 2925 1601 facere
2958 1546 3230 1611 nolueris,
3264 1546 3720 1601 abomniofficio

2093 1636 2436 1693 sacerdotali
2470 1653 2712 1690 maneas
2758 1634 3001 1689 alienus.
3055 1634 3332 1689 Similiter
3375 1634 3724 1690 mandamus

1401 1731 1568 1804 ajoris
1617 1723 1997 1785 monasterium
2100 1725 2374 1782 omnibus
2425 1725 2721 1796 praedictis
2775 1723 3136 1791 hominibus,
3179 1725 3262 1777 vel
3317 1723 3461 1789 aliis,
3491 1723 3588 1795 qui
3620 1724 3723 1778 tibi

2027 1805 2079 1864 B
2100 1818 2305 1870 contra
2341 1815 2491 1868 hanc
2524 1817 2796 1868 nostram
2820 1812 3143 1882 jussionem
3190 1812 3542 1882 adjutorium
3573 1829 3726 1883 prte-

2103 1906 2254 1958 stare
2285 1903 2596 1970 voluerint,
2626 1905 2693 1956 ut
2715 1905 2882 1957 extra
2902 1901 3212 1955 Ecclesiam
3233 1903 3530 1968 maneant,
3545 1917 3723 1973 usque

2101 1993 2242 2047 dum
2275 2007 2380 2062 per
2413 1990 2883 2046 satisfactionem
2908 1990 3366 2045 emendaverint.

2860 2095 2974 2148 XII.

2103 2183 2332 2254 Sergius
2363 2181 2454 2236 IV
2498 2181 2762 2238 Ecclesiae
2792 2181 3183 2252 Bambergensi
3194 2180 3487 2254 privilegia
3516 2179 3726 2235 tribuit.

2623 2272 2821 2341 (Anno
2860 2270 3209 2341 1009-1012.)

2111 2360 2278 2433 [Vide
2306 2361 2363 2415 in
2393 2360 2700 2433 BENEDIC‘I‘O
2729 2359 3233 2433 erII_privilegiu-m
3271 2374 3373 2430 pro
3404 2356 3587 2412 eadem
3621 2353 3730 2410 Ec-

2607 2431 2793 2498 clesia,
2822 2431 2897 2484 ad
2922 2447 3014 2486 an.
3051 2434 3233 2498 1013.]

2847 2535 2986 2588 XIII.

2116 2623 2340 2692 Sergius
2370 2621 2459 2676 IV
2484 2622 2783 2702 monasteri
2812 2621 2895 2702 S._
2923 2623 3197 2702 Yz'ncentii
3231 2617 3601 2702 Yulturnensis
3620 2632 3739 2688 pos-

2441 2695 2691 2747 sessiones
2723 2699 2772 2746 et
2793 2695 3085 2764 privilegia
3115 2693 3416 2760 conﬁrmat.

2717 2780 2918 2852 (Anno
2959 2785 3141 2844 1012.)

2444 2870 2729 2941 [UGHt-ILLI,
2763 2868 2935 2923 Italia
2955 2885 3132 2933 sacra,
3153 2868 3242 2933 Vl,
3271 2868 3418 2936 390.]

2191 2959 2426 3013 Seuerus
2457 2956 2779 3026 episcopus,
2814 2973 3013 3010 servus
3034 2970 3333 3010 servorum
3354 2951 3480 3014 Dei,
3509 2950 3742 3005 HILARIO

2123 3045 2441 3102 venerabili
2472 3043 2667 3098 abbati
2698 3059 2767 3097 ex
2807 3043 3173 3098 monasterio
3216 3037 3424 3096 Christi
3471 3037 3744 3110 martyris

2123 3135 2426 3202 Vincentii,
2463 3136 2520 3187 et
2565 3148 2667 3202 pro
2728 3133 2786 3184 te
2846 3148 3046 3186 vener.
3100 3129 3478 3196 monasterio,
3519 3126 3746 3200 tuisque

2125 3222 2541 3280 successoribus
2568 3221 2629 3274 in
2656 3223 3030 3291 perpetuum.

2202 3313 2344 3367 Cum
2379 3325 2593 3380 magna
2622 3307 2794 3362 nobis
2823 3309 3219 3367 sollicitudine
3250 3328 3386 3367 cura
3415 3306 3620 3365 insistit
3641 3323 3745 3380 pro

2125 3401 2402 3457 universis
2429 3399 2531 3454 Dei
2564 3397 2848 3464 Ecclesiis,
2879 3415 2945 3452 ac
2972 3398 3082 3469 piis
3105 3402 3245 3458 locis
3273 3401 3505 3474 vigilan.
3538 3415 3612 3455 ne
3643 3397 3748 3453 ali-

2128 3505 2303 3562 quam
2336 3485 2691 3543 necessitatis
2729 3486 3023 3556 jacturam
3072 3491 3370 3557 sustineat,
3419 3490 3519 3545 sed
3562 3488 3750 3560 magis

2129 3575 2367 3650 propria
2392 3576 2638 3631 utilitate
2676 3575 2968 3645 stipendia
2998 3585 3421 3651 consequatur;
3453 3579 3583 3634 ideo
3608 3595 3751 3634 con-

2131 3667 2288 3721 venit
2315 3682 2419 3720 nos
2449 3662 2752 3736 pastoralis
2775 3667 2897 3718 tota
2925 3666 3140 3720 mentis
3160 3669 3497 3740 integritate
3513 3683 3752 3722 eorum-

2133 3755 2267 3810 dem
2299 3770 2428 3807 ven.
2461 3753 2720 3806 locorum
2748 3751 3015 3805 maximae
3045 3755 3372 3810 stabilitatis
3410 3755 3751 3825 integritate

2133 3857 2464 3915 procurare,
2498 3842 2557 3894 et
2605 3838 2805 3893 sedule
2849 3855 3056 3894 eorum
3097 3843 3327 3896 utilitati
3369 3841 3623 3897 subsidia
3665 3843 3750 3898 illi

2137 3931 2424 3997 conferre,
2459 3932 2516 3983 et
2538 3930 2654 3983 Deo
2697 3931 2895 3982 nostro
2927 3928 3317 4000 omnipotenti
3349 3929 3406 3983 id
3452 3929 3607 3999 quod
3642 3945 3750 3999 pro

2139 4021 2263 4091 ejus
2279 4018 2460 4073 sancti
2480 4015 2736 4071 nominis
2755 4017 2999 4083 honore,
3024 4017 3201 4072 etiam
3220 4017 3293 4072 ad
3323 4016 3555 4072 laudem
3574 4019 3752 4088 atque

2141 4108 2389 4181 gloriam
2437 4106 2561 4177 ejus
2608 4104 2818 4160 divina:
2852 4106 3170 4176 majestatis
3201 4104 3617 4160 venerabilium
3643 4122 3755 4160 no-

2141 4202 2390 4253 strorum
2423 4194 2600 4250 etiam
2621 4193 2916 4247 contulere
2940 4193 3100 4260 locis,
3120 4193 3306 4264 sitque
3337 4209 3402 4247 ac
3431 4191 3753 4262 optabilem

2143 4285 2330 4352 nobis,
2363 4300 2490 4356 qua:
2511 4282 2584 4338 ad
2613 4281 2737 4352 ejus
2765 4283 2958 4336 locum
2994 4282 3392 4352 plenissimam
3419 4278 3754 4335 misericor-

2070 4365 2122 4424 D
2146 4374 2300 4429 diam
2321 4373 2562 4444 dignum
2577 4370 2910 4441 hujusmodi
2942 4370 3022 4440 pii
3045 4371 3236 4441 operis
3265 4370 3324 4422 in
3347 4367 3583 4423 sidereis
3607 4368 3753 4423 arci-

2146 4465 2252 4518 bus
2281 4462 2588 4516 conferant
2605 4458 3163 4513 remunerationcm.
3184 4457 3364 4529 Igitur
3383 4457 3518 4528 quia
3537 4456 3758 4527 petistis

2148 4569 2182 4605 a
2210 4551 2376 4606 nobis
2405 4553 2692 4620 quatenus
2722 4547 3142 4603 monasterium
3160 4548 3217 4600 B.
3241 4544 3758 4617 Vincentiimarty-

2148 4640 2227 4695 ris
2256 4639 2428 4694 situm
2473 4653 2647 4709 supra
2673 4636 2936 4702 ﬂuvium,
2970 4637 3126 4706 quod
3157 4635 3364 4690 dicitur
3386 4635 3756 4701 Vulturnum,

2151 4729 2211 4782 in
2237 4727 2528 4783 territorio
2590 4726 2991 4779 Beneventano
3038 4723 3294 4796 partibus
3334 4722 3609 4790 Samnite,
3644 4740 3761 4778 una

2153 4834 2286 4871 cum
2317 4815 2432 4870 suis
2448 4813 2810 4886 pertinentiis
2837 4816 2894 4867 et
2924 4811 3309 4879 monasteriis,
3338 4810 3604 4867 videlicet
3633 4827 3758 4865 mo-

2155 4903 2490 4983 nasterium‘
2505 4903 2564 4954 Β.
2599 4900 2757 4955 Petri
2789 4901 3034 4973 apostoli
3065 4899 3315 4972 positum
3332 4901 3496 4972 juxta
3521 4898 3760 4952 ﬂuvium

2157 4992 2392 5048 Sabbati
2407 4989 2697 5046 territorio
2714 4991 3139 5056 Beneventano,
3154 4990 3252 5044 sed
3271 4992 3329 5043 et
3342 4985 3761 5042 monasterium

2159 5081 2217 5136 S.
2250 5081 2352 5134 Dei
2393 5079 2688 5151 genitricis
2732 5079 2920 5133 Mariae
2948 5079 3007 5132 in
3049 5079 3196 5141 loco,
3247 5076 3344 5147 qui
3383 5072 3588 5127 dicitur
3614 5074 3760 5128 Loco

2161 5187 2322 5225 sano.
2355 5171 2499 5224 Item
2539 5168 2959 5224 monasterium
2984 5165 3289 5223 Salvatoris
3320 5160 3552 5218 Domini
3582 5162 3764 5217 nostri

2161 5260 2291 5314 Jesu
2316 5257 2541 5325 Christi,
2576 5257 2732 5328 quod
2762 5256 3014 5328 positum
3047 5256 3133 5308 est
3153 5251 3212 5305 in
3234 5250 3400 5316 Alife,
3425 5265 3530 5304 nec
3561 5267 3679 5304 non
3707 5252 3766 5304 et

2163 5346 2585 5402 monasterium
2608 5345 2668 5398 in
2683 5345 2910 5399 honore
2933 5343 2988 5396 S.
3021 5338 3206 5394 Mariae
3235 5337 3768 5407 mdiﬁcatum,vide-

2166 5437 2297 5493 licet
2330 5436 2389 5491 in
2420 5433 2714 5490 territorio
2744 5429 3057 5485 Marsicano
3084 5428 3210 5482 loco
3227 5425 3572 5498 Apinianici,
3596 5442 3770 5498 porro

2170 5529 2224 5581 et
2253 5523 2671 5582 monasterium
2705 5521 2772 5575 S.
2803 5515 2978 5573 Mauri
2998 5515 3150 5571 infra
3165 5515 3508 5572 comitatum
3535 5516 3774 5570 Atinen-
