4012 6180
293 332 429 392 I523

1625 336 1850 395 SERGII
1886 335 1954 394 IV
1992 332 2201 396 PAPE

3472 345 3612 405 um

298 456 490 517 Merita
517 457 772 532 positum
798 457 856 514 in
885 457 1174 515 territorio
1195 456 1478 516 Pinnense
1498 457 1891 533 inloc0,quod
1912 462 1966 522 A
1992 459 2230 516 nasterii
2247 458 2846 526 fueritinvitatus,nec
2857 457 3162 517 missarum
3175 463 3614 521 solemnitatem

292 549 526 626 Mosanp
561 549 799 616 dicitur;
857 548 1152 604 enimvero
1203 553 1260 604 et
1290 549 1709 605 monasterium
1739 547 1896 604 aliud

293 640 692 694 consecratum
723 637 781 691 in
810 637 1093 692 honorem
1126 639 1184 693 S.
1233 637 1332 692 Dei
1372 638 1665 710 genitricis
1710 637 1896 693 Mariae

293 726 528 790 inloco,
561 724 659 796 qui
709 725 916 780 dicitur
963 728 1112 780 Duas
1154 727 1432 781 basilicas.
1489 728 1633 782 Item
1685 730 1742 782 et
1787 726 1898 781 alia

295 815 438 869 cella
468 813 508 869 S
557 813 748 868 Mariae
763 815 927 885 juxta
955 815 1189 870 ﬂuvium
1216 815 1430 882 Trinio,
1461 815 1739 888 quoniam
1771 815 1900 887 qui-

296 902 453 968 dem,
473 905 532 957 et
552 903 765 958 cellaS.
792 903 963 958 Sossii
989 904 1045 958 in
1065 905 1316 970 Liburia,
1342 905 1614 978 locusque
1637 906 1896 959 Pantano

293 1007 426 1046 cum
455 991 682 1064 integro
707 992 829 1065 ipso
849 993 1047 1048 Waldo
1072 995 1399 1064 pertinente
1420 993 1524 1065 ipsi
1545 993 1895 1048 monasterio

294 1079 352 1140 S.
384 1081 694 1150 Vincentii,
725 1084 880 1156 quod
910 1084 1086 1139 habet
1118 1085 1261 1138 lines
1293 1083 1363 1148 de
1399 1084 1590 1156 prima
1614 1086 1776 1155 parte
1805 1083 1898 1137 via

295 1171 555 1243 antiqua,
591 1172 686 1244 qui
714 1171 868 1227 venit
897 1173 971 1226 ad
1008 1174 1275 1239 ducenta,
1327 1172 1426 1244 qui
1450 1172 1707 1226 decernit
1747 1173 1898 1226 inter

296 1258 441 1328 haec,
479 1263 654 1328 terra,
683 1277 782 1316 seu
803 1261 1024 1328 Waldo,
1043 1265 1101 1316 et
1128 1262 1240 1316 alia
1271 1265 1445 1327 terra,
1469 1263 1526 1314 et
1546 1260 1767 1327 Waldo,
1801 1259 1898 1332 qui

295 1347 404 1403 fuit
427 1350 689 1421 praedicti
721 1351 1081 1419 monasterii,
1105 1353 1164 1405 et
1192 1354 1346 1405 terra
1367 1350 1478 1405 alia
1503 1350 1678 1421 ipsius
1699 1366 1899 1405 mona-

293 1436 473 1504 sterii,
503 1441 562 1493 et
587 1439 835 1510 qualiter
864 1439 1154 1510 demergit
1199 1439 1284 1494 via
1325 1439 1587 1510 antiqua,
1619 1438 1712 1510 qui
1745 1438 1900 1493 vadit

294 1525 368 1580 ad
401 1525 525 1596 ipsa
554 1527 771 1598 piscina
795 1528 919 1600 jam
967 1528 1101 1582 dicti
1133 1527 1490 1594 monasterii,
1530 1530 1585 1581 et
1615 1527 1899 1598 demergit

295 1611 386 1668 via
411 1613 534 1685 ipsa
560 1614 712 1669 inter
738 1615 888 1686 ipsas
919 1619 1120 1684 terras,
1151 1620 1208 1670 et
1238 1616 1436 1670 Waldo
1455 1617 1579 1686 jam
1605 1614 1739 1670 dicti
1770 1631 1896 1669 mo-

297 1703 554 1769 nasterii,
577 1707 635 1758 et
665 1707 819 1758 terra
835 1705 946 1760 alia
965 1705 1138 1776 ipsius
1167 1704 1525 1771 monasterii,
1549 1721 1676 1776 qua:
1690 1704 1897 1758 dicitur

1996 549 2282 620 quispiam
2301 549 2592 604 celebrare
2607 550 3287 619 prazsumat.Statuentes
3299 554 3616 624 apostolica

1997 636 2233 709 insuper
2261 654 2503 693 censura
2532 638 2634 692 sub
2679 636 2853 692 divini
2879 638 3078 709 judicii
3105 640 3613 708 obtestationibus,

1999 728 2058 780 et
2085 726 2284 781 validis
2311 731 2484 798 atque
2512 725 2802 780 atrocibus
2831 727 3218 782 anathematis
3250 728 3613 785 interdictio-

1997 814 2187 882 nibus,
2222 818 2285 870 ut
2315 817 2503 870 nullus
2523 831 2783 888 unquam
2817 819 3131 887 praesumat
3156 818 3446 889 quispiam
3473 819 3619 874 alius

1997 904 2387 975 cujuscunque
2410 903 2707 975 dignitatis
2724 903 3001 975 praeditus
3015 908 3418 976 potestate,vel
3431 907 3615 961 etiam

1998 992 2056 1046 in
2083 994 2291 1048 eodem
2322 992 2634 1047 venerabili
2667 992 3046 1061 monasterio,
3098 996 3187 1049 vel
3230 997 3393 1068 cujus
3431 996 3619 1050 causis

1997 1082 2354 1149 incumbere,
2409 1084 2508 1136 aut
2563 1082 2634 1137 de
2683 1082 2877 1144 rebus,
2907 1085 2964 1136 et
3015 1084 3494 1154 possessionibus,
3531 1086 3615 1140 vel

1998 1172 2255 1227 Ecclesiis
2278 1171 2566 1242 subjectis,
2581 1172 2670 1225 vel
2691 1171 2978 1244 quidquid
3001 1173 3068 1227 de
3089 1172 3179 1228 his
3195 1174 3408 1229 exinde
3427 1174 3618 1230 inesse

1997 1261 2226 1317 videtur
2249 1277 2482 1334 quoquo
2526 1260 2702 1314 modo
2753 1260 3004 1327 auferre,
3055 1263 3154 1315 aut
3195 1263 3476 1329 alienare,
3513 1281 3618 1318 nec

2000 1347 2636 1422 quamlibetmalitiam,
2659 1351 2756 1403 aut
2773 1349 3014 1420 jactura:
3039 1351 3373 1405 molestiam
3393 1351 3618 1408 ibidem

1997 1439 2111 1492 sive
2143 1438 2316 1510 pacis,
2335 1437 2450 1490 sive
2471 1435 2789 1492 barbaricis
2819 1439 3184 1509 temporibus
3196 1441 3618 1512 quoquomodo

1996 1525 2363 1581 inferendum
2383 1525 2685 1598 praefatum
2703 1526 3127 1598 perenniter,ut
3143 1527 3365 1583 dictum
3386 1532 3475 1584 est
3496 1533 3618 1583 tam

1995 1615 2150 1686 pacis
2195 1631 2371 1686 quam
2412 1614 2695 1668 barbarici
2754 1613 3034 1685 temporis
3088 1616 3262 1670 firma
3300 1616 3620 1672 stabilitate

1999 1703 2365 1758 decernimus
2396 1703 2500 1757 sub
2527 1702 2930 1774 jurisdictione
2961 1705 3171 1758 sanctae
3214 1703 3479 1759 Ecclesia:
3515 1723 3618 1760 no-

299 1789 369 1845 de
397 1791 659 1858 Tortora,
693 1795 750 1846 et
777 1794 934 1847 terra
973 1793 1043 1847 de
1074 1792 1427 1859 hominibus,
1461 1793 1558 1864 qui
1590 1792 1667 1847 ibi
1693 1792 1896 1847 afﬁnes
1923 1813 1973 1872 B
1997 1796 2128 1846 stra:
2151 1807 2495 1862 permanen.
2521 1792 2964 1862 Promulgantes
2983 1809 3195 1864 nempe
3213 1797 3271 1848 et
3292 1793 3401 1848 hac
3422 1799 3623 1849 aucto-

292 1881 446 1947 sunt,
473 1883 530 1935 et
563 1879 707 1936 sicut
734 1879 937 1953 incipit
959 1897 1131 1952 super
1159 1881 1282 1952 ipsa
1308 1880 1622 1952 piscina,et
1651 1880 1897 1952 qualiter
1995 1879 2168 1934 ritate
2203 1881 2260 1932 Β.
2295 1880 2690 1951 apostolorum
2725 1879 3003 1952 principis
3033 1897 3230 1936 coram
3259 1881 3377 1937 Deo
3405 1886 3468 1936 et
3503 1886 3624 1937 ter-

297 1969 537 2023 revolvit
553 1985 725 2040 super
742 1968 865 2042 ipsa
883 1973 1039 2025 terra
1055 1970 1124 2024 de
1143 1969 1352 2024 eodem
1374 1970 1596 2036 Waldo,
1613 1973 1671 2024 et
1692 1968 1898 2024 eadem
1999 1968 2150 2022 ribili
2179 1968 2300 2039 ejus
2331 1967 2596 2022 examine
2623 1984 2726 2040 pro
2750 1967 2946 2023 futuro
2975 1985 3076 2039 per
3097 1970 3266 2041 hujus
3278 1971 3624 2043 nostriapo-

294 2057 452 2112 terra
480 2057 550 2112 de
577 2058 839 2126 Tortora,
869 2060 926 2114 et
953 2058 1108 2112 vadit
1137 2058 1209 2112 ad
1248 2057 1437 2129 ipsum
1470 2059 1731 2112 Pantano
1754 2073 1900 2127 prze-
1999 2056 2183 2111 stolici
2208 2055 2512 2128 privilegii,
2547 2059 2719 2129 atque
2769 2057 3062 2111 constituti
3093 2059 3402 2126 sancimus,
3438 2063 3623 2133 atque

301 2145 437 2202 dicti
465 2146 826 2211 monasterii,
856 2150 914 2202 et
940 2146 1194 2218 perrexit
1219 2162 1322 2217 per
1337 2146 1525 2217 ipsum
1548 2149 1896 2212 Pantanum,
2000 2145 2385 2212 decernimus,
2416 2147 2477 2198 ut
2527 2146 2652 2200 loca
2683 2163 2812 2217 quae
2849 2147 2922 2201 ab
2954 2145 3257 2201 abbatibus
3283 2148 3622 2219 cujuslibet,

291 2237 350 2290 et
376 2234 550 2302 Silva,
566 2237 624 2290 et
649 2235 860 2307 palude
889 2253 1071 2308 usque
1102 2236 1159 2289 in
1189 2236 1310 2306 ipso
1341 2235 1573 2307 frigido.
1595 2238 1674 2290 De
1693 2240 1900 2308 quarta
1999 2250 2125 2304 quae
2156 2234 2316 2288 vobis
2346 2233 2404 2287 in
2429 2233 2639 2288 eodem
2671 2233 2914 2306 praefato
2943 2252 3134 2291 vener.
3168 2237 3535 2291 monasterio
3561 2238 3620 2292 S.

295 2340 430 2380 vero
457 2326 622 2397 parte
660 2324 784 2379 sine
808 2325 932 2395 jam
973 2324 1124 2379 dicto
1151 2323 1384 2394 frigido,
1415 2328 1473 2378 et
1493 2324 1622 2395 jam
1653 2324 1898 2379 dictola-
1998 2322 2281 2377 Vincentii
2337 2328 2508 2378 mart.
2565 2326 2948 2390 commutata,
2979 2325 3064 2378 vel
3113 2325 3290 2378 etiam
3340 2341 3623 2381 concessa

299 2429 409 2468 neo
437 2412 613 2467 etiam
644 2429 762 2467 una
795 2429 924 2467 cum
951 2412 1075 2467 aliis
1104 2411 1470 2466 monasteriis
1499 2414 1557 2466 et
1585 2411 1738 2466 cellis
1764 2429 1896 2468 cum
1999 2414 2263 2480 sunt,nec
2295 2429 2413 2467 non
2446 2415 2504 2467 et
2530 2412 2668 2467 alias
2693 2414 2954 2467 locorum
2979 2413 3392 2484 possessiones,
3424 2433 3561 2488 qua
3588 2433 3622 2470 ε

299 2499 442 2556 casis
467 2504 525 2554 et
554 2500 852 2563 casalibus,
883 2516 1014 2554 cum
1046 2499 1222 2553 servis
1246 2502 1305 2553 et
1343 2498 1562 2553 ancillis
1600 2499 1895 2572 utriusque
1997 2502 2248 2572 regibus,
2284 2519 2349 2556 ac
2377 2502 2635 2570 ducibus,
2667 2502 2754 2556 vel
2785 2503 2958 2556 casta]
2971 2502 3111 2569 deis,
3140 2502 3421 2558 universis
3453 2504 3621 2559 Chri-

302 2605 466 2644 sexus
512 2586 727 2643 ibidem
777 2587 1180 2656 residentibus,
1214 2589 1302 2642 vel
1341 2604 1474 2642 cum
1512 2589 1712 2643 omnia
1749 2592 1807 2644 et
1834 2590 1894 2645 in
1997 2590 2196 2646 stianis
2238 2590 2294 2644 in
2331 2591 2538 2645 eodem
2569 2594 2770 2645 sancto
2803 2592 2928 2644 loco
2962 2591 3169 2662 largita
3209 2594 3384 2664 atque
3419 2594 3624 2649 oblata

311 2677 702 2732 omnibussuis
718 2676 1464 2749 pertinentiistibi,tuisque
1481 2678 1897 2732 successoribus
1998 2682 2151 2743 sunt,
2185 2682 2285 2733 aut
2315 2679 2371 2733 in
2409 2682 2706 2750 posterum
2740 2677 2853 2733 illic
2880 2695 3149 2733 concessa
3171 2679 3410 2747 fuerint,
3445 2680 3626 2736 ﬁrma

301 2765 627 2827 abbatibus,
660 2765 755 2837 qui
789 2763 1003 2820 ibidem
1035 2765 1094 2820 in
1117 2768 1380 2838 tempore
1410 2765 1646 2821 fuerint.
1682 2767 1894 2823 Conce-
1998 2767 2311 2822 stabilitate
2334 2767 2450 2839 juri
2483 2767 2658 2840 ipsius
2687 2767 2913 2839 praafati
2947 2784 3072 2822 ven.
3106 2769 3453 2823 monasterii
3502 2769 3627 2824 exi-

298 2853 488 2908 dimus
517 2857 582 2908 ut
607 2855 710 2909 sub
748 2854 1148 2925 jurisdictione
1177 2857 1386 2910 sanctas
1420 2858 1630 2910 nostra:
1660 2855 1748 2909 cui
1781 2857 1896 2912 Deo
1999 2857 2202 2914 stenda
2226 2859 2398 2928 atque
2420 2856 2477 2910 in
2494 2859 2838 2928 perpetuum
2860 2856 3266 2927 permanenda
3286 2857 3625 2915 statuimus.

296 2944 530 2998 auctore
595 2941 945 2998 deservimus
996 2943 1259 2999 Ecclesiae
1315 2943 1476 2998 vobis
1534 2943 1899 2999 attinendum
2001 2948 2114 3002 Nec
2144 2945 2374 3000 licentia
2405 2943 2497 3011 sit,
2522 2947 2584 2999 ut
2612 2944 2830 2998 dictum
2849 2948 2954 3011 est,
2979 2948 3036 2999 et
3057 2946 3203 3016 ejus,
3229 2947 3316 3000 vel
3343 2946 3627 3002 omnibus

293 3031 504 3087 nullius
528 3030 760 3085 alterius
810 3030 1070 3086 Ecclesia:
1114 3031 1609 3103 jurisdictionibus
1661 3032 1902 3087 submit—
1939 3099 1976 3107 _
2003 3035 2195 3091 eidem
2226 3033 2578 3088 monasterio
2617 3033 2906 3104 pertinen.
2937 3033 3204 3105 cuiquam
3234 3051 3472 3106 magna:
3495 3052 3634 3107 par-

296 3122 512 3174 tantur.
541 3121 650 3175 Pro
677 3136 789 3191 qua
831 3137 892 3175 re
925 3119 1032 3192 piis
1060 3099 1358 3175 desideriis
1395 3120 1670 3187 faventes,
1703 3138 1767 3176 ac
1798 3139 1901 3177 no~
1929 3099 1977 3159 C
2005 3141 2202 3196 vasque
2232 3139 2494 3193 personae
2517 3099 2878 3190 auferre,aut
2896 3099 3137 3193 praefato
3149 3124 3317 3194 juxta
3336 3099 3420 3191 id,
3461 3099 3631 3197 quod

297 3211 414 3264 stra
441 3209 785 3264 auctoritate
813 3209 969 3281 quod
1004 3207 1349 3279 exposcitur,
1384 3209 1806 3280 mancipamur.
1836 3213 1905 3266 Et

296 3294 428 3367 ideo
485 3297 854 3352 concedimus
908 3297 1066 3352 vobis
1122 3298 1434 3370 vestrisque
1489 3299 1904 3355 successoribus

300 3385 603 3441 abbatibus
650 3387 942 3442 licentiam
993 3385 1320 3457 apostolicae
1354 3387 1504 3440 sedis
1556 3391 1786 3454 nostra},
1842 3393 1905 3444 ut

300 3473 622 3545 quamlibet
633 3474 1124 3529 Christianitatem
1140 3473 1532 3545 indigentibus
1552 3475 1609 3528 in
1629 3477 1902 3547 praedicto

301 3577 496 3615 vener.
531 3563 908 3629 monasterio,
941 3562 1125 3634 qualis
1155 3561 1452 3634 episcopus
1481 3563 1638 3618 vobis
1669 3565 1743 3620 ad
1768 3565 1905 3622 invio

302 3649 544 3705 tandum
566 3651 696 3722 jure
721 3651 1013 3706 volueritis
1028 3650 1278 3706 habendi
1301 3654 1645 3723 potestatem
1661 3654 1902 3709 omnino

303 3737 674 3794 concedimus
687 3741 760 3795 ad
775 3739 1046 3795 Ecclesias
1057 3740 1504 3810 confirmandas,
1521 3759 1619 3796 seu
1631 3742 1904 3799 abbatem

301 3829 780 3884 consecrandum.
843 3829 1029 3884 Etiam
1062 3828 1326 3884 similiter
1361 3829 1792 3886 ordinationem
1834 3833 1904 3888 de

302 3917 773 3987 subdiaconibus,
801 3921 860 3974 et
899 3917 1238 3974 diaconibus
1278 3933 1376 3973 seu
1413 3919 1759 3992 presbyteris
1801 3938 1906 3994 per

299 4009 566 4081 tempora
582 4008 934 4076 faciendum,
949 4011 1007 4063 et
1027 4009 1101 4063 ad
1114 4025 1353 4063 omnem
1371 4010 1617 4080 gradum
1641 4013 1902 4068 ecclesia-

300 4095 507 4152 sticum
529 4097 748 4155 ibidem
768 4097 828 4153 in
859 4100 1122 4170 tempore
1155 4097 1904 4169 adimplendum.Protesta-

300 4199 434 4240 mur
457 4187 635 4242 etiam
666 4188 856 4242 nullus
881 4187 1180 4259 episcopus
1203 4186 1410 4241 exinde
1439 4187 1647 4243 debeat
1667 4189 1902 4246 subdia-

299 4288 532 4342 conum,
552 4276 856 4332 diaconum
869 4319 882 4344 ,
903 4292 1002 4330 seu
1025 4275 1425 4347 presbyterum
1439 4275 1512 4330 ad
1525 4293 1689 4332 suum
1707 4280 1902 4334 conci-

2003 3213 2324 3284 subjectum
2351 3211 2568 3266 eisdem
2601 3227 2729 3264 ven.
2748 3210 2886 3266 locis
2908 3211 3234 3282 apostolicis
3265 3212 3626 3280 constitutis,

2005 3305 2178 3374 atque
2222 3299 2532 3373 privilegiis
2574 3298 2848 3354 consistat
2877 3299 2934 3353 in
2978 3300 3453 3356 concurrendum
3492 3318 3628 3374 per-

2005 3393 2262 3450 maneat.
2287 3392 2354 3445 Et
2370 3390 2538 3444 liceat
2567 3389 2805 3444 eosdem
2823 3391 3142 3444 monachos
3164 3389 3235 3444 de
3255 3407 3358 3445 sua
3377 3407 3633 3464 congre-

2005 3481 2240 3553 gatione
2266 3480 2538 3535 abbatem
2567 3496 2799 3552 semper
2827 3480 3062 3551 eligere,
3095 3480 3264 3535 liceat
3293 3481 3492 3552 ipsum
3527 3484 3632 3538 ab-

2005 3571 2224 3637 batem,
2256 3569 2353 3642 qui
2391 3569 2609 3624 fuerint
2659 3587 2789 3625 suos
2825 3568 3087 3641 judicare
3134 3571 3466 3626 monachos
3506 3589 3631 3627 non

2005 3659 2193 3713 solum
2242 3657 2401 3713 virile
2461 3658 2903 3725 monasterium,
2948 3658 3048 3713 sed
3091 3657 3270 3713 etiam
3332 3660 3633 3717 muliebre

2006 3745 2425 3802 monasterium
2451 3745 2558 3801 sibi
2583 3746 2926 3818 subjectum.
2955 3747 3014 3802 Si
3041 3746 3168 3820 quis
3205 3750 3428 3814 autem,
3467 3750 3633 3822 quod

2008 3852 2126 3892 non
2155 3839 2442 3907 optamus,
2475 3834 2696 3890 nefario
2727 3852 2866 3890 ausu
2887 3836 3325 3908 praesumpserit
3349 3837 3483 3893 haec
3497 3854 3631 3912 qua

2007 3941 2041 3978 a
2065 3924 2231 3980 nobis
2258 3923 2327 3978 ad
2353 3923 2586 3978 laudem
2613 3923 2716 3979 Dei
2747 3940 2850 3996 pro
2897 3923 3208 3978 stabilitate
3247 3941 3380 3979 ven.
3409 3942 3633 3982 mona-

2003 4013 2157 4068 sterii
2187 4015 2398 4067 statuta
2426 4016 2559 4066 sunt
2585 4011 2901 4082 refragare,
2935 4015 3033 4066 aut
3062 4011 3122 4067 in
3148 4017 3635 4086 quoquamtran-

2004 4101 2116 4155 sire
2150 4100 2454 4168 discilium,
2505 4100 2892 4155 anathematis
2939 4099 3162 4156 vinculo
3192 4100 3546 4169 innodatus,
3575 4106 3634 4158 et

2002 4205 2133 4244 cum
2185 4189 2434 4257 diabolo,
2489 4193 2548 4244 et
2576 4190 2698 4261 ejus
2729 4188 3094 4244 atrocissimis
3123 4190 3378 4263 pompis,
3433 4196 3622 4264 atque

2001 4294 2136 4333 cum
2179 4279 2325 4333 Juda
2369 4278 2648 4334 traditore
2702 4277 2933 4333 Domini
2973 4277 3156 4333 nostri
3209 4280 3341 4333 Jesu
3396 4280 3622 4336 Christi

299 4361 438 4416 lium
451 4364 898 4435 provocare,nisi
911 4381 1013 4418 sua
1025 4363 1592 4432 fueritvoluntas,aut
1604 4367 1898 4436 abbatem,
1929 4393 1982 4453 D
2001 4369 2218 4422 aeterno
2249 4367 2518 4422 incendio
2547 4366 3006 4421 concremandus
3028 4367 3356 4438 deputetur.
3383 4372 3459 4423 At
3483 4387 3623 4426 vero

299 4451 388 4504 vel
412 4455 761 4507 monachum
778 4454 935 4508 nullo
960 4453 1134 4506 modo
1150 4452 1433 4524 judicare,
1454 4454 1539 4508 vel
1564 4469 1900 4512 excommu-

301 4537 513 4593 nicare.
530 4541 803 4594 Volumus
822 4542 998 4595 etiam
1017 4544 1076 4595 et
1101 4542 1412 4612 apostolica
1429 4541 1788 4613 injungimus
1806 4562 1902 4599 au-

300 4627 564 4683 ctoritate
595 4630 755 4685 vobis
779 4632 1092 4702 vestrisque
1123 4631 1544 4687 successoribus
1575 4631 1898 4702 abbatibus,

298 4715 396 4786 qui
424 4715 642 4772 ibidem
663 4718 721 4772 in
749 4721 1011 4790 tempore
1034 4719 1454 4788 praeordinatus
1478 4719 1653 4774 fuerit
1671 4722 1740 4776 de
1757 4740 1897 4794 qua-

296 4805 564 4878 licunque
600 4806 844 4860 Ecclesia
889 4808 1173 4875 sacerdos,
1201 4810 1286 4863 vel
1317 4808 1505 4864 clerici
1531 4810 1795 4864 venerint
1824 4812 1896 4867 ad

294 4895 701 4961 habitandum,
723 4895 888 4949 autin
905 4896 1337 4952 conversatione
1353 4898 1621 4964 fratrum,
1636 4897 1749 4952 sive
1767 4917 1892 4955 mo-

293 4982 1252 5054 nachicumsuscipiendihabitum,
1278 5002 1336 5039 se
1357 4986 1683 5052 contulerit,
1698 4988 1891 5043 statim

2003 4457 2098 4528 qui
2129 4455 2222 4528 pio
2268 4456 2477 4510 intuitu
2526 4456 2983 4524 observaturum,
3017 4459 3074 4510 et
3119 4456 3179 4510 iu
3209 4457 3496 4512 omnibus
3525 4477 3625 4514 ex-

2001 4544 2210 4599 stiterit
2233 4544 2558 4600 custodiens
2581 4545 2751 4614 hujus
2781 4543 2961 4598 nostri
2993 4544 3297 4607 apostolici
3329 4549 3625 4602 constitu-

2003 4636 2124 4686 tum
2180 4633 2252 4687 ad
2308 4635 2525 4686 cultum
2558 4631 2657 4687 Dei
2697 4631 3157 4703 respicientibus,
3186 4632 3628 4690 benedictionis

2001 4720 2272 4792 gratiam,
2304 4721 2596 4793 vitamque
2653 4725 2933 4775 aeternam
2983 4737 3017 4774 a
3066 4720 3624 4778 misericordissima

1997 4809 2247 4864 Domino
2282 4811 2396 4864 Deo
2426 4812 2621 4864 nostro
2654 4808 3048 4879 multipliciter
3095 4814 3518 4880 consequatur,
3569 4816 3627 4867 et

1999 4898 2124 4952 vita:
2158 4900 2389 4953 aeternae
2420 4898 2705 4969 particeps
2733 4897 2879 4951 efﬁci
2912 4899 3226 4952 mereatur.

2065 4985 2355 5056 Scriptum
2377 5002 2482 5057 per
2499 5001 2706 5040 manus
2729 4985 3024 5040 Benedicti
3044 4984 3253 5040 notarii
3271 4987 3626 5057 regionarii.

287 5073 632 5148 recipiendi;
666 5072 915 5128 chrisma
945 5087 1079 5126 vero
1106 5076 1164 5125 et
1189 5073 1380 5127 oleum
1403 5077 1663 5128 sanctum
1683 5092 1715 5129 a
1737 5078 1891 5148 quali
1993 5076 2050 5126 et
2101 5073 2383 5129 scriniarii
2417 5075 2474 5129 S.
2507 5075 2572 5130 Β.
2603 5075 2664 5129 Ε.
2694 5073 2753 5127 in
2787 5090 2990 5128 mense
3043 5073 3353 5128 Februario
3396 5074 3618 5130 indict.

287 5165 556 5236 episcopo
586 5162 746 5218 vobis
775 5163 1040 5217 voluntas
1077 5159 1270 5228 fuerit,
1301 5160 1675 5232 impetrandi.
1702 5163 1892 5220 Liceat
1992 5178 2044 5215 x.
2081 5164 2229 5217 Bene
2285 5164 2395 5217 val.
2445 5165 2586 5218 Data
2613 5180 2644 5216 v
2673 5162 2798 5219 Kal.
2844 5161 3027 5216 Martii
3056 5178 3160 5234 per
3189 5179 3401 5216 manus
3432 5164 3621 5230 Petri,

283 5268 512 5324 semper
533 5256 591 5307 et
611 5251 952 5318 secundum,
987 5251 1052 5304 ut
1073 5248 1342 5316 diximus,
1374 5250 1478 5304 sub
1509 5252 1884 5322 apostolicam
1991 5250 2220 5306 Domini
2272 5251 2458 5323 gratia
2509 5251 2762 5323 episcopi
2803 5250 2859 5305 S.
2892 5250 3264 5304 Praenestinae
3317 5251 3622 5318 Ecclesiae,

280 5345 535 5396 nostram
569 5342 1015 5411 potestatem,et
1043 5355 1282 5392 omnem
1306 5337 1605 5409 cujuslibet
1627 5339 1882 5397 Ecclesiae
1987 5344 2043 5394 et
2093 5339 2512 5396 bibliothecarii
2563 5343 2775 5395 sancta:
2835 5340 3162 5408 apostolicae
3217 5339 3389 5400 sedis,
3451 5357 3619 5394 anno

275 5430 634 5486 sacerdotem
682 5427 740 5485 in
772 5430 1014 5502 praefato
1039 5445 1146 5483 ven
1213 5426 1565 5482 monasterio
1597 5427 1876 5484 ditionem
1983 5428 2082 5483 Dei
2113 5429 2370 5500 propitio
2405 5428 2774 5501 pontificatus
2801 5426 3027 5482 domini
3068 5427 3247 5482 nostri
3280 5427 3623 5497 Sergiisan-

273 5517 978 5590 quamlibethaberehanc
1006 5517 1434 5583 auctoritatem,
1454 5516 1870 5589 praetersedem
1974 5517 2212 5574 ctissimi
2229 5518 2300 5573 IV
2324 5534 2490 5591 papae
2526 5516 2765 5573 sedente
2791 5531 2944 5571 anno
2978 5518 3030 5584 3,
3057 5515 3257 5571 indict.
3277 5516 3618 5587 supradicta

263 5604 639 5683 apostolicam
659 5605 1054 5678 prohibemus,
1083 5607 1161 5664 ita
1191 5610 1272 5676 ut,
1295 5605 1400 5662 nisi
1427 5605 1499 5661 ab
1520 5604 1730 5661 abbate
1745 5621 1866 5661 mo-
1968 5607 2216 5662 decima.
