4012 6180
345 437 483 490 1525

551 596 556 598 .
1113 550 1246 607 XIV.

344 644 531 714 Sergiz'
557 640 650 696 IV
683 657 848 712 papa
869 639 1230 710 privilegium
1271 657 1378 712 pro
1414 638 1731 694 monasterio
1761 632 1979 688 Bellz'lo-

1069 746 1237 786 σεπδι.

961 819 1160 890 (Anno
1197 819 1379 889 1012.)

565 909 782 983 [Gallia
815 907 1167 972 Christiana,
1210 911 1322 963 vet.
1359 908 1477 975 ed.,
1511 911 1553 974 l,
1589 907 1739 976 756.]

423 1005 486 1057 In
520 999 755 1056 nomine
789 996 1026 1054 Domini
1047 997 1367 1054 Salvatoris
1396 996 1580 1053 nostri
1600 999 1734 1050 Jesu
1757 995 1988 1062 Christi,

348 1109 532 1149 anno.
578 1131 590 1144 .
634 1131 648 1144 .
696 1131 708 1142 .
752 1128 764 1141 .
811 1087 1067 1160 propitio
1117 1087 1492 1160 pontificatus
1545 1084 1758 1140 domni
1812 1083 1994 1138 nostri

350 1180 541 1254 Sergii
571 1177 778 1234 summi
809 1175 1104 1248 pontificis
1153 1175 1441 1230 universis
1479 1173 1679 1246 quarti
1711 1188 1903 1244 papa,
1936 1171 1997 1227 in

349 1268 736 1327 sacratissima
763 1267 896 1322 sede
922 1265 1086 1321 beati
1107 1263 1271 1320 Petri
1302 1262 1573 1334 apostoli,
1591 1260 1794 1329 tertio,
1816 1260 1998 1316 indic-

356 1361 519 1415 tione
546 1376 578 1412 x
609 1372 804 1412 mense
828 1354 1041 1426 Aprilis
1068 1353 1161 1409 die
1192 1369 1314 1407 xxv.

427 1448 572 1514 Quia
599 1463 760 1502 mens
779 1446 1044 1500 humana
1068 1457 1309 1515 semper
1338 1441 1400 1495 in
1432 1435 1798 1512 cogitatione
1815 1439 2004 1510 posita

352 1556 476 1595 esse
510 1534 877 1609 dignoscitur,
901 1537 964 1588 et'
982 1532 1166 1588 animi
1189 1529 1656 1602 uniuscujusque
1674 1543 1783 1598 pro
1815 1529 2000 1584 diver-

351 1630 430 1684 sis
455 1626 638 1683 causis
655 1629 711 1679 et
729 1619 1357 1686 sollicitudinibus,huc
1378 1619 1516 1674 illuc
1539 1617 1873 1688 divagando
1895 1617 2003 1673 dis-

355 1717 558 1782 currit,
592 1731 695 1770 nec
722 1714 874 1768 valet
905 1711 1112 1766 omnia
1156 1710 1399 1778 explere
1450 1723 1747 1775 sermone,
1778 1724 1882 1762 nec
1910 1706 2002 1762 fu-

361 1812 495 1862 tura
521 1809 716 1860 tenere
744 1801 1037 1856 memoria
1070 1815 1200 1870 qua
1235 1797 1492 1867 geritur;
1535 1796 1752 1851 idcirco
1793 1800 2000 1851 notum

1586 419 1935 482 EPISTOLJE
1966 418 2050 475 ET
2089 417 2505 479 DIPLOMATA

3597 447 3732 506 i520

2005 547 2060 606 Α
2091 561 2264 602 mam
2293 550 2646 617 potestatem
2675 556 2733 610 et
2751 553 3014 628 regimen
3039 553 3214 612 totius
3228 561 3608 624 sanctissimae
3630 569 3738 625 Ec-

2089 633 2315 697 clesia,
2349 637 2447 708 qui
2503 641 2635 698 huic
2673 643 3104 718 archiepiscopo
3143 650 3394 706 vestram
3452 658 3737 716 sanctita—

2087 723 2246 815 tem.
2283 763 2297 778 .
2327 765 2340 777 .
2383 765 2394 778 .
2432 729 2760 799 Lamentat,
2807 735 2866 786 et
2923 731 3257 807 interpellat
3313 741 3628 802 Ecclesiam
3678 765 3738 815 et,

2091 813 2301 902 legem
2333 816 2392 868 et
2415 816 2702 886 justitiam
2735 822 3009 892 postulat,
3041 827 3473 902 venerabilique
3499 813 3740 892 monesi

2099 901 2259 957 terio
2299 902 2466 961 Fulco
2491 908 2645 964 infra
2665 927 2830 965 suam
2854 901 3548 994 construxitparochiam,
3573 930 3738 984 θιγο-

2098 991 2189 1047 bis
2219 993 2445 1084 obtulit.
2469 997 2527 1052 Si
2547 1000 2708 1055 vobis
2727 1001 3049 1074 placetipse
3064 991 3738 1084 archiepiscopusconse-

2098 1097 2266 1135 crare
2298 1081 2450 1151 velit,
2481 1103 2546 1141 ac
2579 1089 2917 1143 nullatenus
2939 1093 3254 1150 secundum
3306 1081 3523 1158 statuta
3567 1121 3737 1162 cano-

2103 1188 2245 1225 num
2275 1175 2333 1226 et
2359 1173 2702 1232 Justiniana
2734 1178 2902 1250 legis,
2924 1184 3422 1243 consecrationem
3453 1193 3527 1248 ad
3545 1195 3738 1252 domi-

2105 1260 2272 1314 nium
2304 1263 2727 1337 archiepiscopi
2763 1269 2980 1323 auferri
3029 1271 3235 1342 potuit.
3269 1294 3300 1327 ao
3347 1278 3504 1334 Tunc
3531 1283 3737 1340 Petrus

2105 1350 2204 1403 Dei
2234 1353 2377 1404 nutu
2406 1369 2554 1408 unus
2581 1371 2648 1409 ex
2679 1357 2898 1412 nostris
2920 1359 3118 1414 datum
3145 1361 3326 1431 judici
3381 1383 3485 1437 pro
3527 1388 3650 1441 nos,
3676 1379 3737 1429 et

2104 1439 2177 1494 ad
2213 1443 2410 1494 nostra
2439 1441 2623 1498 vicem
2654 1446 2878 1500 habere
2910 1450 3244 1519 respondit:
3274 1472 3305 1505 «
3327 1454 3494 1512 Certe
3526 1439 3733 1518 mona-

2103 1527 2340 1620 sterium
2395 1529 2585 1620 ipsum
2645 1550 2778 1605 qua
2840 1535 3010 1590 Fulco
3037 1536 3341 1594 adiﬁcavit
3367 1560 3470 1598 sua
3499 1549 3736 1620 prOpria

2103 1617 2414 1672 hareditas
2446 1618 2574 1687 fuit,
2608 1623 2666 1675 et
2695 1622 2858 1676 beati
2913 1627 3158 1694 apostoli
3214 1629 3368 1684 Petri
3396 1617 3732 1706 Ecclesiam,

2102 1710 2160 1761 et
2217 1706 2397 1761 nostri
2425 1709 2638 1765 seniori
2678 1711 2988 1781 potestatis
3014 1715 3072 1766 et
3116 1714 3381 1781 dominii,
3426 1729 3734 1782 monaste-

2103 1795 2254 1850 rium
2275 1799 2332 1850 et
2352 1799 2856 1853 consecrationem
2881 1802 3315 1872 perpetualiter,
3331 1823 3551 1877 prosua
3569 1814 3733 1868 obtu-

363 1892 827 1968 prudentissimis
848 1889 993 1944 viris
1018 1866 1314 1958 ingenuis,
1344 1885 1677 1939 litterarum
1699 1886 2000 1955 repertum
2026 1866 2078 1926 Β
2101 1884 2167 1939 lit
2197 1883 2397 1938 anima
2428 1885 2678 1956 qualiter
2707 1888 2959 1958 perdere
2989 1905 3024 1943 a
3053 1907 3153 1944 suo
3208 1866 3468 1951 dominio
3496 1898 3728 1970 debeat,

361 1987 472 2050 est,
506 1987 570 2037 ut
595 1998 719 2053 qua
746 1981 944 2035 mente
997 1973 1374 2048 inquirimus,
1429 1973 1635 2028 litteris
1673 1989 1997 2028 exaremus.

359 2075 430 2128 Et
463 2073 616 2138 ideo,
655 2086 762 2141 ego
799 2066 1038 2138 Sergius
1065 2063 1260 2120 divina
1297 2062 1488 2134 gratia
1513 2065 1750 2134 quartus
1787 2065 2001 2116 sancta

369 2165 651 2217 Romana
687 2157 947 2213 Ecclesia
997 2153 1283 2227 pontifex,
1325 2167 1521 2206 servus
1547 2168 1843 2206 servorum
1876 2150 1998 2224 Dei,

361 2249 650 2304 universa
673 2246 938 2301 Ecclesia
961 2243 1177 2316 populo
1202 2243 1405 2295 notum
1426 2257 1547 2294 esse
1559 2241 1998 2312 volumus,pra-

360 2340 531 2409 cipue
554 2348 1026 2404 successoresque
1042 2329 1308 2396 nostri,et
1321 2329 1815 2384 cohabitatoribus
1824 2331 2000 2387 sacris

369 2423 778 2482 Lateranensis
806 2421 1037 2494 palatii,
1067 2417 1316 2491 qualiter
1341 2418 1414 2472 ad
1445 2421 1702 2472 nostram
1732 2421 1999 2490 apostoli-

366 2533 495 2571 cam
517 2514 715 2569 sedem
735 2509 1118 2566 lamentando
1140 2506 1296 2562 venit
1314 2506 1631 2577 quemdam
1657 2507 1818 2578 Hugo
1831 2524 1999 2564 vene-

368 2604 537 2661 rabili
559 2601 996 2674 archiepiscopo
1020 2599 1235 2652 sancta
1256 2595 1606 2650 Turonensis
1625 2597 1912 2665 Ecclesia,
1939 2601 1998 2653 et

371 2696 444 2749 de
474 2691 900 2748 monasterium
928 2705 1101 2761 quem
1137 2687 1303 2740 Fulco
1335 2701 1370 2739 a
1399 2685 1624 2740 noviter
1653 2686 1993 2754 construxit,

364 2788 424 2838 et
443 2797 549 2854 pro
593 2780 805 2836 anima
837 2794 953 2832 sua
985 2774 1308 2831 remedium
1333 2773 1487 2828 beati
1516 2772 1672 2828 Petri
1716 2774 1992 2846 apostoli-

365 2887 432 2926 ac
464 2869 631 2926 nobis
673 2867 902 2934 obtulit,
957 2863 1337 2937 proclamavit
1381 2865 1437 2916 et
1475 2863 1792 2933 quarelam
1826 2881 1991 2920 suam

367 2961 517 3015 circa
546 2975 676 3025 nos,
709 2957 792 3011 ita
823 2956 1128 3028 disponere
1153 2951 1326 3022 capit
1356 2951 1550 3004 dicens
1574 2966 1586 3004 :
1615 2970 1646 3002 ‹‹
1668 2950 1712 3005 Ο
1739 2952 1990 3009 Domine

366 3065 646 3122 papa,cur
659 3043 1093 3102 consecratione
1108 3039 1444 3096 monasterii
1458 3055 1629 3111 quem
1646 3040 1820 3096 Fulco
1833 3042 1991 3098 vobis

2104 1973 2430 2029 ostendite?
2455 1977 2512 2028 et
2534 1975 3100 2032 nobisinnotescite?
3124 1979 3310 2036 Unum
3333 1984 3448 2039 scio
3472 1988 3728 2056 tantum,

2107 2061 2242 2134 quia
2271 2062 2431 2132 cujus
2469 2065 2554 2116 est
2580 2064 2915 2133 hareditas,
2963 2065 3138 2136 ipsius
3190 2074 3247 2124 et
3289 2075 3669 2131 consecratio.
3695 2095 3728 2129 ›

2106 2150 2284 2222 Igitur
2296 2150 2456 2222 Hugo
2471 2151 2942 2224 archiepiscopus
2953 2171 3197 2212 cernens
3208 2175 3266 2213 se
3281 2161 3505 2216 nullum
3525 2181 3728 2220 verum

2103 2242 2200 2292 aut
2222 2243 2445 2293 rectum
2481 2240 2716 2308 habere,
2762 2244 2820 2295 et
2875 2245 3125 2314 qualiter
3161 2263 3267 2301 nos
3305 2265 3439 2304 eum
3478 2253 3727 2322 perdere

2106 2326 2474 2394 deberemus,
2507 2329 2752 2383 minime
2778 2347 2947 2400 posse
2971 2334 3298 2400 ostendere,
3313 2353 3445 2392 mox
3464 2340 3726 2410 profiteri

2099 2417 2158 2468 et
2205 2415 2393 2470 dicere
2445 2417 2615 2488 capit
2659 2434 2718 2471 se
2781 2435 3070 2490 peccasse,
3129 2440 3369 2494 errasse,
3423 2430 3483 2482 et
3523 2444 3724 2486 coram

2103 2503 2568 2576 omnipotentem
2595 2507 2915 2562 Dominum
2957 2513 3015 2564 et
3045 2516 3303 2567 nostram
3326 2519 3587 2572 sanctam
3609 2519 3727 2574 Ro-

2103 2608 2341 2647 manam
2369 2593 2702 2660 Ecclesiam,
2726 2596 2902 2651 nimis
2925 2597 3229 2672 deliquisse
3262 2618 3329 2656 eo
3347 2605 3725 2676 quodinjuste

2097 2685 2152 2735 et
2171 2683 2388 2753 absque
2407 2683 2599 2754 aliqua
2615 2683 2844 2740 ratione
2867 2688 3036 2742 nobis
3056 2690 3262 2745 exinde
3279 2691 3554 2764 litigasse.
3584 2697 3723 2752 Inde

2094 2789 2226 2826 vero
2279 2789 2346 2827 ex
2393 2790 2571 2827 manu
2609 2773 2874 2846 Gregorii
2918 2777 3172 2851 episcopi
3222 2780 3402 2850 Sylva
3450 2783 3723 2841 Candida

2094 2861 2315 2934 recepit
2343 2862 2586 2933 virgula,
2641 2865 2701 2916 et
2752 2879 2859 2933 per
2907 2867 3178 2922 eamdem
3232 2868 3513 2940 virgulam
3545 2888 3722 2943 quam

2099 2965 2278 3004 manu
2307 2950 2565 3016 tenebat,
2599 2965 2857 3006 consona
2905 2970 3064 3021 voce,
3110 2956 3319 3010 devota
3356 2961 3574 3025 mente,
3603 2977 3722 3016 cer-

2095 3039 2370 3093 nentibus
2401 3038 2622 3092 cunctis
2653 3039 2748 3110 qui
2790 3041 3056 3108 aderant,
3079 3043 3266 3116 ipsum
3295 3047 3718 3104 monasterium

368 3137 595 3203 obtulit,
641 3133 798 3207 quod
845 3131 997 3186 infra
1041 3131 1222 3185 nostri
1263 3127 1788 3199 archiepiscopatus
1818 3147 1991 3213 paro:
2018 3147 2065 3208 α
2095 3143 2228 3181 cum
2257 3126 2716 3195 consecratione,
2737 3131 2794 3182 et
2826 3132 3099 3186 omnibus
3129 3131 3235 3186 sibi
3267 3133 3714 3210 pertinentibus,

368 3226 558 3281 chiam
611 3223 921 3278 fundatum
966 3236 1088 3274 esse
1138 3217 1494 3290 dignoscitur
1542 3216 1710 3271 nobis
1768 3220 1984 3275 auferrl

374 3313 581 3370 vultis?
609 3335 638 3361 ››
671 3313 814 3367 Cum
848 3326 956 3381 ego
979 3309 1051 3364 ab
1078 3307 1286 3363 eodem
1300 3307 1540 3378 Hugone
1553 3305 1987 3380 archiepiscopo

375 3403 514 3458 talia
569 3400 882 3465 audissem,
938 3396 1132 3453 statim
1186 3397 1258 3450 ad
1303 3399 1562 3450 nostram
1615 3397 1990 3467 praesentiam

371 3507 658 3547 arcessere
703 3488 967 3554 fecimus,
1046 3484 1328 3558 episcopis
1372 3483 1591 3539 cardiu.
1639 3485 1993 3556 presbyteris

375 3579 738 3645 diaconibus,
774 3573 1240 3640 subdiaconibus,
1263 3575 1321 3628 et
1359 3589 1477 3628 non
1511 3571 1707 3644 paucis
1736 3571 1808 3628 de
1839 3575 1992 3629 clero

362 3668 654 3742 judicibus
688 3666 920 3738 quoque
969 3663 1282 3730 Romuleis,
1313 3661 1623 3733 multisque
1653 3661 1831 3716 etiam
1862 3662 1995 3718 viris

377 3757 689 3822 nobilibus,
724 3753 802 3808 ibi
831 3769 1030 3808 coram
1064 3751 1478 3820 assistentibus,
1507 3765 1757 3822 quorum
1800 3750 1992 3805 nomi-

373 3863 451 3901 na
474 3845 588 3901 suis
619 3843 893 3900 manibus
918 3839 1158 3896 inferius
1187 3839 1435 3911 ascripta
1451 3840 1744 3906 tenentur,
1764 3842 1822 3894 et
1838 3855 1992 3894 nunc

374 3933 631 3990 seriatim
677 3931 950 3987 intimare
1008 3929 1326 3995 studemus,
1355 3926 1646 3982 videlicet:
1708 3927 1989 3998 archiepi-

379 4039 554 4094 scopo
587 4019 956 4093 Lugdunensi
982 4017 1266 4084 Ecclesiae,
1295 4019 1496 4073 Petrus
1523 4015 1821 4088 episcopus
1843 4017 1990 4071 Pra-

374 4112 660 4178 nestima,
693 4108 1032 4164 Benedictus
1061 4107 1313 4178 episcop.
1355 4105 1706 4174 Portuensis,
1736 4107 1988 4161 Joannes

372 4203 472 4277 qui
504 4203 562 4258 et
592 4199 830 4258 nomine
869 4200 1103 4254 vocatur
1127 4196 1542 4252 Lavicanensis
1567 4195 1831 4251 Ecclesia
1863 4195 1984 4268 epi-

366 4308 550 4363 scop.,
585 4287 892 4360 Gregorius
923 4286 1176 4358 episcop.
1221 4286 1403 4357 Sylva
1452 4285 1735 4353 candida,
1784 4289 1985 4341 Petrus

371 4381 626 4452 episcop.
667 4375 1038 4450 Vipernensis
1096 4375 1377 4430 Ecclesia.
1433 4375 1637 4430 Amico
1689 4376 1988 4446 presbyter

367 4469 697 4534 cardinalis,
753 4466 1081 4538 Stephanus
1131 4465 1431 4536 presbyter
1487 4465 1670 4530 card.,
1735 4466 1988 4520 Joannes

368 4558 672 4632 presbyter
701 4554 1028 4620 cardinalis,
1063 4553 1418 4609 Crescentius
1471 4555 1771 4626 presbyter
1801 4554 1983 4622 card.,

367 4650 621 4703 Joannes
651 4643 1088 4699 archidiaconus
1115 4645 1325 4697 sancta
1380 4644 1657 4697 Romanae
1699 4643 1982 4709 Ecclesia,

367 4735 536 4792 Abbo
557 4733 1114 4797 diaconnsJoannes
1129 4732 1406 4786 diaconus
1427 4729 1523 4803 qui
1540 4730 1987 4802 cognominatur

368 4827 442 4880 de
469 4824 621 4878 Beno
655 4821 867 4892 opifex.
912 4822 1109 4875 Petrus
1147 4819 1424 4874 diaconus
1464 4836 1498 4873 a
1540 4819 1738 4874 Chana
1777 4821 1983 4892 patria,

368 4912 728 4969 Crescentius
755 4907 1611 4980 Anpodiaconusoblacionario
1634 4925 1646 4974 ;
1679 4908 1986 4980 Gregorius

369 5002 745 5059 defensorum
775 4997 1153 5070 primicerius.
1200 4998 1402 5051 Petrus
1450 5013 1516 5051 ex
1571 4996 1681 5051 alio
1712 4999 1882 5053 Petro
1911 4999 1982 5054 de

368 5090 612 5163 pulchro
643 5089 966 5143 dativorum
991 5085 1298 5157 judicibus.
1329 5085 1658 5157 Stephanus
1684 5086 1781 5157 qui
1812 5103 1979 5141 voca-

368 5184 463 5233 tur
497 5179 567 5232 de
616 5176 932 5243 Bernardo,
979 5177 1180 5229 Petrus
1225 5174 1296 5228 de
1346 5175 1679 5245 Breperato,
1725 5176 1975 5232 Berardo

365 5270 517 5324 filius
545 5267 872 5324 Crescentio
893 5267 964 5321 ad
997 5269 1232 5338 puteum
1256 5265 1459 5336 proba.
1494 5266 1711 5319 Franco
1735 5265 1972 5319 Camar-

365 5361 550 5430 lingo,
581 5361 637 5411 et
667 5357 779 5412 alio
807 5357 1021 5412 Franco
1046 5355 1116 5409 de
1137 5353 1416 5420 Deodato,
1448 5353 1782 5426 caterisque
1799 5355 1972 5424 pluri-

366 5448 497 5504 mis.
521 5449 667 5503 Ante
697 5446 786 5500 his
807 5445 1076 5498 omnibus
1105 5443 1476 5513 prasentiam
1505 5444 1762 5499 erexitse
1794 5445 1971 5499 Bene-

370 5537 556 5593 dictus
578 5532 907 5591 Portuensis
938 5532 1257 5603 episcopus,
1292 5536 1349 5586 et
1375 5549 1571 5587 coram
1601 5532 1752 5588 dicto
1784 5535 1970 5588 archi-

371 5623 638 5696 episcopo
670 5618 1078 5692 interpellavit,
1111 5623 1168 5674 et
1208 5619 1399 5674 dicere
1431 5621 1632 5693 capit:
1668 5645 1696 5673 «
1728 5622 1974 5678 Domine

368 5711 722 5769 sanctissime
749 5711 916 5764 Pater
933 5712 989 5762 et
1019 5708 1210 5763 senior
1228 5709 1318 5763 cui
1344 5710 1491 5764 Deus
1512 5711 1801 5766 commisit
1817 5727 1971 5767 sum-

2092 3216 2256 3271 sicuti
2299 3217 2466 3271 Fulco
2517 3217 2575 3270 B.
2625 3217 2781 3272 Petri
2814 3221 3057 3290 apostoli
3092 3225 3149 3275 et
3172 3221 3356 3290 nobis,
3389 3226 3717 3298 nostraque

2099 3305 2434 3379 apostolica
2485 3305 2636 3360 sedis
2681 3324 2786 3377 pro
2825 3326 2928 3363 sua
2959 3310 3165 3364 obtulit
3195 3310 3410 3379 anima,
3443 3314 3610 3369 nobis
3636 3315 3718 3371 ita

2105 3394 2397 3457 refutavit,
2425 3397 2598 3466 atque
2628 3395 2686 3450 in
2717 3402 3062 3470 perpetuum
3102 3399 3382 3454 traditum
3413 3417 3534 3456 esse
3555 3404 3715 3460 afﬁr-

2104 3483 2314 3552 mavit;
2347 3483 2436 3538 his
2467 3484 2546 3538 ita
2575 3486 2819 3557 expletis
2853 3487 3080 3559 publice
3106 3487 3420 3556 constituit,
3452 3493 3625 3563 atque
3654 3493 3716 3549 in

2097 3575 2452 3644 perpetuum
2481 3575 2886 3644 permanendo
2938 3575 3189 3630 ﬁrmiter
3216 3576 3506 3632 stabilivit.
3550 3620 3562 3634 .
3607 3619 3619 3634 .
3654 3581 3716 3638 in

2095 3669 2363 3732 tempore
2391 3663 2604 3717 amodo
2649 3663 2710 3718 in
2753 3667 2925 3720 antea
2953 3665 3011 3719 in
3053 3664 3438 3738 qualicunque
3467 3684 3718 3739 persona

2098 3749 2429 3818 hominum,
2455 3753 2576 3804 tam
2598 3753 2987 3817 sacerdotalis,
3003 3770 3177 3824 quam
3201 3753 3437 3822 laicalis,
3460 3757 3716 3826 qualibet

2096 3839 2404 3910 scriptura,
2434 3839 2521 3892 vel
2562 3839 2882 3911 privilegia,
2918 3857 2985 3894 ex
3032 3841 3306 3911 pradicto
3333 3845 3712 3912 monasterio,

2097 3931 2155 3982 et
2189 3943 2291 3981 sua
2312 3927 2689 3996 consecratio,
2718 3931 2806 3984 vel
2832 3929 3184 4000 pertinentia
3211 3947 3246 3984 a
3269 3946 3387 3998 me,
3407 3932 3494 3985 vel
3518 3948 3552 3986 a
3569 3934 3716 3988 meis

2097 4016 2516 4072 successoribus
2546 4017 2698 4071 facta
2727 4017 3079 4090 apparuerit,
3109 4019 3293 4074 sciant
3323 4035 3548 4088 omnes,
3577 4020 3715 4091 quia

2094 4104 2307 4176 partim
2341 4108 2399 4159 et
2433 4109 2596 4161 metu
2627 4121 2753 4162 esse
2769 4108 3022 4162 facta.Et
3043 4108 3109 4174 si,
3133 4108 3288 4180 quod
3305 4107 3480 4164 absit!
3502 4108 3708 4180 ipsam,

2093 4197 2155 4248 ut
2177 4193 2311 4262 dixi,
2343 4195 2688 4267 scripturam
2721 4215 2754 4252 a
2782 4196 2949 4252 nobis
2973 4197 3188 4252 factam
3208 4196 3561 4269 apparuerit,
3584 4198 3710 4254 irri-

2095 4286 2214 4338 tam
2251 4301 2372 4339 esse
2393 4287 2520 4340 volo
2552 4289 2723 4357 atque
2749 4287 3120 4341 damnatam:
3154 4288 3212 4341 et
3239 4290 3388 4341 hanc
3437 4287 3705 4343 notitiam

2091 4373 2460 4429 refutationis
2490 4374 2676 4431 brevis
2709 4375 2870 4430 omni
2900 4379 3166 4448 tempore
3193 4375 3422 4430 ﬁrmam
3455 4379 3512 4430 et
3535 4377 3706 4432 stabi-

2088 4463 2206 4517 lem
2241 4463 2487 4536 astipulo
2512 4481 2886 4535 permanere;
2915 4464 3122 4519 dehinc
3173 4466 3308 4520 ante
3364 4481 3546 4520 unum
3578 4482 3707 4521 nos-

2087 4554 2251 4606 trum
2283 4553 2686 4626 coepiscopum
2742 4553 3006 4608 videlicet
3047 4555 3282 4607 Petrum
3335 4553 3706 4624 Vipernensis

2089 4641 2354 4695 Ecclesia
2379 4641 2493 4696 illic
2521 4642 2965 4704 transmisimus,
2984 4644 3042 4696 et
3066 4643 3263 4696 nostra
3275 4642 3396 4696 vice
3421 4641 3562 4696 illud
3583 4659 3704 4698 mo-

2091 4729 2412 4785 nasterium
2444 4732 2766 4786 consecrari
2778 4731 3072 4801 jussimus,
3097 4733 3299 4785 contra
3314 4731 3471 4803 quod
3490 4734 3699 4788 consli-

2087 4819 2333 4876 tutionis
2362 4823 2572 4875 nostra
2605 4821 2876 4887 edictum,
2910 4836 3266 4892 quacunque
3293 4820 3486 4876 moliri
3515 4824 3699 4877 teme-

2086 4907 2239 4964 rarie
2282 4909 2732 4980 prasumpserit,
2767 4909 3152 4964 anathematis
3182 4909 3590 4965 maledictione
3620 4913 3699 4964 te-

2086 5001 2313 5065 neatur,
2361 4999 2545 5053 donec
2579 4998 2936 5070 resipiscens,
2999 5001 3055 5053 et
3111 4998 3183 5053 ad
3227 4998 3696 5055 satisfaciendum

2083 5087 2375 5160 praedicta
2394 5091 2603 5142 nostra
2636 5088 2923 5156 Ecclesia,
2950 5092 3275 5159 nostraque
3292 5087 3696 5158 praeceptionis

2080 5177 2298 5232 redeat.
2346 5176 2453 5241 Qui
2482 5193 2615 5232 vero
2654 5177 2751 5249 pio
2793 5178 3027 5233 hortatu
3059 5177 3389 5231 observator
3418 5174 3477 5228 in
3509 5174 3694 5228 omni-

2079 5267 2186 5320 bus
2215 5265 2518 5333 exstiterit,
2538 5265 2867 5321 custodiens
2880 5267 3048 5336 hujus
3062 5267 3268 5317 nostra
3283 5261 3506 5318 notitia
3521 5266 3692 5335 atque

2072 5355 2446 5411 refutationis
2474 5355 2681 5423 brevis,
2714 5351 3137 5410 benedictionis
3172 5349 3419 5420 gratiam
3466 5368 3499 5406 a
3525 5352 3691 5408 mise-

2073 5445 2476 5501 ricordissimo.
2502 5445 2750 5501 Domino
2781 5445 2898 5499 Deo
2929 5442 3125 5496 nostro
3151 5439 3691 5511 multiplicitercon-

2076 5539 2369 5606 sequatur,
2394 5539 2451 5589 et
2479 5534 2607 5588 vita
2634 5537 2866 5588 aterna
2892 5529 3174 5603 particeps
3195 5529 3343 5584 effici
3371 5535 3684 5587 mereatur.

2079 5624 2264 5688 Quam
2287 5625 2606 5679 chartulam
2636 5622 2824 5677 brevis
2851 5618 3215 5675 refutationis
3241 5619 3546 5676 Benedicto
3578 5638 3714 5677 no---

2079 5715 2224 5769 tario
2257 5716 2314 5768 et
2339 5712 2634 5768 scriniario
2665 5709 2814 5765 sedis
2843 5711 3052 5764 nostra
3099 5708 3424 5783 apostolica
3472 5725 3576 5782 pro
3602 5709 3686 5766 fu-
