4012 6180
334 398 358 454 i
368 398 470 456 527

339 608 701 665 scribendam
728 605 1130 680 pracepimus,
1162 622 1228 661 ac
1258 604 1444 676 sigillo
1476 604 1673 658 nostro
1713 600 1952 672 sigillari

332 693 692 768 jussimusin
740 709 941 749 mense
992 696 1050 749 et
1073 693 1392 750 indictione
1439 691 1825 765 suprascripta
1856 690 1955 746 de-

340 783 511 839 cima.

410 868 682 945 Signum,
709 888 816 943 ego
850 872 1084 945 Sergius
1122 875 1332 927 sancta
1384 869 1679 926 catholica
1706 873 1764 925 et
1793 885 1956 941 apos-

338 961 528 1018 tolica
548 963 827 1019 Romana
856 961 1118 1017 Ecclesia
1142 962 1373 1035 praesul.
1405 963 1605 1016 Petrus
1653 960 1956 1032 episcopus

339 1053 552 1108 sancta
570 1049 940 1107 Pranestina
962 1049 1223 1105 Ecclesiae
1242 1054 1299 1106 et
1318 1048 1788 1105 Bibliothecarius
1804 1047 1955 1103 sacri

341 1140 559 1215 palatii.
581 1140 919 1198 Benedictus
939 1139 1239 1213 episCOpus
1268 1137 1619 1196 Portuensis.
1647 1136 1957 1208 Gregorius

342 1229 643 1303 episcopus
655 1228 820 1285 Silva
834 1228 1127 1284 Candida.
1147 1229 1330 1284 Homo
1346 1227 1645 1301 episcopus
1662 1226 1954 1281 Lavicaua

343 1317 605 1374 Ecclesia
628 1319 830 1374 Petrus
842 1316 1140 1390 episcopus
1165 1319 1374 1372 sancta
1390 1314 1758 1388 Vipernensis
1774 1314 1959 1368 Eccle-

342 1406 462 1462 sia.
492 1410 696 1463 Petrus
747 1406 1016 1461 defensor
1065 1405 1284 1460 dativus
1324 1406 1522 1475 judex.
1578 1406 1780 1459 Petrus
1811 1401 1957 1457 dati-

345 1497 659 1569 vusjudex.
685 1498 888 1552 Petrus
910 1495 1053 1550 alius
1074 1495 1294 1550 dativus
1305 1495 1502 1566 judex.
1523 1492 1839 1549 Ricbardus
1862 1510 1961 1546 no-

348 1585 478 1642 bilis
503 1585 607 1641 vir.
644 1584 971 1656 Stephanus
997 1585 1066 1639 de
1106 1584 1396 1638 Bernardo
1452 1584 1668 1638 Franco
1705 1581 1959 1636 Deodato

348 1672 697 1730 cubiculario
728 1672 1037 1739 dominico,
1070 1672 1317 1727 Berardo
1348 1671 1488 1739 ﬁlio,
1540 1669 1866 1726 Crescentio
1890 1669 1964 1723 ad

352 1765 590 1835 puteum
613 1760 816 1831 proba.
848 1762 1099 1815 Joannes
1141 1759 1575 1814 archidiaconus
1621 1762 1831 1813 sancta
1868 1759 1966 1812 Ec-

350 1849 537 1905 clesia
587 1850 865 1904 Romana
911 1848 1075 1903 Abbo
1120 1848 1393 1903 diaconus
1441 1849 1653 1902 sancta
1688 1849 1966 1903 Romana

353 1937 639 1994 Ecclesiae.
665 1939 916 1993 Joannes
937 1937 1212 1992 diaconus
1229 1938 1453 1992 Sancta
1476 1938 1755 1991 Romanae
1777 1937 1965 1990 Eccle-

354 2026 474 2086 sia.
522 2029 724 2082 Petrus
782 2025 1080 2083 diaconus.
1142 2026 1501 2080 Crescentius
1565 2025 1966 2080 subdiaconus.

356 2115 696 2173 Benedictus
717 2114 1008 2172 diaconus.
1033 2113 1233 2169 Amico
1260 2114 1586 2169 cardinalis.
1620 2115 1969 2187 Stephanus,

354 2206 627 2272 Joannes,
656 2204 1033 2271 Crescentius,
1075 2204 1395 2260 cardinales
1439 2204 1664 2258 Sancta
1694 2205 1972 2259 Romana

359 2293 657 2360 Ecclesia;
706 2294 956 2349 Joannes
1018 2293 1176 2364 prior
1223 2292 1743 2358 subdiaconorum;
1774 2294 1975 2347 Rame-

362 2382 481 2438 rius
519 2382 812 2439 diaconus.
836 2385 955 2454 Ego
987 2383 1324 2438 Benedictus
1351 2382 1652 2438 scriniario
1685 2384 1719 2438 S
1762 2384 1977 2437 Roma-

369 2487 461 2526 na
510 2470 773 2525 Ecclesia
824 2471 1070 2543 scriptor
1123 2471 1291 2541 hujus
1342 2470 1561 2525 notitia
1613 2470 1977 2525 refutationis

369 2558 555 2615 brevis
585 2561 715 2629 post
739 2558 1002 2613 omnium
1033 2558 1493 2631 supradictorum
1532 2559 1977 2633 subscriptiones

368 2644 571 2716 factas,
603 2646 884 2719 complevi
905 2650 963 2703 et
992 2647 1227 2702 absolvi.

1123 2736 1241 2791 XV.

441 2824 625 2899 δεφίί
642 2824 734 2880 IV
743 2824 1255 2898 papaprivilcgium
1268 2842 1373 2899 pro
1397 2828 1714 2882 monasterio
1733 2826 1909 2884 Belli-

1074 2916 1281 2970 locensi.

968 3003 1160 3076 (Anno
1204 3004 1387 3077 lOl2.)

450 3092 655 3166 [Gallia
685 3092 1009 3160 Christiana,
1044 3096 1154 3147 vet.
1186 3094 1349 3161 edit.,
1381 3097 1524 3149 tom.
1561 3094 1647 3163 ιν,
1678 3110 1736 3166 p.
1770 3094 1913 3163 150.]

451 3183 686 3239 SERGIUS
717 3181 1037 3255 episcopus,
1082 3198 1274 3237 servus
1322 3199 1620 3238 servorum
1654 3181 1774 3249 Dei,
1807 3182 1994 3238 omni-

380 3270 487 3326 bus
515 3270 780 3327 fidelibus
810 3273 1023 3325 sancta
1057 3270 1157 3326 Dei
1189 3270 1451 3326 Ecclesia
1481 3270 1783 3344 episcopis.

454 3361 666 3415 Notum
691 3376 811 3414 esse
836 3360 1100 3414 volumus
1127 3358 1286 3414 vobis
1331 3359 1465 3431 quia
1509 3359 1746 3432 quidam
1801 3376 1995 3414 comes

387 3447 627 3503 nomine
657 3448 824 3502 Fulco
855 3447 1173 3501 construxit
1230 3447 1525 3518 quoddam
1578 3448 1995 3503 monasterium

384 3534 446 3589 in
472 3551 577 3589 suo
603 3535 840 3607 prOprio
861 3534 1215 3605 alodo,quod
1244 3536 1301 3587 et
1327 3534 1387 3597 S.
1409 3536 1579 3589 Petro
1604 3537 1999 3608 apostolorum

388 3622 1207 3695 principilradidit,acnostra
1237 3621 1558 3692 donationi,
1589 3641 2001 3680 successorum-

387 3727 501 3784 que
528 3711 931 3767 nostrorumin
962 3715 1239 3783 perpetuo
1256 3712 1387 3783 jure
1418 3713 1712 3769 submisit:
1734 3732 1905 3787 quem
1924 3716 2002 3770 lo-

387 3816 522 3855 cum
534 3816 642 3872 ego
658 3817 759 3873 per
770 3800 1008 3855 memeti
1015 3818 1182 3872 psum
1197 3816 1421 3856 sacrare
1444 3819 1562 3857 non
1584 3804 2001 3875 valens,quem-

388 3888 522 3944 dam
556 3893 819 3944 nostrum
850 3888 1280 3960 suifraganeum
1298 3890 1631 3961 episcopum
1648 3892 1779 3947 illuc
1800 3892 2000 3960 direxi,

390 3980 455 4033 ut
478 3977 668 4051 ipsum
689 3978 1109 4034 monasterium
1134 3979 1252 4034 vice
1293 3979 1328 4034 S
1398 3980 1551 4034 Petri
1582 3996 1647 4035 ac
1695 3985 1893 4038 nostra
1920 4000 2004 4037 sa-

392 4070 581 4124 craret
601 4084 665 4123 ac
690 4067 1084 4124 benediceret.
1102 4068 1436 4125 Audivimus
1455 4072 1653 4125 autem
1670 4071 1860 4126 eidem
1878 4073 2001 4127 loco

392 4157 604 4212 multos
619 4157 835 4213 habere
859 4156 1100 4225 invidos,
1116 4161 1469 4230 quaprOpter
1492 4159 1893 4215 benedictione
1917 4177 2006 4215 ex-

394 4246 571 4319 pleta,
600 4244 646 4300 si
672 4244 847 4301 fuerit
870 4246 1076 4318 aliquis
1097 4246 1273 4300 homo
1296 4246 1394 4319 qui
1423 4247 1594 4318 hujus
1616 4248 1724 4302 loci
1754 4248 2003 4303 servien-

393 4333 565 4402 tibus,
586 4335 768 4390 autad
783 4333 972 4407 ipsum
1002 4335 1193 4389 locum
1222 4335 1880 4409 attinentibus,aliquam
1908 4354 2005 4391 cu-

1223 392 1450 451 SERGH
1498 390 1574 449 iV
1609 387 1817 447 PAPIE
1850 385 2214 447 EPISTOLE
2250 388 2337 446 ET
2372 389 2773 447 DIPLOMATA

342 520 476 576 tura
500 516 789 576 memoria
838 516 1148 589 futuraque
1194 512 1550 582 testimonio,
1600 514 1659 568 et
1693 511 2029 574 cbartulaA

1987 1817 2039 1877 B

3525 392 3665 451 1528

2785 514 2931 573 XVI.

2048 619 2268 691 Sergius
2296 620 2389 677 IV
2429 620 2709 677 Michaelis
2750 624 3126 695 rarcbiepiscopi
3159 621 3504 680 Salernitani
3533 623 3671 693 jura

2499 694 2905 765 metropolitana
2924 694 3233 765 conﬁrmat.

2655 782 2838 856 (Anno
2886 785 3062 854 1012.)

2342 870 2630 940 [UGHELLI,
2660 870 2827 927 Italia
2859 887 3040 939 sacra,
3072 873 3189 939 VII,
3230 872 3380 941 377.]

2129 957 2391 1024 SERGIUS,
2414 976 2606 1015 servus
2634 976 2929 1016 servorum
2954 960 3078 1028 Dei,
3111 960 3485 1017 dilectissimo
3509 961 3676 1018 nobis

2051 1045 2230 1102 fratri
2260 1048 2584 1121 meritoque
2616 1049 2941 1105 honorabili
2969 1050 3261 1118 MICHAELI,
3294 1050 3678 1107 Salernitana

2062 1136 2211 1192 sedis
2232 1137 2684 1210 archiepiscopo.

2133 1224 2279 1289 Quia
2308 1226 2479 1281 vestri
2505 1226 2723 1299 accepti
2747 1227 3013 1283 beneﬁcii
3041 1244 3335 1284 memores
3355 1246 3482 1285 esse
3504 1228 3679 1285 debe—

2063 1330 2212 1377 mus,
2246 1318 2303 1369 et
2329 1315 2713 1370 reverentiam
2766 1316 3143 1372 fraternitatis
3172 1321 3376 1373 vestra
3408 1335 3553 1390 erga
3578 1336 3682 1373 nos

2064 1405 2121 1457 et
2134 1405 2393 1458 sanctam
2414 1405 2740 1459 Romanam
2754 1405 3059 1461 Ecclesiam
3074 1407 3366 1480 pracipue
3379 1408 3685 1463 exuberas-

2064 1508 2124 1546 se
2152 1492 2552 1563 cognovimus,
2569 1492 2700 1548 ideo
2722 1494 2933 1549 merito
2957 1511 3020 1550 ac
3037 1494 3170 1566 jure
3194 1496 3687 1568 recompensatio-

2065 1597 2139 1635 ne
2155 1580 2445 1638 charitatis
2464 1584 2664 1635 vestra
2681 1583 3002 1654 rependere
3019 1584 3181 1639 vobis
3201 1584 3686 1656 statuimus,qua-

2068 1672 2233 1724 tenus
2262 1669 2481 1741 liqueat
2512 1670 2779 1725 omnibus
2827 1671 3030 1726 Christi
3071 1672 3362 1735 ﬁdelibus,
3396 1673 3685 1729 immenso

2066 1759 2289 1816 honore
2319 1760 2730 1815 honorandum
2779 1760 2925 1829 fore,
2973 1762 3070 1834 qui
3114 1761 3396 1817 vicarium
3438 1765 3501 1818 B.
3536 1762 3688 1817 Petri

2070 1850 2468 1923 apostolorum
2500 1848 2773 1921 principis
2790 1849 3097 1921 diligenter
3116 1851 3528 1921 honoraverit;
3550 1868 3691 1907 con-

2069 1956 2238 1994 sensu
2269 1953 2333 1992 ac
2363 1938 2658 1992 voluntate
2681 1941 3010 1993 nostrorum
3038 1939 3289 1995 fratrum
3317 1940 3691 1997 concedimus

2073 2030 2131 2083 et
2160 2027 2577 2082 confirmamus
2606 2030 2663 2081 te
2679 2026 3007 2082 Michaelem
3039 2029 3401 2083 confratrem
3426 2031 3690 2083 nostrum

2073 2116 2131 2171 in
2164 2115 2367 2171 ordine
2398 2114 2651 2186 archiep.
2673 2114 2838 2169 sicuti
2870 2117 3168 2188 quondam
3192 2120 3431 2187 Amato,
3465 2119 3553 2173 cui
3576 2118 3692 2190 pri-

2073 2204 2247 2259 mitus
2267 2206 2467 2258 vestra
2511 2204 2660 2259 sedis
2688 2204 3211 2277 archiepiscopatus
3241 2206 3631 2262 Salernitana
3659 2224 3695 2262 a

2075 2293 2286 2347 nostris
2316 2293 2770 2347 antecessoribus
2796 2294 2959 2348 datus
2990 2294 3118 2361 fuit,
3152 2295 3235 2350 ita
3253 2312 3353 2350 vos
3375 2300 3573 2350 nostra
3594 2313 3696 2350 au-

2077 2381 2266 2436 ctorit.
2304 2381 2532 2453 quietus
2559 2384 2747 2436 valcas
2784 2383 3073 2452 possidere
3106 2400 3173 2437 ac
3213 2384 3549 2455 vigilantius
3577 2401 3703 2438 cus-

2078 2471 2304 2536 todire;
2336 2470 2437 2524 tali
2470 2460 2724 2541 namque
2756 2471 2980 2538 ordine,
3009 2474 3070 2527 ut
3099 2472 3206 2526 fati
3237 2490 3460 2540 sumus,
3488 2474 3545 2528 id
3574 2472 3703 2527 ﬁeri

2080 2558 2438 2614 decrevimus
2470 2561 2533 2612 ut
2562 2562 2625 2612 tu
2651 2562 2708 2613 et
2738 2575 3087 2615 successores
3132 2559 3218 2614 tui
3260 2561 3320 2615 in
3353 2566 3703 2635 perpetuum

2080 2647 2338 2703 habeatis
2374 2646 2667 2701 licentiam
2694 2651 2751 2702 et
2793 2650 3141 2720 potestatem
3166 2649 3487 2705 ordinandi
3504 2667 3709 2705 conse-

2082 2736 2398 2807 crandique
2429 2735 2729 2807 episcopos
2758 2735 2815 2791 in
2845 2737 2936 2791 his
2960 2737 3235 2807 subjectis
3255 2738 3426 2793 vobis
3444 2738 3578 2793 locis
3596 2740 3710 2795 hoc

2086 2829 2172 2881 est
2201 2824 2458 2880 Pestana
2490 2841 2619 2878 cum
2640 2825 2927 2896 parochiis
2943 2828 3001 2881 et
3017 2827 3363 2897 adjacentiis
3394 2844 3566 2899 super
3585 2828 3710 2899 epi-

2086 2917 2384 2988 scopatum
2415 2914 2745 2969 Consanum
2776 2930 2907 2969 cum
2941 2915 3229 2987 parochiis
3279 2918 3340 2971 et
3370 2915 3715 2988 adjacentiis

2087 3003 2223 3071 suis,
2247 3018 2474 3057 necnon
2502 3005 2559 3057 et
2601 3003 2997 3074 episcopatum
3024 3004 3521 3069 Acheruntinum,
3546 3006 3713 3060 simul

2017 3133 2065 3192 Ο
2090 3090 2269 3145 etiam
2298 3092 2355 3144 et
2386 3091 2781 3162 episcopatum
2814 3091 3295 3161 Bisinianensem,
3330 3098 3392 3149 et
3419 3095 3717 3166 episcopa-

2092 3182 2217 3233 tum
2244 3179 2739 3246 Maluttauensem,
2772 3182 2945 3251 atque
2992 3180 3401 3253 episcopatum
3435 3182 3719 3237 Cusentia

2094 3283 2227 3322 cum
2254 3266 2524 3323 omnibus
2553 3267 2837 3339 parochiis
2869 3273 2927 3323 et
2944 3269 3348 3340 adjacentibus
3364 3287 3597 3333 eorum.
3615 3270 3721 3326 sic-

2096 3357 2180 3411 uti
2224 3357 2283 3411 in
2315 3360 2501 3411 vestro
2554 3356 2831 3411 anteriori
2865 3374 2968 3412 usu
3000 3358 3157 3429 pallii
3189 3358 3557 3425 continetur,
3579 3361 3641 3412 ut
3664 3358 3721 3413 in

2098 3445 2338 3500 ecclesia
2364 3448 2573 3500 sancta
2621 3445 2723 3501 Dei
2752 3446 3054 3501 Genitricis
3081 3447 3273 3503 Maria
3307 3451 3369 3503 et
3397 3448 3561 3504 beati
3586 3448 3721 3503 Mat-

2098 3535 2217 3591 thei
2252 3533 2495 3607 apostoli
2535 3537 2593 3589 et
2640 3534 3005 3602 evangelista
3055 3536 3218 3607 cujus
3260 3537 3723 3592 sacratissimum

2100 3641 2307 3696 corpus
2335 3622 2635 3695 possidetis
2658 3627 2829 3695 atque
2857 3624 3015 3679 vobis
3042 3625 3363 3696 vestrisque
3392 3625 3727 3681 successori-

2101 3713 2209 3785 bus
2238 3728 2572 3767 conccssum
2604 3716 2709 3767 est.
2743 3714 2875 3767 Post
2906 3712 3217 3768 discessum
3240 3713 3543 3786 siquidem
3565 3718 3723 3769 tuum

2102 3817 2455 3877 successores
2486 3800 2566 3855 tui
2597 3800 2935 3871 perveniant
2983 3801 3058 3856 ad
3089 3803 3485 3873 apostolicam
3511 3804 3722 3869 sedem,

2102 3891 2166 3943 ut
2190 3906 2353 3944 usum
2386 3889 2543 3960 pallii
2572 3890 3181 3962 consecrationemque
3213 3891 3595 3948 decretaliter
3610 3908 3729 3946 sus-

2104 3977 2351 4049 cipiant;
2382 3983 2439 4031 et
2477 3978 2519 4032 si
2553 3994 2903 4033 successores
2928 3979 3110 4033 nostri
3141 3961 3499 4036 consecrare
3530 3982 3725 4036 nolueo

2105 4066 2243 4134 rint,
2265 4067 2495 4121 licentia
2514 4066 2585 4121 sit
2603 4070 2802 4122 vestra
2819 4070 3029 4123 sancta
3053 4068 3323 4124 Ecclesia
3351 4069 3428 4124 ab
3451 4069 3729 4142 episcopis

2105 4155 2306 4211 vestris
2325 4155 2701 4227 suifraganeis
2717 4155 3060 4223 consecrari,
3079 4159 3138 4211 et
3159 4174 3284 4212 non
3302 4158 3569 4214 habeant
3579 4162 3732 4230 pote-

2109 4247 2317 4300 statem
2348 4261 2699 4301 successores
2731 4244 2911 4299 nostri
2938 4245 2997 4299 in
3030 4245 3251 4300 cunctis
3280 4247 3494 4301 vestris
3519 4248 3731 4319 episco-

2108 4334 2360 4408 patibus,
2391 4352 2535 4406 quos
2558 4333 2719 4389 vobis
2747 4334 3117 4405 subjecerunt
3146 4334 3430 4407 deinceps
3455 4337 3517 4391 in
3541 4352 3734 4408 ρει-ρει

394 4422 680 4479 lumniam
712 4427 810 4479 aut
837 4423 1165 4479 molestiam
1188 4423 1403 4479 inferre
1425 4424 2007 4499 voluerit,autaliquis
2030 4420 2084 4481 D
2108 4426 2274 4478 tuum
2321 4422 2571 4495 aliquem
2617 4422 2950 4494 episcopum
3002 4438 3372 4490 consecrare,
3432 4425 3591 4497 quod
3611 4424 3731 4495 jam

397 4510 696 4582 episcopus
720 4515 818 4569 aut
846 4512 1330 4586 archiepiscOpus,
1358 4513 1456 4585 qui
1486 4530 1583 4568 eos
1611 4515 2006 4570 excommuni-

398 4614 529 4653 care
558 4600 643 4654 vel
675 4600 1017 4657 maledicere
1048 4601 1421 4674 voluerit,ipsi
1441 4601 1556 4678 sint
1576 4618 1641 4657 ex
1670 4603 2008 4658 auctoritate

398 4685 605 4754 Patris,
628 4690 681 4743 et
716 4688 859 4758 Filii,
887 4693 945 4745 et
965 4689 1497 4763 Spiritussaneti,et
1521 4691 1580 4747 S.
1607 4692 1759 4747 Petri
1780 4696 2008 4765 aposto-

400 4774 590 4831 lorum
621 4775 895 4850 principis
934 4778 1021 4832 cui
1070 4796 1104 4834 a
1159 4778 1380 4835 Christo
1408 4780 1616 4835 collata
1644 4784 1731 4836 est
1760 4784 2012 4854 potestas

400 4862 622 4935 ligandi
640 4865 812 4935 atque
834 4865 1113 4934 solvendi,
1143 4868 1523 4942 omniumque
1568 4872 1923 4933 sanctorum,
1956 4873 2015 4924 et

400 4970 470 5010 ex
500 4954 701 5008 nostra
725 4953 1083 5021 auctoritate,
1112 4956 1492 5028 omniumque
1519 4956 1920 5029 episcoporum
1935 4962 2014 5013 at-

401 5058 513 5115 que
535 5040 1100 5113 archiepiscoporum
1115 5047 1325 5100 sancta
1340 5046 1616 5100 Romana
1632 5040 2015 5113 Ecclesia,ek-

399 5129 813 5187 communicati
829 5133 1005 5201 atque
1033 5130 1209 5185 anath
1248 5133 1519 5201 matizati,
1567 5132 1679 5189 sive
1702 5135 2010 5201 maledicti,

399 5218 696 5277 etc.Locus
710 5236 844 5276 vero
866 5220 961 5274 ille
979 5221 1037 5272 et
1050 5234 1253 5273 omnes
1266 5220 1435 5291 hujus
1448 5222 1556 5276 loci
1570 5222 2013 5286 servientesmcc

402 5326 519 5365 non
550 5313 608 5365 et
635 5309 928 5382 adjutores
949 5307 1092 5379 eius,
1111 5306 1223 5363 sive
1247 5308 1418 5364 amici
1436 5310 1485 5362 ei
1508 5326 1572 5364 ex
1594 5311 1799 5366 eadem
1819 5316 2017 5367 aucto-

400 5398 572 5454 ritate
602 5398 859 5470 superius
890 5397 1065 5460 dicta,
1087 5396 1201 5452 sint
1216 5397 1460 5452 absoluti
1487 5400 1544 5451 et
1565 5397 2016 5468 benedicti,nul-

401 5487 634 5559 Iamque
654 5488 899 5543 timeant
936 5503 1196 5558 unquam
1226 5485 1886 5543 excommunicationem
1925 5491 2010 5542 at-

402 5591 516 5648 que
546 5574 1016 5630 maledictionem
1048 5574 1119 5629 ab
1159 5574 1257 5630 illo
1275 5576 1566 5649 episcopo,
1586 5591 1772 5648 neque
1789 5575 2007 5631 archie-

344 5716 349 5719 .
401 5662 662 5739 piscopo,
688 5662 787 5735 qui
814 5661 1001 5733 viyere
1031 5662 1209 5736 possit
1244 5682 1417 5739 super
1446 5666 1685 5720 terram.

2109 4511 2268 4566 vobis
2298 4526 2632 4567 concessum
2658 4513 2760 4564 est.
2795 4510 3132 4583 Quicunque
3170 4515 3375 4566 autem
3432 4513 3585 4567 hanc
3614 4528 3736 4566 nos—

2110 4602 2216 4655 tra
2244 4599 2673 4656 concessionem
2702 4600 3105 4672 praeceptionis
3139 4600 3361 4655 violare
3414 4617 3739 4673 praesump-

2113 4689 2270 4756 serit,
2322 4691 2599 4762 perpetuo
2647 4689 3035 4743 auathematis
3060 4688 3290 4744 vinculo
3336 4691 3643 4763 religetur,
3681 4691 3737 4744 et

2113 4777 2237 4832 hac
2269 4779 2467 4832 nostra
2491 4776 2781 4832 concessio
2804 4776 3020 4832 stabilis
3037 4776 3281 4832 etﬁrma
3302 4777 3362 4833 in
3387 4784 3737 4851 perpetuum

2114 4870 2371 4923 maneat.

2186 4953 2476 5027 Scriptum
2507 4969 2611 5025 per
2639 4969 2847 5009 manus
2885 4954 3123 5010 Joannis
3148 4954 3443 5010 scriniarii
3477 4955 3540 5011 S.
3572 4958 3742 5011 Rom.

2118 5043 2376 5098 Ecclesia
2404 5044 2461 5097 in
2491 5058 2692 5098 mense
2720 5042 2911 5110 Junio,
2945 5043 3063 5098 ind.
3094 5060 3147 5098 x.
3183 5045 3311 5098 Dat.
3339 5061 3412 5098 xv
3451 5046 3581 5100 Kal.
3612 5044 3742 5099 Julii

2117 5148 2219 5203 per
2251 5148 2491 5187 manum
2521 5131 2781 5202 Gregorii
2808 5131 3059 5205 episcopi
3104 5135 3163 5185 et
3208 5132 3644 5188 bibliothecarii
3680 5134 3742 5188 S.

2117 5222 2265 5277 sedis
2295 5221 2641 5295 apostolica,
2674 5238 2848 5276 anno.
2900 5222 3016 5277 Deo
3059 5221 3337 5292 propitio,
3369 5223 3748 5294 pontiﬁcatus

2119 5312 2182 5363 l).
2219 5310 2403 5383 Sergii
2430 5311 2497 5365 1V
2516 5327 2680 5383 papa
2714 5309 2771 5363 in
2802 5309 3185 5364 sacratissima
3209 5310 3346 5364 sede
3378 5310 3539 5365 beati
3591 5310 3743 5365 Petri

2114 5399 2432 5470 apostolica
2452 5416 2532 5467 ιιι,
2564 5396 2764 5453 indict.
2790 5414 2844 5465 ιι,
2869 5413 3068 5452 mense
3097 5397 3292 5467 Junio,
3326 5397 3424 5453 die
3451 5401 3612 5453 sexta
3639 5398 3739 5452 de-

2112 5503 2284 5542 cuna.
