4012 6180
146 376 3536 452 ἢ

1572 545 1719 586 ANNO
1769 543 1958 585 DOMINI
1998 542 2114 582 MXV

1224 727 2321 873 HENBICUS

956 1032 1801 1144 PARMENSIS
1861 1031 2666 1149 EPISCOPUS
2713 1030 2785 1093 ω

1689 1248 2044 1270 ψ

1544 1436 2154 1544 HENBICI

557 1663 1131 1801 SEBMO
1220 1661 1456 1785 DE
1538 1655 2421 1790 PASCHATE
2500 1663 3129 1797 DOMINI

1138 1872 1358 1949 (Edidit
1387 1875 1519 1935 MAI.
1545 1872 1750 1945 Script.
1783 1877 1888 1926 vet.
1927 1870 2067 1942 Coll,
2097 1888 2221 1930 nov.
2262 1872 2375 1941 VII,
2408 1875 2560 1947 271.)

243 2160 915 2237 Redemptionisnostraa
930 2154 1079 2224 dies,
1095 2149 1439 2217 cbarissimi,
1456 2153 1620 2206 tanto
1640 2150 1808 2205 nobis
1826 2153 1883 2215 Α
1914 2150 2123 2208 molari
2143 2152 2402 2224 jubetur,
2420 2171 2534 2227 quo
2561 2155 2899 2229 typicusille
2925 2162 3171 2234 populus
3186 2162 3427 2223 insueta
3438 2180 3533 2224 co‘

169 2260 259 2313 est
288 2251 637 2328 propensius
663 2245 1044 2315 honorandus
1064 2244 1123 2296 et
1143 2239 1356 2294 celebri
1382 2237 1689 2328 devotione
1715 2256 1809 2294 re-

114 2339 128 2349 ’
172 2326 482 2407 colendus,
510 2339 729 2411 quanto
770 2333 969 2390 salutis
1018 2332 1235 2384 nostra:
1287 2327 1499 2398 gaudio
1553 2326 1808 2382 dicatum

176 2435 349 2490 illum
383 2424 935 2501 agnoscimus.Licet
964 2419 1125 2477 enim
1157 2418 1499 2472 cmterarum
1531 2415 1811 2472 festivita-

178 2526 311 2577 tum
346 2519 468 2574 dies
497 2516 571 2571 ad
606 2517 871 2570 nostrum
894 2510 1010 2565 sint
1029 2504 1277 2563 instituti
1294 2504 1573 2575 gaudium
1600 2510 1811 2577 etpro-

173 2612 430 2675 fectum,
468 2605 563 2660 hic
610 2606 834 2667 tamen,
882 2598 981 2671 qui
1014 2593 1455 2651 resurrectionis
1487 2596 1572 2648 est
1598 2597 1813 2651 nostrai

181 2694 534 2761 mysterium
545 2735 558 2761 ,
584 2689 782 2746 salutis
794 2692 851 2744 et
867 2686 1021 2742 exsul
1029 2682 1262 2740 tationis
1272 2682 1571 2754 privilegio
1587 2682 1815 2761 obtinet

180 2757 592 2859 principatum
618 2801 629 2835 :
652 2778 799 2835 sicut
817 2792 923 2848 per
945 2772 1305 2829 Psalmistam
1321 2770 1529 2859 dicitur
1552 2786 1564 2823 :
1588 2760 1727 2824 Hec
1738 2778 1815 2826 est

180 2858 299 2929 dies
330 2889 498 2945 quam
514 2870 651 2941 fecit
678 2861 1301 2931 Dominus,ea:sultemus
1325 2868 1374 2912 et
1399 2858 1637 2912 letemur
1653 2860 1710 2911 in
1726 2875 1812 2928 ea,

182 2964 326 3019 Haec
357 2964 462 3029 est,
485 2959 751 3030 inquam,
781 2954 903 3009 dies
920 2952 979 3006 in
1002 2946 1443 3022 quaviventibus
1460 2946 1739 3019 gaudium
1757 2951 1819 3004 et

197 3049 457 3106 mortuis
486 3048 800 3119 praestatur
827 3039 1232 3112 refrigerium:
1262 3037 1384 3091 haec
1416 3038 1520 3103 est,
1548 3035 1817 3106 inquam,

181 3140 320 3196 dies
352 3153 527 3210 quam
553 3133 663 3189 sibi
709 3129 990 3186 Dominus
1029 3126 1354 3199 specialiter
1384 3124 1716 3192 vindicavit,
1752 3130 1822 3199 ‘et

173 3252 207 3290 ε
223 3224 505 3299 anguinis
534 3223 621 3278 sui
644 3219 834 3293 pretio
854 3220 912 3273 et
927 3213 1362 3272 resurrectionis
1390 3213 1571 3285 gloria
1594 3212 1826 3270 dedica-

192 3320 319 3385 vit;
357 3332 462 3389 pro
494 3311 663 3367 nobis
693 3307 851 3362 enim
873 3309 1135 3362 mortuus
1167 3302 1477 3357 resurrexit
1499 3318 1823 3373 nunquam,

190 3404 530 3464 secundum
556 3396 804 3472 apostoli
826 3394 978 3450 Petri
996 3391 1369 3461 sententiam,
1402 3391 1740 3458 moriturus,
1764 3395 1827 3447 ut

1909 2241 2215 2296 mestionis
2246 2258 2409 2297 more
2448 2247 2814 2301 vesceretur:
2854 2247 3001 2304 sicut
3029 2249 3082 2307 ei
3111 2268 3219 2324 per
3237 2254 3469 2326 Moysen
3497 2272 3533 2312 ι

1910 2329 2170 2385 Domino
2198 2329 2634 2388 demonstratur
2663 2350 2676 2387 :
2705 2333 2902 2404 Renes,
2922 2336 3132 2411 inquit,
3156 2346 3535 2398 vestrosaccin—

1907 2420 2063 2487 getis,
2090 2417 2453 2472 calceamenla
2486 2421 2745 2477 habebitis
2793 2426 2851 2477 in
2867 2426 3115 2496 pedibus,
3161 2434 3215 2484 et
3261 2430 3535 2487 comedetis

1908 2505 2251 2578 festinanter.
2287 2505 2400 2560 Sed
2430 2508 2587 2578 quod
2607 2508 2690 2564 illi
2718 2509 2779 2566 in
2804 2512 3107 2570 occidente
3141 2515 3292 2588 legis
3318 2517 3533 2588 littera,

1911 2594 2024 2647 hoc
2054 2609 2159 2648 nos
2188 2592 2532 2650 viviﬁcantis
2561 2596 2797 2668 spiritus
2823 2603 3116 2659 custodire
3164 2603 3443 2662 debemus
3468 2606 3532 2664 in

1913 2681 2120 2753 gratia.
2152 2683 2360 2739 Littera
2391 2688 2532 2740 enim
2552 2688 2771 2758 occidit,
2822 2694 3042 2763 spiritus
3062 2701 3241 2751 autem
3274 2697 3531 2765 oiviﬁcat.

1917 2771 2063 2835 Quid
2101 2788 2239 2843 ergo
2271 2788 2375 2843 per
2410 2773 2747 2845 Egyptum,
2772 2779 2884 2834 nisi
2915 2782 3153 2837 tenebras
3176 2782 3532 2855 accipimus?

1917 2860 1974 2913 et
2002 2858 2141 2930 quid
2167 2861 2364 2931 phase,
2408 2861 2515 2915 nisi
2571 2868 2863 2921 transitum
2901 2868 3275 2924 nominamus
3292 2870 3321 2924 ?
3347 2872 3532 2928 Phase

1918 2947 2116 3018 igitur,
2133 2964 2239 3019 pro
2258 2965 2370 3021 quo
2399 2951 2633 3021 pascha,
2666 2952 2740 3007 sit
2782 2954 2919 3009 licet
2947 2956 3161 3028 tingue
3185 2959 3418 3013 alterius
3441 2974 3531 3015 ac-

1919 3036 2185 3108 cipimus,
2216 3040 2372 3091 recte
2403 3037 2786 3109 celebramus,
2829 3058 2961 3098 cum
3005 3043 3079 3098 de
3138 3044 3346 3101 veteris
3382 3046 3529 3118 legis

1921 3122 2180 3179 tenebris
2211 3124 2285 3178 ad
2311 3140 2475 3179 nova:
2504 3126 2708 3197 gratia:
2739 3128 2930 3185 lucem
2955 3131 3240 3200 venimus,
3258 3135 3316 3187 et
3350 3132 3532 3189 infer-

1926 3212 2084 3268 nalia
2111 3213 2358 3267 claustra
2379 3213 2593 3268 caelesti
2627 3216 2764 3271 sede
2785 3223 3234 3289 commutemus,
3269 3223 3530 3293 apostolo

1926 3303 2096 3356 Petro
2124 3303 2268 3355 teste
2300 3301 2397 3373 qui
2435 3300 2548 3357 ait:
2580 3301 2771 3360 Eratis
2801 3307 3090 3380 aliquando
3122 3308 3364 3378 tenebre,
3385 3325 3531 3367 nunc

1924 3396 2105 3447 autem
2133 3390 2225 3444 lux
2252 3390 2308 3443 in
2336 3389 2589 3447 Domino.
2635 3393 2705 3448 Et
2739 3397 2911 3468 paulo
2959 3401 3091 3469 post
3118 3414 3225 3453 nos
3253 3399 3533 3456 admonet

192 3511 343 3553 cum
376 3509 445 3547 eo
476 3489 695 3563 pariter
722 3483 798 3539 ad
843 3482 1114 3536 virtutem
1173 3497 1208 3535 a
1237 3478 1385 3534 vitiis
1432 3494 1822 3549 resurgamus.
1846 3477 1897 3535 B
1926 3480 2125 3535 dicens
2158 3496 2171 3535 :
2220 3480 2460 3551 Populus
2516 3485 2902 3556 acquisitiom's,
2951 3489 3268 3543 annuntiate
3311 3490 3533 3545 virtutes

194 3584 478 3646 Christus,
511 3575 721 3648 inquit,
750 3587 1027 3641 resurgens
1066 3586 1099 3622 a
1130 3569 1352 3622 mortuis
1370 3568 1498 3638 jam
1526 3582 1631 3620 non
1658 3570 1823 3622 mori-

193 3680 337 3739 tur;
366 3684 506 3725 mors
533 3665 614 3720 illi
636 3663 783 3717 ultra
822 3676 928 3713 non
955 3657 1339 3712 dominabitur.
1375 3657 1437 3710 In
1470 3656 1576 3709 hac
1605 3655 1821 3727 itaque,

196 3764 445 3826 fratres,
471 3753 641 3810 nobis
682 3752 769 3806 est
813 3746 1172 3820 permaxima
1200 3743 1724 3817 congaudendum;
1764 3744 1824 3800 in

197 3852 345 3915 hac,
379 3842 628 3901 Domino
656 3840 911 3903 auctore,
929 3833 1300 3908 spiritualiter
1326 3831 1824 3899 exsultandum,in

200 3954 331 4013 qua
350 3936 523 4005 caput
536 3931 801 3986 nostrum
822 3924 1293 3991 Christus,morte
1325 3922 1830 4013 devicta,resurr_e-

201 4009 293 4083 fit
306 4028 368 4080 et
380 4014 1035 4077 resurrectionisnostraa
1051 4012 1464 4067 nobisformam
1474 4009 1827 4081 resurgendo

206 4107 664 4173 demonstravit,
697 4102 973 4174 Apostolo
1002 4104 1167 4167 teste,
1201 4099 1297 4171 qui
1315 4100 1395 4154 ait
1426 4115 1439 4153 :
1470 4096 1538 4153 Si
1556 4098 1831 4170 complan-

208 4206 324 4260 tati
353 4200 457 4272 (ita
489 4195 645 4267 cod.)
689 4195 831 4264 facti
866 4206 1048 4246 sumus
1098 4188 1444 4244 similitudini
1466 4190 1653 4243 mortis
1693 4188 1827 4259 ejus,

204 4290 387 4350 simul
408 4294 459 4342 et
487 4282 878 4340 resurrectionis
897 4282 1118 4335 erimus.
1181 4276 1294 4334 Sed
1338 4279 1402 4331 ut
1451 4276 1831 4331 solemnitatis

206 4380 396 4450 hujus
414 4374 577 4430 vobis
594 4389 686 4428 am
696 4370 807 4427 odo
824 4367 1099 4440 mysteria.
1121 4367 1460 4421 revelemus.
1477 4364 1833 4420 Testamenti

208 4465 448 4524 Veteris
461 4458 894 4536 quodammodo
913 4458 1108 4528 portas
1124 4454 1449 4520 subeamus,
1468 4456 1525 4508 et
1543 4453 1696 4508 unde
1709 4453 1833 4508 haec

209 4556 386 4632 prius
418 4549 718 4607 celebritas
743 4543 1045 4602 inoleverit
1075 4559 1458 4615 agnoscamus
1486 4559 1499 4597 :
1534 4559 1646 4614 quo
1679 4542 1831 4596 bene

211 4631 534 4717 cognitam
567 4642 623 4693 et
644 4638 770 4710 plus
791 4650 1054 4689 amemus
1085 4636 1143 4686 et
1160 4631 1539 4686 venerabilius
1566 4631 1831 4686 observe-

1924 3569 2039 3638 eius
2062 3569 2159 3636 qui
2188 3584 2276 3622 vos
2304 3572 2516 3625 vocavit
2540 3572 2597 3625 in
2628 3572 2943 3631 admirabile
2964 3576 3141 3634 lumen
3169 3594 3349 3632 suum.

1997 3654 2163 3720 Quod
2188 3655 2335 3710 bene
2357 3657 2533 3711 etiam
2571 3659 3008 3718 demonstratur
3031 3680 3163 3719 cum
3189 3681 3297 3736 per
3318 3665 3532 3721 Lucam

1925 3743 2340 3814 evangelistam
2374 3745 2584 3802 dicitur
2616 3765 2629 3802 :
2658 3748 2839 3806 Homo
2863 3751 3087 3824 quidam
3133 3751 3446 3808 descendens
3474 3756 3533 3808 in

1926 3832 2190 3888 Hiericho
2214 3834 2414 3890 incidit
2451 3838 2508 3889 in
2561 3836 2795 3896 latrones
2807 3868 2825 3908 ,-
2847 3839 2944 3912 qui
2984 3840 3329 3913 exspoliatus
3357 3844 3532 3915 atque

1927 3922 2278 3989 vulneratus,
2334 3924 2576 3981 tandem
2626 3927 2975 4001 relinquitur
3006 3928 3339 3997 semivivus;
3370 3929 3473 3984 sed
3499 3946 3535 3984 a

1930 4008 2300 4065 Samaritano
2319 4010 2772 4071 misericorditer
2786 4019 3098 4088 susceptus,
3122 4017 3251 4073 vitas
3267 4018 3326 4072 et
3339 4017 3535 4072 salutis

1929 4096 2182 4169 gratiam
2217 4097 2458 4169 adeptus
2489 4105 2593 4158 est.
2626 4103 2810 4160 Homo
2845 4104 2938 4160 hic
2964 4105 3373 4177 protoplastus,
3413 4104 3534 4160 imo

1928 4186 2253 4240 humanum
2276 4202 2459 4258 genus
2492 4190 2791 4263 accipitur.
2824 4192 3089 4249 Hiericho
3110 4193 3334 4264 defectio
3354 4193 3538 4265 eXpri-

1931 4272 2133 4331 mitur.
2166 4272 2523 4333 Hierusalem
2537 4284 2692 4352 pacis
2719 4284 2847 4338 visio
2878 4282 3228 4339 nominatur.
3263 4282 3539 4339 Latrones

1929 4360 2173 4433 maligni
2216 4363 2449 4434 spiritus
2482 4368 2904 4443 intelliguntur.
2942 4372 3099 4429 Tunc
3132 4387 3332 4428 revera
3358 4372 3536 4429 homo

1932 4448 2023 4504 hic
2053 4450 2126 4505 ab
2168 4450 2526 4511 Hierusalem
2575 4457 2872 4516 descendit
2900 4461 3133 4532 quando
3180 4460 3239 4517 in
3268 4460 3536 4534 paradiso

1934 4537 2264 4596 Dominisui
2280 4547 2572 4617 praecepta
2593 4547 2975 4620 contempsit;
3007 4548 3105 4622 qui
3130 4566 3263 4606 cum
3277 4548 3538 4606 Hiericho

1934 4627 2143 4698 pergit,
2166 4630 2377 4686 merito
2399 4632 2929 4708 spiritusmalignos
2959 4635 3202 4693 oﬂ'endit
3218 4655 3233 4707 ;
3248 4637 3385 4711 quia
3404 4654 3538 4694 cum

210 4715 359 4791 mus
388 4746 404 4784 :
430 4725 712 4801 quidquid
728 4723 903 4779 etiam
919 4721 1053 4775 hinc
1073 4719 1445 4792 spiritualiter
1474 4718 1725 4790 patuerit
1745 4735 1832 4773 as-
1869 4715 2145 4805 Crelictis
2173 4719 2427 4789 aeternis,
2460 4724 2649 4778 solum
2678 4718 3420 4801 defectivisintendit,quod
3432 4725 3539 4783 sibi

207 4817 602 4883 sumendum,
626 4810 885 4870 utilitatis
914 4811 1113 4864 vestrae
1141 4824 1244 4880 per
1265 4824 1370 4862 nos
1399 4806 1507 4862 erit
1525 4806 1716 4862 usibus
1739 4823 1834 4863 ex-

203 4906 593 4985 ponendum,
877 4987 922 4994 _
1047 4985 1081 4994 ﬂ
1319 4988 1328 4994 ⁸
1610 4982 1620 4994 ³

291 4998 447 5052 Cum
461 4994 533 5049 de
554 4990 829 5047 servitute
856 4985 1191 5059 [Egyptiaca
1203 4983 1491 5056 portentis
1514 4983 1837 5056 insignibus

200 5085 392 5162 plebs
404 5073 1448 5146 Israeliticaliberatur,phaseDomino
1468 5073 1838 5130 anniversali-

203 5183 313 5234 ter
327 5172 625 5228 celebrare
638 5167 986 5240 praecipitur,
1021 5180 1091 5218 ne
1122 5166 1210 5218 tot
1235 5166 1647 5237 tantorumque
1660 5165 1837 5221 virtu-

202 5259 765 5321 temmiraculorum
782 5269 1049 5329 processu
1065 5251 1344 5322 temporis
1358 5253 1665 5325 posteritas
1677 5253 1840 5326 igno-

205 5347 795 5420 raret,ignotamque
811 5343 967 5397 nulla
984 5340 1218 5395 honoris
1235 5340 1562 5396 reverentia
1589 5343 1841 5398 celebra.

209 5444 322 5500 ret
342 5456 356 5493 :
379 5436 476 5492 ubi
502 5436 679 5491 etiam
697 5448 900 5506 agnus,
919 5428 1257 5501 quiillorum
1273 5430 1485 5499 pascha
1500 5430 1709 5502 fuerat,
1735 5432 1841 5488 im-

1933 4804 2219 4876 pernicies
2234 4813 2469 4881 paretur
2482 4812 2809 4868 nullatenus
2824 4814 3326 4872 intellexit.Merito
3347 4815 3539 4887 itaque

1936 4895 2133 4951 tunica
2182 4896 2636 4957 immortalitatis
2667 4902 2894 4960 exuitur
2927 4920 2941 4960 :
2977 4904 3185 4960 merito
3223 4906 3540 4961 multarum

1937 4985 2330 5056 miseriarum,
2370 4989 2576 5062 quibus
2605 4990 2697 5046 hic
2726 4991 3052 5062 involvitur,
3069 4993 3254 5066 plagis
3273 4993 3536 5050 aﬂ'icitur.

1938 5077 2148 5134 merito
2179 5081 2475 5150 postremo
2506 5079 2812 5136 semivivus
2828 5081 2888 5139 in
2915 5081 3285 5153 hujussaaculi
3303 5083 3393 5137 via
3411 5096 3540 5152 pro-

1938 5167 2146 5223 teritur
2171 5183 2184 5222 :
2221 5169 2283 5222 ut
2306 5168 2520 5224 amodo
2537 5168 2720 5242 quivis
2737 5172 2957 5227 aeterna
2973 5169 3153 5226 discat
3171 5171 3463 5240 appetere,
3481 5173 3544 5225 et

1937 5254 2305 5312 transeuntis
2322 5258 2487 5313 omni
2500 5258 2729 5314 studeat
2754 5261 2977 5316 cautela
3002 5256 3308 5313 declinare.
3327 5256 3396 5309 Et
3407 5255 3544 5329 quia

1939 5344 2211 5403 sacerdos
2243 5349 2301 5401 et
2320 5346 2513 5416 levita,
2543 5347 2763 5404 Veteris
2791 5343 3140 5404 Testamenti
3178 5344 3397 5413 Patres,
3425 5345 3542 5401 eis-

1943 5432 2076 5489 dem
2092 5432 2305 5489 addicti
2315 5434 2502 5507 plagis
2517 5435 2989 5501 succumbebant,
3007 5430 3231 5487 nullum
3246 5430 3545 5490 vulnerato

304 5599 390 5670 (1)
419 5590 972 5670 Vivebat_Henricu_s
999 5588 1412 5670 circannnum
1453 5593 1629 5659 mis,-
1669 5592 1854 5650 adfuit
1885 5594 2046 5651 enim
2077 5596 2355 5654 Romanis
2383 5596 2604 5670 synodo
2648 5595 2771 5668 ejus
2798 5594 2957 5650 anni.
2995 5591 3196 5649 Prodit
3224 5595 3424 5650 autem
3449 5594 3542 5652 hic

218 5656 434 5729 seruio
460 5686 527 5724 ex
562 5664 800 5736 antiquo
820 5661 1023 5717 codice
1055 5656 1345 5715 Vaticano.
