4094 6178
612 391 750 451 1533

1668 383 2015 443 BRUNONIS
2059 380 2512 440 LlNGONENSlS
2549 381 2870 439 EPlSCOPl

3798 384 3914 439 1536

618 516 681 570 et
708 513 924 570 fructus
953 511 1158 584 dignos
1173 509 1528 583 paenitentia:
1549 509 1816 583 agere,id
1838 511 1922 564 est
1943 507 2216 564 utvulne-
2241 500 2298 562 Δ
2328 504 2512 561 dium.
2541 507 2725 562 Homo
2756 508 3010 580 aegrotus
3033 508 3240 581 querit
3265 507 3658 576 medicinam,
3675 507 3773 582 qui
3789 523 3920 582 saepe

613 602 772 658 ribus
812 603 1054 657 vulnera
1081 617 1197 656 non
1229 599 1524 672 adjiciant,
1557 602 1615 655 et
1642 601 1844 654 sanata
1873 615 1990 653 non
2023 614 2216 653 resan-

612 689 786 746 cient.
807 691 1070 746 Salutare
1101 688 1386 762 siquidem
1417 687 1769 761 poenitentiae
1793 689 1878 742 est
1893 685 2217 743 remedium

611 778 952 852 paenitentia
985 780 1060 850 μ)
1090 778 1301 834 iterum
1332 795 1450 833 non
1481 777 1777 849 perficere.
1815 777 2101 848 Scriptum
2135 777 2220 830 est

609 868 800 923 enim:
817 866 1411 924 Pcenitentibusdedit
1425 869 1573 922 Deus
1585 869 1807 938 partem
1816 863 2072 936 justitiae.
2098 866 2218 935 Age

610 954 810 1028 igitur,
848 955 1154 1030 paenitens,
1189 956 1424 1029 propria
1453 956 1669 1010 scelera
1710 954 2007 1022 confitere,
2039 953 2218 1025 prode

610 1043 929 1117 iniquitatis
958 1047 1262 1102 secretum.
1289 1047 1434 1099 Nota
1467 1045 1601 1099 sunt
1620 1044 1737 1098 Deo
1759 1059 1886 1115 qua:
1916 1041 1974 1097 in
1997 1044 2218 1097 occulto

611 1133 818 1202 fecisti,
842 1152 971 1208 qua:
991 1135 1037 1190 si
1058 1152 1177 1191 non
1195 1134 1403 1190 dixerit
1421 1133 1638 1205 lingua,
1661 1148 1777 1187 non
1795 1130 2007 1204 poterit
2035 1132 2221 1185 celare

609 1223 988 1279 conscientia.
1023 1223 1425 1278 Frustrainter
1445 1221 1694 1294 parietes
1721 1223 1852 1276 tuos
1881 1219 2092 1274 timens
2111 1219 2221 1274 cri-

613 1310 779 1366 mina
795 1311 1126 1367 abscondis:
1145 1314 1304 1384 patet
1322 1312 1438 1365 Deo
1457 1327 1631 1365 omne
1649 1309 1803 1382 quod
1820 1308 2220 1364 absconditum

613 1402 818 1471 putas;
862 1404 920 1456 et
965 1401 1008 1456 si
1056 1399 1310 1455 hominis
1349 1399 1540 1453 oculos
1585 1397 1642 1452 in
1694 1394 1940 1468 peccatis
1969 1392 2221 1464 effugere

613 1504 645 1539 v
661 1489 797 1554 ales,
813 1489 1140 1543 nullatenus
1155 1491 1353 1542 tamen
1376 1487 1476 1542 Dei
1493 1487 1787 1558 aspectum
1805 1485 1985 1538 latere
2013 1480 2224 1554 poterit

618 1576 899 1649 quidquid
928 1577 986 1631 in
1016 1578 1237 1632 occulto
1283 1575 1544 1646 gesseris.
1573 1573 1632 1628 Si
1670 1590 1774 1644 per
1801 1571 2222 1627 confessionem

615 1667 852 1736 peccata
873 1667 951 1733 (2)
974 1668 1289 1736 antequam
1328 1662 1538 1735 judicis
1584 1660 1943 1716 iracundiam
1989 1659 2220 1724 sentias,

617 1754 786 1812 crede
809 1752 972 1818 mihi,
1001 1756 1186 1807 totum
1201 1751 1424 1806 veniale
1445 1751 1574 1816 erit,
1592 1750 1637 1804 si
1659 1748 1922 1804 conﬁteri
1953 1763 2070 1802 non
2089 1763 2226 1802 eru-

2322 595 2543 651 incerto
2575 595 2772 651 labore
2806 596 3048 652 desudat
3095 596 3151 652 in
3181 601 3429 669 aegroto.
3471 601 3631 654 Deus
3661 615 3792 655 vero
3818 600 3922 655 sine

2319 687 2515 742 labore
2535 687 2722 752 sanat,
2741 685 2864 741 sine
2889 686 3156 742 tarditate
3174 687 3614 744 medicamenta
3632 690 3924 760 prazstat,si

2319 773 2523 830 devote
2554 775 2825 846 laerymis
2849 775 3060 848 scripta
3089 775 3145 831 in
3177 775 3416 832 auribus
3441 777 3684 849 pietatis
3725 796 3834 833 suae
3859 781 3926 833 le-

2319 867 2492 936 gatur
2510 863 2870 934 pcenitentia.
2903 865 3082 920 Nemo
3116 869 3193 931 te,
3228 883 3262 920 ο
3287 868 3491 932 homo,
3519 867 3739 921 melius
3767 867 3932 922 reﬁcit

2322 968 2498 1022 quam
2523 951 2620 1023 qui
2653 952 2811 1018 fecit,
2846 969 2949 1008 nec
2971 955 3112 1008 alius
3133 958 3302 1008 sanat
3334 954 3440 1009 nisi
3473 955 3578 1027 qui
3609 957 3864 1027 ﬂagellat
3884 959 3935 1010 et

2322 1043 2504 1094 curat.
2533 1041 2698 1094 Solus
2725 1040 2882 1095 enim
2916 1043 3070 1097 novit
3095 1043 3286 1116 operis
3309 1042 3392 1097 tui
3424 1043 3834 1116 fragilitatem,
3852 1044 3935 1117 qui

2320 1129 2433 1184 hoc
2460 1131 2649 1184 totum
2677 1134 2967 1202 exspectat
2998 1134 3060 1185 ut
3088 1131 3326 1186 fatearis
3353 1137 3415 1187 et
3443 1149 3622 1188 mora
3655 1150 3778 1188 non
3821 1133 3936 1200 erit,

2323 1217 2639 1286 utsaneris,
2658 1219 2756 1290 qui
2774 1237 2879 1290 per
2901 1221 3244 1292 prophetam
3267 1221 3640 1277 Ezechielem
3666 1223 3750 1276 ait
3774 1240 3786 1276 :
3811 1223 3938 1277 Cum

2324 1323 2635 1361 conversus
2685 1307 2860 1361 fueris
2912 1311 2969 1362 et
3018 1309 3398 1380 ingemueris,
3438 1314 3586 1365 tunc
3619 1311 3938 1365 salvaberis.

2325 1394 2504 1448 Datur
2536 1395 2704 1450 nobis
2747 1414 2783 1450 a
2816 1396 3230 1467 benignissimo
3272 1398 3473 1468 judice
3518 1401 3692 1454 locus
3721 1399 3941 1453 curandi

2324 1481 2708 1555 nosmetipsos
2757 1485 2815 1538 in
2860 1484 3105 1555 peccatis
3151 1487 3368 1541 nostris
3395 1503 3609 1542 coram
3653 1486 3939 1542 sacerdote

2325 1570 2446 1638 Dei,
2482 1588 2553 1625 ne
2581 1571 2794 1626 iterum
2838 1577 3063 1628 accuset
3086 1590 3190 1628 nos
3223 1574 3282 1628 in
3323 1574 3405 1628 eis
3444 1575 3730 1630 diabolus
3757 1592 3938 1631 coram

2318 1659 2511 1729 judice
2530 1659 2775 1714 Christo.
2801 1661 2930 1715 Vult
2945 1662 3099 1716 enim
3122 1666 3185 1717 ut
3207 1662 3549 1734 ignoscatur
3567 1681 3650 1718 ne
3684 1665 3942 1737 puniatur

2324 1746 2383 1802 in
2415 1748 2630 1803 futuro.
2651 1749 2834 1819 Igitur
2855 1750 2981 1820 pius
2998 1752 3164 1804 Pater
3186 1751 3327 1806 dum
3353 1752 3515 1806 videt
3538 1770 3652 1824 per
3669 1754 3943 1822 poeniten-

617 1842 798 1899 bescis
827 1845 886 1897 et
916 1816 1020 1913 per
1049 1840 1448 1912 paenitentiam
1473 1855 1719 1911 purgare
1747 1835 2102 1908 praecavetis,
2136 1835 2220 1890 di-
2254 1816 2305 1875 B
2327 1836 2467 1891 tiam
2491 1840 2726 1906 peccata
2752 1840 2949 1892 nostra
2972 1855 3006 1891 a
3028 1839 3194 1892 nobis
3213 1840 3511 1909 damnari,
3535 1841 3767 1912 gaudet
3786 1842 3944 1896 miw

531 1997 538 2002 _
620 1936 786 1989 cente
801 1931 1292 2003 Psalomographo
1315 1947 1327 1983 :
1346 1929 1481 1983 Dixi
1504 1929 1793 1999 injustitias
1809 1945 1948 1981 meas
1967 1926 2222 1992 Domino,

620 2029 670 2078 et
689 2029 745 2076 tu
763 2021 1020 2076 remisisti
1051 2021 1370 2090 impietatem
1392 2019 1604 2089 peccati
1628 2019 1735 2071 mei
1753 2016 1926 2088 (Psal.
1963 2033 2114 2081 xxxx,
2143 2015 2219 2086 5).

621 2112 969 2182 Exspectata
982 2107 1149 2164 nobis
1165 2107 1448 2162 Dominus
1467 2105 1843 2161 confessionis
1859 2104 2222 2171 sacriﬁcium,

622 2202 684 2253 ut
704 2201 939 2270 praestet
955 2196 1122 2252 nobis
1141 2195 1480 2250 delectabile
1494 2193 1869 2264 indulgentiae
1893 2191 2225 2262 munus,qui

624 2289 740 2342 vult
765 2302 974 2342 omnes
993 2284 1454 2340 hominessalvos
1475 2283 1599 2337 fieri
1622 2287 1679 2338 et
1699 2281 1996 2336 neminem
2016 2283 2227 2351 perire,

622 2375 748 2431 haec
777 2375 1004 2430 dicente
1023 2376 1082 2427 et
1103 2372 1161 2426 in
1184 2372 1296 2427 alio
1314 2374 1436 2426 loco
1460 2371 1755 2442 Scriptura
1779 2387 1792 2424 :
1825 2369 1893 2422 In
1918 2385 2232 2441 quacunque

624 2462 708 2516 die
727 2466 975 2532 peccator
1013 2459 1279 2518 confessus
1316 2458 1503 2525 fuerit,
1537 2458 1647 2509 vita
1692 2457 1832 2510 vivet
1867 2463 1916 2509 et
1958 2471 2066 2510 non
2116 2473 2230 2509 mo-

628 2550 797 2603 rietur
831 2546 1048 2618 (Ezech.
1081 2562 1196 2611 xxx,
1228 2545 1339 2612 28).
1389 2545 1432 2599 Ο
1474 2544 1766 2616 singulare
1798 2543 2233 2599 clementissimi

626 2633 1224 2710 judicisbeneﬁcium!
1251 2634 1294 2688 Ο
1313 2633 1509 2704 magni
1537 2636 1595 2688 et
1615 2633 1797 2687 securi
1829 2633 2034 2687 divinae
2051 2633 2230 2705 pieta-

635 2725 703 2780 tis
744 2722 993 2780 thesauri
1020 2722 1032 2776 !
1065 2725 1310 2794 Propter
1339 2723 1446 2776 hoc
1473 2723 1833 2794 peccantium
1866 2723 1984 2775 vult
2009 2721 2231 2776 confes-

626 2813 853 2869 sionum
883 2828 1094 2867 munus
1123 2810 1401 2883 accipere,
1437 2813 1498 2865 ut
1524 2827 1640 2865 non
1669 2809 1923 2864 inveniat
1966 2811 2117 2882 quod
2147 2811 2230 2864 ul-

631 2900 762 2957 cisci
793 2900 1020 2956 debeat.
1041 2899 1165 2955 Non
1196 2899 1373 2954 simus
1401 2898 1615 2970 ingrati
1644 2899 1790 2952 tanti
1821 2899 2232 2954 benevolentite

629 2987 1036 3062 Redemptoris
1055 2986 1256 3054 nostri,
1275 2987 1370 3059 qui
1389 2987 1577 3058 magis
1607 2988 1723 3040 vult
1742 2987 2040 3058 ignoscere
2058 3004 2233 3058 quam

2324 1926 2462 1991 reri,
2495 1928 2554 1980 et
2575 1925 2875 1997 proprium
2906 1943 3170 1982 exercere
3199 1945 3413 1983 munus
3435 1930 3866 1985 misericordiae
3894 1933 3942 1984 in

2327 2013 2675 2086 poenitentes
2695 2017 2875 2085 optat,
2898 2015 3042 2068 sicut
3063 2031 3165 2086 per
3190 2015 3397 2070 Isaiam
3417 2021 3681 2072 testatur
3710 2021 3944 2090 prophe-

2327 2105 2470 2157 tam.
2501 2102 2624 2172 Ego
2666 2120 2783 2156 sum
2816 2105 2913 2174 qui
2948 2104 3089 2157 deleo
3132 2105 3448 2176 iniquitates
3480 2114 3607 2160 tuas
3634 2107 3773 2176 Usa.
3806 2125 3944 2172 xuu,

2330 2196 2440 2263 ‘25).
2472 2193 2539 2245 Et
2566 2193 2781 2246 iterum
2814 2209 2827 2247 :
2865 2191 3257 2248 Convertimini
3298 2196 3372 2248 ad
3420 2196 3740 2251 Dominum
3790 2198 3948 2252 Deum

2329 2289 2592 2347 vestrum,-
2623 2285 2750 2352 quia
2785 2283 3076 2336 misericors
3103 2289 3152 2335 et
3168 2285 3296 2352 pius
3323 2291 3420 2350 est,
3443 2287 3682 2355 patiens
3709 2293 3760 2340 et
3787 2287 3951 2340 multa

2333 2371 2716 2424 misericordia:
2744 2369 2939 2437 (Exod.
2975 2387 3161 2436 xxxxv,
3193 2373 3264 2441 6).
3309 2372 3424 2426 Hoc
3457 2372 3657 2428 sciens
3691 2375 3754 2428 Β.
3790 2375 3950 2429 David

2334 2458 2414 2512 ait
2443 2475 2456 2511 :
2495 2459 2784 2514 Peccatum
2814 2475 2987 2513 meum
3006 2462 3278 2528 cognitum
3305 2460 3401 2514 [ibi
3421 2463 3543 2530 feci
3572 2470 3627 2515 et
3655 2465 3952 2535 im'quitates

2332 2563 2478 2602 mea:
2521 2565 2629 2600 non
2661 2550 2843 2625 operui
2870 2548 3041 2617 (Psal.
3075 2565 3225 2615 xxxx,
3259 2552 3333 2616 6).
3379 2550 3641 2604 Econtra
3686 2551 3735 2605 si
3774 2567 3954 2622 pecca-

2335 2639 2458 2690 tum
2490 2636 2644 2706 quod
2697 2636 2916 2702 fecerit,
2943 2637 3051 2690 hoc
3085 2642 3283 2708 negat,
3329 2654 3534 2709 poenas
3565 2643 3774 2693 reatus
3803 2658 3950 2694 accu-

2334 2725 2536 2791 mulat,
2561 2723 2696 2794 quia
2717 2724 2951 2794 punitur
2969 2725 3332 2780 contumacia
3360 2727 3602 2782 sceleris
3622 2729 3951 2798 negatione.

2337 2811 2450 2866 Sed
2477 2812 2618 2866 dicis
2647 2812 2838 2867 forsan
2875 2829 2887 2866 :
2921 2815 3006 2867 Me
3047 2817 3224 2868 terret
3277 2830 3552 2870 meorum
3611 2817 3949 2887 magnitudo

2335 2905 2725 2972 peccatorum.
2756 2901 2903 2966 Quin
2927 2903 3044 2957 imo
3065 2906 3224 2958 tanto
3248 2903 3434 2974 magis
3458 2905 3864 2961 insistendum
3880 2911 3952 2962 est

2337 2989 2461 3056 tibi,
2483 2994 2767 3062 peccator,
2793 2991 2850 3044 in
2873 2991 3158 3045 medicina
3176 2992 3560 3048 confessionis
3580 3011 3658 3049 ne
3684 3011 3884 3066 parcas
3899 2995 3948 3050 in

630 3079 858 3152 punire,
910 3076 1097 3148 magis
1138 3076 1356 3131 salvare
1396 3092 1570 3146 quam
1619 3074 1881 3146 perdere.
1911 3074 2237 3146 Acquiritur
2280 3151 2311 3155 _
2337 3078 2647 3147 putredine
2680 3080 3002 3134 vulnerum.
3035 3079 3092 3135 Si
3123 3080 3348 3135 medico
3377 3082 3679 3137 erubescis
3711 3084 3949 3155 aperire,

631 3151 880 3224 Domino
933 3165 1089 3239 quod
1140 3180 1256 3220 non
1297 3164 1532 3236 punitur
1571 3164 1630 3218 in
1675 3180 1861 3232 servo,
1893 3167 1951 3218 et
1989 3166 2236 3220 multum
2266 3151 2314 3211 ο
2340 3166 2685 3238 multiplicas
2737 3169 2999 3222 ulcerum
3051 3167 3297 3224 dolores.
3357 3170 3711 3225 Nullatenus
3752 3151 3949 3225 divina

633 3257 931 3313 confertur
961 3255 1202 3320 auctori,
1231 3253 1274 3308 si
1315 3254 1624 3324 deputatur
1654 3268 1860 3323 poena),
1887 3253 2067 3308 venire
2097 3270 2239 3308 con-

634 3347 903 3410 donetur,
938 3359 1043 3398 nec
1073 3344 1236 3413 optat
1284 3341 1472 3396 ulcisci
1521 3341 1619 3413 qui
1665 3346 1898 3414 paratus
1943 3345 2029 3396 est
2071 3342 2240 3398 mise-

635 3433 773 3500 reri,
801 3432 924 3503 ipso
953 3432 1024 3485 de
1051 3448 1109 3485 se
1135 3446 1240 3502 per
1255 3430 1599 3502 prophetam
1633 3431 1860 3486 dicente
1890 3448 1902 3484 :
1935 3431 2076 3487 Nolo
2096 3450 2239 3487 mor-

639 3529 742 3575 tem
785 3522 1101 3592 peccatoris,
1153 3518 1242 3572 sed
1291 3525 1351 3571 ut
1387 3525 1724 3573 convertatur
1760 3528 1810 3574 et
1851 3523 1995 3576 vivat
2028 3521 2238 3590 (Επειδὴ.

637 3624 831 3675 xxxxxx,
875 3606 984 3679 Η).
1019 3608 1159 3660 Ecce
1198 3623 1362 3661 verus
1417 3605 1544 3660 vita":
1593 3612 1794 3663 auctor
1823 3608 1922 3681 qui
1965 3626 2082 3665 non
2126 3613 2243 3666 vult

636 3696 925 3769 peccantis
964 3698 1240 3761 mortem,
1273 3696 1371 3750 sed
1411 3697 1792 3751 convertentis
1830 3698 2007 3752 vitam
2043 3717 2055 3752 :
2089 3700 2243 3754 unde

637 3789 696 3840 et
743 3786 801 3840 in
853 3782 1159 3856 Evangelio
1193 3781 1315 3854 ipsa
1339 3783 1558 3838 Veritas
1583 3783 1664 3837 ait
1691 3801 1703 3838 :
1729 3784 1824 3840 Sic
1849 3788 1950 3839 erit
1976 3786 2244 3857 gaudium

637 3876 694 3928 in
738 3874 860 3928 calo
899 3887 1079 3928 coram
1107 3871 1277 3928 Patre
1303 3879 1472 3926 vestro
1503 3879 1552 3926 et
1592 3873 1792 3941 angelis
1820 3873 1932 3944 ejus
1959 3892 2113 3945 super
2141 3892 2243 3931 uno

626 3969 907 4035 peccatore
934 3962 1307 4032 paenitentiam
1346 3967 1535 4030 agente
1577 3960 1736 4028 (Luc.
1785 3979 1876 4030 xv,
1912 3966 2034 4029 l0);
2081 3967 2139 4017 et
2185 3964 2242 4018 in

638 4051 923 4124 propheta
949 4066 963 4104 :
1006 4048 1114 4105 Dic
1141 4055 1197 4102 tu
1215 4050 1370 4119 prior
1395 4050 1690 4119 injustitias
1713 4056 1829 4104 tuas
1865 4058 1924 4104 ut
1941 4053 2245 4122 justiﬁcerzs

639 4138 769 4210 (Isa.
798 4156 955 4200 xmxx,
982 4137 1095 4209 26).
1128 4138 1266 4192 Ecce
1303 4137 1589 4208 benignus
1632 4140 1718 4192 est
1756 4137 1999 4209 largitor
2041 4141 2242 4207 veniae,

637 4227 736 4299 qui
749 4227 968 4299 praebet
978 4241 1082 4297 pro
1096 4226 1250 4279 luctu
1261 4225 1570 4296 temporali
1582 4225 1922 4280 aeternitatis
1941 4227 2244 4298 gaudium,

635 4315 759 4388 ipso
787 4315 1012 4370 dicente
1043 4331 1056 4368 :
1086 4312 1248 4367 Beati
1269 4316 1364 4386 qui
1408 4313 1607 4383 lugent,
1638 4317 1888 4386 quoniam
1919 4317 2022 4386 ipsi
2058 4332 2242 4372 conso-

2340 3253 2760 3309 abundantiam
2788 3256 3109 3311 clementia:
3126 3259 3517 3312 numerositas
3539 3262 3786 3315 tuorum
3805 3278 3955 3334 supe-

2339 3359 2470 3396 rare
2502 3342 2717 3414 poterit
2741 3347 3224 3415 peccatorum..\'e
3255 3346 3448 3401 tardes
3469 3347 3542 3402 de
3572 3348 3669 3402 die
3697 3350 3757 3403 in
3792 3351 3955 3409 diem,

2343 3431 2481 3486 dicit
2511 3430 2826 3503 Scriptura,
2856 3433 3134 3499 converti,
3182 3433 3317 3505 quia
3361 3436 3551 3490 nescis
3582 3438 3729 3508 quid
3762 3455 3958 3509 super-

2343 3523 2584 3574 ventura
2611 3520 2799 3591 pariat
2824 3521 2946 3575 dies
2979 3537 2991 3574 :
3020 3521 3157 3591 quia
3182 3523 3414 3593 qualem
3447 3526 3507 3577 te
3543 3527 3789 3580 ultimus
3809 3528 3959 3581 inve-

2343 3607 2495 3663 nerit
2519 3609 2660 3676 dies,
2678 3609 2809 3663 talis
2817 3609 3188 3679 judicaberis,
3205 3627 3310 3665 nec
3325 3614 3382 3665 te
3406 3613 3592 3667 voluit
3620 3616 3773 3670 Dens
3802 3617 3958 3670 illum

2344 3697 2610 3769 praescire
2662 3697 2840 3761 diem,
2871 3701 2932 3750 ut
2961 3713 3191 3768 semper
3220 3703 3461 3770 paratus
3491 3719 3647 3757 esses
3672 3722 3687 3768 ;
3734 3707 3958 3776 qualem

2345 3788 2508 3856 optas
2538 3787 2672 3838 ante
2694 3784 2956 3854 judicem
2986 3788 3042 3840 te
3064 3791 3237 3851 stare,
3254 3791 3309 3842 te
3328 3804 3603 3860 praepara
3625 3792 3772 3846 dum
3795 3793 3963 3847 habes

2343 3876 2576 3943 tempus
2596 3873 2896 3943 operandi.
2924 3875 3053 3929 Esto
3077 3875 3410 3946 negotiator
3425 3877 3691 3944 devotus,
3710 3898 3846 3936 eme
3867 3883 3963 3937 tibi

2343 3977 2593 4032 regnum
2622 3961 2722 4015 Dei
2750 3961 3104 4034 pauitantia:
3140 3963 3328 4028 lucris,
3363 3982 3602 4022 memor
3633 3970 3873 4024 Domini
3892 3970 3968 4024 di-

2345 4049 2528 4103 centis
2562 4065 2574 4103 :
2604 4051 2982 4105 Panitentiam
3013 4054 3176 4122 agite,
3207 4055 3674 4128 appropinquabat
3715 4060 3863 4114 vobis
3891 4079 3965 4113 re~

2341 4155 2511 4208 gnum
2531 4137 2639 4192 Dei
2667 4139 2894 4202 (Matth.
2929 4157 2999 4205 xv,
3038 4143 3142 4209 t7).
3177 4144 3286 4197 Pro
3326 4145 3388 4196 te
3427 4145 3665 4216 legitur,
3721 4165 3758 4202 o
3792 4150 3964 4203 homo

2344 4225 2557 4292 vivens,
2574 4229 2722 4281 Deus
2735 4229 2912 4282 homo
2935 4229 3114 4284 factus
3131 4232 3236 4297 est,
3263 4235 3325 4286 ut
3345 4236 3403 4286 te
3425 4233 3773 4290 redimeret.
3809 4238 3964 4306 Scip-

2345 4329 2472 4368 sum
2503 4315 2740 4369 tradidit
2769 4315 2828 4369 in
2877 4321 3148 4384 mortem,
3199 4321 3264 4373 ut
3304 4322 3364 4374 te
3393 4322 3648 4376 salvaret
3679 4323 3745 4379 in
3771 4327 3960 4379 vitam.

637 4403 896 4458 labuntur
934 4400 1158 4474 (Matth.
1191 4419 1246 4469 v,
1279 4407 1349 4469 5).
1381 4404 1448 4457 Et
1495 4402 1554 4456 in
1605 4403 1715 4457 alio
1745 4404 1870 4459 loco
1903 4420 1915 4458 :
1959 4405 2142 4462 Venite
2175 4407 2247 4461 ad
2346 4401 2494 4465 Quid
2521 4405 2581 4456 tu
2603 4401 2764 4472 jaces
2793 4403 2849 4457 in
2883 4409 3069 4460 morte
3097 4407 3424 4462 scelerum?
3474 4410 3665 4482 Surge
3723 4417 3785 4466 et
3832 4414 3919 4467 diu:
3951 4431 3962 4464 :

641 4508 723 4545 me
752 4507 929 4545 omnes
957 4491 1054 4562 qui
1082 4489 1336 4545 laboratis
1366 4498 1415 4544 et
1460 4493 1670 4546 onerati
1712 4493 1854 4560 estis,
1901 4499 1952 4547 et
1988 4511 2083 4564 ego
2117 4495 2240 4568 reﬁ-
2269 4520 2322 4579 Β
2343 4492 2532 4558 Pater,
2546 4492 2840 4562 peccaviin
2860 4497 3087 4557 coelum,
3112 4495 3296 4551 adduc
3326 4496 3428 4553 tibi
3456 4501 3571 4554 tua:
3601 4503 3963 4572 poenitentia

638 4581 778 4635 ciam
809 4595 897 4633 vos
912 4577 1130 4646 (Matth.
1151 4580 1249 4649 xx).
1273 4579 1365 4634 Ait
1381 4579 1559 4648 enim,
1575 4582 1637 4635 ut
1662 4581 1906 4637 diximus
1930 4600 1942 4636 :
1966 4583 2065 4638 Dic
2089 4584 2244 4656 prius
2271 4577 2294 4579 θ
2343 4581 2551 4634 testem
2576 4580 3051 4639 ﬁdelem.Munda
3067 4586 3148 4640 vis
3169 4586 3386 4641 habere
3407 4589 3966 4664 vestimentaquare

639 4666 948 4737 injustitias
971 4671 1096 4721 tuas
1135 4670 1197 4722 ut
1221 4667 1549 4738 justiﬁceris
1575 4671 1632 4721 et
1663 4685 1780 4723 non
1813 4671 2238 4740 condemneris,
2345 4684 2463 4722 non
2510 4671 2695 4724 multo
2728 4671 2911 4743 magis
2941 4674 3149 4743 qxneris
3180 4677 3463 4731 mundam
3489 4681 3547 4731 te
3579 4678 3808 4735 habere
3850 4680 3965 4734 ani-

641 4758 705 4810 ut
729 4760 966 4811 maneat
987 4755 1046 4811 in
1066 4759 1121 4810 te
1141 4756 1451 4828 praemium
1469 4756 1978 4829 poenitentiaamon
1997 4760 2248 4815 vindicta
2347 4771 2506 4810 mam
2527 4756 2554 4810 ?
2586 4757 2863 4813 Sordidus
2911 4777 3028 4815 non
3073 4762 3150 4816 vis
3180 4765 3495 4834 procedere
3551 4766 3612 4820 in
3651 4775 3971 4840 conspectu

639 4845 1032 4915 peccatorum.
1054 4843 1324 4916 Nunquid
1341 4844 1502 4917 quasi
1528 4844 1750 4900 nescius
1771 4847 1920 4901 Deus
1942 4865 2045 4902 nos
2067 4849 2245 4903 confl-
2345 4843 2675 4911 hominum,
2710 4863 2810 4901 cur
2839 4865 2956 4902 non
2990 4851 3171 4906 multo
3204 4853 3392 4923 magis
3440 4853 3614 4909 times.
3662 4858 3972 4912 sordidum

641 4930 747 4987 teri
778 4932 1043 4987 hortatur
1063 4935 1316 5003 peccata,
1339 4949 1467 5006 qua:
1490 4932 1648 5005 prius
1669 4950 1845 5007 quam
1880 4939 2042 5007 gesta
2059 4941 2250 4991 essent
2346 4934 2595 5003 peccatis
2641 4939 2697 4990 te
2728 4936 3042 5007 procedere
3087 4939 3142 4992 in
3199 4945 3513 5012 conspectu
3544 4943 3703 4998 Dei?
3733 4947 3886 5000 Lava
3919 4949 3974 4998 te

640 5019 1002 5092 praesciebat,
1019 5020 1180 5092 cujus
1211 5021 1574 5092 providentia
1604 5022 1803 5077 omnia
1832 5027 2137 5095 patescunt
2157 5042 2250 5080 oc-

639 5108 828 5164 culta?
847 5109 1003 5163 Tunc
1024 5108 1239 5182 poteris
1258 5109 1579 5180 perfectum
1598 5111 1870 5183 consequi
1898 5112 2247 5168 beneficium

640 5195 969 5263 medicinas,
1022 5196 1066 5250 si
1108 5213 1224 5252 non
1256 5199 1404 5251 celes
1433 5197 1659 5253 medico
1690 5202 1802 5254 tua:
1851 5201 2090 5257 vulnera
2117 5219 2250 5257 con-

640 5283 918 5340 scientias.
949 5282 1167 5355 Opinor
1208 5283 1364 5339 enim
1393 5284 1498 5339 nisi
1533 5284 1935 5359 interpellatur
1965 5289 2243 5358 medicus,

640 5389 759 5428 non
791 5375 1024 5427 curatur
1047 5361 1318 5445 xegrotus.
1366 5373 1659 5430 Confessio
1694 5379 1792 5431 tua
1835 5378 2126 5434 medicina
2164 5383 2249 5434 est

640 5461 946 5516 vulnerum
964 5464 1198 5517 tuorum
1229 5465 1287 5516 et
1305 5462 1502 5518 salutis
1522 5466 1634 5518 tuae
1656 5463 2038 5522 certissimum
2059 5467 2244 5522 subsi-

709 5618 786 5690 (l)
813 5619 896 5688 F.,
922 5617 1250 5691 paenitenda.

2347 5023 2733 5095 lacrymarum
2768 5025 2947 5093 fonte,
2973 5043 3048 5082 ne
3069 5027 3205 5099 quid
3235 5028 3291 5083 in
3316 5032 3374 5085 te
3393 5030 3550 5085 illius
3572 5035 3763 5090 oculis
3796 5036 3977 5104 maje-

2349 5111 2512 5166 statis
2538 5113 2814 5168 offendat.
2841 5115 2997 5182 Quis,
3033 5132 3200 5189 rogo,
3237 5119 3451 5173 cadens
3477 5137 3600 5175 non
3617 5124 3836 5194 quaerit
3851 5141 3974 5176 sur-

2349 5199 2516 5272 gere?
2529 5201 2666 5266 Quis
2686 5202 3014 5257 infirmatur
3026 5208 3211 5260 etnon
3234 5206 3521 5263 desiderat
3533 5212 3976 5266 convalescere?

2349 5288 2485 5352 Quis
2509 5289 2866 5361 periclitatur
2894 5294 2952 5345 et
2986 5309 3104 5347 non
3144 5297 3303 5365 optat
3332 5296 3626 5352 evadere?
3657 5299 3972 5354 Pmnitebit

2346 5381 2403 5431 te
2433 5379 2806 5449 postmodum
2861 5381 3117 5449 tarditas,
3167 5383 3212 5436 si
3255 5400 3372 5438 non
3425 5386 3783 5458 cogitaveris
3814 5387 3966 5460 quod

2346 5466 2559 5522 animae
2609 5469 2721 5521 tua:
2778 5467 3041 5540 proficiat
3089 5469 3162 5523 ad
3211 5472 3478 5527 salutem.
3523 5475 3812 5547 Exsurge,
3871 5476 3961 5528 fili.

2421 5627 2498 5699 (2)
2531 5629 2701 5685 Deest
2731 5627 2988 5685 videlicet
3019 5632 3232 5703 aperias
3263 5637 3361 5686 aut
3392 5635 3534 5705 quid
3569 5636 3786 5692 simile.
