4028 6186
167 416 305 470 153⁸1

1139 399 1471 458 EPISTOLA
1506 398 1600 453 AD
1639 392 1974 452 CLERICOS
2014 385 2487 449 LINGONENSES

3348 400 3482 456 1538

161 533 662 606 exsurge,placare
675 530 905 585 Patrem
920 524 1464 600 poeuitentia,quem
1488 516 1768 576 offendisti

1877 539 2035 590 ratus
2064 550 2172 589 nos
2219 533 2498 603 accipere,
2531 531 2576 586 si
2616 548 2735 586 nou
2761 532 3043 588 fuerimus
3076 533 3223 606 pigri
3253 536 3326 591 ad
3352 553 3489 595 eum
3553 551 3558 553 ·

155 626 396 679 scelere.
458 621 748 676 Confitere
795 617 1046 687 culpam,
1092 615 1156 668 ut
1204 611 1423 668 saneris
1451 627 1486 664 a
1525 608 1773 663 medico.

153 714 288 768 Esto
319 713 377 767 in
433 715 532 766 tua
583 707 856 764 sollicitus
908 707 1112 762 salute.
1165 703 1223 758 Si
1278 705 1338 756 tu
1369 699 1487 771 ipse
1539 697 1620 752 tui
1654 713 1772 751 non

156 801 337 855 habes
364 815 585 863 curam,
606 796 734 868 quis
757 795 860 850 tibi
881 795 954 849 ad
971 795 1216 848 salutem
1237 788 1505 862 prodesse
1533 785 1763 857 poterit,

159 890 249 944 vel
280 889 404 961 quis
450 887 554 942 tibi
580 885 766 940 fidelis
795 883 906 940 erit
948 883 994 937 si
1026 886 1088 937 tu
1116 882 1238 951 ipse
1269 877 1501 933 tibimet
1527 873 1774 929 infidelis

163 996 289 1034 esse
315 976 650 1051 probaberis
666 976 694 1030 ?
710 977 771 1029 In
779 973 1022 1028 ﬁdelitas
1035 975 1120 1027 est
1133 985 1347 1041 magna
1359 971 1415 1022 te
1428 983 1545 1022 non
1572 980 1771 1020 curare

164 1068 238 1122 de
267 1068 447 1122 salute
468 1067 652 1132 tua,et
673 1063 1023 1118 morientem
1050 1063 1106 1114 te
1127 1059 1187 1114 in
1217 1056 1463 1130 peccatis
1484 1071 1599 1110 non
1612 1071 1770 1109 resu-

162 1155 353 1209 scitari
385 1170 489 1226 per
524 1151 950 1224 paenitentiam.
979 1148 1206 1214 Quanto
1239 1143 1466 1217 longius
1493 1139 1771 1197 recessisti

162 1261 271 1317 pro
297 1245 576 1299 scelerum
607 1239 1006 1312 magnitudine
1023 1254 1057 1292 a
1083 1239 1224 1297 Deo,
1246 1238 1408 1290 tanto
1439 1231 1644 1287 fortius
1670 1246 1773 1303 per

161 1331 566 1404 paenitentiam
582 1327 1050 1400 appropinquare
1065 1322 1586 1380 studeas.Clemens
1603 1321 1773 1374 Pater

159 1424 398 1494 paratus
426 1423 512 1475 est
535 1423 589 1473 te
619 1416 949 1488 accipere,si
980 1419 1042 1470 tu
1073 1431 1190 1470 nou
1229 1409 1548 1466 tardaveris
1577 1425 1769 1463 rever-

159 1507 644 1579 tere.Asperatibi
658 1506 882 1586 videtur
901 1503 1217 1566 conversio,
1239 1499 1426 1556 carnis
1445 1497 1770 1570 relinquere

161 1598 482 1666 desideria;
505 1597 605 1652 sed
642 1596 825 1650 multo
849 1593 1046 1650 durior
1071 1590 1325 1648 conditio
1347 1588 1576 1644 mternis
1597 1593 1654 1642 te
1685 1603 1772 1642 ar-

161 1687 302 1742 dere
325 1685 659 1752 ﬂammis,et
682 1700 788 1756 pro
818 1681 1032 1738 modici
1047 1680 1328 1752 temporis
1353 1676 1576 1732 luxuria
1588 1674 1772 1749 pceuis

1877 621 2434 678 venire.Audivimus
2446 622 2967 677 beatumJoannem
2988 623 3401 695 evangelistam
3416 627 3488 682 ad

1873 711 2276 784 pcenitentiam
2325 726 2429 766 nos
2472 710 2806 766 hortantem
2836 711 3124 768 dicentem
3152 712 3212 766 in
3239 713 3491 784 Epistola

1873 817 2006 856 sua:
2039 799 2107 855 Si
2154 798 2446 853 dixerimus
2491 803 2751 870 quoniam
2769 805 3051 870 peccatum
3079 817 3187 855 non
3215 801 3484 875 habemus,

1872 906 1966 944 nos
1993 890 2128 960 ipsos
2152 888 2468 956 seducimus,
2524 893 2574 944 et
2620 890 2813 943 veritas
2861 891 2918 942 in
2969 889 3117 944 nobis
3167 907 3274 945 non
3301 898 3396 949 est.
3423 891 3492 948 Si

1872 985 2051 1032 autem
2094 977 2324 1046 confessi
2372 978 2639 1046 fuerimus
2687 984 2908 1049 peccata
2959 985 3160 1047 nostra,
3216 977 3394 1050 ﬁdelis
3438 987 3490 1036 et

1859 1067 2042 1138 justus
2071 1073 2146 1122 est
2193 1066 2360 1134 Deus,
2422 1073 2484 1120 ut
2523 1067 2674 1123 nobis
2688 1073 2910 1138 peccata
2941 1075 3120 1123 nostra
3141 1069 3406 1138 dimittat,
3437 1076 3488 1124 et

1869 1156 2114 1211 emundet
2143 1173 2236 1210 nos
2272 1156 2342 1212 ab
2369 1157 2516 1211 omni
2569 1157 2857 1228 iniquitate
2906 1156 2961 1228 (Ι
2987 1156 3154 1212 Joan.
3209 1175 3250 1226 ι,
3281 1159 3360 1230 8).
3390 1157 3488 1214 Sia

1872 1245 2062 1300 nullus
2091 1249 2178 1300 est
2204 1245 2327 1300 sine
2359 1245 2748 1317 peccato,quis
2763 1248 2849 1300 est
2869 1245 2964 1317 qui
2996 1245 3336 1318 paenitentia
3365 1264 3484 1303 non

1870 1332 2281 1406 indigeat,quae
2315 1333 2438 1388 sine
2499 1333 2864 1398 confessione
2894 1333 2983 1388 vix
3026 1333 3326 1390 fructuosa
3356 1334 3481 1390 fieri

1869 1420 2059 1476 valet?
2091 1421 2534 1476 Consideremus
2559 1421 2909 1476 sententiam
2934 1421 3090 1477 beati
3117 1423 3313 1478 Jacobi
3342 1439 3486 1495 apo-

1872 1508 2004 1564 stoli
2035 1509 2316 1565 dicentis:
2350 1507 2700 1578 C’on/itemini
2719 1509 3036 1564 alterutrum
3064 1517 3290 1581 peccata
3312 1518 3484 1566 vestra

1875 1597 2021 1664 (Jac.
2059 1615 2111 1664 v,
2138 1597 2248 1670 l6).
2277 1597 2672 1652 Recordemur
2718 1597 2872 1668 quod
2908 1597 3264 1670 Redemptor
3291 1601 3489 1654 noster
3558 1660 3571 1677 ,

1870 1685 2238 1757 publicanum
2255 1688 2622 1757 peccatorem
2645 1701 2705 1740 se
2720 1685 3098 1742 conﬁtentem
3116 1686 3403 1742 Pharisan
3423 1703 3484 1744 se

157 1776 315 1830 tradi
346 1773 658 1848 ρθτρθῑυίε.
694 1772 905 1837 Quanti
925 1771 1099 1826 mOdO
1114 1766 1491 1824 infernalibus
1511 1762 1770 1836 deputati
1794 1789 1846 1847 Β
1869 1773 1929 1829 in
1968 1791 2072 1830 sua
2098 1773 2359 1830 laudanti
2380 1773 2605 1845 justitia
2633 1773 2989 1846 praetulerit:
3023 1773 3129 1830 scit
3158 1774 3317 1830 enim
3344 1790 3484 1830 con-

165 1864 477 1920 tormentis
499 1861 757 1918 converti
785 1857 1169 1926 voluissent,si
1189 1855 1440 1929 spatium
1471 1853 1580 1909 illis
1611 1853 1772 1908 dare-

165 1956 264 2007 tur
287 1950 708 2007 convertendi?
729 1949 938 2006 Omnia
968 1947 1200 2019 quidem
1231 1945 1400 2016 hujus
1419 1941 1610 1998 saeculi
1627 1940 1772 1996 dura

160 2042 224 2096 in
254 2040 687 2112 comparatione
706 2037 1078 2093 infernalium
1109 2033 1255 2090 levia
1267 2037 1324 2087 et
1335 2028 1769 2105 quodammodo

147 2129 414 2201 jucunda
436 2128 723 2183 videntur.
747 2124 980 2182 Servisti
1008 2123 1238 2179 diabolo
1262 2122 1322 2176 in
1350 2119 1594 2187 luxuria,
1621 2116 1767 2173 servi

159 2219 385 2274 Christo
434 2218 492 2271 in
523 2217 804 2271 castitate.
838 2213 1141 2286 Utriusque
1186 2211 1270 2267 rei
1302 2211 1480 2264 finem
1511 2206 1765 2262 attende.

156 2307 265 2362 Illa
310 2305 615 2379 siquidem,
661 2303 720 2360 id
773 2306 858 2358 est
889 2303 1134 2368 luxuria,
1189 2298 1469 2354 hominen
1501 2294 1679 2350 mittit
1708 2294 1767 2348 in

157 2395 469 2463 flammas;
501 2393 730 2450 castitas
760 2391 1026 2448 charitati
1053 2389 1366 2460 conjuncta
1396 2403 1501 2440 nos
1526 2383 1772 2441 deducet

152 2484 218 2540 in
253 2501 495 2556 regnum
513 2481 653 2538 Dei?
671 2482 976 2537 Revertere
1001 2479 1060 2533 in
1077 2477 1228 2532 viam
1246 2475 1316 2530 de
1337 2491 1451 2546 qua
1465 2469 1766 2528 oberrasti.

151 2573 400 2646 Jejuniis
445 2590 654 2645 corpus
702 2570 976 2636 afficitur,
1009 2567 1111 2623 sed
1161 2563 1526 2638 pulchritudo
1560 2560 1770 2616 animae

156 2667 484 2736 reparatur.
511 2662 646 2716 Vilis
669 2660 740 2715 sit
763 2657 1021 2730 corporis
1041 2656 1244 2722 cultus,
1278 2653 1380 2708 sed
1419 2652 1537 2723 ipse
1569 2649 1768 2720 princi-

154 2769 307 2824 pnus
332 2757 417 2806 est
462 2750 780 2806 sanctitatis
811 2750 1069 2803 ornatus.
1107 2742 1446 2814 Vigiliarum
1473 2738 1773 2794 assiduitas

154 2841 218 2895 in
248 2841 602 2896 orationibus
643 2841 702 2892 et
752 2837 920 2892 laude
948 2835 1050 2890 Dei
1098 2831 1375 2903 angelica:
1407 2831 1493 2883 est
1526 2825 1771 2881 imitatio

152 2930 524 2987 vitea.Parvus
540 2929 697 2982 cibus
720 2926 1012 2998 pastusest
1040 2921 1270 2977 animae.
1300 2918 1357 2973 Si
1378 2917 1556 2972 habes
1585 2915 1768 2980 unde,

154 3019 509 3094 pauperibus
531 3015 923 3088 porrige,quia
948 3028 1154 3067 manus
1183 3007 1450 3082 pauperis
1481 3003 1767 3094 gazophy-

156 3073 186 3094 τ
209 3073 234 3074 η
281 3073 296 3091 ι
531 3073 545 3088 .
689 3073 721 3087 ν
766 3073 780 3079 ν
804 3073 826 3088 .
1183 3073 1200 3082 -
1300 3073 1317 3080 -
1486 3073 1507 3076 _
1629 3073 1641 3076 _
1707 3073 1717 3074 ,

156 3108 374 3164 lacium
405 3109 491 3161 est
519 3104 724 3160 Christi
754 3121 768 3171 ;
805 3119 910 3158 nec
967 3101 1036 3156 de
1066 3115 1238 3172 opere
1272 3093 1680 3152 misericordia:
1711 3096 1768 3146 te
1789 3073 1838 3132 C-

147 3199 310 3269 juste
368 3211 636 3251 excusare
692 3192 929 3264 poteris,
981 3189 1120 3244 dum
1153 3187 1296 3242 calix
1345 3201 1508 3256 aqua!
1541 3181 1768 3252 frigidae

156 3286 428 3341 mercede
441 3275 1456 3350 remunerabiturpcrpetua.Visitare
1482 3271 1766 3337 inﬁrmos,

155 3378 474 3430 maerentes
499 3371 802 3438 consolari,
829 3368 1149 3439 hospitibus
1165 3379 1486 3429 occurrere,
1501 3361 1657 3415 fame
1679 3359 1768 3413 vel

157 3463 255 3517 siti
285 3463 610 3518 laborantes
643 3460 903 3524 reticere,
935 3454 1214 3528 possessio
1243 3455 1328 3506 est
1358 3449 1523 3522 regni
1556 3448 1656 3504 Dei
1707 3446 1764 3500 in

157 3551 337 3607 ccelis.
382 3551 538 3606 Sicut
566 3550 625 3604 in
657 3546 966 3619 Evangelia
992 3543 1219 3615 legitur.
1249 3544 1308 3595 In
1341 3539 1563 3605 talium,
1597 3554 1630 3592 ο
1661 3535 1765 3603 fili,

158 3655 408 3711 operum
423 3639 785 3694 exsecutione
811 3637 1181 3708 peccatorum
1208 3628 1468 3684 remissio
1499 3626 1764 3693 habetur,

156 3730 398 3800 insuper
411 3732 468 3783 et
478 3729 772 3800 perpetuis
781 3719 1154 3780 beatitudinis
1167 3720 1404 3790 prahstat
1419 3716 1741 3786 ingressum
1751 3753 1766 3770 .

156 3817 289 3872 Noli
321 3816 626 3889 degeneris
654 3813 835 3870 animi
866 3828 1021 3878 esse;
1056 3807 1154 3864 Dei
1209 3806 1358 3860 ﬁlius
1386 3803 1448 3859 iu
1485 3802 1765 3889 baptismo

157 3888 526 3982 consecratus
548 3922 629 3972 es,
653 3903 753 3959 sed
782 3907 904 3958 tam
917 3899 1197 3955 excellens
1221 3894 1488 3950 nobilitas
1519 3908 1635 3946 non
1660 3888 1768 3944 nisi

158 3979 381 4066 magna
411 4009 642 4048 morum
665 3991 946 4063 dignitate
976 3984 1301 4043 conservari
1331 3979 1564 4055 poterit.
1584 3979 1770 4035 Coele-

160 4083 264 4138 stis
289 4082 600 4152 Pater,imo
649 4079 912 4136 omnium
960 4075 1240 4132 Dominus
1264 4072 1596 4144 peccatores
1629 4067 1772 4121 sub-

161 4170 749 4242 ditos,dedignabitur
763 4167 978 4223 habere
1005 4163 1380 4230 ﬁlias,excute
1407 4157 1477 4213 de
1508 4156 1654 4212 collo
1673 4157 1772 4209 tuo

1872 1864 2026 1919 ditor
2046 1867 2242 1919 uoster
2264 1863 2641 1935 fragilitatem
2660 1867 2872 1919 nostra:
2890 1866 3137 1932 naturae,
3159 1863 3290 1920 ideo
3303 1864 3482 1920 medi-

1870 1955 2138 2008 camenta
2157 1951 2512 2026 paenitentiae
2532 1951 2864 2007 vulneribus
2883 1951 3096 2008 nostris
3114 1951 3482 2025 perdonavit.

1871 2042 2141 2098 Dieamus
2166 2058 2295 2096 cum
2313 2041 2624 2112 propheta:
2654 2039 2807 2095 Sana
2822 2057 2926 2108 me,
2943 2040 3200 2109 Domina,
3245 2047 3298 2096 et
3322 2057 3485 2098 sana-

1872 2129 1964 2186 bar
1988 2130 2205 2195 (Jerem.
2233 2147 2365 2197 xvu,
2412 2129 2517 2195 14).
2549 2129 2748 2184 Idem:
2782 2129 3035 2200 Domine,
3065 2145 3200 2186 sana
3238 2132 3476 2184 animam

1872 2236 2044 2274 meam
2076 2221 2205 2290 quia
2234 2219 2458 2290 peccavi
2487 2217 2584 2272 tibi
2610 2218 2780 2289 (Psal.
2814 2235 2904 2287 XL,
2932 2217 3482 2291 5).ldcirco,charis-

1869 2307 2000 2362 simi
2031 2307 2155 2375 ﬁlii,
2187 2307 2456 2362 festinate
2479 2306 2553 2361 ad
2575 2306 2950 2362 confessionis
2982 2306 3481 2362 medicamentum

1870 2395 2095 2466 aperire
2124 2395 2364 2450 vulnera
2417 2395 2477 2449 in
2507 2394 2890 2461 confessione,
2945 2397 3010 2449 ut
3053 2394 3483 2450 medicamenta

1870 2484 2067 2538 salutis
2098 2483 2376 2554 perlicere
2404 2481 2639 2538 valeatis
2669 2483 2727 2537 in
2751 2482 2930 2539 vobis.
2959 2483 3282 2538 Transeunt
3308 2483 3480 2554 hujus

1870 2573 2000 2628 vitae
2028 2573 2169 2639 dies,
2197 2575 2256 2626 et
2281 2571 2500 2626 incerta
2526 2573 2612 2626 est
2628 2571 2938 2643 unicuique
2966 2575 3230 2625 nostrum
3253 2586 3368 2642 qua
3386 2587 3478 2624 re-

1871 2665 2126 2716 vertatur
2155 2661 2337 2732 pulvis
2368 2661 2426 2715 in
2482 2661 2802 2730 pulverem,
2831 2662 2890 2713 et
2912 2658 3143 2730 spiritus
3185 2659 3386 2713 redeat
3408 2658 3481 2712 ad

1873 2750 2200 2816 dominum,
2225 2749 2322 2820 qui
2355 2748 2514 2803 dedit
2547 2748 2734 2810 illum,
2763 2750 2827 2802 ut
2844 2746 3136 2818 judicetur
3163 2746 3482 2801 secundum

1873 2855 2050 2910 opera
2077 2855 2199 2893 sua.
2231 2836 2512 2890 Auditura
2550 2835 2661 2890 erit
2688 2838 2825 2889 tunc
2859 2834 3054 2889 anima
3081 2834 3360 2905 quidquid
3384 2834 3478 2888 hic

1870 2928 2138 2997 copulata
2163 2923 2322 2980 carui
2360 2923 2541 2995 gessit
2561 2923 2622 2978 iu
2651 2924 2895 2988 occulto,
2923 2921 2969 2975 si
3000 2936 3153 2976 nunc
3185 2921 3474 2975 erubescis

1871 3015 2133 3071 conﬁteri
2165 3016 2400 3086 peccata
2440 3016 2542 3067 tua
2589 3026 2693 3081 per
2715 3009 3118 3081 paenitentiam
3140 3008 3477 3068 emendare.

1870 3103 2056 3160 Stabit
2074 3106 2337 3157 causator
2350 3101 2638 3172 malignus
2659 3101 2863 3154 contra
2878 3113 3030 3165 eam,
3053 3096 3150 3169 qui
3181 3095 3478 3168 quondam

1869 3191 2150 3264 suggessit
2177 3191 2259 3246 illi
2279 3193 2342 3245 ut
2368 3191 2654 3262 peccaret,
2686 3187 2730 3242 si
2748 3203 2853 3241 nos
2881 3184 3305 3257 neglexerimus
3328 3201 3475 3257 prte-

1868 3283 2068 3337 venire
2096 3280 2305 3336 faciem
2327 3278 2540 3350 judicis
2563 3277 2621 3332 in
2639 3275 3063 3332 confessiouen.
3100 3273 3476 3346 Quaecunque

1869 3371 2027 3425 enim
2051 3368 2350 3424 humiliter
2371 3366 2716 3422 confitemur
2745 3364 2805 3419 in
2819 3362 3030 3419 nostris
3058 3360 3478 3433 peccatis,uihil

1867 3460 2076 3516 horum
2100 3458 2364 3513 diabolus
2391 3455 2626 3510 habebit
2649 3455 2995 3526 potestatem
3030 3451 3195 3506 nobis
3221 3449 3470 3522 objicere

1867 3548 1926 3604 in
1955 3549 2050 3604 illo
2076 3546 2380 3602 tremendo
2399 3544 2620 3616 judicio
2649 3545 2862 3598 nostra:
2911 3541 3062 3595 vitae.

1937 3637 2104 3709 Agite
2135 3651 2311 3698 nunc,
2332 3635 2575 3705 juvenes
2600 3629 3008 3687 adolescentuli
3036 3632 3094 3684 et
3115 3627 3302 3702 pueri,
3333 3627 3476 3684 libe-

1866 3730 1990 3781 rate
2020 3723 2394 3794 vosmetipsos
2421 3721 2493 3776 de
2523 3718 2807 3774 diabolica
2835 3717 3108 3772 servitute
3143 3733 3247 3787 per
3290 3716 3476 3787 paeni-

1866 3814 2110 3869 tentiam
2135 3813 2208 3867 ad
2241 3808 2751 3866 clementissimam
2785 3804 3199 3876 omnipotentis
3228 3804 3329 3859 Dei
3354 3804 3478 3875 pie-

1865 3905 2072 3958 tatem.
2105 3900 2289 3956 Nolite
2319 3915 2424 3970 per
2451 3895 2737 3951 desideria
2780 3893 2967 3949 carnis
2997 3895 3202 3947 vestrae
3232 3892 3477 3964 perdere

1870 3990 2082 4062 gaudia
2105 3987 2355 4044 caelestia
2383 3988 2442 4041 et
2457 3985 2660 4040 aeterni
2682 3982 2850 4056 regni
2871 3982 3025 4036 inter
3053 3979 3347 4052 angelicas
3361 3994 3476 4035 coa-

1870 4082 1962 4134 tus
2000 4077 2456 4145 beatitudinem;
2489 4073 2590 4129 sed
2638 4072 2960 4128 confortate
2989 4067 3386 4139 vosmetipsos,
3419 4070 3478 4123 et

1871 4167 2111 4222 viriliter
2139 4167 2396 4238 pugnate
2419 4178 2551 4218 cum
2575 4159 2902 4216 adversario
2925 4161 3136 4225 vestro,
3156 4159 3219 4212 ut
3234 4154 3478 4210 feliciter

152 4261 366 4333 jugum
387 4259 728 4332 captivitatis
743 4255 1038 4312 diabolicae
1060 4270 1075 4322 ;
1095 4264 1390 4306 recurrere
1403 4247 1476 4302 ad
1496 4244 1768 4333 pietatem

1875 4255 2222 4312 mereamiui
2253 4252 2518 4310 coronari
2549 4267 2680 4306 cum
2707 4248 2918 4305 sanctis
2937 4247 3123 4315 Dei,et
3134 4246 3478 4319 perpetuam

157 4327 422 4422 paternae
456 4327 802 4413 dilectionis,
854 4345 1144 4399 revertere
1183 4338 1258 4394 ad
1310 4334 1638 4399 dominum,
1667 4329 1768 4422 illi,

1873 4362 2005 4401 cum
2035 4345 2146 4399 illis
2193 4342 2486 4415 possidere
2530 4337 2800 4412 gloriam.
2842 4338 2912 4391 Et
2962 4350 3081 4402 vos,
3137 4330 3478 4389 sanctissimi

159 4420 482 4504 revertere;
512 4439 570 4493 et
635 4453 702 4490 ex
760 4435 991 4489 mortuo
1041 4426 1332 4493 revivisce,
1359 4427 1418 4479 et
1450 4439 1515 4477 ex
1547 4420 1773 4492 perdito

157 4541 456 4596 reparare.
491 4522 706 4589 Quaerit
731 4538 897 4577 ovem
924 4520 1111 4575 bonus
1136 4517 1340 4571 Pastor
1365 4513 1682 4575 errantem,
1716 4511 1774 4562 et

156 4615 415 4686 amplius
437 4615 509 4670 de
539 4613 772 4668 inventa
795 4625 970 4682 quam
1001 4610 1136 4663 ante
1175 4601 1401 4676 perdita
1427 4599 1769 4672 gratulatur,

150 4707 224 4760 et
250 4702 506 4759 humeris
526 4702 639 4757 suis
667 4703 819 4756 inter
850 4697 1142 4770 angelicas
1169 4690 1389 4748 revehit
1416 4695 1612 4745 coetus.
1638 4687 1771 4741 Ani-

146 4792 457 4848 madverte
486 4788 996 4846 clementissimam
1037 4781 1356 4840 Dominicaa
1381 4777 1614 4850 pietatis
1643 4792 1771 4830 sen-

141 4881 405 4937 tentiam
433 4879 711 4936 dicentis:
747 4879 870 4933 Non
908 4873 1037 4930 veni
1060 4887 1263 4928 vocare
1283 4865 1602 4941 justos,sed
1634 4880 1770 4936 pec-

141 4975 381 5028 calores
409 4972 467 5026 iu
521 4967 946 5044 paenitentiam.
994 4964 1170 5018 Vocat
1218 4975 1358 5031 ergo
1385 4955 1665 5013 Dominus
1694 4953 1768 5008 ad

141 5061 560 5137 paenitentiam
598 5061 950 5132 peccatores,
983 5052 1120 5127 quia
1149 5048 1333 5121 magis
1361 5049 1522 5118 optat
1543 5045 1764 5137 salvare

139 5132 332 5224 quam
371 5150 670 5214 damnare,
705 5150 762 5201 et
789 5146 918 5217 plus
945 5158 1078 5197 cum
1104 5137 1316 5194 sanctis
1345 5151 1450 5190 nos
1481 5132 1760 5205 gaudere,

134 5221 328 5314 quam
350 5255 480 5294 cum
505 5237 734 5292 diabolo
764 5233 992 5305 punire.
1017 5230 1194 5284 Vocat
1219 5241 1324 5281 nos
1347 5239 1453 5296 per
1483 5221 1758 5292 seipsum,

131 5308 312 5384 v—ocat
339 5342 444 5400 per
461 5325 784 5397 Scripturas
813 5322 1058 5388 sanctas,
1099 5317 1266 5372 vocat
1312 5313 1489 5368 etiam
1514 5326 1618 5400 per
1649 5308 1758 5365 do-

127 5398 699 5482 ctoresrcatholicos,
718 5415 780 5467 ut
807 5411 1170 5467 revertamur
1192 5403 1268 5460 ad
1296 5417 1454 5469 eum,
1484 5398 1620 5472 quia
1651 5413 1756 5471 pa-

1870 4435 2041 4506 hujus
2066 4431 2304 4489 familiae
2344 4427 2604 4502 magistri
2630 4430 2689 4482 et
2725 4428 2943 4492 Patres,
2976 4423 3176 4478 docete
3206 4420 3354 4476 ﬁlios
3380 4437 3478 4475 ve-

1869 4526 2017 4578 stros
2047 4522 2160 4594 pie,
2198 4519 2384 4576 sobrie
2417 4522 2475 4574 et
2504 4520 2656 4573 caste
2683 4515 2870 4570 vivere
2900 4527 3096 4568 coram
3127 4509 3376 4566 Domino
3415 4507 3477 4565 in

1870 4611 2032 4665 omni
2051 4609 2396 4674 humilitate,
2415 4603 2747 4662 obedientia
2769 4600 3160 4668 etsauctitate,
3188 4602 3246 4654 et
3269 4613 3478 4671 puram

1867 4699 2057 4753 facere
2083 4696 2481 4753 sacerdotibus
2511 4692 2717 4750 Christi
2765 4689 3188 4746 confessionem
3219 4690 3479 4760 peccato-

1869 4803 1998 4841 rum
2016 4788 2340 4854 suorum,et
2366 4781 2722 4857 pamitentiae
2739 4779 3006 4850 lacrymis
3025 4777 3264 4832 abluere
3279 4777 3478 4832 sordes
3535 4801 3546 4808 -

1865 4875 2101 4931 luxuriae
2149 4873 2356 4940 carnis,
2419 4886 2525 4925 nec
2590 4884 2685 4922 eas
2733 4866 2949 4921 iterum
2998 4867 3284 4937 repetere,
3342 4863 3478 4938 quia

1866 4964 2187 5038 posteriora
2214 4963 2452 5017 vulnera
2498 4957 2702 5030 pejora
2729 4960 2864 5011 sunt
2883 4954 3206 5028 prioribus;
3231 4955 3476 5010 scientes

1863 5053 2241 5124 vosmetipsos
2265 5050 2335 5105 de
2358 5049 2538 5103 salute
2564 5045 2820 5101 filiorum
2845 5047 3168 5100 vestrorum
3191 5047 3473 5098 aeternam

1861 5143 2076 5197 habere
2133 5139 2287 5211 apud
2352 5139 2537 5192 Deum
2587 5132 3148 5200 remunerationem,
3189 5133 3471 5203 quatenus

1861 5246 2110 5304 quorum
2136 5225 2471 5284 ministeriis
2509 5223 2740 5280 utimini
2761 5222 2819 5278 in
2848 5222 3038 5292 terris,
3071 5236 3174 5292 pro
3205 5217 3285 5272 eis
3311 5229 3465 5271 mer-

1857 5320 2060 5376 cedem
2099 5315 2362 5374 habeatis
2392 5316 2734 5388 perpetuam
2771 5312 2831 5368 iu
2863 5310 3039 5368 caelis.
3078 5311 3286 5366 Amen.
