4094 6178
1655 317 2020 383 ARNUFLUS
2065 323 2408 384 REMENSIS
2447 323 2774 383 ARCHIEP.

847 494 1968 737 BRUNONIS
2057 579 3576 734 LINGONENSIS

1968 853 2431 940 CHABTA

1442 1017 1796 1075 Nonnulla
1825 1017 2154 1075 Besuensz’
2189 1015 2489 1074 σιεηοῦἱο
2521 1015 2962 1085 confercntis.

1643 1141 1809 1212 (Gall.
1840 1140 2069 1206 Christ,
2097 1140 2204 1208 IV,
2233 1141 2522 1212 Append.,
2560 1149 2619 1210 ρ.
2655 1142 2798 1212 l38.)

551 337 688 396 |539
1655 333 2020 383 ARNUFLUS
2067 333 2203 384 REM

2307 333 2408 381 διδ
2447 333 2774 383 ARCHIEP.
3743 333 3882 387 1540

632 1396 1014 1452 Considerans
1045 1412 1153 1466 ego
1193 1395 1645 1468 Lingonensium
1664 1397 1852 1448 Bruno
1879 1393 2176 1466 episcopus
2201 1399 2249 1456 Α
2277 1397 2650 1465 peccatorum
2688 1394 3026 1449 remissione
3067 1410 3242 1464 quam
3290 1394 3371 1448 ibi
3426 1392 3718 1449 deberent
3759 1397 3893 1449 acci-

563 1483 735 1539 oflicii
770 1484 885 1538 mei
926 1485 1342 1555 negligentiam
1389 1484 1446 1537 in
1483 1483 1926 1537 damnationem
1968 1482 2176 1536 animae
2279 1497 2441 1551 pere,
2484 1482 2930 1536 frustrabantur.
2959 1481 3205 1536 Veniant
3256 1483 3443 1554 igitur
3496 1482 3595 1536 illo
3646 1487 3897 1555 tempore

568 1588 714 1627 mea!
743 1573 970 1634 cadere,
993 1573 1160 1642 juxta
1180 1589 1376 1626 sensus
1419 1571 1534 1626 mei
1587 1570 1831 1625 modum
1886 1569 2177 1625 elaboravi
2281 1572 2519 1637 statuto,
2551 1573 2608 1623 et
2639 1570 2709 1623 de
2742 1571 2990 1641 peccatis
3010 1570 3122 1624 suis
3155 1571 3390 1625 veniam
3426 1571 3813 1642 postulantes,
3835 1573 3895 1627 ab

566 1660 815 1714 ecclesiis
860 1661 1092 1714 Domini
1146 1661 1467 1731 provisores
1512 1660 1767 1727 efficere,
1833 1659 1950 1730 qui,
2003 1659 2060 1712 in
2096 1658 2180 1713 eis
2280 1658 2361 1713 eis
2391 1674 2642 1729 quorum
2667 1659 2878 1729 lingua».
2911 1659 3093 1712 claves
3119 1659 3243 1715 coali
3268 1659 3442 1714 factae
3466 1663 3626 1725 sunt,
3658 1676 3693 1713 a
3721 1677 3900 1715 mona-

566 1750 852 1802 talentum
901 1749 1063 1803 Verbi
1097 1749 1269 1803 divini
1313 1749 1783 1810 disseminantes,
1812 1763 2042 1801 meeum
2075 1763 2177 1817 pa-
2283 1747 2404 1801 chis
2436 1745 2550 1799 illic
2590 1747 2706 1799 Deo
2761 1746 3160 1813 servientibus,
3195 1747 3267 1801 de
3323 1749 3518 1801 salute
3573 1749 3896 1803 animarum

565 1836 708 1890 riter
737 1837 808 1891 de
839 1854 906 1891 eo
958 1838 1063 1908 ipsi
1115 1837 1360 1892 Domino
1407 1839 1545 1892 Jesu
1582 1837 1804 1891 Christo
1839 1838 2062 1890 lucrum
2095 1852 2179 1889 re-

567 1928 866 1996 portantes
890 1929 1126 1980 aeternas
1157 1927 1285 1979 vitae
1324 1926 1799 1979 remuneratione
1833 1925 2174 1979 ditarentur.

567 2012 731 2068 Volui
756 2012 935 2084 igitur
959 2015 1210 2068 ecclesias
1225 2014 1491 2068 Besuensi
1516 2014 1797 2067 domnum
1813 2013 2176 2066 Guillelmum

568 2102 764 2156 virum
788 2101 1284 2172 religiosissimum
1314 2102 1583 2156 abbatem
1616 2117 1882 2171 prmesse,
1905 2099 2021 2170 qui,
2042 2100 2180 2152 dum

571 2190 631 2244 in
666 2206 736 2244 ea
784 2193 990 2243 cuncta
1019 2190 1362 2261 regulariter
1412 2207 1477 2244 ac
1511 2190 1776 2260 religiose
1826 2189 2178 2259 disponeret,

2283 1852 2521 1890 suarum
2547 1835 2853 1896 admoniti,
2877 1837 3024 1890 facta
3055 1837 3452 1903 absolutione,
3478 1840 3540 1890 et
3572 1837 3715 1890 data
3742 1839 3901 1892 bene-

2282 1923 2558 1988 dictione,
2594 1923 2707 1975 lmti
2737 1927 3098 1977 revertantur
3131 1923 3188 1977 in
3218 1939 3385 1994 pace,
3441 1929 3560 1978 etc.
3606 1925 3676 1977 Et
3701 1930 3762 1979 ut
3796 1926 3892 1980 hoc

2286 2027 2393 2081 per
2419 2012 2627 2064 saecula
2659 2010 3058 2065 inconvulsum
3097 2016 3471 2083 permaneat,
3514 2028 3701 2066 manu
3729 2019 3907 2068 nostra

2285 2099 2484 2152 subter
2507 2099 2866 2153 ﬁrmavimus
2888 2104 3029 2153 etut
3068 2117 3101 2154 a
3145 2101 3421 2171 pluribus
3451 2101 3801 2156 ﬁrmaretur
3825 2120 3905 2156 ro-

2281 2187 2563 2258 gavimus.
2599 2187 2653 2242 S.
2686 2189 2967 2242 Brunonis
2997 2189 3271 2260 episcopi.
3309 2188 3367 2242 8.
3415 2190 3721 2244 Guillelmi
3748 2191 3907 2245 abba-

2285 2275 2356 2328 tis
2405 2277 2462 2330 S.
2499 2276 3122 2347 Lambertiprzepositi.
3149 2277 3461 2332 S.Geraldi
3486 2279 3896 2334 archidiaconi.

2285 2364 2344 2418 8.
2371 2363 3072 2420 Τθυάτίοἰ’δῐ·ίξιιὶἀὶειροῐιί.
3099 2364 3157 2419 8.
3185 2366 3482 2420 Brunonis
3500 2368 3907 2422 archidiaconi.

579 2454 769 2508 suensi
805 2453 1022 2523 aliquid
1052 2454 1125 2507 ad
1155 2453 1449 2507 luminarii
1475 2470 1617 2523 opus
1637 2452 1912 2507 conferri.
1938 2453 2187 2522 Cognos-
2286 2454 2344 2507 S.
2377 2452 2638 2506 Teudrici
2677 2453 3088 2508 archidiaconi.
3143 2455 3202 2509 S.
3233 2455 3536 2509 'l‘eudonis
3593 2457 3909 2512 archiclavi.

578 2557 715 2594 cens
735 2540 929 2610 itaque
957 2540 1219 2611 petitioni
1246 2540 1350 2593 viri
1381 2539 1612 2593 Domini
1646 2556 1763 2594 non
1798 2557 1917 2593 esse
1950 2543 2187 2594 contra-
2289 2541 2349 2596 S.
2395 2540 2649 2595 Widonis
2701 2541 3115 2597 archidiaconi.
3177 2542 3237 2597 S.
3285 2543 3532 2600 Amelii.
3572 2543 3635 2598 8.
3680 2545 3913 2598 Widonis

579 2628 912 2694 dicendum,
955 2645 1085 2682 cum
1131 2627 1369 2682 consilio
1397 2627 1570 2682 totius
1601 2628 1830 2699 capituli
1857 2627 2186 2699 Lingonen-
2215 2667 2264 2724 B
2294 2629 2630 2700 presbyteri.
2665 2628 2721 2683 8.
2751 2628 2963 2684 Giraldi
3001 2631 3424 2702 hypodiaconi.
3471 2635 3532 2688 S.
3579 2634 3834 2688 Nivardi.
3863 2633 3910 2686 S.

579 2717 654 2772 sis
681 2717 850 2771 statui
882 2719 944 2770 ut
979 2717 1050 2771 de
1080 2717 1334 2771 ecclesiis
1365 2734 1398 2770 a
1438 2733 1533 2770 sex
1571 2717 1746 2771 leucis
1776 2718 1926 2771 ultra
1967 2717 2117 2771 infra
2157 2735 2190 2771 a
2215 2716 2261 2724 ”
2288 2716 2564 2783 Gocelini,
2599 2720 2654 2771 et
2683 2717 2930 2772 aliorum
2960 2720 3308 2773 multorum.
3345 2721 3470 2791 Ego
3499 2721 3790 2782 Airardus
3805 2739 3913 2776 can-

583 2806 767 2861 Besua
827 2809 1092 2876 tempore
1149 2804 1560 2876 Rogationum,
1634 2821 1837 2860 omnes
1895 2809 2015 2859 tam
2084 2806 2184 2860 viri
2289 2806 2554 2859 cellarius
2581 2805 2797 2876 scripsi,
2833 2811 3048 2861 etcum
3093 2808 3323 2862 caeteris
3358 2809 3643 2863 laudator
3674 2812 3735 2863 et
3768 2809 3916 2863 robo-

582 2910 756 2967 quam
790 2893 1060 2948 mulieres
1091 2910 1223 2947 eum
1252 2894 1638 2948 oblationibus
1669 2894 1740 2947 ad
1763 2894 1861 2951 SS.
1898 2896 2185 2965 apostolo-
2291 2898 2450 2949 rator
2482 2895 2686 2948 exstiti.

581 2999 713 3039 rum
733 2981 887 3036 Petri
908 2981 1134 3036 etPauli
1159 2981 1364 3035 limina
1384 2981 1749 3036 conveniant.
1784 2983 1927 3036 Illud
1958 2999 2187 3054 quoque
2361 2987 2500 3037 Acta
2531 2985 2805 3038 sunthaec
2838 3001 2990 3039 anno
3023 2985 3093 3038 ab
3125 2986 3559 3042 Incarnatione
3591 2991 3756 3054 1008,
3787 2987 3918 3042 indi-

582 3087 701 3126 non
730 3070 909 3126 otiose
938 3086 1166 3124 mecum
1218 3073 1490 3140 reputans
1538 3070 1693 3141 quia,
1740 3087 1870 3124 cum
1921 3073 2186 3143 tempore
2289 3071 2479 3126 ctione
2511 3075 2563 3139 (ί,
2598 3076 2800 3142 epacta
2830 3090 2906 3140 x1,
2951 3080 3340 3129 concurrente
3376 3093 3458 3142 ιγ,
3492 3081 3785 3147 regnante
3816 3077 3914 3130 Ro-

585 3159 794 3214 eodem
825 3158 1116 3230 Lingonas
1154 3158 1346 3212 venire
1377 3159 1672 3223 deberent,
1706 3158 1801 3212 alii
1829 3159 2188 3228 longitudine
2288 3161 2454 3214 berto
2487 3177 2646 3232 rege,
2674 3165 2731 3216 et
2756 3161 2995 3216 domino
3015 3162 3287 3218 Brunone
3312 3164 3527 3220 sedem
3555 3165 3919 3237 Lingonicam

592 3247 719 3315 vim,
747 3246 842 3303 alii
872 3247 1266 3301 imbecillitate
1299 3246 1576 3318 corporis,
1607 3263 1706 3301 seu
1738 3247 2021 3317 aliquibus
2065 3247 2190 3301 aliis
2292 3250 2553 3307 tenente.

599 3335 992 3391 occasionibus
1020 3333 1322 3400 retardati,
1366 3334 1578 3404 pabulo
1606 3333 1888 3388 Dominici
1918 3335 2099 3402 verbi,
2132 3339 2190 3389 et

573 2278 904 2349 intelligens
933 2278 1170 2349 propria
1201 2279 1258 2332 in
1287 2278 1633 2349 quibusdam
1667 2295 1783 2330 non
1838 2277 1974 2331 satis
2029 2277 2182 2330 sufﬁ-

573 2382 724 2436 cere,
753 2366 1010 2437 quaasivit
1032 2366 1103 2419 ab
1135 2365 1371 2419 ecclesia
1413 2365 1762 2436 Lingonensi
1795 2364 2048 2418 ecclesiae
2077 2365 2180 2418 Be-

580 3475 3925 3518 Μ

1945 3619 2090 3658 ANNO
2129 3620 2316 3660 DOMINI
2357 3622 2534 3662 MXXIII

1588 3783 2936 3984 ARNULFUS

929 4092 1882 4235 REMENSIS
1985 4094 2203 4314 A_P

2307 4095 3620 4316 IEIEPISCOPUS

1533 4413 2128 4521 NOTITIA
2212 4416 2986 4523 HISTORICA

1252 4580 1422 4651 (Dom
1463 4578 1709 4643 MARLO‘I‘,
1737 4579 2065 4651 Metropolis
2095 4579 2395 4634 Remensis
2425 4581 2693 4653 Historia,
2735 4585 2856 4638 tom
2883 4583 2958 4655 ΙΙ,
2989 4599 3128 4656 pag.
3165 4586 3276 4657 39.)

682 4788 792 4845 Pro
807 4787 2217 4872 adispiscendoRemensiarchiepiseOpat‘umultof
2244 4796 2291 4855 C
2317 4792 2488 4872 rii‘ut
2514 4794 2710 4872 scribit
2736 4797 3430 4872 Continuator‘Aimonii,
3463 4802 3572 4857 sed
3631 4803 3786 4858 ﬁlius
3827 4804 3929 4872 ejus

612 4878 742 4916 rum
765 4860 991 4915 animos
1008 4861 1246 4915 ambitio
1267 4860 1601 4914 stimulabat
1627 4878 1639 4927 ;
1670 4860 1907 4931 quidam
1927 4861 2091 4915 donis
2109 4863 2216 4917 sibi

613 4933 686 4986 ad
712 4947 844 4986 eum
865 4932 974 4986 iter
1002 4933 1306 5000 parabant,
1329 4933 1636 4986 Gerbertus
1655 4948 1712 4984 se
1733 4949 2111 4988 successorem
2144 4934 2215 4988 ab

611 5003 977 5058 Adalberone
992 5002 1437 5076 delectum,voto
1450 5002 1630 5076 totius
1643 5003 1775 5076 cleri
1788 5045 1800 5065 ,
1818 5005 2082 5058 omnium
2101 5005 2218 5076 epi-

613 5090 920 5146 scoporum
943 5076 1001 5128 et
1021 5075 1344 5146 aliquorum
1365 5074 1610 5128 militum
1626 5074 2212 5146 sulfragiijactitabat;

613 5144 910 5217 sedvﬂugo,
929 5149 1128 5217 nactus
1149 5144 1512 5217 occasionem
1529 5144 1873 5200 conciliandi
1892 5144 2001 5201 sibi
2024 5148 2218 5200 amici-

616 5218 753 5272 tiam
768 5215 986 5290 Ai'nulli
1007 5215 1475 5290 principis,regio
1501 5221 1806 5290 stemmate
1830 5218 1960 5290 orti,
1982 5219 2216 5290 egitpro

617 5305 686 5343 ea
715 5289 1055 5344 auctoritate
1069 5305 1182 5359 qua
1212 5289 1484 5358 pollebat,
1504 5305 1601 5358 spe
1623 5289 1951 5342 obtinendae
1976 5289 2219 5359 pacis,ut

617 5362 957 5430 praesulatus
999 5359 1190 5413 infulis
1238 5359 1423 5412 adhuc
1455 5359 1585 5430 licet
1621 5359 1850 5427 juvenis
1881 5359 2219 5414 donaretur.

622 5429 792 5500 Cujus
815 5432 892 5486 rei
912 5431 1184 5485 Arnulfus
1206 5431 1398 5484 statim
1418 5429 1628 5500 certior
1654 5430 1834 5481 factus
1855 5445 1956 5498 per
1974 5430 2222 5483 Adalbe-

622 5499 829 5555 ronem
850 5503 1309 5563 Laudunensem,
1332 5500 1428 5570 qui
1457 5499 1529 5553 ad
1575 5502 1759 5551 castra
1789 5501 1939 5568 regis
1966 5505 2220 5568 venerat,

625 5571 850 5641 Hugoni
871 5590 998 5626 mox
1014 5572 1618 5641 reconciliatur.Porro
1632 5570 2224 5641 Arnullus,quondam

623 5639 886 5704 Ecclesiae
919 5642 1312 5699 Laudunensis
1336 5639 1664 5709 canonicos,
1684 5639 1993 5698 nonfrater
2017 5643 2227 5699 Letha-

2318 4866 2596 4945 naturalis
2623 4871 2696 4945 .et
2735 4869 3135 4945 nepos_Caroli
3176 4870 3336 4945 ducis
3371 4872 3785 4945 Lotharingiaz
3821 4866 3931 4945 fuit.

2317 4935 2509 5010 βωῃο
2545 4935 2841 5010 episcopus
2884 4939 3263 5010 Lingonensis
3301 4942 3370 4996 de
3409 4935 3707 5000 Gilbertov
3728 4944 3934 4999 comitis

2319 5007 2618 5080 Reginaldi
2659 5007 2774 5062 ﬁlio
2815 5007 3056 5080 loquens
3103 5013 3162 5066 in
3194 5013 3351 5066 Actis
3381 5013 3633 5069 Concilii
3681 5015 3742 5069 S.
3776 5013 3933 5069 Basoli

2317 5094 2451 5151 eum
2483 5078 2723 5151 fratrem
2751 5078 2916 5134 suum
2949 5082 3182 5136 unicum
3207 5089 3398 5151 vocat,
3423 5089 3484 5139 et
3513 5087 3933 5141 Guidonemce

2318 5149 3007 5229 ini_t_em$uessio_nensem
3026 5149 3471 5229 consobrinum.
3498 5156 3670 5229 Unde.
3699 5159 3932 5229 sequitur

2323 5221 2654 5299 Lotliarium
2687 5222 2876 5292 primo
2905 5240 3166 5299 sererein
3195 5226 3424 5299 duxisse
3452 5221 3802 5298 Reginaldi:
3825 5242 3932 5299 qua!

2323 5293 2559 5361 pesthac
2577 5309 2608 5344 a
2621 5309 2756 5363 rege
2779 5295 3078 5363 repudiata
3093 5297 3432 5352 Theobaldo
3453 5299 3525 5353 de
3541 5293 3689 5353 inon
3699 5306 3754 5354 te
3777 5293 3931 5353 Acuta

2323 5363 2536 5432 nupsit,
2571 5363 3016 5441 et‘siedissoluto
3043 5368 3449 5441 matrimonio,
3470 5369 3930 5441 Arnulfusquiafo

2325 5449 2392 5511 eo
2408 5434 2818 5511 venerat,fi_lius
2833 5439 3107 5511 naturalis
3123 5440 3276 5509 regis
3294 5445 3600 5511 reputatus
3617 5448 3706 5495 est
3720 5434 3845 5495 cuin
3862 5439 3932 5493 Ri-

2326 5504 2539 5587 chardo
2563 5505 2842 5587 quodam,
2884 5508 2989 5587 qui
3011 5504 3927 5587 ejusdem_lratris__t_itulo__gaudel

2327 5575 2543 5656 inactis
2556 5575 2732 5656 δηιοᾲ
2743 5575 3244 5656 βιίὺυέικρυὶἀςιυῖά
3259 5581 3676 5656 sit,cpnsilium
3698 5575 3930 5656 [Ingenii

2328 5645 2437 5700 fuit
2456 5647 2562 5702 hac
2587 5645 2872 5704 electione
2892 5648 2998 5705 sibi
3022 5645 3354 5726 principem
3375 5645 3932 5729 devincire,quialias
