4094 6178
610 361 632 415 1
644 358 747 416 543

1623 350 1924 411 ARNULFI
1961 351 2504 412 ARCHIEPISCOPI
2545 355 2883 413 REMENSIS

3797 365 3908 418 1541

610 480 1016 545 Demochares,
1038 478 1248 548 putant
1274 492 1368 530 an.
1405 477 1540 548 1009
1573 476 1798 545 obiisse,
1838 494 1982 548 quos
2022 495 2056 532 a
2086 495 2216 532 vero
2238 480 2293 537 Α
2318 478 2538 532 Arnulﬁ
2574 476 2932 531 successoris.
2966 475 3230 548 Amulqu
3268 475 3444 546 igitur
3479 476 3593 530 vita
3623 477 3842 532 functus
3865 483 3910 535 iu

608 552 838 624 penitus
867 546 1136 603 aberrare
1158 549 1355 624 patet.
1374 546 1829 624 _Sammarthani
1854 546 2052 603 _citant
2102 549 2216 620 pri-

558 659 570 676 .
607 617 886 691 vilegium
946 617 1301 691 monasterio
1343 617 1668 691 _Latiniaco
1725 635 2060 673 concessum
2103 617 2212 691 an.

610 688 768 758 1019,
801 689 892 744 cui
918 688 1702 761 Arnulfusarchiepiscopus
1743 693 2017 761 tanquam
2051 690 2217 758 regni

607 761 983 840 cancellarius
1007 758 1358 840 subscripsit,
1378 776 1550 840 quem
1571 776 1678 840 ego
1703 758 2090 840 angui—presse
2115 761 2216 840 Re:

605 848 891 888 mensem.
907 833 1122 885 Auctor
1138 830 1403 885 Chronici
1417 830 1982 886 Mosoniensis’refert
1996 836 2109 886 Arn
2120 832 2214 886 ulti

603 903 829 958 obitum
843 919 938 958 an.
965 905 1092 957 l02l
1109 942 1123 968 ,
1151 901 1449 956 Albericus
1479 905 1636 967 1023,
1657 901 1746 955 eui
1768 919 1831 956 su
1849 903 2213 956 scribendum

600 978 763 1053 puto,
788 973 1003 1053 alioqui
1027 973 1224 1053 plures
1245 989 1427 1053 annos
1444 976 1694 1053 vacasset
1711 974 1875 1027 sedes
1895 973 2212 1053 Remensis,

601 1044 760 1170 ξιιοὰ
788 1044 1096 1099 verisimile
1117 1060 1233 1097 non
1256 1047 1360 1109 est,
1384 1059 1514 1097 cum
1537 1044 1857 1098 Guidonem
1881 1045 2214 1116 episcopum

642 1115 1113 1170 ilvanectensem.
1141 1115 1387 1168 electum
1403 1132 1475 1168 an
1529 1117 1686 1170 1024.
1708 1116 1974 1169 hortetur
1999 1119 2057 1168 et
2088 1132 2212 1169 mo-

642 1115 1113 1180 ilvanectensem,
1141 1115 1387 1168 electum
1403 1132 1475 1168 an
1529 1117 1686 1180 1024,
1708 1116 1974 1169 hortetur
1999 1119 2057 1168 et
2079 1115 2212 1169 mo-

599 1189 736 1241 neat
755 1186 1052 1240 Fulbertus
1074 1185 1440 1240 Carnotensis
1460 1189 1520 1256 ut
1540 1186 1785 1250 intersit,
1799 1189 1893 1239 tan
1904 1203 2076 1256 quam
2098 1185 2216 1240 suf-

601 1255 912 1328 fraganeus
927 1256 1234 1328 provincia
1254 1255 1572 1323 Remensis,
1591 1255 2008 1310 consecrationi
2031 1257 2208 1320 Ebali,

2319 548 2558 603 ecclesia
2594 548 2747 601 Beati
2775 547 3039 617 Remigii,
3091 563 3277 618 quam
3313 547 3482 601 bonis
3522 551 3909 614 cumulaverat,

2319 620 2636 674 tumulatus
2666 621 2772 684 est,
2823 619 2912 672 cui
2964 617 3151 671 ascet’a
3185 617 3423 689 quidam
3457 635 3706 689 sequens
3733 623 3909 676 cecinit

2317 690 2675 770 epitaphium
2703 690 2854 770 quod
2879 689 3054 770 lapidi
3071 688 3787 770 affixum‘adhuc‘eernitur
3802 710 3827 745 e
3844 711 3910 745 re-

2317 761 2490 831 gione
2525 760 2735 814 summi
2769 761 2965 814 altaris
3003 776 3064 814 ac
3096 760 3241 813 latus
3272 760 3592 829 Evangelii.

2317 883 2429 939 Hic
2454 883 2600 954 jacet
2628 883 2902 953 Arnulfus
2933 883 3100 952 regali
3127 889 3406 936 stemmate
3434 880 3615 951 fusus,

2315 954 2606 1008 Remorum
2628 955 2846 1024 praesul,
2871 955 3008 1006 nulli
3037 957 3234 1023 pietate
3259 954 3545 1008 secundus.

2313 1027 2444 1096 Spes
2476 1028 2714 1096 inopum,
2748 1043 2842 1094 pes
2870 1025 3140 1096 debilium,
3164 1032 3356 1094 pastor
3387 1025 3793 1093 monachorum,

2313 1095 2570 1151 Assertor
2596 1098 2727 1158 veri,
2755 1095 2919 1162 rigidi
2944 1102 3177 1148 servator
3203 1097 3428 1160 honesti,

2318 1168 2486 1238 Quem
2511 1169 2635 1238 [era
2658 1184 2798 1219 mors
2829 1170 3028 1237 rapuit,
3061 1183 3178 1238 qua
3205 1166 3348 1220 nulli
3369 1181 3598 1236 parcere
3627 1171 3793 1222 novit.

2314 1237 2463 1292 Flete
2490 1237 2740 1299 Patrem,
2768 1239 3040 1304 monachi,
3074 1237 3445 1307 lacrymarum
3493 1239 3648 1306 fonte
3696 1246 3907 1308 perenni.

1226 1511 1593 1616 ACTA

1705 1510 2554 1616 ELECTIONIS
2670 1509 3310 1616 ARNULFI

2050 1721 2268 1803 (Anno
2299 1721 2469 1801 989.)

1380 1898 1494 1971 (Les
1525 1899 1687 1954 Actes
1714 1897 1778 1952 de
1809 1899 1863 1954 la
1879 1898 2131 1969 province
2161 1897 2551 1971 ecclesiastique
2575 1899 2638 1953 de
2667 1899 2872 1968 Reims,
2907 1901 2950 1968 1,
2981 1900 3133 1970 629.)

666 2134 891 2189 Sanctae
922 2149 987 2190 ac
1017 2131 1323 2188 universali
1352 2133 1612 2188 Ecclesia:
1643 2130 1938 2187 catholicae
1961 2131 2205 2185 salutem
2235 2129 2288 2188 B
2308 2133 2462 2185 mete
2495 2131 2663 2201 positi
2691 2132 2789 2202 (l),
2826 2132 3016 2204 aliquo
3038 2131 3235 2187 infecit
3260 2133 3560 2203 contagio,
3610 2135 3708 2189 sed
3741 2138 3909 2189 tamen

595 2222 795 2278 dicunt
813 2221 914 2276 filii
933 2222 1248 2276 Remorum
1280 2220 1637 2292 metropolis.

665 2311 820 2367 Divee
849 2309 1151 2365 memoriae
1182 2312 1348 2364 Patre
1381 2314 1576 2364 nostro
1612 2309 1978 2363 Adalberone
2009 2324 2204 2362 sensus

590 2415 900 2470 corporeos
914 2398 1532 2470 relinquente,clarum
1546 2399 1741 2451 lumen
1758 2396 2002 2468 pastoris
2020 2397 2204 2450 amisi-

513 2489 524 2508 ‘
592 2503 742 2555 mus,
765 2486 968 2558 prada
992 2487 1244 2540 hostium
1273 2485 1406 2540 facti
1427 2486 1862 2556 sumus.iltaque
1884 2485 2022 2540 dum
2041 2485 2205 2540 moli-

593 2589 724 2628 mur
743 2574 892 2629 tanti
915 2573 1020 2628 viri
1048 2573 1322 2628 resarcire
1342 2573 1555 2639 ruinas,
1571 2574 1763 2643 elapsa
1784 2574 2204 2628 suntcanonica

592 2664 878 2736 tempora,
909 2662 1132 2718 violata:
1150 2665 1286 2717 sunt
1303 2663 1480 2733 leges,
1507 2662 1712 2734 quibus
1731 2665 1963 2716 cavetur
1979 2663 2200 2716 nullam

587 2751 785 2806 sedem
808 2752 1058 2823 amplius
1080 2751 1316 2822 triginta
1335 2751 1560 2805 dierum
1580 2751 1766 2821 spatio
1785 2767 1983 2804 vacare
2005 2751 2195 2806 licere.

586 2841 862 2912 Nuncque
891 2841 1130 2894 tandem
1149 2840 1510 2910 pulsantibus
1527 2840 1828 2894 divinalux
1857 2857 1917 2893 se
1947 2841 2196 2910 aperuit,

586 2933 644 2985 et
672 2946 785 3002 quo
816 2945 1194 3002 sequeremur
1224 2930 1493 2996 ostendit,
1539 2929 1776 3001 depulso
1819 2929 2194 2997 Antichristo,

584 3017 911 3074 Simoniaca
940 3017 1145 3073 haeresi
1177 3017 1475 3074 damnata.
1496 3017 1625 3083 Nos,
1656 3016 1915 3088 inquam,
1939 3016 2033 3088 qui
2065 3017 2198 3070 dici-

2305 2219 2463 2272 hunc
2490 2224 2678 2274 mater
2706 2220 2951 2275 Ecclesia
2982 2221 3310 2292 puriticans,
3343 2223 3612 2291 mysticis
3643 2224 3818 2276 abluit
3841 2240 3913 2276 sa-

2305 2307 2638 2365 cramentis.
2687 2309 2865 2375 Hunc,
2923 2309 3185 2381 inquam,
3233 2310 3480 2364 dicimus
3541 2311 3912 2365 Lauduneusis

2305 2395 2570 2450 Ecclesiae
2604 2396 2808 2463 ﬁlium,
2843 2401 2921 2459 et,
2955 2401 3015 2450 ut
3046 2397 3230 2452 verius
3262 2398 3579 2458 fateamur.
3617 2400 3912 2455 Remensis.

2305 2500 2374 2537 ea
2405 2485 2617 2555 quippe
2649 2485 2839 2539 civitas
2868 2488 3152 2540 Remense
3207 2487 3604 2551 territorium,
3639 2489 3912 2542 Remensis

2304 2573 2580 2641 parochia
2603 2577 2708 2641 cst,
2735 2590 2838 2627 nec
2869 2574 2948 2627 sic
2975 2591 3009 2627 a
3039 2575 3207 2628 beato
3232 2575 3498 2645 Remigio
3525 2577 3736 2643 divisa,
3761 2581 3817 2630 ut
3830 2577 3912 2630 tie-

2303 2663 2392 2714 ret
2423 2661 2639 2728 aliena;
2680 2661 2958 2715 nimirum
2993 2661 3085 2716 ille
3112 2662 3196 2716 vir
3229 2663 3343 2717 Deo
3377 2664 3616 2732 plenus,
3651 2665 3913 2718 unitatem

2300 2754 2598 2821 appetens,
2653 2767 2767 2804 non
2815 2751 3147 2805 scissionem
3189 2751 3491 2820 affectans,
3547 2755 3628 2808 sic
3674 2753 3837 2807 scidit
3864 2759 3913 2806 ut

2299 2840 2618 2894 coluereret
2663 2840 2817 2893 velut
2846 2855 2981 2909 pars
3014 2840 3069 2892 in
3105 2843 3257 2908 toto;
3299 2845 3356 2894 et
3402 2842 3556 2913 quis,
3592 2846 3656 2896 et
3687 2847 3912 2914 quantus

2298 2928 2522 2981 futurus
2567 2931 2734 2995 esset,
2789 2927 3139 2998 intelligens,
3172 2931 3362 2984 natale
3393 2931 3592 2986 solum
3635 2933 3913 2986 beavitsa-

2297 3015 2539 3071 ccrdotii
2565 3016 2865 3087 dignitate.
2896 3017 3173 3087 Eligimus
3203 3035 3340 3089 ergo
3391 3019 3554 3072 hunc
3599 3020 3908 3080 Arnulfum,

2297 3105 2429 3158 hinc
2462 3109 2680 3172 ortum,
2705 3106 2796 3160 hic
2826 3107 3162 3174 educatum,
3188 3108 3544 3162 Simoniacee
3576 3110 3812 3164 heresis
3839 3129 3910 3164 ex-

2296 3197 2546 3264 pertem,
2582 3212 2616 3248 a
2641 3195 2890 3249 factione
2921 3197 3223 3267 tyrannica
3243 3203 3571 3260 remotum.
3603 3201 3694 3254 sui
3731 3202 3908 3272 cuique

579 3123 707 3162 mur
733 3106 987 3180 episcopi
1019 3106 1326 3162 diceceseos
1349 3107 1664 3161 Remorum
1689 3106 2046 3177 metropolis,
2063 3122 2194 3160 cum

575 3195 737 3252 omni
765 3198 917 3252 clero
946 3195 1153 3250 diversi
1183 3194 1424 3262 ordinis,
1455 3195 1668 3266 populo
1709 3195 2195 3260 acclamante,or-

577 3285 840 3341 thodoxis
869 3284 1100 3356 regibus
1133 3283 1346 3338 nostris
1375 3282 1888 3349 consentientibus,
1925 3283 2194 3354 eligimus
2288 3282 2422 3353 jura
2455 3283 2647 3338 debita
2673 3284 3041 3351 reddentem,
3074 3287 3468 3340 sanctuarium
3502 3289 3611 3341 Dei
3635 3305 3755 3343 non
3779 3290 3908 3342 dissi-

577 3375 744 3429 nobis
771 3373 830 3428 in
859 3375 1164 3445 prmsulem
1201 3372 1386 3426 virum
1418 3371 1628 3442 pietate
1652 3374 2044 3442 praestantem,
2078 3372 2192 3428 fide
2293 3375 2553 3440 pantem.
2589 3371 2715 3426 Sint
2739 3375 2941 3444 procul
2971 3375 3042 3428 ab
3083 3375 3365 3429 electione
3422 3381 3636 3431 nostra
3681 3379 3838 3433 dolus
3864 3381 3908 3430 et

576 3461 890 3533 insignem,
919 3460 1247 3515 constantia
1276 3459 1627 3526 mirabilem,
1651 3458 1708 3512 in
1734 3459 1984 3513 consiliis
2011 3460 2193 3531 provi-
2211 3464 2260 3524 C
2293 3459 2547 3527 fallacia;
2577 3477 2682 3514 nec
2703 3464 2909 3532 putent
2935 3479 3062 3516 eam
3080 3463 3154 3517 ad
3181 3480 3239 3518 se
3261 3465 3569 3534 pertinere
3594 3467 3702 3521 ﬁlii
3728 3469 3903 3522 Belial:

573 3546 736 3616 dum,
757 3547 932 3602 rebus
945 3546 1214 3617 gerendis
1237 3549 1460 3616 aptum,
1481 3545 1540 3599 in
1560 3561 1672 3616 quo
1691 3546 1778 3600 hae
1802 3545 2041 3600 virtutes
2062 3565 2190 3619 quae
2291 3546 2391 3600 ﬁlii
2422 3547 2577 3618 pacis
2598 3551 2656 3602 et
2688 3550 3011 3604 concordiae
3042 3551 3310 3606 stabilem
3343 3557 3404 3607 et
3421 3555 3685 3610 solidam
3711 3558 3767 3611 in
3797 3572 3908 3628 per-

571 3633 651 3688 sic
671 3635 821 3690 clare
851 3635 1130 3701 relucent,
1165 3633 1378 3688 indicio
1413 3635 1548 3688 sunt
1579 3637 1816 3689 caeteras
1845 3635 2041 3690 abesse
2069 3653 2188 3692 non
2289 3637 2532 3705 petuum
2560 3635 2795 3704 faciant,
2826 3638 3252 3706 confirmando,
3285 3643 3767 3710 corroborando,
3795 3645 3905 3697 sui»

565 3738 753 3795 posse,
792 3722 1099 3779 Arnulfum
1159 3722 1428 3791 dicimus,
1481 3723 1734 3778 Lotharii
1777 3723 1930 3795 regis
1981 3724 2185 3794 ﬁlium,
2290 3723 2621 3781 scribendo.

566 3828 743 3886 quem
768 3812 874 3869 etsi
899 3813 1048 3869 altus
1072 3812 1305 3884 sanguis
1335 3811 1472 3868 vitio
1507 3812 1788 3884 temporis
1803 3813 1907 3867 sub
1941 3815 2184 3869 anathe-

1610 3979 2339 4061 JURAMENTUM
2393 3986 2852 4063 ARNULFI

625 4182 744 4254 Ego
763 4181 1062 4250 Arnult'us,
1090 4181 1278 4253 gratia
1294 4182 1394 4238 Dei
1416 4184 1826 4256 praeveniente,
1852 4190 2170 4249 Remorum

557 4270 1024 4342 archiepiscopus
1036 4271 1314 4342 promitto
1330 4273 1561 4344 regibus
1572 4274 1925 4354 Francorum
1945 4283 2171 4354 Hugoni

555 4363 614 4415 et
639 4359 891 4415 Roberto
913 4376 1008 4414 me
1029 4358 1205 4414 ﬁdem
1230 4352 2001 4438 purissimam'servaturum,
2041 4352 2173 4427 con-

554 4448 748 4504 silium
765 4452 825 4504 et
853 4448 1130 4504 auxilium
1161 4450 1476 4505 secundum
1514 4469 1709 4508 meum
1734 4456 1876 4512 scire
1907 4461 1965 4512 et
2007 4477 2170 4531 posse

556 4535 615 4590 in
645 4537 916 4593 omnibus
941 4537 1191 4610 negotiis
1220 4539 1633 4610 praebiturum;
1670 4543 1935 4602 inimicos
1967 4565 2169 4605 eorum

556 4638 663 4677 nec
690 4624 951 4693 consilio,
993 4642 1101 4681 nec
1148 4626 1356 4682 auxilio
1389 4628 1461 4683 ad
1513 4645 1716 4685 eorum
1766 4632 2167 4693 infidelitatem

555 4710 803 4767 scienter
832 4714 1184 4784 adiuturum.
1214 4716 1419 4771 Haecin
1437 4723 1749 4789 conspectu
1768 4721 1974 4778 divinae
1993 4727 2170 4796 maje-

555 4798 716 4854 statis
731 4803 790 4856 et
808 4802 1111 4859 beatorum
1131 4803 1458 4876 spirituum,
1481 4809 1540 4860 et
1563 4808 1732 4864 totius
1756 4810 2018 4867 Ecclesiw
2038 4815 2169 4870 assi-

2270 4182 2530 4236 vertatur
2562 4182 2621 4236 in
2654 4182 3146 4251 maledictionem,
3167 4187 3227 4239 et
3248 4185 3403 4240 ﬁant
3421 4186 3558 4242 dies
3581 4190 3706 4243 mei
3731 4186 3900 4259 pauci,

2273 4273 2331 4324 et
2345 4269 2741 4340 episcopatum
2763 4288 2960 4326 meum
2983 4272 3231 4343 accipiat
3251 4275 3432 4342 alter;
3454 4277 3750 4330 recedant
3767 4293 3799 4329 a
3817 4291 3898 4329 me

2273 4358 2442 4414 amici
2469 4358 2604 4426 mei,
2629 4359 2855 4432 sintque
2886 4365 3165 4434 perpetuo
3194 4361 3438 4417 inimici.
3474 4364 3627 4419 Huic
3654 4383 3765 4436 ego
3795 4365 3902 4418 chi-

2271 4449 2585 4519 rographo,
2606 4465 2639 4502 a
2656 4465 2750 4502 me
2775 4448 2927 4504 edito
2952 4450 3009 4503 in
3031 4450 3439 4507 testimonium
3456 4453 3898 4508 benedictionis.

2269 4537 2357 4591 vel
2388 4536 2810 4592 maledictionis
2831 4553 2976 4593 meae
2989 4539 3310 4607 subscribe,
3325 4540 3670 4614 fratresque
3689 4547 3747 4597 et
3765 4541 3900 4596 ﬁlios

2269 4641 2451 4693 meos,
2480 4629 2544 4679 ut
2570 4625 2948 4693 subscribant,
2976 4644 3150 4698 rogo.

2339 4714 2457 4785 Ego
2483 4714 2754 4769 Arnulfus
2787 4715 3250 4790 archiepiscopus
3284 4717 3634 4792 subscripsi.

2336 4803 2543 4858 Actum
2579 4803 2772 4858 Remis
2815 4802 2873 4858 in
2914 4805 3151 4877 palatio,
3198 4823 3356 4862 anno
3389 4809 3574 4864 Verbi
3619 4808 3896 4864 incarnati

555 4891 712 4944 stens
740 4889 1040 4960 promitto,
1074 4909 1178 4963 pro
1211 4893 1359 4950 bene
1388 4895 1623 4952 servatis
1660 4898 1878 4954 laturus
1925 4879 2239 4973 prtemiaD
2268 4893 2392 4958 989,
2453 4891 2767 4947 indictione
2824 4909 2863 4948 ιι
2912 4910 3066 4948 anno
3126 4911 3189 4950 ιιι
3235 4895 3650 4952 ordinationis
3710 4897 3897 4954 damni

552 4977 786 5031 aeternae
821 4977 1266 5035 benedictionis:
1300 4980 1344 5035 si
1381 4999 1515 5038 vero
1549 4984 1723 5056 (quod
1749 4989 1906 5054 nolo,
1928 4993 1985 5043 et
2010 4993 2166 5062 quod

2273 4980 2488 5036 Arnulﬁ
2517 4980 2948 5053 archiepiscopi.

552 5065 718 5138 absit)
750 5065 822 5122 ab
851 5065 940 5121 his
969 5064 1288 5137 deviavero,
1310 5072 1500 5127 omnis
1529 5073 1853 5132 benedictio
1874 5094 2005 5134 mea
2027 5095 2164 5136 con-

623 5245 695 5318 (1)
738 5246 878 5304 Vide
911 5244 1222 5303 concilium
1253 5247 1534 5306 Remense
1567 5253 1705 5310 anni
1737 5259 1860 5315 987.
