4028 6186
382 390 526 467 ὶ549

1844 378 2253 463 pnIVILiaGIA.

3566 386 3712 471 ista

456 533 502 599 -ξ-
530 529 776 602 Signum
805 530 1027 586 Arnulfl
1060 530 1163 587 Dei
1191 530 1379 603 gratia
1408 527 1705 586 Remensis
1726 526 1989 583 Ecclesia:
2010 530 2066 590 Α
2090 528 2399 598 praesentia
2424 528 2681 584 Lauduni
2707 529 2766 585 in
2791 530 3028 599 Pascha,
3069 529 3212 586 adiit
3237 530 3627 589 humilitatem
3651 536 3711 588 et

384 618 822 690 archiprassulis.

451 711 496 777 -ι-
527 707 770 781 Signum
803 709 1190 766 Adalberonis
1219 711 1431 765 sancta:
1464 706 1861 764 Laudunensis
1890 706 1993 761 Ec-

382 797 568 852 clesia:
598 797 871 869 episcopi.

456 889 500 956 -ι-
529 884 776 957 Signum
809 887 1072 943 Fulconis
1101 887 1507 944 Ambianensis
1537 885 1812 959 episcopi.

457 979 501 1046 +
532 976 774 1048 Signum
801 976 1036 1047 Rotgeri
1068 976 1501 1032 Catalaunensis
1526 974 1798 1048 episcopi.

455 1068 500 1135 νι-
524 1064 769 1137 Signum
798 1064 1025 1120 Rodulfi
1055 1064 1493 1121 Silvanectensis
1531 1064 1805 1136 episcopi.

456 1157 501 1222 οι-
531 1151 774 1224 Signum
803 1152 1039 1208 Gerardi
1070 1152 1499 1208 Cameracensis
1530 1153 1804 1226 episcopi.

453 1246 499 1312 σι·
523 1242 770 1314 Signum
800 1241 1035 1312 Rotgeri
1067 1241 1421 1298 Belvacensis
1450 1242 1725 1315 episcopi.

453 1331 497 1398 υί-
527 1330 773 1402 Signum
804 1329 1080 1384 Harduini
1117 1331 1584 1402 Noviomagensis
1613 1330 1885 1404 episcopi.

453 1420 497 1487 σι-
527 1420 771 1491 Signum
799 1418 1060 1474 Balduini
1086 1419 1461 1475 Tarvanensis
1488 1421 1767 1492 episcopi.

455 1510 499 1577 -ἱ-
526 1507 770 1579 Signum
813 1506 1061 1580 Rayneri
1108 1508 1423 1580 praepositi.
1470 1507 1528 1564 S.
1568 1508 1737 1563 Alulfi
1769 1508 1998 1564 viced'o-

383 1614 548 1653 ΠΠΠΙ.

456 1688 598 1740 Acta
625 1685 820 1740 Remis
850 1684 1202 1741 monasterio
1228 1689 1439 1741 sanctae
1487 1685 1695 1750 Marias,
1730 1701 1884 1740 anno
1924 1684 1996 1739 ab

385 1774 788 1829 Incarnatione
819 1773 1053 1828 Domini
1086 1775 1268 1829 nostri
1298 1775 1429 1829 Jesu
1477 1773 1683 1829 Christi
1716 1777 1872 1839 1015,
1904 1773 1996 1828 in-

2090 617 2459 687 praesentiam
2487 623 2747 673 nostram
2794 619 3102 691 praedictus
3143 618 3319 675 abbas
3356 621 3524 689 Boso,
3573 620 3716 676 insi-

2093 721 2279 759 nuans
2308 723 2470 761 suam
2497 707 3002 777 necessitudinem,
3033 712 3092 763 et
3119 723 3441 781 pauperum
3478 725 3714 766 suorum
3762 728 3765 733 ·

2094 794 2548 867 oppressionem,
2563 797 2981 869 obsecransque
2997 797 3297 853 humiliter
3313 802 3488 871 utpro
3503 799 3715 855 animus

2094 900 2263 951 meae,
2296 901 2676 958 meorumque
2711 902 3103 942 successorum
3145 887 3428 956 remedio,
3457 887 3714 945 facerem

2096 970 2166 1027 de
2190 972 2297 1027 ista
2315 990 2483 1029 causa
2504 979 2561 1029 et
2581 976 2953 1048 oppressione
2983 976 3236 1049 aliquam
3256 976 3714 1034 misericordiam

2094 1064 2153 1116 et
2180 1063 2593 1119 relevationem
2642 1064 2869 1121 Sanctae
2897 1065 3085 1121 Marias
3134 1065 3515 1123 monasterio.
3550 1066 3717 1132 Quod

1991 1144 1997 1149 ’
2094 1167 2228 1206 cum
2259 1151 2382 1222 regi
2408 1153 2799 1222 ostenderem,
2819 1158 2878 1209 et
2902 1171 3034 1209 cum
3066 1154 3187 1226 ejus
3205 1155 3442 1212 consilio
3465 1159 3525 1212 et
3542 1155 3716 1212 bene-

2094 1240 2690 1307 volentia,multorum
2702 1244 2876 1298 etiam
2891 1244 3179 1299 honorum
3196 1244 3504 1301 hominum
3514 1244 3717 1319 depre-

2071 1328 2322 1384 ~catione
2348 1334 2663 1385 conventus
2693 1349 2899 1399 essem,
2927 1333 3268 1389 auctoritate
3287 1351 3403 1406 qua
3424 1333 3620 1402 debui,
3655 1339 3714 1390 et

2096 1416 2401 1473 devotione
2423 1436 2537 1490 qua
2555 1419 2737 1490 potui,
2757 1418 2964 1475 donavi
2995 1420 3245 1477 ecclesiae
3276 1422 3550 1494 prodicta
3570 1422 3715 1478 ban-

2097 1523 2238 1561 num
2261 1511 2320 1561 et
2344 1507 2668 1563 districtum
2685 1525 2857 1580 supra
2884 1510 3228 1581 scriptarum
3253 1526 3472 1579 rerum,
3497 1510 3717 1566 faciens

2098 1595 2469 1652 traditionem
2499 1613 2605 1667 per
2633 1614 2841 1653 manus
2893 1596 3186 1653 Godefridi
3235 1597 3413 1667 ducis,
3454 1598 3715 1672 ejusdem

2096 1684 2345 1739 ecclesiae
2376 1685 2655 1752 advocati,
2698 1690 2981 1758 praesente
3029 1686 3206 1742 etiam
3232 1688 3450 1744 Haceca
3472 1689 3601 1761 jam
3630 1688 3716 1744 vi-

2096 1772 2229 1841 dua,
2254 1777 2312 1828 et
2328 1773 2447 1828 ﬁlio
2466 1774 2586 1845 ejus
2606 1774 2867 1842 Dodone,
2899 1774 2997 1846 qui
3018 1776 3371 1847 werpierunt
3386 1778 3466 1849 (3)
3494 1775 3714 1832 ibidem

386 1861 638 1917 dictione
669 1879 771 1927 x11,
803 1879 856 1919 IV
882 1861 1012 1917 Idus
1056 1862 1205 1931 Maii,
1252 1866 1537 1934 regnante
1580 1861 1993 1934 gloriosissimo
2014 1863 2067 1921 B
2096 1861 2349 1927 tertiam,
2371 1878 2497 1934 quae
2522 1862 2593 1917 de
2612 1879 2712 1917 suo
2736 1862 3016 1918 beneficio
3034 1863 3308 1933 erant,ad
3329 1879 3472 1936 opus
3498 1868 3712 1921 sancta:

382 1966 521 2022 rege
546 1950 897 2006 Francorum
924 1951 1223 2007 Rotberto.

454 2041 573 2111 Ego
606 2040 774 2095 Dario
805 2040 926 2095 vice
952 2038 1278 2095 cancellarii
1308 2039 1634 2111 subscripsi.

1138 2129 1230 2184 III.

876 2216 990 2272 Pro
1028 2217 1206 2271 eodem
1245 2217 1490 2272 coenobio.

987 2305 1176 2378 (Anno
1212 2307 1397 2376 1018.)

453 2396 764 2463 AnNULrUs,
813 2394 1001 2466 gratia
1027 2395 1129 2450 Dei
1158 2396 1476 2451 Remorum
1508 2394 1990 2467 archiepiscopus.

458 2483 820 2539 Credibiliter
830 2500 1030 2539 verum
1046 2488 1132 2538 est
1142 2484 1292 2556 quod
1314 2483 1452 2538 dicit
1470 2488 1666 2539 sancta
1679 2484 1991 2556 Scriptura,

386 2571 521 2644 quia
549 2572 758 2627 ﬁducia
787 2575 872 2627 est
895 2588 1110 2643 magna
1131 2588 1328 2627 coram
1344 2589 1577 2628 summo
1603 2575 1721 2627 Deo
1746 2574 1995 2627 eleemo-

390 2677 533 2732 syna
550 2660 889 2716 facientibus
908 2677 1058 2715 eam.
1076 2660 1206 2715 Ideo
1238 2676 1342 2733 pro
1359 2664 1516 2715 certo
1540 2660 1827 2715 credimus
1848 2676 1991 2732 quo-

388 2749 547 2804 niam
569 2748 883 2803 maximam
900 2748 1134 2802 habebit
1152 2748 1685 2803 remunerationem
1708 2748 1805 2803 illa
1820 2749 1994 2803 mise-

382 2837 653 2906 ricordia,
678 2854 806 2910 qua:
830 2840 1164 2892 sanctorum
1194 2836 1331 2891 locis
1348 2839 1407 2891 et
1427 2836 1675 2891 ecclesiis
1695 2837 1796 2891 Dei
1831 2837 1990 2892 Chri-

2094 1950 2285 2007 Mariae
2307 1954 2585 2022 perpetuo
2612 1951 2945 2006 habendum
2968 1956 3026 2006 et
3039 1952 3231 2023 quiete
3256 1952 3710 2024 possidendum;

2095 2042 2159 2094 ut
2186 2039 2452 2094 homines
2476 2043 2688 2094 sanctae
2716 2039 2906 2095 Marias
2936 2040 2997 2095 in
3040 2040 3316 2109 Mosomo,
3348 2042 3436 2096 vel
3479 2039 3710 2097 Flabeio

2096 2131 2418 2197 manentes,
2442 2130 2526 2183 vel
2554 2128 2822 2202 deinceps
2850 2129 3234 2202 undecunque
3255 2128 3335 2185 ibi
3366 2146 3606 2189 manere
3624 2147 3717 2188 ve-

2095 2216 2341 2283 nientes,
2375 2218 2560 2272 nullas
2605 2218 2957 2273 constumias
2989 2218 3060 2290 (4)
3092 2217 3259 2273 alicui
3286 2217 3594 2275 hominum
3621 2219 3712 2276 vel

2092 2304 2364 2377 potestati
2389 2305 2622 2372 faciant,
2655 2304 2764 2360 nisi
2812 2305 3007 2362 abbati
3060 2308 3119 2361 et
3153 2306 3454 2363 monachis
3484 2307 3711 2364 Sanctus

2093 2390 2302 2460 Mariae,
2320 2409 2426 2448 nec
2446 2392 2655 2466 placita
2667 2394 2993 2461 observent,
3014 2410 3121 2449 nec
3132 2394 3351 2466 vigilias
3361 2395 3711 2466 custodiant,

2096 2497 2203 2535 nec
2219 2482 2399 2536 lectos
2418 2481 2741 2553 praebeant,
2762 2481 2868 2536 nisi
2891 2482 2965 2537 ad
2986 2482 3280 2538 servitium
3302 2483 3573 2542 ecclesias.
3590 2483 3716 2550 Qua

2094 2570 2408 2625 traditione
2428 2569 2765 2625 solemniter
2783 2570 2956 2638 facta,
2972 2575 3031 2626 et
3056 2570 3250 2626 banno
3281 2572 3386 2628 sub
3408 2573 3717 2644 praesentia

2093 2658 2246 2730 regis
2288 2660 2549 2714 Rotberli
2580 2658 2846 2731 legaliter
2874 2659 3168 2732 imposito,
3202 2677 3276 2716 ne
3305 2661 3512 2734 aliquis
3534 2661 3714 2718 homo

2092 2746 2202 2801 hoc
2225 2746 2544 2818 infringere
2576 2751 2955 2817 praesumeret
2975 2747 3309 2819 aliquando,
3333 2748 3511 2805 etiam
3538 2749 3614 2805 ad
3630 2750 3717 2805 fuo

2048 2906 2051 2909 γ
2092 2836 2359 2889 turorum
2393 2835 2741 2889 memoriam
2762 2839 2821 2889 et
2837 2836 3087 2890 ecclesia
3118 2836 3451 2891 libertatem
3477 2853 3715 2893 conser-

385 2924 571 2997 stiqne
586 2924 936 2998 pauperibus
950 2924 1199 2979 fideliter
1212 2923 1996 2996 fueritimpensa.Propterca
2095 2922 2367 2991 vandam,
2399 2923 2756 2978 auctoritatis
2792 2926 3004 2978 nostras
3050 2923 3329 3005 scriptum
3354 2924 3626 2997 imposui,
3657 2929 3717 2981 et

386 3016 591 3068 notum
640 3029 761 3068 esse
809 3013 935 3067 volo
983 3016 1101 3067 tam
1150 3011 1528 3082 praesentibus
1576 3029 1748 3084 quam
1791 3012 1996 3067 futuris
2095 3011 2326 3082 signare
2357 3010 2486 3077 feci,
2519 3011 2845 3065 admonens
2890 3026 2959 3065 ex
3003 3014 3167 3083 parte
3215 3012 3317 3067 Dei
3361 3028 3719 3069 successores

388 3102 595 3157 Christi
624 3102 890 3157 fidelibus
912 3105 969 3156 et
990 3101 1216 3169 nostris,
1243 3105 1689 3172 nostrorumque
1710 3117 1997 3156 successo-
2097 3101 2324 3153 nostros
2352 3103 2430 3166 ut,
2450 3098 2592 3153 sicut
2603 3115 2705 3152 sua
2717 3102 2927 3153 statuta
2947 3099 3325 3155 ecclesiastice
3342 3099 3496 3157 facta
3519 3102 3722 3157 volunt

386 3190 566 3258 ribus,
595 3191 752 3263 quod
776 3206 885 3261 ego
907 3191 968 3245 in
996 3190 1097 3244 Dei
1115 3190 1353 3245 nomine
1370 3190 1995 3258 Arnulfns,Remorum
2019 3210 2069 3271 ο
2097 3187 2371 3243 inviolata
2401 3204 2661 3253 manere,
2693 3189 2770 3243 sic
2799 3188 2970 3259 hujus
3008 3192 3222 3245 nostra:
3251 3188 3631 3246 donationem
3661 3192 3722 3247 et

387 3280 575 3352 gratia
604 3278 706 3333 Dei
753 3278 1230 3350 archiepiscopus,
1271 3294 1376 3349 per
1404 3278 1705 3332 consilium
1735 3279 1997 3333 Rotberti

388 3367 544 3439 regis
562 3368 937 3433 Francorum,
953 3370 1010 3421 et
1032 3366 1347 3420 multorum
1370 3365 1624 3420 fidelium
1641 3370 1995 3435 nostrorum,

390 3456 641 3512 ecclesias
673 3460 884 3511 sanctas
917 3455 1017 3510 Dei
1046 3453 1344 3508 Genitricis
1382 3455 1572 3509 Marias
1622 3454 1875 3523 Mosomi,
1910 3473 1996 3511 se-

388 3546 642 3601 cundum
675 3545 853 3601 etiam
883 3544 1037 3616 quod
1077 3559 1110 3597 a
1140 3541 1561 3615 praedecessore
1590 3559 1722 3598 meo
1752 3545 1997 3599 Adalbe-

390 3651 533 3690 rone
556 3632 920 3689 devotissime
946 3632 1161 3685 factum
1178 3630 1386 3698 fuerat,
1407 3647 1509 3702 per
1527 3630 1999 3702 deprecationem

388 3723 626 3778 Bosonis
657 3720 881 3775 abbatis
912 3719 1170 3790 ejusdem
1201 3718 1332 3786 loci,
1365 3719 1632 3790 quaedam
1678 3720 1833 3774 bona
1872 3738 2001 3793 quae

383 3811 529 3884 juris
557 3808 739 3865 nostri
771 3812 938 3863 erant
964 3807 1415 3863 misericorditer
1434 3807 1664 3875 indulsi,
1704 3811 1769 3862 ut
1796 3825 1999 3864 mona-

390 3900 527 3956 chos
546 3898 691 3954 inibi
712 3898 831 3952 Deo
849 3895 1162 3951 servientes
1180 3900 1379 3951 nostra
1399 3896 1765 3951 sublevarent
1791 3897 2006 3953 benefi-

390 3989 497 4056 cia,
514 3992 797 4060 quatenus
813 3986 1025 4040 animas
1038 3988 1247 4040 nostras
1263 3988 1718 4040 etsuccessorum
1734 4002 2002 4042 meorum

388 4076 672 4138 remedio,
688 4080 898 4130 sanctas
916 4074 1107 4129 Marias
1128 4078 1189 4132 et
1209 4090 1503 4129 servorum
1530 4074 1653 4146 ejus
1672 4076 2003 4131 subveniret

392 4164 597 4221 oratio.
621 4166 702 4220 De
724 4164 883 4235 cujus
900 4164 1070 4218 rebus
1090 4163 1533 4218 illimonasterio
1557 4168 1691 4218 tunc
1709 4164 2000 4236 pertinere

389 4253 759 4321 debentibus,
784 4269 915 4307 cum
943 4256 1114 4308 antea
1147 4253 1329 4307 multo
1356 4256 1618 4324 tempore
1639 4254 1887 4309 Romam
1906 4272 2001 4328 pe-

392 4343 633 4410 tiissem,
681 4345 737 4397 et
770 4340 1111 4413 praedictum
1142 4341 1407 4395 abbatem
1440 4358 1669 4397 mecum
1697 4343 1995 4411 haberem,

2097 3280 2374 3333 statutum
2388 3277 2769 3347 eleemosynaa
2783 3278 2940 3332 nullo
2952 3276 3187 3350 ingenio
3202 3278 3494 3351 patiantur
3506 3279 3726 3337 rescin-

2100 3366 2158 3421 di
2177 3367 2263 3420 vel
2280 3365 2475 3420 violari
2501 3365 2694 3438 aliqua
2712 3365 2959 3422 ratione.
2975 3366 3257 3421 Omnibus
3276 3383 3414 3423 vero
3439 3383 3585 3440 quos
3611 3384 3717 3423 uo-

2100 3458 2230 3510 strae
2268 3454 2596 3509 auctoritati
2626 3454 2915 3509 vinculum
2956 3454 3162 3511 Christi
3188 3456 3498 3529 subjugare
3523 3456 3719 3527 debet,

2100 3542 2427 3611 comitibus,
2434 3543 2457 3614 j
2467 3542 2745 3612 udicibus,
2760 3543 3102 3615 praepositis,
3116 3544 3354 3601 diversis
3373 3544 3550 3603 etiam
3562 3550 3724 3619 pote-

2100 3631 2362 3700 statibus,
2395 3632 2497 3686 sub
2524 3633 2895 3688 anathemate
2926 3632 3134 3688 Christi
3163 3638 3222 3689 et
3251 3634 3427 3690 totius
3453 3635 3722 3691 Ecclesiae

2101 3720 2471 3776 interdictum
2516 3720 2810 3789 facientes,
2843 3737 3253 3777 ammonemus
3282 3726 3346 3777 ut
3375 3724 3534 3780 nullo
3564 3724 3726 3798 inge-

2103 3810 2224 3877 nio,
2257 3809 2417 3864 nulla
2442 3808 2690 3877 ratione,
2715 3810 2875 3865 nulla
2894 3809 3203 3882 cupiditate
3224 3811 3724 3883 subripiente,hoc

2105 3897 2402 3953 decretum
2459 3902 2818 3968 praesumant
2866 3898 3187 3972 infringere
3250 3901 3338 3955 vel
3399 3916 3722 3958 removere.

2105 3986 2272 4052 Quod
2299 3987 2345 4041 si
2373 3987 2563 4042 facere
2587 3987 3080 4060 praesumpserint,
3112 4003 3243 4043 cum
3267 3988 3415 4045 Juda
3442 3989 3722 4046 traditore

2103 4076 2334 4137 Domini
2365 4077 2699 4148 subjaceant
2722 4081 2955 4133 aeternae
2984 4076 3399 4133 maledictioni.
3428 4078 3569 4147 Fiat,
3596 4078 3719 4136 ﬁat.

2173 4167 2217 4234 -ιη
2248 4164 2491 4238 Signum
2520 4166 2742 4221 Arnulfi
2773 4166 2874 4222 Dei
2903 4165 3091 4239 gratia
3125 4166 3430 4224 Remensis
3457 4166 3720 4224 Ecclesia

2100 4253 2540 4322 archiprzesulis.

2172 4344 2215 4411 -ι-
2245 4342 2490 4413 Signum
2520 4342 2902 4399 Adalberonis
2932 4346 3142 4400 sancta:
3185 4342 3582 4400 Laudunensis
3614 4345 3719 4400 Ec-

394 4408 734 4504 deprecatus
746 4408 874 4485 sum
896 4429 1212 4496 humiliter,
1231 4433 1289 4484 et
1309 4429 1528 4485 obtinui
1552 4449 1587 4486 a
1611 4433 1745 4486 sede
1774 4408 2000 4504 aposto-
2021 4408 2077 4471 D
2098 4408 2283 4489 clesiaa
2310 4408 2585 4504 episcopi.

390 4523 598 4590 lica,ut
628 4522 722 4575 ille
744 4522 900 4576 locus
918 4518 1156 4575 Mosomi
1190 4520 1466 4575 Romanas
1494 4521 1849 4576 auctoritatis
1876 4540 1997 4579 me-

390 4615 553 4670 retur
569 4611 782 4666 habere
804 4609 1129 4682 privilegia;
1164 4608 1367 4681 quibus
1388 4610 1655 4681 acceptis,
1687 4614 1745 4666 et
1780 4612 2002 4684 aliquot

394 4702 830 4758 decurrentibus
841 4699 1214 4767 annis,nostri
1228 4698 1629 4754 ministeriales
1641 4700 1710 4754 de
1721 4701 1997 4769 Mosomo,

396 4794 457 4847 et
473 4791 696 4863 judices
726 4791 796 4845 de
827 4790 1057 4844 castello
1090 4774 1388 4858 coeperunt
1432 4787 1595 4842 illum
1626 4789 1813 4843 locum
1849 4807 1999 4862 saepe

396 4881 727 4943 molestare,
770 4881 829 4932 et
869 4880 1150 4949 tanquam
1194 4892 1260 4930 ex
1304 4879 1501 4930 nostra
1527 4876 1870 4933 rectitudine
1898 4894 2002 4949 per

395 4968 657 5024 bannum
690 4971 748 5023 et
777 4966 1097 5021 districtum
1138 4968 1400 5019 nostrum
1431 4964 1666 5019 suborta
1704 4967 2002 5025 occasione

399 5056 680 5129 plurimas
707 5053 943 5127 injurias
969 5054 1189 5119 facere;
1228 5052 1363 5125 quia
1418 5051 1750 5109 hominibus
1778 5056 2003 5113 Sancta:

397 5144 585 5201 Marias
619 5145 678 5198 in
721 5146 969 5198 Mosomo
1030 5145 1087 5195 et
1131 5140 1361 5195 Flabeio
1390 5141 1605 5215 (Flaba)
1637 5146 2005 5200 manentibus

401 5249 632 5289 necesse
647 5236 769 5287 erat
785 5230 1025 5303 gemina
1046 5230 1259 5301 placita
1280 5230 1589 5298 custodire,
1613 5235 1671 5286 et
1685 5232 1904 5303 vigilias
1933 5233 2006 5288 ad

400 5326 653 5379 castrum
675 5321 884 5389 facere,
912 5324 969 5375 et
986 5320 1045 5374 in
1065 5318 1269 5373 dandis
1286 5318 1465 5387 lectis,
1490 5320 1576 5374 vel
1598 5321 1722 5376 aliis
1739 5322 2005 5394 negotiis,

399 5411 631 5471 servitia
648 5410 929 5485 praebere.
953 5409 1067 5464 Hac
1096 5408 1166 5463 de
1187 5423 1378 5476 causa,
1398 5424 1530 5463 cum
1561 5425 1745 5466 essem
1772 5409 1831 5465 in
1858 5412 2011 5485 regis

475 5680 554 5760 (3)
588 5680 838 5758 Wnpire
862 5682 951 5739 vel
965 5682 1233 5756 gmpirc,
1261 5679 1666 5741 abandonner.

2168 4524 2211 4590 -ί-
2246 4519 2490 4592 Signum
2517 4518 2777 4575 Fulconis
2806 4520 3208 4577 Ambianensis
3236 4520 3512 4596 episcopi.

2169 4610 2213 4678 -Ῑ-
2243 4607 2489 4679 Signum
2510 4608 2747 4663 Gerardi
2770 4604 3196 4665 Cameracensis
3218 4610 3492 4684 episcopi.

2171 4698 2215 4766 -Ῑ-
2240 4695 2485 4766 Signum
2516 4696 2748 4768 Rotgeri
2782 4696 3211 4753 Catalaunensis
3241 4699 3515 4773 episcopi.

2172 4786 2417 4856 Signum
2476 4784 2766 4840 Godefridi
2798 4785 2976 4855 ducis,
3015 4786 3276 4858 ejusdem
3325 4788 3586 4846 Ecclesiae
3617 4789 3717 4846 ad-

2098 4874 2304 4932 vocati.

2174 4964 2419 5036 Signum
2447 4962 2966 5036 Dudonis,signum
2990 4965 3205 5023 Odonis
3229 4968 3474 5036 comitis,
3488 4968 3720 5039 signum

2108 5053 2390 5125 Hilgaudi,
2414 5054 2643 5124 signum
2668 5054 2856 5121 Alulfi,
2876 5056 3337 5114 archidiaconiet
3354 5054 3718 5112 vicedomini.

2175 5144 2379 5195 Actum
2393 5141 2651 5197 Lauduni
2671 5142 2730 5196 in
2745 5145 3098 5201 monasterio
3111 5149 3321 5201 sancite
3333 5142 3540 5211 Mariae,
3565 5159 3722 5199 anno

2108 5230 2179 5285 ab
2210 5229 2612 5285 lncarnatione
2656 5231 2889 5287 Domini
2921 5233 3099 5289 nostri
3144 5234 3271 5287 Jesu
3326 5231 3530 5286 Christi
3564 5234 3725 5300 l0l8,

2108 5318 2430 5373 indictione
2463 5335 2501 5385 ι,
2534 5326 2817 5392 regnante
2847 5323 3121 5377 Rotherto
3170 5336 3307 5392 rege
3351 5319 3726 5377 Francorum.

2182 5408 2302 5480 Ego
2334 5406 2394 5462 in
2419 5407 2522 5463 Dei
2551 5409 2788 5465 nomine
2816 5409 3001 5467 Bardo
3032 5408 3406 5466 cancellarius
3432 5408 3656 5483 scripsi.

2189 5683 2271 5759 (4)
2297 5681 2658 5748 (lautumias,
2680 5678 2896 5737 service
2918 5679 3096 5739 etain
3120 5696 3229 5756 par
3252 5681 3320 5740 la
3336 5684 3633 5747 coutumc.
