4028 6186
384 384 520 443 I553

909 380 1365 440 CONSTANTINI
1421 382 1482 440 S.
1537 381 2011 445 SYMPHOBIANI
2060 383 2348 473 ABBATIS
2392 385 2553 445 VITA
2597 385 3084 448 ADALBERONIS
3116 389 3187 447 II.

3534 428 3539 433 -
3574 396 3709 471 issi

384 485 3704 519 ————-—————————————————_————.———______

1481 617 2099 745 INCIPIT
2174 620 2605 747 VITA.

462 957 512 1009 1.
543 953 831 1010 Adalbero
869 961 887 998 ι
928 954 1147 1009 sanctae
1178 952 1363 1008 Mettis
1396 951 1737 1009 venerabilis
1770 953 1999 1025 praesul,
2022 955 2077 1015 Α
2106 954 2178 1010 ad
2224 953 2659 1012 reformandam
2710 954 2769 1011 in
2826 956 3050 1031 populis
3086 973 3290 1032 pacem
3344 957 3523 1015 totius
3560 959 3715 1035 pacis

390 1043 593 1115 magni
622 1042 1000 1099 Adalberonis
1028 1042 1317 1098 fratruelis
1362 1042 1492 1115 (15),
1550 1042 1682 1097 licet
1739 1047 2001 1114 tempore

389 1132 654 1201 inferior,
698 1133 831 1188 licet
859 1134 988 1203 post
1018 1135 1204 1203 natus,
1230 1120 1447 1187 merito
1472 1134 1530 1187 et
1559 1131 1758 1203 gratiae
1776 1132 2002 1204 privile-

390 1221 510 1294 gio,
541 1238 672 1276 vere
702 1220 975 1288 fatemur,
1009 1236 1128 1275 non
1155 1220 1364 1291 impar,
1396 1220 1579 1292 gloria
1608 1210 1817 1292 luxque
1840 1220 2006 1275 decu-

392 1327 534 1384 sque
564 1326 695 1365 cum
727 1326 966 1366 suorum
996 1340 1064 1350 —
1093 1313 1357 1365 nostrum
1398 1309 1643 1365 dicimus
1669 1342 1737 1350 —
1770 1314 1893 1365 tum
1926 1314 2009 1365 to-

390 1399 505 1454 tius
528 1398 751 1471 patriae,
775 1399 847 1454 ad
873 1400 981 1454 hoc
1013 1398 1277 1453 omnium
1306 1415 1536 1471 quaqua
1591 1398 1744 1453 orbis
1790 1398 2008 1469 degen-

394 1487 562 1555 tium,
595 1504 779 1559 genus
808 1488 880 1542 ab
905 1486 1109 1542 attavis
1137 1496 1158 1529 ²
1185 1490 1242 1542 et
1271 1502 1445 1558 supra
1473 1487 1839 1542 nobillimum
1862 1496 2007 1555 8,se-

396 1592 509 1648 que
534 1592 750 1647 suoque
770 1574 1012 1649 praemio
1067 1574 1309 1630 omnino
1364 1592 1703 1647 perornans,
1767 1576 2008 1631 omnino

397 1665 773 1736 perlustrans,
807 1665 946 1719 dum
996 1663 1132 1719 vixit
1186 1663 1459 1735 splendor
1506 1664 1900 1736 gaudiumque
1932 1668 2009 1732 et,

403 1753 477 1808 ad
502 1753 922 1808 conservandus
951 1770 1042 1807 res
1066 1753 1342 1824 publicas,
1366 1769 1496 1824 spes
1524 1753 1721 1808 salutis
1757 1756 1814 1808 et
1862 1753 2012 1817 vitae,

396 1840 785 1895 nonodecimo
818 1840 1105 1895 Kalendas
1132 1839 1389 1895 Januarii
1443 1840 1581 1895 dum
1641 1840 1901 1907 decessit,
1934 1843 2016 1895 lu-

397 1931 521 1984 ctus
551 1929 647 2001 qui
673 1929 784 1984 dici
811 1946 926 1984 non
961 1932 1201 2000 possunt
1230 1929 1462 2001 reliquit
1502 1929 1610 1996 his,
1660 1930 1868 2002 quibus
1915 1931 2016 1985 ab-

395 2034 609 2074 scessus
639 2018 761 2091 ejus
788 2019 1044 2073 tenebrae
1098 2021 1332 2072 aeternas
1389 2018 1689 2091 caligoque
1738 2022 2019 2091 perpetua

396 2106 627 2175 abhinc,
659 2108 805 2179 proh
839 2106 1035 2162 dolor!
1071 2110 1417 2178 perseverat.
1448 2108 1546 2162 Hic
1570 2109 1805 2163 nomine
1846 2111 1905 2162 et
1934 2108 2015 2161 vi-

394 2199 464 2250 ta:
501 2196 650 2267 grati
682 2212 930 2266 magnus
958 2195 1030 2250 ad
1062 2194 1264 2250 mundi
1290 2199 1626 2267 provectum
1664 2200 1721 2251 et
1746 2196 2015 2251 aacclesiaz

391 2282 851 2338 stabilimentum
902 2287 1256 2355 procreatus,
1321 2286 1484 2354 patre
1546 2284 1853 2351 Friderico,
1916 2284 2014 2355 qui

392 2371 585 2428 Galliae
626 2371 909 2426 medianae
951 2371 1083 2440 dux,
1135 2371 1537 2443 generositatis
1595 2372 1933 2427 excellentia
1958 2374 2016 2426 et

394 2460 690 2533 sapientia:
722 2460 1131 2531 prmminentia
1162 2462 1374 2515 multos
1406 2461 1896 2533 praedecessorum
1953 2459 2012 2513 in
2035 2445 2084 2503 Β

394 2549 453 2604 id
482 2548 657 2603 ofﬁcii
694 2548 1003 2620 superavit,
1033 2552 1218 2604 matre
1243 2548 1521 2617 Beatrice,
1547 2567 1675 2621 quae
1700 2549 1891 2620 Magni
1914 2547 2017 2603 Hu-

398 2634 568 2708 gonis
597 2634 715 2689 ﬁlia
744 2635 871 2701 fuit,
907 2636 1243 2708 progenitus
1276 2639 1380 2702 est,
1420 2640 1477 2689 et
1526 2639 1750 2690 tantam
1779 2641 2014 2707 tamque

404 2722 664 2777 inclitam
693 2721 907 2777 lineam
935 2734 956 2764 ι
987 2722 1218 2795 generis
1248 2741 1369 2778 non
1403 2724 1578 2778 modo
1622 2741 1739 2778 non
1772 2723 2016 2777 infama-

398 2812 502 2879 vit,
537 2828 735 2866 verum
768 2813 916 2865 ultra
948 2806 1123 2884 quam
1171 2814 1257 2866 est
1300 2812 1512 2880 dicere,
1546 2814 1695 2866 ultra
1725 2830 1899 2884 quam
1933 2816 2017 2867 est

400 2901 575 2973 digne
624 2901 911 2967 meditari,
965 2901 1232 2955 decoram
1299 2901 1551 2956 reddidit
1600 2904 1656 2954 et
1704 2899 2014 2973 insignem,

401 2990 542 3045 dum
577 2989 958 3045 Adalberonis
988 2990 1103 3045 vita
1132 2990 1442 3063 purissima
1464 2994 1521 3045 et
1543 2989 1811 3062 gloriosa,
1846 2993 2020 3063 prout

401 3080 516 3137 fert
544 3078 818 3135 instantia
848 3080 1148 3152 temporis,
1169 3080 1394 3153 populis
1421 3080 2019 3152 enarratur,gentibus

402 3168 475 3224 ad
507 3168 607 3223 Dei
633 3171 690 3223 et
712 3167 918 3224 Christi
944 3169 1065 3241 ejus
1104 3168 1334 3225 Domini
1384 3168 1562 3224 nostri
1612 3168 1858 3240 gloriam
1891 3184 2021 3241 pro-

401 3256 723 3311 nuntiatur.

473 3348 523 3399 2.
552 3344 698 3409 Quid
721 3348 915 3400 autem
952 3344 1158 3417 egerit,
1181 3345 1253 3400 ad
1285 3345 1424 3416 quid
1482 3349 1648 3399 natus
1698 3345 1789 3415 sit,
1838 3346 2022 3418 qualis

400 3433 624 3502 vixerit,
638 3434 834 3506 paucis
875 3436 1065 3491 dicere
1103 3435 1420 3507 cupientes,
1455 3435 1795 3490 iutimamus
1821 3436 2020 3490 audire

398 3524 974 3591 volenti,amatorem
999 3541 1132 3579 eum
1157 3542 1223 3578 ex
1244 3523 1432 3579 cordis
1459 3524 1791 3595 integritate
1818 3541 1881 3578 ac
1906 3524 2023 3579 ani.

398 3612 481 3667 mi
508 3613 761 3667 maxima
786 3613 1081 3668 alacritate
1110 3612 1193 3666 sui
1217 3630 1280 3666 ex
1306 3613 1469 3667 cunis
1494 3613 1665 3667 fuisse
1684 3612 2020 3681 conditoris,

398 3701 730 3774 proximum
763 3720 827 3756 ex
861 3701 1053 3757 divino
1091 3705 1383 3774 prmcepto
1445 3702 1687 3756 omnino
1740 3702 2020 3768 dilexisse,

2108 1044 2336 1100 amator
2358 1044 2642 1101 Adalhero
2672 1062 2889 1118 genere
2927 1049 2986 1101 et
3019 1050 3218 1104 mente
3257 1047 3641 1107 nobilissimus
3669 1058 3713 1118 ⁸,

2104 1136 2453 1206 procurante
2484 1137 2541 1189 et
2571 1139 2946 1204 procurrente
2976 1139 3163 1191 matre
3183 1136 3461 1205 Beatrice,
3487 1137 3715 1197 favente

2108 1221 2347 1276 domina
2381 1222 2691 1278 Adelheide
2708 1228 2969 1296 augusta,
2986 1224 3164 1298 prolis
3189 1225 3375 1282 adhuc
3388 1226 3718 1283 tenerrima:

2106 1310 2249 1377 avia,
2285 1311 2440 1381 quod
2466 1315 2659 1366 autem
2688 1313 2944 1384 primum
2966 1313 3254 1369 bonarum
3282 1331 3478 1371 rerum
3497 1318 3719 1388 postre-

2108 1415 2387 1471 mumque
2409 1403 2515 1467 est,
2543 1401 2659 1455 Deo
2693 1400 2932 1456 omnino
2961 1406 3277 1471 annuente,
3305 1404 3449 1459 votis
3484 1405 3724 1477 populo-

2108 1504 2240 1542 rum
2268 1491 2326 1543 et
2355 1490 2678 1544 seculorum
2708 1489 3098 1546 famosissime
3143 1491 3298 1547 Metti
3358 1494 3568 1564 prmsul
3616 1494 3727 1549 ele-

2110 1579 2274 1631 vatur
2304 1579 2363 1631 et
2393 1577 2761 1633 constituitur
2790 1578 2881 1634 die
2915 1582 2978 1635 17
3011 1579 3415 1637 Kal.Novemb.
3437 1597 3591 1638 anno
3612 1582 3725 1639 Du-

2112 1664 2340 1721 minicae
2368 1665 2783 1722 incarnationis
2814 1670 2917 1725 984
2945 1676 2967 1710 ο
2999 1667 3314 1725 indictione
3347 1672 3414 1726 12
3432 1677 3476 1726 τ.

2188 1850 2218 1902 3
2275 1844 2414 1901 Mira
2437 1861 2569 1901 vero
2592 1844 2694 1901 Dei
2722 1849 2782 1901 et
2810 1844 3045 1902 Domini
3067 1846 3251 1902 nostri
3289 1846 3499 1919 gratia,
3538 1849 3598 1904 et
3625 1863 3730 1921 po-

2120 1936 2318 1993 tentia:
2342 1936 2579 2008 antiqua
2593 1935 2983 2008 virtute,quod
3002 1939 3088 1991 est
3099 1936 3254 1991 dictu
3273 1936 3560 2006 mirabile,
3578 1938 3734 2012 prin-

2120 2028 2314 2098 cipum
2346 2026 2444 2081 illa
2474 2026 2758 2081 discordia
2780 2043 2955 2098 quam
2984 2026 3269 2100 putabant
3295 2043 3416 2082 non
3452 2027 3576 2084 sine
3601 2044 3734 2084 ma-

2118 2117 2246 2188 gnis
2267 2114 2532 2187 periculis
2563 2132 2668 2170 nec
2697 2116 2995 2187 sanguinis
3024 2124 3046 2159 ο
3077 2114 3262 2172 multa
3297 2116 3572 2173 effusione
3603 2135 3733 2175 um-

2118 2221 2293 2276 quam
2316 2204 2697 2272 evadendam,
2721 2203 2800 2259 sic
2826 2204 3047 2275 sedata,
3071 2204 3151 2260 sic
3181 2205 3255 2260 ad
3287 2205 3467 2260 nichil
3502 2206 3736 2262 redacta

2116 2296 2221 2359 est,
2285 2296 2348 2346 ut
2389 2310 2481 2347 res
2505 2293 2629 2363 jam
2660 2292 2721 2347 in
2762 2291 2940 2347 armis
2979 2293 3308 2361 constituta,
3342 2294 3415 2350 ad
3452 2294 3737 2351 unitatem

2118 2380 2281 2437 electi
2298 2380 2730 2453 principisetad
2748 2380 3193 2436 diuturnitatem
3216 2398 3365 2437 verte
3398 2382 3576 2453 pacis,
3607 2399 3735 2454 quae

2117 2469 2395 2542 quamdiu
2423 2468 2560 2522 vixit
2590 2468 2859 2540 princeps
2875 2468 3033 2523 idem
3052 2469 3298 2538 duravit,
3318 2470 3737 2541 perfectissima

2116 2559 2307 2623 rediit,
2335 2558 2472 2611 dum
2488 2557 2631 2611 votis
2654 2556 2914 2611 ﬁdelium
2956 2556 3244 2613 Adalbero
3270 2557 3332 2613 in
3362 2559 3518 2613 hunc
3547 2558 3737 2631 digni-

2116 2645 2251 2700 tatis
2276 2643 2620 2716 pontiﬁcalis
2643 2643 2890 2714 gradum
2921 2643 3057 2698 felix
3105 2644 3383 2701 ascendit.
3441 2646 3581 2701 Acta
3606 2647 3740 2701 sunt

2116 2734 2238 2787 haec
2270 2732 2531 2786 felicibus
2573 2730 2837 2802 auspiciis
2887 2731 3227 2787 Wormaciaa
3277 2731 3445 2803 (circa
3493 2739 3596 2788 oet.
3626 2733 3738 2804 20),

2119 2818 2414 2891 quondam
2468 2816 2687 2888 Vangio
2733 2816 2921 2883 dictas,
2951 2834 3063 2889 quo
3094 2817 3378 2873 exercitus
3428 2818 3738 2879 Galliarum

2119 2904 2540 2976 Germanieque
2554 2920 2688 2975 pars
2703 2903 2776 2958 ad
2802 2904 3113 2959 favendum
3130 2920 3308 2975 puero
3323 2904 3591 2978 principi,
3604 2922 3740 2978 pars

2120 2997 2183 3049 ut
2213 2993 2523 3055 resisteret,
2547 2995 2908 3047 concesserat
2929 2992 3065 3063 (17).
3101 2992 3215 3048 Sed
3245 2992 3610 3049 Adelberone
3634 2994 3738 3050 ba-

2120 3082 2233 3138 culi
2264 3080 2792 3155 pastoralisdonato
2807 3080 3212 3153 honore,regi,
3244 3098 3416 3153 quem
3442 3081 3593 3139 Deus
3622 3082 3739 3138 ele-

2120 3175 2285 3245 gerat
2304 3174 2365 3225 ut
2382 3169 2730 3237 eratvidere,
2750 3169 2846 3241 qui
2862 3169 3035 3242 paulo
3055 3171 3190 3225 ante
3203 3169 3537 3227 restiterant
3553 3170 3740 3244 magis

2119 3263 2290 3332 hujus
2321 3259 2473 3314 beati
2509 3259 2729 3314 meritis
2750 3261 2881 3330 post
2901 3259 3027 3330 plus
3046 3275 3263 3331 pronos
3287 3258 3737 3316 adserviendnm

2120 3366 2242 3405 sese
2272 3347 2574 3419 inpingere
2599 3347 2971 3415 festinabant,
3005 3350 3062 3403 et
3094 3346 3291 3403 ﬁdeles
3347 3347 3473 3403 fore
3530 3348 3737 3404 abhinc

2122 3438 2181 3494 in
2214 3440 2509 3510 posterum
2567 3435 2946 3491 devovebant.
3001 3434 3150 3501 Quid
3201 3435 3491 3508 amplius?
3516 3436 3738 3493 Pacatis

2122 3528 2295 3583 rebus
2318 3524 2516 3597 regiis,
2546 3523 2931 3596 tranquillatis
2961 3524 3178 3580 cunctis
3204 3524 3360 3596 regis
3394 3524 3526 3581 novi
3563 3541 3740 3598 nego-

2127 3616 2237 3683 tiis,
2268 3613 2514 3681 Beatrix,
2548 3630 2675 3684 qua:
2707 3612 2877 3683 hujus
2906 3612 3065 3684 pacis
3088 3613 3461 3686 propagatrix
3495 3615 3611 3670 Deo
3641 3630 3740 3669 an-

2128 3706 2343 3759 nuente
2369 3701 2654 3767 extiterat,
2680 3704 2737 3754 et
2759 3701 2917 3771 cujus
2947 3700 3228 3756 industria
3261 3705 3382 3757 tam
3420 3701 3609 3757 subita
3634 3700 3741 3767 mi-

398 3789 829 3845 inﬁrmantium
857 3807 1097 3862 corpore
1129 3791 1242 3844 sive
1275 3790 1447 3844 corde
1470 3791 1680 3855 usibus,
1697 3794 1759 3844 ut
1774 3790 1878 3844 sibi
1896 3789 2023 3862 ipsi,
2052 3766 2099 3825 Ο
2126 3794 2288 3848 litum
2306 3793 2363 3845 et
2381 3789 2706 3861 principum
2727 3788 2788 3842 in
2808 3804 3008 3859 regem
3026 3789 3418 3846 confederatio
3439 3790 3593 3847 facta
3611 3790 3737 3845 fue-

398 3895 627 3951 semper
655 3879 1153 3946 condescendisse,
1180 3883 1544 3933 mortuorum
1564 3878 1871 3950 sepulturis
1898 3877 2028 3931 assi-

402 3968 537 4037 due,
570 3967 711 4023 dum
756 3986 988 4023 necesse
1018 3972 1161 4036 erat,
1193 3968 1461 4033 astitisse,
1517 3971 1573 4023 et
1628 3970 1690 4021 ut
1744 3968 2028 4021 succincte

400 4059 586 4112 multa
601 4056 812 4126 dicam,
843 4074 975 4111 eam
1006 4056 1115 4112 sibi
1143 4058 1331 4129 legem
1369 4058 1570 4111 beatus
1610 4059 1910 4123 statuerat,
1944 4059 2024 4125 ut,

402 4162 747 4218 quocunque
779 4145 1030 4213 veniret,
1062 4146 1153 4200 lux
1179 4146 1427 4218 quedam
1460 4145 1678 4199 venisse
1706 4147 1763 4199 et
1784 4162 1911 4216 spes
1941 4160 2029 4198 sa-

404 4234 537 4289 lutis
555 4234 866 4302 videretur,
888 4251 1236 4306 semperque
1262 4234 1334 4288 ad
1368 4234 1560 4288 divina
1583 4233 1859 4287 mandata
1892 4248 2029 4286 con-

405 4324 687 4378 servanda
718 4327 774 4378 et
804 4323 1087 4377 fratribus
1121 4323 1661 4394 utiliapraavidenda
1678 4322 2034 4377 seanimum-

408 4429 519 4484 que
532 4429 699 4467 suum
722 4411 843 4467 inte
856 4430 891 4466 n
903 4412 1119 4467 tissime
1137 4411 1422 4484 piissimus
1444 4412 1826 4484 prmparabat.
1845 4412 2034 4467 Scola-

405 4499 565 4555 ribus
587 4500 903 4571 disciplinis
966 4502 1119 4572 apud
1160 4502 1529 4573 Gurgitenses
1568 4503 1674 4571 (l6)
1717 4501 2030 4558 castissime

407 4588 651 4646 detritus
681 4592 738 4644 et
762 4588 1074 4657 institutus,
1102 4590 1241 4645 dum
1268 4593 1396 4661 post
1417 4593 1667 4645 mortem
1686 4590 1919 4645 secundi
1940 4592 2031 4646 Ot-

406 4676 559 4732 tonis
588 4676 701 4731 divi
724 4677 1095 4749 imperatoris
1135 4680 1253 4747 (an.
1293 4679 1440 4747 984),
1502 4681 1561 4733 et
1596 4695 1725 4732 casu
1758 4681 1936 4751 patris
1971 4683 2029 4735 et

406 4766 654 4820 orbitate
687 4767 1001 4822 immatura
1028 4766 1149 4833 ﬁlii,
1208 4771 1336 4839 post
1375 4768 1549 4821 creati
1603 4768 1826 4822 cmsaris
1873 4773 2027 4823 totus

408 4855 672 4910 occidens
698 4856 1050 4911 dissensione
1077 4855 1692 4926 minorum,majorum
1716 4860 1911 4911 autem
1929 4875 2025 4912 cu-

408 4942 650 5014 piditate
672 4944 745 4998 ad
767 4944 1403 5015 regnandum,omnino
1428 4945 2025 5015 langueret,dcfuncto

407 5033 805 5089 memoranda
824 5032 957 5089 vitae
977 5034 1096 5090 viro
1120 5033 1434 5089 Dcoderico
1452 5033 1723 5105 pontiﬁce
1741 5034 1854 5107 (an.
1874 5037 2023 5105 984),

2128 3885 2371 3945 rat,cum
2388 3894 2489 3932 sua
2504 3876 2832 3932 felicissima
2840 3878 3002 3947 prole
3022 3875 3157 3932 felix
3170 3880 3229 3931 et
3243 3877 3387 3947 ipsa,
3410 3881 3618 3933 etcum
3637 3893 3739 3933 no-

2125 3969 2225 4026 bili
2247 3970 2341 4023 illo
2364 3965 2729 4022 Meltensium
2759 3964 3031 4031 exercitu,
3063 3965 3140 4021 ad
3168 3966 3375 4021 urbem
3392 3965 3511 4022 filio
3537 3966 3736 4023 datam

2126 4058 2209 4113 ire
2241 4059 2534 4129 properat,
2563 4054 2818 4127 gestibus
2844 4054 3031 4110 cordis
3059 4056 3116 4109 et
3140 4053 3395 4127 corporis
3411 4054 3617 4127 quibus
3631 4070 3738 4127 po-

2129 4151 2296 4215 terat,
2321 4147 2527 4220 quibus
2557 4148 2816 4211 noverat,
2839 4146 3021 4200 Deum
3071 4147 3129 4199 et
3166 4142 3266 4200 Dei
3302 4142 3601 4216 antiquam
3622 4144 3736 4217 cle-

2130 4238 2413 4293 mentiam
2436 4238 2494 4291 et
2521 4251 2815 4290 summam
2841 4234 3162 4291 bonitatem
3177 4250 3241 4289 ac
3256 4236 3453 4289 notam
3469 4231 3739 4305 gentibus

2129 4328 2400 4383 virtutem
2420 4325 2799 4397 magniﬁcans
2818 4327 2991 4396 atque
3007 4323 3357 4379 collaudans.
3390 4322 3476 4378 Fit
3505 4338 3741 4379 concur-

2129 4435 2222 4473 sus
2252 4416 2505 4471 virorum
2538 4432 2603 4469 ac
2626 4415 2957 4481 mulierum,
3012 4414 3077 4468 ﬁt
3101 4412 3360 4468 inaudita
3390 4412 3739 4485 populorum

2128 4505 2459 4577 irruptio,ﬁt
2473 4500 2829 4558 admirabilis
2848 4501 3271 4556 monachorum
3281 4499 3663 4574 ac9virginum
3684 4502 3742 4555 et

2127 4598 2461 4650 sanctorum
2476 4592 2739 4648 omnium
2763 4590 2981 4645 votivus
2993 4607 3057 4646 ac
3072 4590 3250 4646 dulcis
3268 4589 3741 4662 applausus,dum

2125 4682 2383 4748 veniunt,
2410 4682 2548 4735 dum
2576 4680 2673 4734 diu
2694 4678 3025 4750 praestolata
3044 4676 3255 4750 gaudia
3285 4677 3465 4735 affore
3490 4694 3739 4735 cernun-

2126 4774 2218 4826 tur
2244 4774 2301 4824 et
2325 4769 2731 4842 suscipiuntur.
2772 4764 2999 4831 Quanta
3020 4765 3127 4839 piis
3157 4765 3490 4839 gratulatio,
3525 4770 3742 4840 quanta

2123 4859 2384 4914 cordium
2401 4857 2711 4929 praeconia,
2735 4857 2876 4912 dum
2892 4873 2925 4911 a
2945 4855 3173 4929 papulis
3213 4856 3415 4912 laudes
3439 4858 3556 4913 Deo
3581 4871 3737 4923 reso-

2126 4951 2338 5002 nantur
2364 4956 2429 5011 10,
2464 4947 2600 5000 dum
2622 4945 2807 4999 clerus
2833 4960 2952 4998 non
2977 4946 3205 5000 tantum
3230 4944 3390 5000 urbis
3419 4943 3589 4998 unius
3612 4957 3737 4997 mo-

2126 5035 2229 5089 dos
2264 5033 2619 5089 dulcissimos
2651 5036 2708 5087 et
2737 5033 2843 5087 hos
2872 5031 3183 5088 altissimos
3204 5032 3356 5088 inter
3385 5029 3737 5085 cantandum

1728 5141 1960 5196 VARLE
2026 5142 2312 5198 LECTION
2320 5143 2422 5198 ES.

483 5236 501 5270 ι
531 5226 901 5309 Ιιιοίρξρηνίζε
952 5226 1105 5309 beati
1155 5227 1551 5309 Ad‘elberonis"
1572 5228 1843 5309 episcopi.
1882 5231 2060 5309 Igitur
2082 5232 2475 5309 3&dalb_er;0__'2_,
2522 5232 2575 5309 3_.
2638 5236 2679 5309 Ἀ
2704 5229 2780 5283 ita
2822 5230 3142 5309 1.223."
3173 5228 3252 5309 ita
3284 5227 3333 5278 1.
3374 5222 3740 5309 nobilumum

411 5316 551 5355 corr.
604 5298 1026 5353 nobilissimum
1076 5302 1110 5354 2
1164 5310 1185 5340 ι
1234 5300 1387 5353 linea
1435 5302 1488 5353 4.
1537 5298 1935 5355 δῆοὺίιιὶηιιιεῖ
1970 5306 2020 5357 '2.
2078 5305 2128 5357 3.
2181 5311 2202 5343 ⁶
2255 5302 2478 5357 DCCCC
2537 5304 2586 5356 1.
2654 5304 2707 5359 2.
2764 5299 3033 5356 αιιᾱίιοὺι
3086 5302 3140 5356 2.
3195 5299 3492 5351 atramento

3536 5294 3691 5367 fusco
3720 5311 3739 5349 ε

415 5370 704 5425 LXXXIIII.
731 5377 754 5411 τ
781 5369 920 5423 locus
950 5386 1135 5425 erasus
1162 5372 1217 5423 in
1247 5374 1296 5424 1.
1329 5387 1580 5427 numerus
1626 5377 1922 5427 atramento
1956 5375 2108 5444 fusco
2143 5373 2357 5429 additus
2392 5375 2447 5427 in
2475 5376 2529 5429 2.
2562 5379 2584 5415 ⁸
2620 5388 2727 5428 nec
2773 5372 2895 5428 sine
2927 5388 2972 5425 s.
3013 5373 3068 5425 2.
3115 5369 3167 5426 3.
3209 5375 3231 5411 ο
3261 5368 3321 5424 et
3354 5364 3647 5440 virginum
3674 5382 3743 5441 ac

1964 5514 2183 5572 ΝΟΤᾸέ.

416 5445 470 5497 2.
504 5444 555 5497 3.
595 5448 640 5483 ιο
666 5445 943 5497 resonant
971 5446 1023 5496 2.
1060 5444 1111 5495 3.

516 5584 600 5640 153
623 5582 838 5637 Fratris
859 5581 1126 5640 Friderici
1152 5583 1318 5639 ﬁlius.

516 5588 578 5640 15
623 5584 838 5637 Fratris
859 5584 1126 5640 Friderici

484 5584 600 5728 ὅδὲ
628 5655 670 5710 I.
696 5668 748 5710 θ.
787 5653 1135 5710 Gorzicnzes.

2214 5588 2229 5658 ί
2237 5586 2320 5657 17)
2356 5587 2468 5640 Rex
2498 5582 2577 5639 ibi
2606 5586 2675 5638 20
2710 5580 2832 5637 Oct.
2866 5582 3027 5646 erat;
3073 5578 3320 5635 Bohmer
3347 5580 3488 5651 Reg.
3528 5579 3594 5634 N.
3623 5580 3751 5636 625.
