4094 6178
362 398 505 464 Issa
1286 400 1741 465 CONSTANTINI
1778 403 1839 463 s.
1870 387 2344 462 smpno'amm
2377 395 2686 461 seems.
3543 405 3676 470 {550

361 529 522 600 facit,
554 529 694 588 dum
723 545 1016 587 sacrarum
1037 538 1080 574 ιι
1111 531 1424 588 mulierum
1454 532 1626 588 turba
1647 547 1813 587 voces
1846 533 1963 587 Deo
1984 533 2040 593 Α
2062 546 2198 585 cura
2241 528 2346 585 sibi
2399 531 2525 584 erat
2552 527 2851 585 monachis
2880 543 3111 604 semper
3150 529 3374 587 dilectis
3424 537 3680 591 accurate

364 618 569 693 dignas
601 620 849 677 efferunt
883 619 945 674 in
975 621 1226 679 excelsis.
2063 618 2198 673 satis
2227 635 2450 690 parare.

435 711 489 766 4.
527 708 764 764 Interim
791 709 1114 765 benedictio
1136 710 1506 766 sacerdotalis
1524 729 1702 785 usque
1732 711 1791 766 in
1809 708 1966 767 Chri-
2135 711 2184 762 9.
2211 709 2359 780 Ergo
2399 708 2660 763 ﬂbeatus
2684 707 2788 774 vir,
2813 723 2944 763 cum
2964 724 3097 780 quo,
3134 710 3198 762 ut
3227 725 3360 764 vere
3383 710 3687 779 credimus,

366 796 436 852 sti
469 795 698 852 Domini
730 798 981 852 natalem
1024 797 1317 867 ditl‘ertur;
1351 802 1404 853 et
1451 801 1586 872 quia
1632 799 1964 855 Dominicus
2063 796 2212 851 Deus
2232 800 2356 850 erat
2384 813 2515 851 vere
2541 795 2888 866 apostolicus
2905 797 3172 851 omnibus
3197 806 3240 839 η
3259 798 3462 852 omnia
3483 799 3680 868 factus,

364 885 482 942 dies
523 885 596 940 ad
633 890 744 941 hoc
772 890 1199 942 sacramentum
1217 890 1614 963 peragendum
1639 907 1672 943 a
1700 889 1964 944 Patribus
2064 888 2127 938 ut
2178 901 2380 940 omnes
2435 884 2778 951 lucrifacret,
2833 884 3108 941 universis
3152 902 3268 940 non
3313 887 3489 944 modo
3523 887 3680 946 cleri-

361 976 448 1028 est
468 973 781 1042 institutus,
803 978 833 1030 5
865 976 1283 1044 Kal.Januarii,
1320 995 1431 1049 quo
1456 978 1662 1033 natalis
1681 980 1963 1034 Innocen-
2063 973 2141 1028 cis
2171 973 2271 1028 sed
2311 976 2368 1028 et
2418 973 2596 1038 laicis,
2627 973 2838 1028 Iudaeis
2877 973 3054 1028 etiam
3111 974 3519 1029 dilectissimus
3545 981 3683 1045 erat,

360 1065 483 1117 tum
514 1062 757 1118 celebris
779 1067 1107 1133 veneratur,
1153 1066 1516 1121 dominicalis
1541 1066 1961 1122 resurrectione
2061 1060 2142 1116 ita
2171 1065 2232 1116 ut
2286 1079 2462 1134 usque
2491 1062 2684 1130 hodie,
2721 1061 3162 1134 praetermittam
3212 1063 3577 1130 christianos,
3621 1065 3688 1119 ab

360 1150 593 1207 Domini
618 1155 871 1207 sacratus
903 1170 969 1208 ac
999 1158 1227 1210 sanctus
1246 1155 1365 1210 dies
1402 1155 1589 1224 affuit;
1624 1159 1680 1210 et
1707 1172 1835 1209 ecce
1866 1173 1964 1211 an-
2061 1148 2196 1222 ipsis
2230 1153 2437 1203 nostra:
2463 1159 2505 1191 ιι
2527 1149 2704 1204 etiam
2746 1149 3045 1221 religionis
3078 1150 3460 1205 infestissimis
3490 1152 3696 1207 Judazis

361 1239 562 1296 tistites
583 1240 903 1296 vicinarum
930 1242 1222 1298 civitatum
1252 1244 1552 1315 Trevir-im,
1587 1263 1712 1317 qua;
1742 1249 1826 1300 est
1845 1261 1962 1301 me-
2060 1237 2361 1292 cotidianis
2415 1238 2658 1293 luctibus
2688 1241 2746 1292 et
2783 1239 3051 1311 gravibus
3079 1239 3334 1310 suspiriis
3391 1240 3690 1295 deﬂeatur.

357 1329 599 1400 tropolis
622 1330 879 1403 antiqua,
897 1332 1275 1399 conﬂuentes,
1303 1333 1391 1388 cui
1415 1333 1663 1388 domnus
1687 1336 1959 1390 Ecbertus
2062 1325 2217 1380 Ηυηο
2247 1325 2433 1380 Omnis
2456 1343 2622 1380 503115
2637 1329 2695 1380 et
2714 1330 2872 1393 αξιᾶδ,
2905 1327 3058 1380 hunc
3080 1326 3268 1380 omnis
3294 1327 3435 1381 Ol‘dO
3475 1331 3535 1381 et
3561 1345 3690 1383 COD-

357 1418 698 1474 venerabilis
719 1418 1181 1492 archiepiscopus
1210 1426 1478 1493 praeerat,
1525 1423 1759 1493 paribus
1814 1424 1959 1478 votis
2060 1413 2220 1479 ἀίιίο,
2253 1415 2406 1468 hunc
2459 1414 2660 1469 ίῐιεοιω
2719 1426 2776 1469 et
2834 1414 3093 1484 advenae,
3160 1415 3317 1468 hunc
3365 1415 3521 1470 infra
3571 1423 3690 1470 et“

358 1507 600 1578 parique
632 1524 864 1562 assensu
892 1508 1196 1562 dominum
1229 1510 1653 1566 Adelberonem
1685 1512 1744 1566 iu
1761 1512 1958 1567 sedem
2060 1503 2213 1556 hunc
2254 1507 2413 1556 extra
2443 1503 2633 1574 positi,
2657 1504 2810 1557 hunc
2843 1503 2964 1558 noti
3013 1505 3163 1558 hunc
3193 1503 3402 1574 ignoti,
3438 1505 3592 1558 miro
3618 1505 3694 1559 af-

358 1595 648 1650 Mettensis
674 1595 829 1651 urbis
856 1597 1159 1668 praesulem
1196 1603 1534 1652 consecrant
1571 1603 1742 1672 atque
1788 1601 1964 1656 bene—
2013 1636 2032 1645 ο
2063 1595 2216 1646 fectu
2243 1592 2461 1646 mentis
2495 1593 2920 1646 venerabantur
2966 1609 3030 1646 ac
3063 1593 3405 1664 diligebant.

359 1683 577 1739 dicunt.
611 1685 752 1739 Hinc
778 1686 903 1756 jam
929 1685 1313 1758 pastoralibus
1343 1687 1491 1741 curis
1537 1691 1595 1741 et
1632 1688 1822 1744 ovium
1870 1690 1965 1743 do-

358 1771 708 1827 minicarum
738 1771 996 1845 registris
1026 1773 1321 1845 susceptis,
1356 1777 1544 1829 totum
1569 1793 1626 1831 se
1674 1779 1734 1830 ut
1776 1777 1966 1831 forma

357 1859 656 1915 commissi
689 1860 881 1934 gregis
902 1861 1071 1917 ﬂeret
1100 1862 1363 1930 accinxit,
1400 1867 1582 1918 totum
1602 1864 1660 1917 in
1696 1865 1792 1918 Dci
1827 1882 1964 1936 ope-

357 1965 422 2006 re
451 1964 660 2021 corpus
686 1951 745 2004 et
764 1949 1024 2004 animam
1055 1967 1384 2022 prmparare
1409 1951 1754 2018 deliberans,
1771 1970 1964 2007 exem-

360 2038 522 2110 plum
558 2037 919 2093 subditorum
950 2042 1007 2094 et
1036 2039 1330 2111 specimen
1360 2041 1431 2095 ad
1446 2040 1681 2096 virtutes
1698 2042 1822 2097 fore
1842 2045 1966 2097 stu-

360 2129 455 2186 dio
481 2145 710 2185 summo
730 2129 975 2186 curavit.

434 2223 487 2274 5.
514 2217 777 2273 Aﬂ‘abilis
817 2218 994 2273 etiam
1023 2220 1194 2273 astate
1225 2221 1322 2272 aut
1350 2222 1690 2292 paupertate
1727 2219 1963 2274 inferio-

368 2305 546 2374 ribus,
572 2308 725 2362 ultra
752 2323 927 2380 quam
952 2308 1108 2362 credi
1131 2308 1238 2362 hoc
1271 2310 1532 2379 tempore
1554 2308 1750 2380 possit,
1776 2307 1966 2362 humi-

361 2393 430 2450 lis
455 2395 554 2463 sic,
579 2398 699 2450 uta
718 2395 982 2468 pravisin
1013 2397 1120 2450 hoc
1152 2398 1216 2450 et
1249 2413 1284 2450 a
1318 2397 1577 2468 superbis
1605 2396 1764 2467 quasi
1796 2397 1971 2451 nimis

367 2482 620 2554 dejectus
646 2485 965 2549 notaretur,
999 2483 1155 2537 mitis
1179 2499 1299 2555 prae
1331 2484 1601 2537 omnibus
1631 2483 1716 2537 sui
1751 2487 1971 2554 tempo-

363 2569 563 2637 ris,ire
590 2571 705 2638 (18)
737 2569 977 2624 omnino
1009 2586 1230 2642 expers,
1260 2570 1339 2624 ita
1365 2573 1426 2624 ut
1466 2587 1526 2624 se
1566 2571 1765 2626 mirari
1811 2572 1972 2626 dice-

363 2660 473 2725 ret,
505 2657 578 2713 ad
596 2657 736 2731 quid
761 2661 861 2713 aut
885 2659 1176 2732 quomodo
1211 2659 1272 2714 in
1309 2659 1579 2714 homines
1621 2660 1827 2716 vitium
1858 2661 1969 2716 ira-

367 2745 593 2802 cundia:
627 2751 972 2820 assurgeret,
1005 2765 1138 2802 cum
1168 2747 1288 2819 ipse
1313 2747 1641 2822 disciplinas
1671 2767 1811 2822 erga
1842 2767 1970 2806 ma-

366 2833 420 2890 le
442 2833 717 2890 facientes
740 2851 1005 2891 exercere
1036 2835 1306 2908 gestiens,
1339 2836 1503 2891 irasci
1536 2853 1654 2892 non
1686 2842 1897 2910 posset.

439 2923 492 2978 6.
521 2921 833 2979 Servorum
865 2924 964 2978 Dei
988 2927 1046 2979 et
1063 2925 1350 2996 praecipue
1378 2927 1798 2980 monachorum
1821 2943 1976 2982 ama-

368 3010 947 3080 torferventissimus,
981 3012 1125 3068 adeo
1157 3016 1220 3068 ut
1248 3030 1283 3068 a
1311 3013 1468 3068 laicis
1499 3014 1724 3068 assidue
1766 3015 1978 3070 lacera-

371 3103 462 3155 tus
487 3116 552 3155 ac
575 3117 857 3169 corrosus,
891 3101 1033 3156 nihil
1060 3104 1255 3174 preter
1278 3103 1801 3158 monachoscurare
1828 3103 1975 3158 infa-

373 3191 668 3259 maretur;
701 3189 908 3246 Christi
942 3190 1175 3246 Domini
1198 3194 1352 3245 certe
1380 3190 1642 3246 imitator
1676 3192 1801 3247 ﬁeri
1851 3208 1980 3246 exo-

371 3278 543 3348 ptans
563 3280 622 3332 et
645 3293 776 3334 vere
804 3278 1058 3351 cupiens,
1095 3278 1233 3333 dum
1261 3279 1571 3334 Dominum
1600 3297 1788 3346 suum,
1822 3279 1978 3352 quod

374 3379 505 3419 cum
534 3365 856 3438 publicanis
879 3371 936 3422 et
953 3367 1350 3438 peccatoribus
1373 3370 1791 3436 convivaretur,
1838 3385 1979 3424 con-

1987 1827 2038 1884 B

2143 1684 2225 1736 10.
2261 1683 2394 1735 Erat
2417 1681 2592 1752 igitur
2611 1697 2848 1752 corpore
2886 1683 3012 1754 plus
3048 1682 3266 1736 cunctis
3303 1683 3387 1736 sui
3413 1682 3692 1753 temporis

2067 1773 2358 1836 venustus,
2404 1773 2626 1825 statura
2657 1771 2920 1837 decorus,
2968 1771 3158 1825 forma
3203 1772 3460 1842 elegans,
3518 1773 3691 1826 oculis

2069 1859 2522 1926 amantissimus,
2550 1877 2691 1916 nasu
2711 1860 3037 1928 mediocris,
3061 1860 3278 1932 capillis
3299 1861 3462 1915 albus
3482 1864 3544 1915 et
3562 1861 3692 1932 ipsis

2067 1948 2211 2002 raris
2263 1952 2320 2002 et
2374 1949 2581 2020 planis,
2637 1967 2702 2003 ex
2751 1966 2966 2020 genere
2997 1950 3388 2021 corpulentus,
3419 1951 3692 2004 manibus

2070 2037 2425 2108 pedibusque
2459 2042 2516 2092 et
2542 2042 2662 2092 toto
2695 2039 2849 2111 quod
2872 2043 2998 2093 erat
3037 2038 3363 2093 mirabilem
3417 2041 3605 2093 Deum
3634 2039 3691 2093 in

2070 2125 2340 2182 omnibus
2363 2128 2631 2199 operibus
2645 2128 3132 2194 suisostendebat,
3167 2131 3225 2181 et
3250 2144 3427 2200 quam
3451 2128 3694 2182 decorus

2071 2215 2274 2269 Factor
2325 2216 2386 2269 in
2426 2233 2527 2271 sua
2558 2220 2765 2270 natura
2795 2218 2885 2283 sit,
2919 2217 3080 2287 cujus
3111 2219 3230 2270 tam
3269 2216 3482 2270 decora
3518 2233 3694 2289 opera

2071 2303 2415 2370 habeantur,
2450 2321 2509 2358 se
2537 2305 2906 2360 cernentibus
2938 2305 3250 2360 indicabat.
3280 2305 3615 2360 Primordia
3631 2321 3694 2360 ac

2071 2391 2345 2462 primitize
2367 2396 2598 2448 actuum
2624 2393 2798 2464 ipsius
2825 2394 2896 2448 ad
2927 2394 3146 2448 divinos
3169 2411 3302 2448 usus
3335 2397 3393 2448 et
3429 2394 3502 2448 ad
3536 2411 3694 2448 exer—

2071 2480 2283 2535 cendos
2309 2483 2535 2536 animos
2552 2481 2609 2535 in
2635 2482 2720 2536 his
2737 2499 2862 2555 quae
2890 2482 3119 2555 pietatis
3140 2486 3292 2549 sunt,
3308 2482 3494 2535 sancti
3530 2481 3694 2553 Sym-

2070 2569 2338 2638 phoriani
2367 2570 2523 2624 locus
2557 2570 2762 2637 extitit,
2811 2571 2907 2642 qui
2956 2571 3091 2624 licet
3147 2569 3494 2641 antiquitate
3558 2570 3695 2624 nihil

2070 2661 2281 2727 praeter
2300 2658 2497 2712 ruinas
2528 2663 2585 2712 et
2623 2676 2783 2714 casus
2814 2659 3222 2731 praetenderet,
3265 2662 3322 2712 et
3359 2659 3418 2712 in
3451 2658 3697 2730 nigerri-

2075 2762 2235 2800 mam
2266 2748 2476 2802 faciem
2507 2749 2628 2820 ejus
2661 2766 2874 2819 magna
2900 2749 3169 2803 nobilitas
3194 2749 3525 2814 decidisset,
3557 2749 3698 2803 situs

2074 2836 2499 2895 amoenissimus
2530 2837 2820 2910 vineisque
2847 2837 3172 2892 uberrimus
3202 2854 3264 2891 ac
3297 2838 3457 2891 urbis
3488 2837 3696 2892 vicinio

2073 2923 2447 2991 honorabilis,
2481 2929 2812 2980 sanctorum
2843 2925 3289 2997 multiplicitate,
3315 2930 3374 2980 et
3413 2926 3577 2997 quod
3616 2929 3700 2979 est

2075 3011 2390 3080 decentius,
2421 3015 2569 3069 sedis
2600 3015 2935 3087 pontiﬁcum
2989 3015 3312 3069 numerosis
3354 3014 3700 3084 corporibus

2074 3099 2512 3168 famosissimus,
2542 3119 2640 3156 cor
2662 3104 2811 3158 beati
2841 3106 2898 3157 et
2921 3111 2964 3145 ιε
2993 3102 3304 3157 dulcissimi
3330 3102 3564 3156 domini
3597 3118 3700 3156 no-

2078 3188 2179 3242 stri
2207 3190 2586 3246 Adelberonis
2611 3196 2670 3246 ct
2703 3196 2984 3259 mentem,
3021 3196 3086 3246 ut
3139 3192 3196 3246 in
3247 3193 3398 3245 hanc
3453 3208 3588 3262 quae
3619 3194 3703 3244 est

2078 3276 2274 3332 videre
2307 3280 2529 3334 decoris
2554 3280 2947 3352 spetiosissimi
2978 3283 3341 3335 venustatem
3369 3280 3700 3344 reduceret,

2078 3364 2323 3436 induxit,
2343 3373 2399 3423 et
2422 3370 2478 3423 in
2505 3371 2815 3426 redivivam
2847 3375 2906 3424 ut
2954 3373 3281 3442 assurgeret
3321 3367 3702 3423 formositatis

373 3451 569 3507 viciari
598 3455 839 3526 legeret,
874 3457 932 3510 et
962 3472 995 3508 a
1021 3456 1211 3510 Judeis
1236 3457 1498 3529 pessimis
1512 3457 1625 3512 vini
1645 3460 1974 3528 potatorem
2017 3526 2042 3529 μ
2079 3456 2349 3526 gratiam,
2375 3459 2777 3515 devotissimus
2809 3460 3150 3527 elaboravit;
3185 3475 3292 3513 nec
3320 3459 3565 3523 destitit,
3600 3457 3701 3512 do-

376 3543 643 3595 vocatum
686 3542 931 3612 audiret,
986 3560 1044 3599 se
1091 3526 1444 3619 improperia
1500 3526 1831 3618 hujusmodi
1882 3526 2044 3601 autC
2079 3558 2187 3597 nec
2211 3545 2357 3600 adid
2379 3548 2532 3618 quod
2557 3553 2807 3620 coeperat
2826 3549 2975 3603 felici
3002 3548 3098 3603 Dei
3123 3526 3277 3602 dono
3319 3545 3466 3600 votis
3489 3545 3700 3600 beatis-

377 3625 528 3682 forte
555 3629 820 3698 graviora
842 3648 948 3704 pro
978 3633 1237 3705 ejusdem
1262 3635 1489 3690 Domini
1538 3635 1622 3690 sui
1673 3652 1787 3706 quo
1829 3635 1978 3689 mul-

377 3715 507 3769 tum
531 3715 787 3774 fervebat
813 3736 1013 3777 amore
1053 3723 1296 3795 perpeti,
1357 3723 1578 3778 divitias
1617 3723 1978 3778 inestimabi-

379 3799 464 3859 les
487 3808 547 3861 et
575 3811 741 3877 grata
760 3808 867 3866 sibi
899 3827 1145 3867 munera
1166 3811 1484 3884 judicabat.

453 3899 505 3950 7.
535 3893 818 3953 Conviviis
845 3900 1101 3957 virorum
1123 3903 1457 3956 sanctorum
1484 3904 1541 3956 et
1560 3902 1981 3957 monachorum

380 3981 632 4040 maxime
661 3986 738 4042 sic
776 3988 1172 4046 delectabatur
1191 3994 1254 4044 ut
1283 3989 1507 4045 felicem
1530 4009 1589 4046 se
1615 4008 1682 4046 eo
1714 3991 1807 4045 die
1832 3992 1982 4046 fate-

379 4073 560 4140 retur,
591 4090 704 4146 quo
732 4092 864 4131 cum
883 4077 972 4132 his
992 4077 1043 4132 ei
1062 4078 1349 4148 prandere
1377 4079 1984 4151 contingeret,quibus

380 4160 633 4218 mundus
662 4165 961 4220 cruciﬁxus
985 4170 1071 4221 est
1091 4169 1148 4220 et
1176 4166 1282 4239 ipsi
1308 4169 1548 4236 mundo,
1582 4169 1789 4240 quibus
1819 4171 1874 4222 et
1897 4184 1986 4222 ac-

377 4251 659 4306 cumbens
713 4271 848 4327 sepe
907 4254 1138 4309 dicebat
1169 4271 1182 4310 :
1224 4255 1427 4324 Venite,
1452 4266 1512 4312 ut
1536 4257 1765 4313 sedeatz's
1795 4274 1827 4309 (ι
1857 4256 1982 4310 dex-

377 4341 473 4396 tris
498 4341 611 4411 ﬁlii
635 4344 820 4397 matris
847 4341 1110 4398 ecclesia.

447 4432 501 4486 8.
525 4429 654 4485 Hec
672 4447 803 4485 vere
826 4431 977 4495 dico,
997 4447 1129 4486 vere
1157 4431 1363 4500 fateor,
1399 4434 1535 4506 quia
1564 4435 1672 4488 hoc
1717 4436 1774 4488 et
1807 4435 1980 4489 verbo

2076 3629 2237 3686 simis
2255 3641 2297 3676 17
2317 3635 2680 3708 adimpleret.
2730 3639 2795 3692 Et
2823 3638 2957 3709 quia
2982 3637 3271 3708 parietum
3329 3638 3387 3690 et
3421 3633 3705 3689 maceria-

2079 3736 2210 3774 rum
2241 3724 2574 3792 proceritas,
2616 3730 2898 3780 tectorum
2953 3725 3228 3788 culmina,
3290 3725 3703 3779 columnarum

2081 3807 2324 3864 honesta
2349 3813 2691 3882 rotunditas,
2726 3813 3082 3869 rutilantium
3115 3814 3486 3868 metallorum
3509 3813 3702 3882 splen-

2083 3895 2208 3964 dor,
2243 3915 2398 3954 casso
2439 3902 2636 3956 labore
2685 3902 3005 3976 adquiritur
3031 3905 3088 3958 et
3118 3902 3279 3956 inani
3339 3900 3535 3956 studio
3565 3915 3704 3953 con-

2085 3986 2324 4056 geritur,
2339 3989 2384 4042 si
2413 3995 2792 4057 non,sem0ta
2813 3991 2967 4046 omni
3000 3991 3283 4046 mundani
3302 3991 3517 4044 favoris
3547 3984 3707 4058 cupi-

2085 4072 2263 4131 ditate
2277 4080 2693 4134 ettranseuntis
2722 4079 2903 4134 laudis
2933 4082 3137 4134 cuncto
3162 4079 3424 4151 appetitu
3453 4077 3703 4148 abjecto,

2084 4181 2190 4236 pro
2243 4168 2363 4221 solo
2397 4167 2604 4239 divinae
2660 4167 3145 4223 remunerationis
3190 4171 3457 4238 respectu
3514 4171 3702 4220 totum

2083 4259 2423 4326 congestum
2441 4273 2853 4329 corrasumque
2883 4257 3076 4326 fuerit,
3100 4259 3158 4311 et
3182 4260 3243 4310 ut
3277 4256 3500 4310 divinas
3534 4258 3703 4309 aeter-

2085 4359 2301 4414 nasque
2320 4345 2648 4399 mansiones
2670 4345 2771 4400 sibi
2792 4345 2974 4400 ﬁdelis
3004 4361 3068 4399 ac
3101 4346 3307 4400 devota
3331 4346 3450 4399 Deo
3475 4359 3700 4414 praepa-

2083 4437 2238 4488 raret
2260 4441 2303 4474 1⁸
2332 4435 2548 4500 anima,
2567 4435 2688 4488 haec
2720 4439 2950 4488 terrena
2979 4433 3572 4488 aedificiaconstruere
3594 4449 3702 4504 ap-

374 4521 432 4572 et
461 4521 650 4590 pastu,
679 4518 814 4574 licet
831 4518 1182 4588 immeritus,
1227 4521 1360 4576 licet
1399 4522 1817 4593 abjectissimus
1847 4539 1977 4576 suo-
2000 4571 2053 4630 D
2083 4537 2402 4595 parareque
2442 4523 2575 4577 totis
2613 4523 2810 4577 studiis
2840 4523 3011 4577 debet
3042 4539 3054 4576 :
3084 4522 3180 4576 hic
3223 4521 3426 4576 beatus
3463 4523 3520 4576 id
3553 4537 3698 4592 pra:-

372 4624 526 4676 rum,
552 4608 790 4664 dextere
828 4607 1004 4681 ipsius
1029 4610 1254 4666 domini
1291 4612 1406 4665 mei
1446 4613 1666 4684 primus
1699 4612 1975 4680 assidens,

371 4713 507 4770 sepe
528 4714 663 4752 usus
691 4712 842 4761 sum.
877 4699 1362 4772 participatusque
1406 4701 1529 4772 ejus
1572 4700 1747 4755 sacris
1802 4703 1976 4756 collo-

371 4785 543 4858 quiis,
574 4788 632 4840 et
669 4783 824 4839 inter
860 4787 1285 4842 convivandum
1328 4787 1793 4861 frequentissime
1826 4789 1977 4843 dele-

367 4877 575 4929 ctatus.
605 4872 988 4931 Miscebantur
1040 4876 1216 4930 etiam
1261 4892 1435 4931 sacrae
1462 4877 1876 4932 exhortationis
1909 4895 1973 4932 ac

365 4961 748 5036 correptionis
770 4963 1394 5021 dulcissimisermones
1405 4965 1715 5039 cibis,quos
1738 4983 1866 5021 sum
1878 4983 1972 5021 ma

2082 4608 2300 4678 videns,
2341 4613 2486 4677 loco,
2518 4629 2691 4682 quem
2733 4613 2848 4666 Deo
2889 4614 3207 4682 paraverat,
3239 4626 3546 4664 servorum
3571 4610 3694 4674 Dei,

2079 4700 2176 4772 qui
2199 4700 2469 4754 institutis
2486 4701 2665 4754 sancti
2693 4699 2984 4754 Benedicti
3015 4699 3164 4753 bene
3197 4714 3400 4769 parere
3430 4697 3586 4753 docti
3625 4697 3699 4752 ad

2077 4789 2395 4860 perfectum
2421 4787 2969 4858 noverant,collegio
3003 4786 3408 4841 decentissime
3427 4790 3694 4852 exornat,

2077 4880 2134 4931 et
2165 4880 2226 4931 ut
2253 4893 2358 4948 pro
2382 4878 2562 4932 salute
2595 4880 2872 4947 perpetua
2894 4893 3026 4929 cum
3044 4892 3145 4929 sua
3164 4875 3689 4947 praedecessorum-

2075 4982 2189 5038 que
2217 4982 2474 5034 suorum,
2509 4969 2644 5019 tunc
2684 4981 2787 5036 pro
2841 4963 3014 5018 totius
3051 4964 3227 5031 orbis,
3276 4963 3440 5033 cujus
3480 4981 3696 5035 magna

1682 5151 1916 5207 VARUE
1973 5150 2262 5207 LECTION
2269 5151 2368 5206 ES.

426 5330 468 5366 η
496 5337 725 5380 sacrum
759 5322 816 5379 3.
851 5329 896 5365 η
926 5320 1020 5378 Vir
1059 5323 1111 5377 2.
1165 5323 1215 5378 3.
1247 5331 1290 5366 1³
1323 5321 1521 5380 omnia
1551 5321 1822 5383 omnibus
1851 5325 1902 5378 '2.
1933 5321 1989 5379 3.
2025 5331 2068 5365 ιδ
2094 5340 2144 5378 e.
2175 5340 2234 5378 n.
2282 5325 2334 5378 8.
2366 5331 2410 5366 ιθ
2448 5323 2584 5379 deest
2618 5325 2670 5381 2.
2704 5326 2754 5378 3.
2790 5330 2834 5365 ιο
2859 5321 2914 5376 d.
2952 5323 3010 5376 et
3053 5323 3104 5376 3.
3137 5327 3180 5362 ιτ
3221 5319 3604 5376 devotissimis
3629 5323 3685 5375 3.

353 5399 399 5438 ιι
423 5399 711 5469 μωρίη-ει
735 5393 792 5454 2.

1881 5515 1924 5570 Ν
1933 5515 2106 5572 OT/E.

415 5637 528 5712 με)
556 5638 597 5694 ι.
621 5653 672 5694 ο.
697 5637 819 5695 ire.
