4094 6178
330 352 476 414 4559

1301 357 1752 418 CONSTANTINI
1781 356 1840 418 S.
1874 358 2342 426 SYIPHOBIANI
2383 368 2690 431 ABBATIS.

3527 382 3673 445 1560

344 483 649 565 pontiﬁcis
679 502 935 560 rumore,
995 490 1309 549 innitentes
1355 494 1590 561 baculis,
1622 497 1720 550 aut
1746 492 2027 554 carrio-A
2125 482 2211 548 l6.
2244 492 2398 550 Inter
2417 495 2606 564 multa,
2624 496 2835 570 inquit,
2862 515 2981 572 qua
2999 501 3233 573 inregno
3246 510 3434 562 nostra
3460 509 3678 564 vestri:-

342 582 417 638 tis
444 581 682 650 devecti,
712 581 1117 655 undecumque
1141 581 1533 639 conﬂuebant.
1561 585 1706 639 Dum
1719 584 1843 639 haec
1858 584 1954 639 ﬁe-

339 687 445 727 ren
453 670 1212 739 t,domnusAdalbero,dum
1225 672 1439 729 viveret
1450 674 1543 727 lux
1558 673 1952 745 gaudiumque

341 759 748 832 suorum,quia
766 763 1018 816 castrum
1050 760 1366 817 imminens
1407 762 1760 818 monasterio
1790 763 1954 817 sedes

339 853 429 906 est
459 848 820 922 episcopalis,
840 849 1137 921 sepissime
1164 852 1385 918 aderat,
1417 854 1475 906 et
1489 850 1952 923 hujumodiviros

341 937 557 994 cotidie
583 938 659 994 ad
694 937 1122 994 convivandum
1147 940 1457 1012 suscipiens
1475 940 1796 1011 ﬂ),propriis
1825 955 1953 994 ma-

342 1026 514 1083 nibus
532 1028 772 1083 vulnera
798 1027 897 1082 illa
912 1032 1282 1084 contrectans
1306 1032 1363 1083 et
1391 1030 1715 1096 lavans,ore
1745 1031 1804 1083 et
1823 1044 1952 1083 ocu-

340 1116 411 1173 lis
434 1117 979 1183 demulcens,Deum
1010 1116 1071 1172 in
1097 1116 1368 1173 omnibus
1402 1118 1517 1171 suis
1546 1117 1813 1188 operibus
1833 1118 1953 1171 lau-

342 1207 483 1263 dare
500 1210 560 1263 et
588 1206 933 1263 benedicere
960 1222 1077 1261 non
1116 1205 1584 1261 desinebat.Vere
1610 1207 1835 1277 loquar,
1865 1222 1950 1260 se-

342 1299 503 1369 ptem
517 1297 720 1354 diebus
739 1297 871 1352 huic
890 1296 1041 1352 divin
1049 1296 1321 1352 o'servitio
1334 1299 1678 1368 cooperator
1694 1296 1948 1363 interfui,

320 1389 406 1468 bet
432 1385 683 1459 propriis
706 1386 974 1442 manibus
997 1389 1097 1441 aut
1124 1385 1385 1440 lavabam
1423 1389 1522 1440 aut
1552 1386 1948 1455 detergebam,

344 1468 487 1531 dum
507 1492 626 1531 non
645 1475 839 1530 minus
851 1477 1085 1530 centum
1109 1473 1588 1547 autoctogintau,
1604 1477 1666 1529 ut
1686 1474 1949 1539 diximus,

348 1563 789 1620 cotidielavaret
804 1567 862 1619 et
893 1563 1019 1618 cibo
1046 1566 1352 1618 recrearet.
1376 1563 1520 1617 Nam
1552 1563 1691 1618 dum
1716 1564 1954 1617 vulnera

358 1651 484 1725 ipsa
515 1670 663 1725 aqua
695 1652 1197 1726 perfunderentur,
1230 1654 1423 1706 tantus
1470 1668 1649 1723 vapor
1676 1655 1953 1722 tantaque

349 1741 563 1796 nebula
586 1740 899 1796 domumin
922 1758 1035 1813 qua
1050 1739 1111 1795 id
1131 1741 1307 1796 ﬁebat
1330 1741 1679 1813 replebat.ut
1706 1741 1792 1794 vix
1810 1742 1955 1795 alter

2055 596 2158 652 que
2175 584 2478 653 parrochiis
2497 587 2818 653 corrigenda
2845 596 2988 657 sunt,
3013 597 3264 661 parentes
3307 596 3386 650 sic
3412 595 3520 649 sibi
3535 613 3673 668 pro-

2053 671 2199 723 xime
2228 672 2475 742 confugio
2504 674 2844 744 copulantur,
2884 683 2943 730 ut
2992 679 3169 736 Deum
3216 698 3325 734 non
3353 684 3597 737 timentes
3620 690 3677 739 et

2053 756 2288 813 homines
2334 777 2438 815 non
2466 767 2941 831 reverentes,etiam
2979 770 3127 821 tertii
3152 770 3258 824 loci
3285 774 3671 845 consanguini-

2055 850 2240 914 tatem,
2273 849 2414 919 quod
2435 849 2581 904 dictu
2617 859 2662 894 :7
2698 854 2853 923 nefas
2879 855 3051 921 est,ad
3095 858 3343 928 copulam
3397 862 3674 916 asscissere

2052 950 2159 988 non
2192 936 2541 1005 refugiant,et
2572 939 2789 1008 lineam,
2822 959 2941 1014 qua,
2973 944 3045 997 ad
3069 948 3351 1015 septimam
3374 964 3544 1020 usque
3564 965 3674 1018 ge-

2051 1027 2381 1079 nerationem
2448 1030 2616 1082 sacris
2673 1046 2939 1085 canonum
2997 1034 3416 1090 institutionibus
3453 1037 3679 1092 illibata

2049 1116 2353 1167 conservari
2366 1115 2615 1185 jubetur,
2638 1117 2832 1172 Judxis
2848 1124 3181 1194 paganisque
3232 1124 3562 1195 infeliciores
3608 1128 3679 1182 in

2048 1202 2173 1271 ipsis
2199 1204 2286 1255 sui
2307 1205 2544 1261 exordiis
2573 1207 2887 1279 abrumpere
2914 1226 3020 1263 non
3046 1211 3678 1288 formidantEpiscopis

2049 1288 2186 1343 hinc
2213 1290 2347 1345 inde
2367 1294 2699 1349 sedentibus
2724 1296 2938 1369 diuque
2967 1298 3424 1372 silentibus,pars
3448 1303 3522 1358 de
3552 1316 3676 1375 quo

2053 1377 2346 1433 diceretur
2375 1382 2796 1454 nesciens,pars
2822 1402 3133 1457 personam
3150 1388 3222 1443 de
3243 1406 3355 1461 quo
3369 1391 3679 1447 dicebatur

2053 1468 2301 1522 multum
2334 1471 2419 1524 vel
2451 1486 2659 1526 amans
2676 1474 2763 1527 vel
2793 1474 3173 1547 timens,quid
3197 1477 3360 1532 dictis
3379 1480 3681 1550 regalibus

2050 1557 2451 1627 responderet,
2480 1563 2493 1625 ξ
2510 1576 2742 1631 prorsus
2788 1562 3115 1634 ignorabat.
3149 1567 3307 1621 Mens
3336 1568 3491 1622 enim
3519 1570 3679 1623 male

2054 1644 2162 1698 sibi
2189 1647 2583 1715 conscia,dum
2611 1667 2681 1704 ea
2702 1668 2830 1723 quae
2862 1669 2981 1707 non
3010 1654 3129 1708 vult
3152 1655 3352 1711 audire
3371 1657 3681 1727 compelli-

2053 1735 2168 1801 tur,
2204 1734 2269 1789 tit
2305 1737 2553 1808 stupida,
2589 1755 2692 1793 vox
2742 1740 2977 1812 refugit,
3012 1743 3188 1797 verba
3234 1744 3591 1813 dilabuntur,
3619 1747 3685 1800 et

347 1831 596 1885 alterum
627 1829 820 1885 videre
841 1831 1177 1902 pnevaleret
1205 1838 1272 1895 οδ,
1300 1830 1451 1884 fetor
1481 1829 1657 1884 etiam
1678 1829 1954 1884 intolera-
1984 1820 2034 1879 Β
2055 1823 2303 1893 sapienti
2335 1842 2531 1880 coram
2562 1828 2781 1898 positus
2815 1830 3113 1885 honestius
3161 1831 3212 1885 ei
3244 1833 3469 1888 videtur
3506 1835 3685 1889 silere

348 1917 480 1974 bilis
498 1919 890 1990 erat,sulphur
909 1920 967 1973 et
997 1918 1278 1990 quidquid
1300 1918 1358 1972 in
1389 1918 1663 1973 odoribus
1683 1919 1958 1990 importa-

348 2007 463 2063 bile
502 2010 590 2063 est
612 2024 960 2082 exsuperans
990 2010 1050 2061 et
1074 2007 1329 2062 vincens.
1360 2007 1511 2074 Herc,
1537 2008 1600 2060 ut
1617 2006 1958 2073 dixi,beatus

346 2096 433 2153 vir
461 2097 585 2153 sine
614 2098 886 2170 despectu
923 2104 983 2153 et
1009 2114 1140 2152 cum
1182 2113 1400 2168 magna
1429 2096 1617 2152 cordis
1655 2096 1958 2151 devotione

356 2188 693 2260 peragebat.
712 2187 849 2252 Quae
864 2186 1077 2243 idcirco
1096 2186 1496 2254 dixerimus,ut
1520 2185 1577 2241 in
1592 2203 1707 2241 una
1733 2186 1961 2241 eadem-

354 2292 466 2349 que
496 2292 559 2332 re
590 2277 837 2332 duorum
851 2276 1214 2331 sacerdotum
1248 2276 1360 2330 duo
1386 2274 1848 2329 factamemorise
1873 2274 1959 2329 di-

350 2363 633 2437 gnissima
648 2364 1099 2435 prmdicaremus
1125 2366 1183 2418 et
1198 2363 1439 2436 posteris
1460 2362 1743 2418 imitanda
1758 2364 1845 2417 vel
1859 2363 1963 2417 ad-

348 2452 617 2509 miranda
631 2452 1153 2518 traderemus,dum
1171 2451 1228 2505 in
1246 2452 1417 2506 beato
1436 2451 1672 2507 Goerico
1684 2452 1960 2506 virtutum

348 2540 618 2613 insignia,
646 2540 776 2603 etin
798 2539 1017 2594 domno
1041 2538 1405 2593 Adalberone
1429 2538 1769 2594 humilitatis
1782 2542 1840 2593 et
1858 2540 1959 2595 ah-

344 2627 971 2703 jectionisﬂomnisque
982 2627 1208 2683 vilitatis
1221 2637 1267 2671 ιι
1283 2628 1554 2683 humanm
1568 2629 1961 2700 appetentiam

351 2719 727 2774 etsummum
756 2732 1020 2773 amorem
1052 2717 1604 2773 demonstraremus.
1628 2717 1776 2773 Sane
1806 2718 1960 2772 hunc

345 2809 573 2864 tantum
592 2809 650 2862 et
660 2806 837 2861 talem
851 2806 1037 2860 virum
1060 2805 1251 2861 nimia:
1269 2806 1610 2861 humilitatis
1623 2806 1958 2861 etomnium

347 2894 794 2969 Virtutemque”
819 2897 1016 2950 sancta
1044 2898 1231 2950 mater
1258 2894 1545 2950 humilitas
1583 2894 1680 2966 pio
1710 2896 1958 2950 uberum

348 2984 496 3041 lacte
527 2984 764 3052 enutrit,
800 2984 1079 3039 cultorem
1106 2984 1506 3057 praedicantes,
1531 2984 1659 3038 etin
1675 2984 1958 3054 ejusmodi

2057 1929 2232 1984 quam
2258 1914 2436 1986 loqui.
2477 1917 2613 1981 Rex,
2656 1933 2831 1987 quem
2860 1918 3059 1973 fallere
3086 1935 3263 1974 nemo
3284 1923 3683 1994 poterat,quia

2057 2004 2183 2055 erat
2215 2003 2391 2057 homo
2427 2002 2634 2057 litteris
2661 2005 2926 2075 adprime
2948 2007 3578 2081 imbutus,eloquentia
3596 2012 3684 2064 fa-

2061 2090 2463 2159 cundissimus,
2491 2093 2562 2146 ad
2586 2095 2909 2164 regendum
2950 2095 3050 2150 Dei
3082 2096 3296 2151 timore
3323 2098 3685 2155 vivacissimo

2061 2180 2581 2247 astrictus,motum
2595 2183 2786 2238 cordis
2797 2184 3093 2255 pacientia:
3109 2186 3290 2241 frenis
3300 2188 3689 2260 restringens,

2061 2270 2555 2341 sacraeScripturas
2572 2272 2847 2343 exemplis
2862 2290 2959 2327 eos
2973 2275 3212 2345 aggredi
3225 2275 3523 2331 honestius
3534 2294 3688 2346 esse,

2063 2357 2330 2428 judicans
2358 2373 2370 2411 :
2397 2358 2558 2421 Ecce,
2624 2360 2830 2432 inquit,
2862 2378 2993 2426 ecce,
3039 2380 3127 2416 vos
3155 2366 3278 2419 estis
3317 2364 3431 2419 loca
3469 2367 3692 2438 quidem

2060 2454 2364 2500 sanctorum
2389 2448 2718 2503 sacerdotum
2749 2456 2993 2517 tenentes,
3025 2459 3076 2504 et
3104 2454 3158 2505 in
3192 2453 3399 2508 meliori
3420 2455 3683 2510 cathedra

2062 2551 2223 2606 quam
2250 2536 2462 2590 sedisset
2486 2536 2702 2607 Moyses
2742 2540 2991 2606 sedentes,
3024 2546 3203 2611 utpote
3259 2545 3394 2597 vices
3450 2543 3687 2598 Domini

2050 2624 2395 2693 possidentes,
2424 2627 2521 2696 qui
2550 2631 2624 2680 est
2684 2627 2808 2681 boni
2856 2644 3014 2684 canes
3064 2636 3115 2682 et
3168 2634 3347 2686 sancti
3368 2635 3556 2686 arietes
3570 2649 3682 2703 pro

2060 2714 2188 2768 vitae
2220 2716 2406 2769 merito
2434 2715 2545 2769 dici
2571 2715 2887 2779 debueratis,
2916 2720 3187 2772 contraria
3226 2722 3337 2774 vice
3364 2724 3684 2794 inversoque

2062 2802 2253 2857 ordine
2281 2819 2435 2857 canes
2483 2806 2629 2860 ututi
2656 2823 2760 2859 non
2790 2806 3020 2861 valentes
3073 2807 3274 2863 latrare
3329 2812 3449 2864 estis
3478 2813 3677 2881 e/fecti,

2062 2892 2260 2963 ipsique
2288 2894 2502 2947 cecitate
2522 2894 2745 2949 multati
2763 2895 2889 2949 dum
2914 2896 3137 2952 subditis
3166 2898 3419 2953 ducatum
3435 2900 3684 2971 praebere

2057 2982 2327 3050 coqimini,
2357 2989 2406 3035 et
2452 2982 2643 3039 ductor
2665 2989 2712 3038 et
2740 3001 2955 3055 sequens
2991 2987 3222 3041 amboin
3247 2988 3461 3056 foveam
3481 2992 3681 3060 praeci-

330 3074 523 3130 Tebus
548 3072 910 3147 probabilem
942 3076 1280 3129 enarrantes
1300 3080 1368 3139 ’³,
1392 3072 1541 3128 neid
1558 3072 1609 3127 ei
1630 3089 1663 3127 a
1692 3073 1953 3145 posteris,
1979 3086 2027 3145 ρ
2050 3070 2336 3139 pitamim'.
2376 3069 2535 3127 Ecce.
2566 3072 2774 3142 inquit,
2800 3072 3080 3128 Conradus
3106 3076 3218 3129 dux
3240 3077 3681 3145 Austrasiorum,

351 3162 507 3236 quod
532 3179 567 3217 a
596 3162 975 3235 pnesentibus
991 3162 1075 3216 sui
1096 3160 1399 3233 temporis,
1425 3162 1499 3216 ad
1528 3163 1637 3217 hoc
1668 3161 1957 3217 afamilia-

348 3249 529 3316 ribus,
550 3251 967 3323 imputabatur,
1013 3250 1353 3322 imputetur,
1382 3249 1552 3304 fuisse
1585 3250 1797 3304 scilicet
1822 3267 1954 3305 eum

350 3339 597 3396 nimium
625 3340 905 3395 humilem
938 3338 1301 3409 nimiumque
1347 3338 1654 3409 dejectum,
1689 3339 1957 3410 quadam

350 3427 487 3484 huic
517 3428 679 3500 operi
708 3427 1102 3482 subuectenda
1128 3425 1509 3493 decrevimus,
1542 3426 1748 3497 quibus
1789 3427 1960 3481 certis

352 3516 712 3587 teniporibus
732 3518 1005 3585 certaque
1017 3513 1240 3568 ratione
1254 3513 1755 3569 bonishumilitate
1772 3514 1961 3570 subdi-

350 3607 476 3660 tum
486 3603 672 3671 ,malis
684 3605 880 3658 autem
899 3601 1029 3656 ﬁdei
1041 3601 1365 3657 constantia
1381 3605 1718 3676 accensuraj
1728 3604 1956 3671 ustitiaa,

2058 3162 2523 3229 consanguinitate
2550 3162 2698 3215 nobis
2724 3169 2776 3216 et
2819 3166 3118 3234 quicunque
3147 3166 3204 3218 in
3242 3172 3355 3219 tota
3367 3168 3555 3236 patria
3582 3184 3685 3221 no-

2063 3247 2268 3303 biliores
2296 3256 2421 3304 sunt
2448 3252 2651 3306 cunctis
2674 3251 2945 3320 afﬁnitate
2971 3253 3309 3323 conjunctus,
3334 3271 3551 3310 uxorem
3575 3255 3682 3309 du-

2058 3338 2143 3390 xit
2170 3340 2245 3393 sic
2267 3339 2370 3391 sibi
2384 3340 2765 3410 prepinquam,
2796 3342 2872 3396 sic
2890 3344 3218 3411 prominent,
3247 3350 3326 3410 ut,
3357 3346 3495 3399 sicut
3525 3345 3683 3399 timc-

2060 3442 2199 3493 mus,
2228 3443 2335 3481 non
2366 3428 2518 3482 modo
2562 3430 2868 3499 ipsimme
2923 3432 3071 3483 omni
3118 3433 3312 3502 patriae
3345 3433 3547 3501 oﬂensa
3577 3432 3692 3487 Dei

2062 3516 2316 3570 citissime
2344 3522 2414 3584 et,
2441 3523 2501 3570 ut
2526 3518 2753 3584 dicitur,
2777 3535 2880 3590 pro
2915 3519 3128 3587 foribus
3182 3520 3359 3574 adesse
3407 3520 3680 3591 videatur,

2050 3617 2359 3677 parumque
2395 3607 2574 3661 minus
2611 3609 2814 3662 crimen
2859 3608 3006 3661 nobis
3047 3608 3341 3662 tacentibus
3389 3608 3677 3677 indicitur,

348 3690 629 3765 temporis
646 3691 823 3748 etiam
864 3689 1198 3747 conibentia
1244 3695 1697 3764 repugnantem,
1728 3696 1788 3747 et
1810 3693 1957 3749 vitiis
2059 3708 2223 3763 quam
2251 3695 2301 3747 ei
2328 3696 2422 3766 qui
2448 3695 2583 3748 idem
2610 3695 2775 3749 scelus
2828 3696 3081 3751 audacter
3103 3703 3155 3753 et
3178 3698 3296 3751 sine
3312 3700 3528 3768 peccati
3550 3701 3679 3754 esti-

348 3779 677 3853 vitiosis‘que
705 3778 1066 3836 resistentem
1097 3780 1493 3836 ostendamus.
1930 3802 1936 3809 η
2051 3784 2288 3839 motione
2310 3790 2611 3854 perpetrare
2632 3786 2885 3841 cernitur.
3485 3798 3497 3809 '

424 3874 510 3927 15.
545 3873 801 3929 Domnus
831 3869 1122 3924 Heinricus
1147 3885 1268 3938 rex,
1301 3874 1399 3946 qui
1425 3873 1594 3929 tertio
1634 3871 1829 3928 Ottoni
1868 3870 1953 3926 di-
2041 3891 2061 3901 κ
2133 3876 2218 3926 17.
2271 3874 2528 3926 Domnus
2581 3872 2867 3927 Adalhero
2913 3873 3278 3928 Mettensium
3328 3874 3681 3930 venerabilis

348 3977 419 4018 vo
432 3970 481 4005 ιο
504 3961 842 4033 imperatori
865 3964 939 4019 ad
952 3963 1318 4036 regnandum
1332 3964 1841 4036 quidem,necdum
1862 3979 1958 4018 au-
2060 3960 2577 4031 praesul,sanguine
2604 3963 2662 4015 et
2688 3961 2967 4016 afﬁnitate
3000 3962 3120 4034 regi
3152 3961 3423 4017 assidenti
3455 3969 3514 4018 et
3540 3979 3687 4017 cun-

348 4055 468 4110 tem
489 4053 561 4109 ad
590 4053 1021 4125 imperandum,
1044 4053 1105 4107 in
1146 4056 1268 4108 tota
1303 4053 1632 4120 Germania,
1664 4070 1791 4125 qua:
1817 4053 1961 4107 citra
2058 4051 2164 4104 ctis
2194 4050 2289 4120 qui
2319 4065 2387 4102 ex
2411 4049 2612 4119 magni
2644 4049 2891 4104 Heinrici
2922 4050 3076 4105 linea
3123 4051 3551 4107 descenderant
3581 4053 3683 4108 ad-

346 4142 607 4199 Hrenum
624 4146 731 4210 est,
749 4147 809 4198 et
836 4142 895 4197 in
913 4141 1164 4197 Lotharii
1182 4158 1385 4213 regno,
1414 4143 1569 4214 quod
1586 4143 1666 4196 eis
1689 4143 1957 4197 Rhenum
2060 4139 2251 4212 prime
2278 4139 2639 4208 oonjunctus,
2674 4138 2806 4191 huic
2826 4154 2986 4192 sacro
3009 4140 3229 4209 synodo
3261 4140 3677 4209 intersedebat,

349 4236 830 4300 est,successerat,
863 4231 1216 4303 colloquium
1241 4232 1644 4305 synodumque
1682 4230 1792 4303 (22)
1825 4247 1957 4286 con-
2062 4232 2121 4282 et
2150 4229 2213 4281 ut
2233 4229 2357 4280 erat
2386 4226 2605 4279 cunctis
2635 4227 3140 4281 consacerdotibus
3183 4228 3436 4284 nobilior
3488 4233 3677 4284 excel-

346 4321 508 4377 scivit
530 4334 641 4388 (an.
674 4320 964 4391 l005).Ubi
996 4336 1200 4375 omnes
1227 4336 1376 4392 pene
1398 4321 1562 4392 regni
1583 4320 1668 4375 sui
1698 4336 1956 4375 summos
2060 4314 2394 4387 siorque,sic
2423 4313 2691 4368 nobiliori
2718 4314 3053 4386 celsiorique
3068 4318 3372 4372 sellaiuter
3388 4335 3521 4372 suos
3545 4334 3678 4387 pro-

346 4411 674 4466 sacerdotes
699 4411 1057 4476 coadunans,
1077 4413 1135 4466 et
1165 4427 1233 4465 ex
1254 4411 1490 4466 diversis
1516 4410 1740 4465 diversa
1758 4409 1949 4482 dispu-
1972 4405 2026 4465 D
2061 4404 2343 4459 mincbat.
2371 4402 2482 4456 llic
2514 4402 2665 4473 regis
2695 4403 3163 4474 objurgationcm
3187 4407 3338 4459 ultra
3366 4407 3523 4460 ferre
3554 4423 3673 4461 non

345 4501 496 4567 tans,
528 4499 682 4553 inter
705 4499 1111 4570 disputandum
1150 4500 1304 4572 ipsos
1338 4500 1574 4555 eosdem
1627 4499 1951 4553 sacerdotes
2048 4500 2266 4561 valens,
2300 4494 2361 4546 et
2383 4495 2573 4545 tacere
2596 4492 3230 4562 ampliusinhonestum
3251 4495 3555 4566 judicans:
3583 4496 3678 4551 1n-

345 4587 629 4653 acerrime
650 4586 1044 4658 congreditur,
1078 4603 1181 4643 cur
1199 4588 1465 4643 videlicet
1484 4587 1544 4642 in
1575 4586 1689 4641 suis
1712 4586 1951 4642 diocesis
2053 4588 2232 4653 terim,
2271 4580 2480 4653 inquit,
2516 4582 2691 4633 aetatis
2739 4582 3047 4635 sanctitatis
3066 4589 3116 4636 et
3142 4586 3371 4639 scientiae
3390 4604 3678 4659 praeroga-

278 4724 283 4729 .
338 4679 402 4731 Bt
423 4675 763 4732 diocesiunis
783 4692 852 4732 ea
881 4693 1008 4749 qua:
1039 4676 1296 4748 synodali
1320 4694 1385 4732 ac
1410 4693 1510 4748 per
1546 4676 1653 4731 hoc
1669 4675 1948 4746 spirituali
2049 4676 2182 4740 tiva,
2221 4672 2394 4725 locum
2422 4669 2637 4741 quidem
2684 4669 2936 4741 loquendi
2975 4688 3094 4725 cum
3148 4674 3419 4743 [retribus
3478 4683 3675 4735 nostris

340 4767 488 4821 falce
514 4766 763 4821 secanda
783 4768 949 4821 erant
970 4783 1087 4821 non
1108 4769 1454 4832 resecarent,
1484 4781 1549 4819 ac
1566 4765 1757 4835 gladio
1773 4764 1947 4836 Spiri-
2049 4764 2259 4827 dantes,
2288 4765 2337 4812 ct
2368 4758 2617 4812 honorem
2647 4761 2794 4811 canis
2822 4763 3181 4831 senectutique
3201 4763 3381 4817 divino
3406 4776 3674 4839 praecepto

336 4859 432 4911 tus
457 4855 637 4910 sancti
667 4854 900 4928 putrida
921 4856 979 4911 et
1000 4856 1153 4910 male
1176 4872 1366 4910 sanaa
1392 4854 1674 4910 membris
1695 4853 1951 4908 ﬁdelium
2052 4851 2329 4914 exilientes,
2360 4863 2463 4920 quo
2488 4846 2685 4902 dicitur
2713 4862 2726 4901 :
2762 4867 2789 4895 «
2816 4846 3009 4903 Coram
3067 4865 3199 4903 cano
3241 4854 3414 4922 capite
3446 4871 3677 4910 consur-

338 4943 636 5001 abscidere
666 4945 1110 5017 supersederent
1157 4943 1494 5001 Mirantibus
1509 4942 1800 5009 omnibus,
1816 4941 1956 5013 quid
2052 4958 2149 5012 gas
2172 4938 2364 5004 (Leuit.
2394 4951 2517 5002 xnx,
2562 4937 2673 5000 32),
2706 4956 2734 4984 »
2788 4938 2913 5006 quia
2944 4937 3238 5007 maiestatis
3277 4949 3461 4995 vestrae
3483 4951 3681 5014 poten-
3786 4946 3807 4953 '

330 5033 445 5091 sibi
476 5033 650 5089 verba
686 5034 839 5104 regis
869 5036 990 5089 tam
1040 5032 1462 5087 districtissima
1506 5033 1720 5085 vellent
1771 5047 1956 5102 quove
2061 5025 2431 5087 tiamalomine
2460 5026 2536 5078 mi
2565 5024 2757 5089 νεῖμαί
2802 5024 3023 5080 dedecus
3052 5030 3222 5081 nostri
3247 5028 3449 5083 ordinis
3485 5033 3678 5102 objur-

327 5124 666 5191 ‘tenderent,
690 5136 790 5177 rex
810 5121 1223 5177 ummiratione
1255 5138 1353 5176 eos
1383 5121 1681 5176 absolvere
1713 5121 1955 5188 curavit,
2057 5117 2267 5188 qationi
2288 5119 2337 5169 et
2363 5114 2649 5167 invectioni
2665 5113 2789 5182 plus
2804 5113 3027 5185 plusque
3067 5115 3306 5171 videmus
3323 5119 3482 5171 verba
3510 5139 3681 5193 auge.

335 5212 547 5287 quidve
568 5212 963 5285 prmtenderet
991 5211 1186 5284 palam
1213 5208 1367 5265 fecit.
2063 5222 2149 5262 re:
2189 5211 2362 5260 tacere
2388 5202 2551 5268 ultra,
2580 5214 2705 5256 vere
2752 5201 3005 5271 fatemur,
3037 5210 3087 5257 et
3111 5222 3229 5276 qua?
3249 5213 3389 5262 recta
3413 5217 3541 5263 sunt
3571 5229 3683 5268 non

1641 5298 1887 5363 ’νΑιιιλΕ
1950 5301 2350 5361 LECTIONES.

396 5408 445 5443 ὀ
471 5398 756 5471 recipiens
776 5401 830 5452 '2.
862 5400 913 5452 3.
947 5406 992 5441 ﬂ
1028 5398 1178 5453 LXX.
1222 5401 1271 5451 3.
1307 5408 1352 5441 η
1387 5399 1647 5471 pualeret
1674 5400 1719 5451 l.
1750 5406 1796 5440 ιδ
1836 5392 2177 5471 adjectionis
2206 5394 2342 5471 2.53.
2377 5397 2421 5471 εξ
2448 5387 2709 5471 utilitatis
2729 5404 2864 5471 corr.
2896 5388 3131 5471 uilitatis
3166 5395 3212 5448 l.
3244 5393 3505 5450 utilitatis
3538 5402 3592 5454 2.
3620 5402 3675 5453 3.

323 5480 370 5515 ’⁸
399 5459 782 5545 ρι’ωάἱᾶίιιιιθε
811 5486 949 5528 corr.
985 5473 1323 5525 enarranles
1354 5459 1407 5527 2'.
1439 5478 1484 5510 ³⁸
1517 5469 1640 5522 vivo
1678 5471 1725 5522 l.
1751 5474 1805 5525 2.
1842 5459 2033 5522 divino
2065 5482 2203 5520 corr.
2236 5462 2366 5517 divo
2394 5464 2445 5515 3.
2472 5467 2517 5501 ετ
2549 5460 2709 5513 nefas
2739 5459 2891 5513 dictu
2923 5463 2975 5515 2.
3013 5466 3064 5518 3.

389 5634 501 5706 (22)
545 5631 630 5688 cr.
663 5630 975 5688 Thietmar.
1008 5631 1095 5686 Vl.
1137 5632 1226 5686 21.
1254 5629 1353 5687 ss.
1387 5629 1479 5684 ιιι.
1506 5644 1564 5700 p.
1600 5615 1722 5686 “'3.
1881 5557 2102 5612 MM'
