4094 6178
289 404 446 494 ηοξ.

1580 392 1739 451 Vl'l'A
1764 387 2186 449 ADALBEBON
2190 389 2252 447 IS
2287 391 2353 448 Il.

3496 388 3520 445 1
3533 385 3641 449 562

283 525 488 593 dicere,
517 537 628 577 non
672 519 846 576 solum
870 517 1129 588 stultitiae,
1158 516 1249 575 sed
1274 515 1420 591 Quod
1463 516 1641 587 majus
1678 520 1772 582 est,
1804 528 1920 567 ma-
1945 514 2001 575 Α
2099 515 2187 569 19.
2217 513 2333 568 Hac
2352 512 2530 586 igitur
2545 513 2957 582 simultatione,
2981 512 3072 569 his
3091 510 3237 571 odiis
3249 506 3639 567 infestissimis

287 630 419 687 ρων
446 610 781 668 verecundiae
816 609 1145 681 deputamus.
1174 608 1422 662 Domnus
1453 605 1577 660 Otto
1604 605 1731 671 dux,
1762 609 1922 673 pater

289 707 452 760 istius
507 700 829 756 venerabilis
876 699 1123 756 Conradi
1176 700 1325 752 ducis
1379 696 1531 750 nobis
1576 694 1919 757 consulentis,

282 800 450 850 natus
479 807 545 846 ex
584 789 704 863 ﬁlia
741 796 817 843 est
845 797 892 832 ³³
919 790 1106 857 magni
1137 788 1367 850 Ottonis,
1414 786 1569 854 cujus
1610 799 1757 838 soror
1791 782 1918 837 Gir-

288 884 475 952 bergia
502 889 548 923 ³ο
577 879 725 932 dedit
769 878 940 948 ﬁliam
988 894 1140 934 suam
1186 874 1438 932 Conrado
1463 873 1920 944 Burgundionum

284 973 422 1042 regi.
458 969 553 1026 Ea:
577 966 826 1023 Conradi
850 974 1028 1021 autem
1056 967 1170 1036 ﬁlia
1198 973 1330 1020 nata
1359 970 1431 1018 est
1462 964 1676 1018 domina
1692 960 1922 1016 Mathil'

281 1061 370 1115 dis
398 1068 468 1127 ³ο,
502 1058 677 1127 hujus
713 1054 961 1111 Conradi
983 1062 1028 1097 ³1
1056 1055 1334 1109 assidentis
1360 1070 1494 1106 uxor
1532 1052 1653 1107 Hoc
1681 1068 1802 1121 ergo
1827 1054 1919 1121 ge‘

282 1149 553 1218 nealogiae
586 1145 796 1207 ordine,
837 1146 960 1215 quia
985 1144 1159 1213 frater
1186 1159 1435 1213 sororque
1463 1144 1522 1195 in
1547 1140 1915 1217 supputatione

283 1253 397 1291 non
415 1235 814 1298 admittuntur,
837 1234 1273 1299 consanguinitas
1294 1230 1484 1284 lterum
1496 1247 1600 1283 non
1607 1229 1730 1299 plus
1747 1245 1913 1300 quam

282 1323 517 1380 secundo
546 1323 660 1376 loco
691 1321 1214 1390 elongariprwoalet.
1250 1320 1377 1375 Haec
1408 1319 1577 1373 beato
1604 1317 1728 1372 viro
1758 1319 1908 1372 rete-

284 1416 484 1481 xente,
504 1415 684 1466 tantm
706 1412 808 1466 iraa
828 1413 1122 1480 tantaeque
1139 1409 1457 1462 simultates
1484 1408 1540 1462 in
1554 1407 1677 1478 ipsa
1688 1406 1907 1477 synodo

288 1517 577 1573 exurgere
599 1498 772 1570 ccepit
800 1501 884 1564 ut,
917 1497 1025 1551 nisi
1056 1500 1202 1551 esset
1224 1514 1292 1550 ea
1316 1496 1583 1550 nobilitas
1604 1512 1716 1565 qua
1742 1496 1905 1558 cmlo,

286 1595 451 1646 terra
500 1588 769 1659 marique
818 1588 1085 1657 ultraque
1131 1601 1291 1638 mare
1323 1584 1547 1637 inclitus
1578 1584 1906 1653 ell‘ulgebat,

2022 599 2332 658 discessum
2375 608 2480 673 est,
2527 610 2586 662 et
2629 604 3017 677 unusquisque
3063 602 3139 658 ad
3176 596 3414 673 propria
3441 597 3639 655 redire

2020 688 2351 746 festinabat.
2382 693 2497 749 Sed
2542 694 2791 750 domnus
2812 692 3093 765 pontifex,
3120 691 3259 745 dum
3296 703 3363 742 ex
3395 686 3639 759 prOpria

2020 781 2283 856 "patria
2328 785 2602 840 recedens
2652 785 2725 840 ad
2776 784 2973 855 regale
3029 777 3378 853 colloquium
3439 790 3639 847 perre-

2020 873 2201 936 xerat,
2228 870 2369 926 nihil
2394 872 2604 929 horum
2627 876 2914 939 metuens,
2931 870 3298 926 nihilhorum
3327 862 3639 932 estimans,

2020 958 2155 1031 quia
2184 964 2309 1015 erat
2350 962 2617 1019 omnium
2643 962 2729 1017 sui
2754 961 3034 1035 temporis
3078 955 3415 1015 mitissimus
3463 956 3642 1025 atque

2019 1048 2307 1119 pacificus,
2329 1068 2447 1106 non
2470 1054 2655 1107 multa
2686 1051 2925 1107 militari
2954 1068 3154 1119 manu,
3180 1049 3265 1103 set
3285 1042 3639 1100 clericorum

2015 1141 2074 1191 et
2100 1139 2643 1196 honestissimorum
2672 1142 2957 1197 laicorum
2989 1137 3314 1195 dulcissimo
3347 1130 3637 1189 comitatu

2013 1246 2147 1284 usus
2188 1232 2293 1296 est,
2345 1233 2403 1284 et
2447 1234 2687 1303 propter
2721 1230 2781 1285 id
2830 1230 2889 1284 in
2936 1228 3257 1291 redeundo,
3307 1236 3518 1276 verens
3560 1239 3636 1279 ne

2009 1317 2161 1373 forte
2183 1317 2241 1372 in
2273 1317 2361 1373 via
2389 1320 2570 1374 hostis
2602 1319 2840 1374 insidias
2864 1321 3184 1390 pateretur,
3205 1314 3278 1370 ab
3307 1309 3520 1365 itinere
3540 1329 3639 1385 pa-

2012 1423 2146 1461 rum
2178 1407 2317 1478 quid
2348 1408 2639 1463 declinare
2668 1408 2917 1477 dignum
2944 1407 3125 1475 duxit,
3144 1409 3205 1462 et
3223 1400 3433 1457 cedere
3451 1403 3639 1477 magis

2012 1496 2085 1549 ad
2104 1497 2310 1551 horam
2334 1514 2511 1567 quam
2525 1497 2775 1552 vesanim
2802 1505 2849 1540 ³³
2871 1498 3118 1552 furentis
3150 1489 3641 1567 principislocum

2010 1584 2180 1639 caedis
2210 1589 2308 1639 aut
2333 1585 2572 1657 alicujus
2600 1586 2841 1639 alterius
2862 1583 3255 1655 malignitatis
3287 1579 3429 1635 dare
3442 1585 3640 1645 voluit.

290 1676 597 1734 Conradus
618 1675 839 1741 dux,de
859 1690 972 1745 quo
992 1689 1081 1727 res
1102 1682 1148 1714 ³³
1170 1674 1543 1742 agebatur,et
1564 1672 1907 1743 quicumque
1942 1685 1990 1743 Β
2010 1672 2109 1726 Dei
2146 1676 2339 1727 autem
2371 1673 2798 1744 omnipotentis
2840 1678 2899 1728 et
2928 1673 3143 1728 Christi
3179 1671 3309 1742 ejus
3339 1668 3648 1738 ineffabilia

291 1782 413 1821 suae
448 1764 627 1835 partis
654 1765 843 1830 erant,
878 1778 1066 1833 neque
1092 1762 1276 1815 Deum
1308 1777 1493 1831 neque
1525 1760 1744 1831 regiam
1784 1774 1907 1812 ma-

279 1855 566 1926 jestatem
598 1852 953 1912 reverentes,
985 1866 1172 1920 neque
1223 1848 1632 1915 sacerdotibus,
1661 1864 1908 1917 quorum

286 1943 551 1998 maxima
584 1943 642 1995 et
672 1938 1077 1995 honestissima
1129 1938 1440 1992 multitudo
1474 1953 1741 2008 'prmsens
1778 1937 1909 1991 ade-

286 2035 405 2099 rat,
438 2028 661 2100 aliquid
702 2026 941 2082 honoris
970 2026 1282 2091 exihcntes,
1324 2041 1491 2079 arma
1538 2025 1906 2096 furoremque

283 2118 729 2191 corripuissent,
758 2119 816 2170 et
846 2116 917 2169 ad
946 2114 1231 2169 insaniam
1289 2114 1711 2179 exsaciandam,
1739 2113 1904 2185 quid-

285 2207 432 2281 quid
487 2206 627 2261 mali
686 2220 894 2259 manus
944 2204 1234 2275 roburque
1288 2202 1502 2256 inferre
1542 2205 1753 2273 posset,
1787 2218 1904 2256 non

286 2296 598 2353 omisisset.

364 2389 453 2440 18.
486 2382 705 2437 Aderat
749 2380 885 2435 huic
927 2380 1113 2450 magis
1149 2379 1416 2435 seditioni
1461 2395 1634 2450 quam
1683 2379 1902 2450 synodo

286 2474 544 2527 domnus
570 2469 976 2535 Theodericus,
999 2468 1179 2523 frater
1216 2468 1451 2540 quidem
1484 2467 1651 2537 hujus
1682 2467 1900 2521 domini

286 2561 476 2617 nostri
505 2557 887 2614 Adalberonis
908 2557 1213 2629 pontificis,
1237 2556 1349 2609 dux
1367 2560 1562 2610 autem
1586 2571 1788 2608 eorum
1808 2555 1904 2626 qui

286 2651 370 2704 cis
396 2659 443 2692 ³³
470 2649 732 2719 citraque
774 2648 985 2701 Mosam
1025 2647 1431 2716 Mosellamque
1461 2654 1507 2686 M
1540 2644 1814 2707 resident,
1848 2648 1906 2698 et

286 2740 414 2794 1]ch
427 2754 556 2809 quae
570 2737 898 2807 agebantur
913 2752 1139 2807 queque
1147 2735 1168 2805 j
1181 2739 1301 2788 uste
1325 2732 1905 2803 disponebantur,sua

285 2826 634 2881 auctoritate
649 2823 919 2877 ﬁrmabat
934 2826 1105 2894 atque
1118 2821 1504 2876 corroboraba
1515 2825 1553 2887 t,
1564 2821 1903 2892 nuptiasque

284 2915 517 2970 illicitas
546 2929 680 2967 cum
732 2911 969 2983 reliquis
1014 2912 1269 2977 ducibus,
1302 2909 1631 2975 comitibus,
1664 2913 1720 2964 et
1751 2909 1904 2981 quod

286 3004 482 3075 majus
498 3005 603 3067 est,
623 3000 1015 3056 sacerdotibus
1047 3002 1162 3055 Deo
1190 3004 1247 3053 et
1270 2999 1601 3053 rectitudiui
1632 3014 1696 3052 ac
1726 2998 1902 3070 regiae

279 3091 524 3164 justitias
556 3089 880 3144 faventibus
903 3089 1248 3158 dampnans,
1273 3092 1329 3142 et
1348 3088 1632 3141 humanas
1652 3086 1763 3141 iras
1786 3103 1901 3141 non

285 3176 939 3249 formidans,aaquitatis
957 3178 1117 3231 lance
1142 3194 1269 3249 quin
1295 3176 1393 3230 Dei
1410 3179 1578 3230 erant
1610 3175 1902 3230 liberrime

288 3268 664 3323 decernebat.
680 3266 935 3320 Aderant
955 3266 1130 3320 etiam
1155 3266 1213 3320 in
1237 3267 1342 3320 hac
1359 3265 1667 3319 venerabili
1682 3266 1900 3336 synodo

287 3357 540 3429 primiet
556 3353 830 3427 praecipui
847 3354 1174 3409 sacerdotes
1204 3354 1508 3425 Willigisus
1537 3353 1901 3422 Maguntinus

287 3445 521 3516 praasul,
557 3444 887 3498 Heribertus
913 3442 1271 3496 Coloniensis
1302 3442 1503 3495 itidem
1537 3442 1765 3512 praasul,
1787 3442 1900 3508 [ille

288 3532 716 3587 Warmacensis
742 3532 879 3601 (23),
912 3531 1007 3584 ille
1036 3530 1429 3601 Argentensis,
1464 3534 1512 3584 ‘2.
1550 3532 1650 3596 3.],
1691 3531 1899 3584 Walte-

287 3622 408 3677 rius
441 3629 488 3663 ³³
517 3620 822 3691 Spirensis,
874 3620 1176 3691 Notgerius
1214 3628 1260 3660 ³³
1304 3618 1686 3684 Leodicensis,
1736 3619 1901 3672 Hezel

286 3708 735 3781 Wiziburgensis
766 3706 902 3780 (24),
937 3708 1139 3762 Haimo
1175 3707 1567 3773 Virdunensis,
1607 3708 1901 3761 Bertaldus

286 3798 611 3866 Leucensis,
628 3797 841 3870 aliique
861 3813 1035 3868 quam
1054 3798 1246 3869 plures
1269 3812 1386 3851 non
1410 3798 1597 3851 solum
1615 3813 1681 3850 ex
1700 3797 1900 3851 Lotha-

283 3888 358 3943 rii
381 3904 562 3959 regno
593 3903 793 3941 verum
824 3900 893 3941 ex
924 3886 1085 3942 omni
1132 3885 1459 3952 Germania,
1492 3901 1739 3956 quorum
1768 3901 1899 3955 pars

288 3977 508 4043 favore,
534 3993 665 4048 pars
683 3976 891 4030 timore
921 3975 1130 4029 nobilis
1151 3989 1436 4045 personis,
1462 3974 1593 4027 hinc
1619 3974 1756 4027 inde
1784 3974 1901 4045 agi-

291 4066 419 4131 tati,
450 4065 585 4119 hinc
615 4064 751 4118 inde
777 4064 1117 4129 deﬂuentes,
1148 4063 1312 4133 pauci
1344 4063 1682 4129 admodum,
1707 4066 1764 4116 ct
1796 4062 1901 4135 ipsi

288 4155 442 4209 inter
460 4169 589 4207 suos
613 4152 906 4225 praecipui,
932 4154 1045 4206 Deo
1077 4151 1444 4206 dilectissimo
1464 4151 1811 4206 Adalberoni
1846 4156 1901 4205 et

287 4242 454 4297 dictis
501 4243 621 4313 ejus
669 4241 998 4313 justissimis
1042 4240 1439 4295 testimonium
1470 4240 1725 4295 veritatis
1751 4241 1903 4295 exhi-

268 4333 516 4397 'bentes,
551 4338 818 4401 egerunt,
844 4334 905 4384 ut
936 4331 1089 4383 inter
1110 4347 1306 4383 verum
1335 4331 1657 4401 falsumque
1680 4312 1899 4383 discidii

2012 1762 2194 1832 pietas
2223 1765 2282 1815 et
2311 1765 2529 1817 aeterna
2577 1762 2914 1824 clementia,
2948 1761 3120 1816 aliter
3165 1776 3354 1832 quam
3397 1762 3649 1827 domnus

2012 1850 2273 1920 pontifex
2305 1851 2650 1918 crediderat,
2672 1850 2757 1905 rei
2788 1853 3064 1906 eventum
3084 1849 3438 1911 miserando
3456 1856 3650 1932 dispo-

2009 1939 2195 1993 suitet
2227 1938 2586 2009 disponendo
2618 1938 3058 2009 praeordinavit,
3082 1938 3240 1993 dum
3265 1942 3534 2013 spiritum
3557 1951 3651 2006 fu-

2008 2027 2156 2081 roris
2183 2030 2239 2081 et
2269 2026 2668 2097 malignitatis,
2701 2027 2840 2082 dum
2863 2027 2979 2082 vim
3006 2026 3326 2083 hachantis
3356 2041 3403 2076 89
3433 2039 3493 2089 et
3524 2046 3643 2094 tur-

2008 2116 2229 2171 bulenti
2258 2116 2567 2187 vertigines
2585 2125 2631 2158 ιο
2653 2115 2714 2170 in
2739 2132 2873 2170 eum
2891 2115 3253 2187 pavoremin
3286 2136 3539 2194 cumque
3570 2126 3641 2180 ti.

2006 2222 2234 2260 morem
2257 2206 2656 2271 commutavit,
2672 2208 2815 2259 uteo
2830 2204 3052 2275 impetu
3065 2221 3256 2277 eaque
3276 2206 3507 2277 virtute,
3522 2228 3639 2281 qua

2007 2295 2108 2350 Dei
2140 2295 2327 2348 virum
2358 2303 2402 2336 η
2435 2298 2570 2348 ante
2602 2294 2872 2366 persequi
2921 2295 3298 2361 moliebatur,
3340 2313 3496 2352 nunc
3540 2299 3631 2354 fu-

2007 2399 2142 2454 gere
2164 2400 2227 2437 ac
2250 2385 2403 2437 retro
2426 2383 2509 2436 ire
2538 2382 2753 2436 viribus
2785 2382 2996 2453 quibus
3016 2385 3247 2454 poterat
3277 2384 3632 2454 aggredere-

2006 2475 2119 2538 tur,
2136 2488 2200 2526 ac
2227 2472 2413 2541 magis
2433 2470 2558 2541 capi
2590 2470 2829 2523 timeret
2844 2487 3019 2542 quam
3038 2485 3247 2542 capere
3274 2471 3622 2531 elaboraret.

2078 2564 2165 2615 20.
2186 2560 2415 2614 Duobus
2433 2558 2609 2628 igitur
2632 2558 2835 2613 diebus
2866 2560 3002 2629 fuge
3026 2559 3207 2613 fidem
3227 2558 3622 2626 committens,

2008 2650 2192 2704 donec
2222 2649 2278 2702 in
2308 2652 2428 2701 tuto
2456 2663 2515 2700 se
2546 2663 2667 2700 esse
2698 2648 2966 2715 credidit,
2992 2662 3225 2717 semper
3251 2662 3310 2700 se
3342 2661 3377 2700 a
3402 2646 3623 2703 domno

2007 2738 2277 2808 pontiﬁce
2309 2740 2367 2790 et
2390 2738 2567 2789 fratre
2598 2738 2720 2807 ejus
2742 2737 2888 2793 duce
2905 2736 3217 2793 Teoderico
3245 2733 3469 2805 insequi
3508 2734 3624 2789 exi-

2005 2825 2282 2879 stimabat
2302 2827 2660 2879 memoratus
2696 2825 3028 2892 Conradus;
3061 2822 3244 2879 nostri
3274 2837 3409 2875 vero
3442 2820 3618 2876 nichil

2007 2914 2162 2969 aliud
2183 2929 2357 2985 quam
2386 2911 2635 2984 patriam
2666 2917 2955 2985 repetere,
2979 2916 3035 2967 et
3055 2912 3114 2967 id
3133 2925 3364 2965 summa
3384 2908 3617 2963 festina-

2004 3004 2163 3058 tione
2177 3003 2568 3065 conabantur;
2586 3004 2644 3055 et
2660 3002 2794 3072 quia
2816 3002 2874 3056 id
2890 3006 3116 3073 tempus
3128 2998 3398 3071 poscebat
3407 2998 3619 3068 printer

2004 3108 2205 3164 pacem
2239 3094 2297 3145 et
2320 3106 2388 3144 ea
2427 3106 2552 3159 qua:
2580 3090 2733 3160 pacis
2766 3094 2924 3157 sunt,
2960 3088 3220 3144 videlicet
3245 3087 3486 3151 metere,
3518 3100 3614 3140 cu-

2003 3181 2083 3234 ris
2112 3177 2441 3234 domesticis
2472 3178 2633 3231 utilia
2665 3178 3098 3245 administrare,
3142 3176 3390 3231 domnus
3417 3176 3614 3229 autem

2004 3270 2301 3341 episcopus
2324 3277 2367 3308 ι³
2388 3271 2661 3321 consueta
2679 3270 2965 3338 repetere,
2982 3264 3336 3322 monasteria
3354 3261 3617 3319 videlicet

2003 3360 2090 3413 vel
2122 3373 2271 3411 nova
2300 3361 2633 3411 construere
2660 3357 2747 3410 vel
2768 3360 2964 3411 vetera
2992 3359 3298 3410 restruere.
3339 3366 3612 3423 procura-

2004 3448 2123 3504 bat.
2155 3447 2285 3500 Haec
2315 3444 2431 3499 dixi
2462 3448 2697 3517 propter
2725 3445 2851 3512 hos,
2884 3445 2983 3518 qui
3014 3444 3167 3500 beati
3206 3441 3310 3497 viri
3339 3441 3612 3495 innocen-

2003 3536 2146 3591 tiam
2163 3539 2219 3590 et
2240 3536 2520 3607 pietatem
2549 3535 2608 3588 in
2634 3534 2939 3589 stultitiam
2961 3538 3018 3589 et
3031 3532 3404 3588 stoliditatem
3427 3530 3611 3582 verte-

2002 3625 2145 3680 bant
2174 3629 2232 3679 et
2254 3623 2587 3679 Judaaorum
2615 3639 2907 3694 sequaces,
2940 3623 3037 3695 qui
3068 3624 3240 3693 caput
3264 3622 3526 3674 nostrum
3556 3618 3618 3672 et

2002 3712 2351 3787 principium
2396 3711 2764 3767 mordacibus
2807 3712 2994 3766 verbis
3036 3710 3465 3781 persequentes,
3497 3702 3614 3760 vini

2000 3806 2326 3874 potatorem
2346 3803 2403 3854 et
2419 3799 2709 3854 daemonio
2722 3801 2981 3871 plenum,
2998 3796 3153 3869 quod
3166 3795 3328 3849 nefas
3338 3792 3612 3848 estetiam

2000 3889 2311 3954 recordari,
2340 3905 2571 3961 semper
2600 3882 3608 3952 inclamabant—horum,inquam,

2001 3980 2217 4034 similes
2238 3993 2464 4031 servum
2489 3978 2587 4032 Dei
2612 3979 2668 4030 et
2688 3975 3152 4031 honestissimum
3172 3970 3385 4027 summi
3408 3966 3610 4039 capitis

2007 4068 2335 4124 membrum
2368 4066 2502 4137 quia
2527 4066 2599 4120 ad
2620 4081 2865 4137 quaeque
2881 4062 3129 4119 convitia
3150 4060 3225 4116 ad
3245 4056 3610 4113 irascendum

2006 4175 2122 4212 non
2154 4155 2442 4209 insanibat
2472 4164 2538 4219 ιθ,
2566 4154 2835 4208 hebetem
2864 4157 2923 4207 et
2971 4150 3275 4206 vecordem
3316 4144 3605 4201 dicebant.

2005 4246 2102 4299 llic
2134 4248 2328 4298 autem
2355 4244 2557 4296 beatus
2582 4246 2639 4296 et
2668 4243 2737 4296 ad
2772 4242 2877 4295 sibi
2903 4241 3088 4294 illatas
3113 4236 3355 4309 injurias
3384 4232 3610 4307 patiens

2005 4351 2126 4387 esse
2181 4331 2478 4398 didicerat,
2521 4336 2582 4386 et
2635 4331 2996 4385 subditorum
3049 4324 3479 4382 kalamitatibus
3529 4318 3610 4374 sic

289 4426 347 4475 et
375 4420 675 4474 discordia:
709 4436 828 4473 non
860 4419 1086 4474 modica
1114 4418 1450 4489 disceptatio
1502 4422 1684 4485 lien-et,
1721 4436 1893 4491 quam
1922 4456 1973 4514 Ι)
2004 4438 2236 4493 semper
2265 4420 2462 4475 adesse
2494 4421 2820 4486 festinabat,
2848 4423 2907 4473 ut
2932 4434 3127 4473 rerum
3150 4412 3609 4486 oportunitatem

283 4509 457 4564 etiam
490 4508 610 4580 ipse
658 4524 755 4562 rex
785 4510 1028 4562 omnino
1059 4507 1260 4562 sedare
1293 4524 1410 4561 non
1440 4508 1651 4578 potuit;
1687 4524 1885 4562 verum

282 4598 391 4652 nisi
412 4600 560 4652 esset
577 4596 797 4651 domini
823 4599 879 4650 et
898 4597 1183 4666 pontificis
1198 4598 1378 4650 nostri
1400 4596 1779 4651 Adalberonis
1798 4598 1888 4651 in-

283 4686 691 4756 comparabilis
712 4685 1000 4749 nobilitas,
1012 4686 1349 4739 furorcecus
1372 4686 1665 4740 etinsauia
1680 4686 1888 4740 misera

280 4791 448 4829 arma
472 4775 647 4829 etiam
670 4777 895 4847 telaque
924 4776 1309 4845 corripuisset,
1333 4777 1390 4827 et
1411 4775 1485 4827 ad
1509 4776 1884 4829 homicidium

280 4879 459 4935 usque
486 4863 586 4917 irae
614 4863 1068 4918 commotionem
1099 4863 1430 4934 pertingere
1462 4864 1814 4934 contigisset.

2002 4510 2360 4581 praestolans,
2390 4510 2658 4565 omnibus
2688 4508 2891 4563 omnia
2917 4507 3120 4571 factus,
3143 4502 3352 4559 sanctis
3377 4512 3609 4570 semper

1998 4598 2277 4665 subditus,
2327 4615 2466 4669 erga
2498 4599 2678 4652 malos
2721 4600 2784 4651 ut
2821 4596 3292 4651 converterentur
3322 4590 3395 4646 ad
3424 4585 3611 4644 corri-

1999 4688 2257 4759 gendum
2298 4690 2356 4741 et
2405 4686 2788 4741 exortandum
2833 4684 3056 4740 assidue
3084 4684 3461 4753 praeparatus,
3492 4676 3606 4731 fre-

2001 4780 2247 4847 quenter
2274 4793 2376 4829 sua
2400 4776 2757 4846 benignitate
2787 4775 3004 4829 fructus
3044 4772 3152 4827 sibi
3188 4788 3255 4826 ex
3295 4778 3605 4842 pravorum

2003 4864 2376 4919 conversione
2410 4864 2769 4937 adquirebat,
2802 4866 2861 4917 et
2890 4864 3112 4917 lucrum
3141 4878 3208 4916 ex
3232 4861 3476 4933 pecunia
3499 4857 3606 4913 sibi

1619 5015 1851 5069 VARle
1882 5014 2172 5070 LECTlON
2180 5016 2281 5071 ES.

348 5149 396 5184 ³⁸
428 5158 507 5199 m.
532 5158 586 5218 ρ.
622 5158 669 5195 c.
695 5147 747 5197 2.
782 5144 834 5196 3.
862 5152 908 5184 ³ο
942 5143 1233 5218 girbergia
1269 5158 1409 5197 corr.
1464 5142 1724 5218 gibergia
1762 5147 1806 5197 l.
1858 5152 1904 5185 ³ο

2009 5142 2259 5197 lathildis
2294 5146 2356 5218 2.
2399 5152 2443 5186 δι
2484 5144 2822 5218 conradisl.
2874 5153 2920 5186 ³³
2952 5162 3049 5199 rex
3075 5149 3126 5218 1.
3152 5149 3204 5201 2.
3231 5149 3282 5199 3.
3335 5153 3381 5186 ³³
3409 5142 3513 5218 scis
3536 5147 3599 5218 A3.

280 5222 327 5297 ³³
358 5214 799 5297 Πιοβεθηειξῐιίριθ
824 5219 875 5269 2.
907 5223 952 5256 ³⁵
976 5216 1267 5269 vualterus
1299 5220 1349 5270 2.
1386 5218 1435 5269 3.
1486 5214 1840 5297 ³³ηιιὸιμτοιυιιε

2009 5258 2013 5269 .
2044 5221 2125 5297 Λ³⁷
2156 5214 2345 5297 patria
2374 5216 2607 5297 prepria
2631 5219 2663 5269 2
2709 5218 2761 5297 3..
2813 5222 2859 5257 ³³
2886 5215 3204 5297 ιμςθχξιῃὶωβ
3235 5223 3281 5256 ³³
3310 5215 3601 5297 vacliantis

283 5289 336 5357 3.
370 5294 418 5327 ⁴ι)
441 5286 523 5357 ita
553 5291 573 5337 1
626 5289 677 5339 2.
712 5289 763 5341 3.
792 5293 835 5327 ιι
883 5302 1112 5341 servum
1143 5291 1194 5341 2.
1226 5289 1279 5340 3.
1303 5296 1349 5327 4³
1376 5286 1634 5356 pontifex
1661 5292 1712 5341 2.
1760 5285 2004 5341 fontifex
2043 5288 2095 5341 3.
2130 5284 2175 5327 αἱ
2206 5284 2528 5342 insaniebat
2556 5304 2699 5357 corr,
2732 5287 3024 5344 insanibat
3054 5290 3103 5343 1.
3144 5284 3433 5343 insanibat
3459 5300 3597 5341 corr.

283 5355 611 5411 insaniebat
638 5360 691 5411 2.

1828 5455 2050 5512 NOT/E.

350 5573 469 5721 E22)
502 5575 991 5659 Wormatieiensis
1024 5580 1159 5633 tunc
1190 5579 1541 5647 Burliardus,
1565 5580 2004 5653 Argentincnsis
2042 5578 2431 5635 Wcrinharius
2469 5582 2610 5636 erat.

378 5648 462 5710 24)
489 5649 530 5707 Ι.
566 5665 617 5705 e.
654 5649 1142 5721 Wirziburgeusis.

378 5648 462 5710 24)
489 5649 530 5707 Ι.
566 5665 617 5705 e.
654 5648 1142 5723 Wirziburgeusis.
