4028 6186
485 398 623 467 1363

1472 399 1927 463 CONSTANTlNl
1963 401 2023 463 S.
2059 402 2531 463 SYMPHORIANI
2559 404 2849 463 ABBATIS

3688 410 3837 471 1564

483 527 702 585 credita
724 522 920 581 fecisse
945 523 1193 581 multum
1213 525 1926 599 gaudebat.Exortabatur
1946 540 2090 596 quos
2111 529 2165 589 Α
2194 524 2421 581 cientis:
2451 542 2558 597 pro
2589 530 2756 586 nobis
2786 532 3045 602 perferre
3077 530 3372 604 dignatus,
3404 534 3700 607 patientes
3722 553 3833 592 nos

485 615 731 673 exortari
751 615 961 671 debere
993 614 1243 683 videbat,
1277 616 1615 688 increpabat
1642 616 1815 670 duros
1837 617 1894 669 et
1927 612 2093 686 perfi-

486 704 606 771 dos,
635 705 973 760 obsecrabat
1002 705 1127 779 pios
1155 708 1213 759 et
1240 705 1527 775 benignos
1564 703 1640 758 ad
1686 702 1931 757 meliora
1955 719 2091 755 con-

482 793 793 861 scendere;
837 809 981 865 quos
1005 810 1141 847 vero
1173 794 1385 848 mentis
1431 792 1646 847 duritia
1674 791 2095 863 incorrigibiles

483 881 789 949 efficiebat,
803 882 910 937 hos
927 881 1121 952 gladio
1140 883 1198 935 et
1213 880 1393 935 armis
1411 880 1619 936 divinae
1641 878 2095 935 animadversio—

483 969 572 1025 nis
601 970 843 1042 telisque
863 968 1211 1041 spiritalibus
1231 969 1497 1041 persequi
1518 969 1615 1023 diu
1637 984 1740 1040 per
1755 966 2095 1039 patientiam

483 1061 832 1131 expectatos,
870 1058 1091 1130 legibus
1126 1057 1306 1112 etiam
1357 1056 1714 1128 adjudicatos
1757 1056 2091 1110 festinabat.

480 1147 803 1221 Aliquando
834 1164 926 1203 res
952 1164 1156 1203 eorum
1172 1151 1229 1203 et
1254 1147 1555 1201 facultates
1588 1146 1967 1216 depopulans,
1990 1144 2094 1199 ali-

483 1237 715 1310 quando
729 1239 914 1292 castra
930 1253 1134 1292 eorum
1161 1237 1425 1291 subverte
1434 1253 1496 1289 ns
1509 1239 1567 1290 et
1582 1237 1734 1289 terre
1766 1250 2092 1305 coaequans,

484 1325 621 1398 quia
643 1326 765 1381 haec
795 1324 1204 1380 aacclesiasticae
1252 1323 1489 1379 familia:
1522 1333 1566 1364 ιι
1600 1321 1775 1376 nimis
1814 1321 1998 1375 vicina
2025 1330 2092 1389 ιδ,

482 1414 755 1486 quicquid
784 1413 1034 1483 praedari
1064 1416 1336 1483 poterant
1367 1410 1453 1465 his
1482 1410 1832 1475 inferebant,
1879 1413 1936 1463 et
1963 1425 2097 1463 con-

482 1501 712 1555 tinuum
736 1517 1055 1572 pauperum
1078 1502 1394 1554 clamorem
1412 1498 1485 1553 ad
1506 1514 1671 1551 aures
1692 1496 1929 1569 piissimi
1950 1514 2095 1567 pon-

484 1588 652 1643 tificis
666 1589 970 1659 pervenire
987 1588 1277 1642 faciebant
1311 1586 1657 1641 Alteriacum
1677 1602 1930 1657 namque
1950 1587 2062 1640 Teo
2077 1616 2093 1625 -

487 1676 660 1732 dcrici
719 1676 1094 1730 infelicissimi
1150 1679 1422 1742 castrum,
1465 1672 1945 1729 Lantfridi-curlis
1983 1674 2092 1747 (‘25)

484 1765 661 1820 etiam
691 1766 904 1822 dictam
923 1767 1167 1831 turrem,
1193 1764 1284 1818 cui
1307 1764 1637 1818 Everelmus
1660 1770 1705 1803 ιο
1731 1762 2095 1834 pravissimus

2193 632 2314 671 esse
2347 632 2465 671 non
2488 619 2662 674 modo
2686 621 2873 676 verbis
2902 637 3101 676 verum
3135 622 3417 693 exemplis
3442 625 3642 678 suasit.
3680 625 3825 687 One

2193 707 2253 759 et
2278 704 2371 759 hic
2399 707 2599 762 beatus
2641 708 2719 762 sic
2756 710 2941 780 sequi,
2967 710 3044 764 sic
3069 710 3284 765 imitari
3311 711 3550 771 studuit,
3578 717 3641 765 ut
3668 712 3829 783 inju-

2193 794 2306 848 rias
2320 794 2423 849 sibi
2437 812 2472 849 a
2490 813 2857 869 quocumque
2874 798 3049 853 etiam
3070 799 3274 854 infimo
3292 799 3477 853 illatas
3492 817 3826 871 numquam

2193 881 2514 953 vindicarit,
2541 902 2862 956 numquam
2886 888 3037 941 ultus
3057 887 3253 954 fuerit,
3274 887 3373 941 sed
3394 887 3567 943 firmo
3581 892 3827 959 pectore

2196 971 2469 1041 praecepti
2504 973 2785 1028 Dominici
2805 978 3076 1032 executor
3096 984 3164 1037 ιθ.
3187 993 3302 1047 qua
3322 976 3559 1030 beatum
3578 978 3825 1032 Petrum

2195 1058 2543 1114 instruxerat
2573 1076 2584 1114 :
2620 1061 2749 1117 Non
2769 1062 2888 1117 dico
2919 1063 3033 1129 tibi,
3060 1063 3239 1127 Petre,
3270 1064 3580 1118 dimittendi
3606 1069 3825 1135 septies,

2192 1146 2283 1200 sed
2306 1164 2468 1218 usque
2496 1152 2791 1219 septuagies
2834 1153 3018 1221 septies
3060 1151 3282 1220 (Matth.
3319 1168 3473 1218 mu,
3501 1154 3615 1222 2'2),
3650 1154 3824 1225 quic-

2195 1236 2332 1307 quid
2378 1236 2434 1289 in
2490 1254 2548 1292 se
2595 1255 2876 1311 umquam
2923 1240 3130 1311 aliquis
3182 1241 3521 1313 delinquere
3563 1246 3827 1311 poterat,

2195 1325 2618 1395 pacientissime
2641 1326 2939 1395 ignoscere
2974 1333 3222 1400 poterat,
3252 1333 3310 1383 et
3340 1329 3694 1397 injuriarum
3722 1331 3833 1386 im-

2196 1428 2445 1479 memor,
2461 1414 2646 1484 magis
2668 1416 2945 1470 beneficia
2978 1432 3080 1486 pro
3104 1417 3274 1471 malis
3293 1434 3473 1488 quam
3498 1418 3830 1473 vindictam

2195 1502 2672 1573 recompensabat
2720 1504 2968 1574 Rapinas
3005 1520 3139 1559 vero
3172 1506 3567 1560 ecclesiarum
3600 1510 3661 1560 et
3694 1524 3829 1578 qua

2194 1588 2325 1643 filiis
2340 1590 2609 1645 aacclesiaa
2631 1590 3060 1655 inferebantur,
3083 1592 3181 1647 diu
3208 1593 3447 1664 quidem
3470 1611 3578 1665 per
3602 1596 3835 1665 patiem

2192 1677 2336 1733 tiam
2354 1679 2785 1750 sustinens,jam
2803 1681 3039 1735 tandem
3058 1682 3143 1735 vel
3161 1683 3453 1736 malorum
3468 1684 3831 1738 enormitate

2197 1766 2281 1819 vel
2306 1781 2626 1836 pauperum
2650 1766 2842 1821 nimiis
2867 1767 3219 1839 assiduisque
3244 1769 3597 1825 clamoribus
3629 1771 3819 1826 tcdia-

482 1853 786 1925 insidebat,
821 1858 879 1909 et
923 1854 1330 1926 VendOperam
1364 1852 1477 1924 (26)
1514 1850 1733 1907 Beraldi
1776 1850 2001 1905 comitis
2033 1850 2092 1903 in
2117 1852 2166 1909 Β
2194 1855 2302 1919 tus,
2325 1855 2459 1925 quia
2474 1855 2533 1908 id
2558 1871 2802 1910 censura
2826 1856 3000 1910 ofﬁcii
3031 1857 3358 1927 expetebat,
3384 1861 3446 1910 et
3488 1857 3550 1911 id
3567 1859 3834 1912 Domini-

484 1942 961 1998 Calvomontense
973 1958 1123 2014 pago
1146 1940 1713 2006 situm,subversione
1735 1939 2091 2009 dampnavit.

484 2031 720 2104 Noverit
734 2048 872 2087 sane
893 2031 1149 2104 quisquis
1173 2031 1295 2084 haec
1317 2029 1541 2101 legerit,
1560 2028 1801 2101 injurias
1831 2028 1936 2082 sibi
1968 2044 2095 2097 spe-

483 2102 707 2175 cialiter
730 2102 1257 2191 illatas—numquam
1286 2117 1734 2185 vindicasse,sed
1752 2133 1855 2188 pro
1871 2116 2094 2171 Christo

484 2210 542 2262 et
568 2225 671 2280 pro
704 2208 854 2263 tanti
887 2208 1141 2263 nominis
1184 2223 1386 2264 amore
1425 2205 1586 2278 equis
1634 2205 1844 2260 animis
1893 2209 2097 2260 cuncta

479 2297 795 2364 tollerasse,
815 2299 874 2352 et
898 2313 1002 2367 per
1027 2296 1321 2368 patientiae
1349 2295 1619 2349 virtutem
1632 2294 1739 2349 sibi
1770 2294 2096 2365 ingenitam

480 2385 715 2440 Domini
762 2385 847 2440 sui
902 2385 1258 2440 imitatorem
1321 2383 1597 2449 extitisse,
1640 2384 1753 2454 qui,
1788 2386 1850 2436 ut
1898 2384 2099 2437 beatus

480 2474 771 2545 apostolus
824 2472 981 2538 dicit,
1039 2490 1163 2527 cum
1190 2478 1480 2542 pateretur
1512 2488 1620 2524 non
1649 2472 2095 2537 comminabatur,

481 2574 604 2617 cum
632 2559 1044 2614 malediceretur
1083 2576 1191 2614 non
1227 2560 1567 2614 maledicebat
1599 2558 1660 2631 (Ῑ
1691 2560 1843 2614 Petr.
1886 2577 1946 2627 ιι,
1987 2560 2095 2631 23).

482 2648 937 2717 Recordabatur,
962 2648 1097 2721 quia
1115 2648 1363 2703 traditus
1384 2648 1539 2703 idem
1567 2648 1845 2703 Dominus
1862 2664 2096 2704 omnem

482 2736 831 2808 patientiam
870 2736 1148 2792 exhibuit.
1176 2737 1302 2791 Non
1336 2736 1654 2803 contendit,
1678 2753 1796 2791 non
1816 2736 2099 2804 clamavit,

489 2840 601 2880 nec
630 2824 689 2879 in
721 2824 925 2896 plateis
961 2825 1157 2880 audila
1196 2828 1281 2880 est
1330 2840 1435 2879 vox
1467 2825 1607 2896 ejus.
1652 2825 2100 2892 Recordabatur,

492 2912 629 2985 quia
654 2912 1055 2968 insultantium
1086 2914 1181 2968 ille
1206 2917 1373 2985 sputa
1393 2913 1663 2985 suscepit,
1690 2913 1786 2984 qui
1808 2917 1975 2985 sputo
2001 2930 2102 2967 suo

495 3002 692 3057 oculos
721 3002 837 3058 ceci
865 3002 987 3057 nati
1002 3002 1231 3075 aperire
1259 3001 1530 3073 dignatus
1552 3004 1667 3069 est;
1698 3005 2005 3057 coronatus
2021 3002 2106 3056 est

2196 1957 2329 1996 cum
2351 1946 2707 2014 praeceptum
2726 1944 2850 1998 ﬁeri
2876 1944 3137 2011 mandat,
3161 1944 3359 1999 dicens
3382 1946 3833 2017 corripiendum

2196 2048 2435 2103 pravum
2465 2032 2655 2101 primo
2694 2035 2814 2087 solo
2856 2034 2975 2088 Deo
3018 2037 3180 2095 teste,
3242 2034 3496 2089 secundo
3558 2034 3832 2090 adhiberi

2196 2136 2377 2175 unum
2400 2124 2500 2174 aut
2524 2120 2667 2175 duos
2700 2125 2895 2189 testes,
2928 2123 3100 2177 tertio
3129 2122 3341 2177 debere
3372 2122 3485 2177 dici
3522 2124 3829 2193 aacclesie,

2197 2210 2468 2283 deinceps
2497 2210 2542 2264 si
2571 2211 2891 2265 (ecclesiam
2922 2228 3039 2266 non
3071 2211 3337 2275 audierit,
3371 2212 3649 2281 deputari
3676 2213 3834 2267 inter

2197 2299 2457 2354 ethnicos
2486 2303 2544 2352 et
2571 2300 2911 2370 publicanos
2941 2299 3162 2370 (Matth.
3208 2317 3366 2365 xvm,
3429 2304 3515 2366 15,
3554 2304 3638 2361 l7)
3667 2319 3683 2359 :
3743 2302 3834 2356 his

2199 2387 2468 2442 omnibus
2487 2387 2539 2441 ei
2567 2387 2661 2458 qui
2693 2387 3098 2457 incorrigibilis
3127 2389 3414 2443 existebat
3446 2389 3831 2455 exibitis,ali-

2201 2475 2437 2547 quando
2465 2473 2691 2529 vinculo
2731 2474 3119 2529 anathematis
3166 2492 3302 2530 eum
3340 2475 3699 2546 astringere,
3732 2477 3832 2531 ali-

2202 2563 2433 2635 quando
2462 2579 2639 2633 prava
2665 2563 2788 2633 ejus
2816 2562 3109 2617 domicilia
3138 2563 3489 2629 subvertere,
3518 2566 3831 2619 multoties

2201 2651 2375 2705 rebus
2395 2649 2641 2722 propriis
2660 2651 3018 2715 subvertere,
3054 2666 3171 2705 non
3187 2650 3499 2722 cupiditate
3511 2657 3713 2717 actus,
3730 2653 3829 2707 sed

2202 2755 2307 2810 pro
2342 2739 2697 2793 correctione
2715 2755 3029 2810 pravorum
3055 2742 3113 2793 et
3142 2740 3343 2811 requie
3374 2748 3417 2781 ιι
3446 2740 3754 2795 bonorum
3774 2741 3831 2795 id

2205 2844 2376 2898 agere
2406 2828 2749 2898 compulsus.
2785 2828 2930 2891 Quia
2972 2844 3106 2882 vero
3155 2828 3369 2899 pietate
3424 2830 3617 2899 magis
3646 2846 3829 2901 quam

2205 2916 2451 2972 avaricia
2479 2916 2601 2969 hec
2632 2916 2901 2981 faciebat,
2932 2932 3001 2969 ea
3026 2931 3118 2969 res
3148 2915 3361 2971 indicio
3392 2921 3548 2983 erat,
3575 2916 3723 2971 dum
3756 2917 3827 2971 ab

2206 3003 2397 3074 aliquo
2426 3004 2685 3074 maligno
2710 3003 3009 3076 quippiam
3035 3004 3162 3075 lege
3193 3003 3535 3074 accipiebat,
3570 3005 3691 3059 suis
3718 3006 3829 3059 usi-

488 3090 686 3164 spinis,
707 3091 1327 3164 quisanctosmartires
1343 3091 1831 3146 ﬂoribuscoronat
1853 3091 2101 3155 aeternis;
2128 3111 2174 3170 C
2206 3092 2311 3147 bus
2339 3090 2544 3146 exinde
2577 3092 2718 3146 nihil
2763 3108 3040 3163 umquam
3074 3091 3315 3147 miscere
3352 3092 3559 3159 voluit,
3597 3094 3701 3147 sed
3734 3097 3828 3147 aut

492 3180 704 3251 palmis
730 3180 788 3234 in
820 3180 1021 3236 fatiem
1047 3197 1223 3235 caesus
1253 3184 1358 3247 est,
1387 3179 1484 3251 qui
1517 3196 1676 3233 veras
1719 3181 1939 3251 palmas
1980 3179 2106 3234 vin-

489 3267 752 3323 centibus
773 3268 1014 3336 tribuit;
1065 3268 1339 3340 spoliatus
1388 3270 1474 3323 est
1515 3267 1785 3334 vestibus,
1819 3268 1917 3340 qui
1942 3267 2106 3322 indu-

487 3358 687 3410 mento
714 3355 1174 3411 immortalitatis
1203 3360 1425 3410 ceteros
1441 3354 1970 3425 vestit,ﬂagellatus
1995 3359 2101 3419 est,

489 3443 651 3513 cujus
676 3443 917 3497 nomine
937 3443 1117 3498 sancti
1143 3447 1201 3497 et
1222 3442 1363 3497 servi
1385 3443 1507 3513 ejus
1527 3442 1825 3496 diabolum
1841 3445 1899 3497 et
1917 3459 2099 3513 ange-

490 3530 578 3584 los
596 3532 886 3600 apostatas
903 3530 1218 3600 ﬂagellant.
1246 3530 1479 3585 Cibatus
1505 3533 1592 3584 est
1610 3530 1765 3596 felle,
1781 3529 1876 3601 qui
1890 3533 2103 3601 cyb‘um

486 3618 756 3673 celestem
780 3616 1046 3673 fidelibus
1076 3619 1237 3673 dedit
1259 3625 1317 3674 et
1338 3635 1570 3689 semper
1595 3619 1713 3685 dat,
1736 3622 1795 3674 et
1814 3619 1911 3691 qui
1937 3620 2103 3692 panis

482 3710 813 3762 sanctorum
844 3710 930 3762 est
948 3715 995 3751 (⁷
1012 3709 1378 3779 angelorum.
1410 3711 1582 3763 Aceto
1614 3711 1843 3779 potatus
1867 3712 1970 3776 est,
2004 3719 2101 3780 qui

484 3797 717 3851 salutari
735 3798 937 3868 poculo
962 3797 1094 3853 fidei
1114 3797 1441 3854 christianis
1462 3798 1671 3853 cotidie
1689 3797 1983 3869 propinat.
2002 3800 2101 3854 Ille

482 3882 782 3952 innocens,
810 3885 906 3941 ille
923 3886 1131 3957 justus,
1155 3886 1338 3942 immo
1364 3886 1701 3942 innocentia
1728 3886 1851 3957 ipse
1886 3890 1943 3941 et
1975 3886 2099 3958 ipse

475 3972 707 4046 justicia
736 3973 889 4028 inter
920 3978 1250 4046 peccatores
1288 3978 1347 4029 et
1398 3975 1630 4047 iniquos
1676 3974 2006 4045 deputatur,
2043 3979 2100 4030 et

481 4061 829 4117 testimoniis
849 4062 1005 4117 falsis
1029 4064 1239 4118 veritas
1257 4064 1562 4136 premitur,
1571 4062 1862 4134 judicatur
1873 4064 2096 4136 judica-

484 4152 665 4214 turus,
699 4153 758 4204 et
794 4150 896 4206 Dei
932 4152 1171 4207 verbum
1210 4151 1426 4224 Deique
1464 4167 1655 4206 sermo
1703 4151 1777 4206 ad
1808 4152 2100 4207 victimam

483 4241 681 4295 tacens
694 4240 942 4308 ducitur;
959 4241 1032 4296 ad
1047 4239 1317 4295 ultimum
1340 4244 1591 4295 mortem
1613 4240 1795 4295 crucis
1808 4241 2021 4312 patitur
2041 4244 2099 4295 et

486 4327 753 4393 moritur,
781 4327 880 4399 qui
911 4327 1090 4384 vitam
1124 4332 1360 4401 praestat
1390 4328 1631 4395 mundo,
1658 4328 1755 4400 qui
1787 4345 2097 4401 resurgens

482 4432 647 4487 spem
678 4416 1115 4472 resurrectionis
1156 4417 1424 4472 fidelibus
1453 4416 1572 4483 dat,
1605 4419 1663 4471 et
1691 4417 2008 4472 ascendens
2038 4417 2096 4471 in

2205 3179 2553 3251 pauperibus
2582 3195 2650 3233 ea
2679 3179 2876 3234 statim
2899 3179 3319 3245 distribuenda,
3369 3184 3471 3234 aut
3500 3184 3830 3235 restauran-

2205 3266 2410 3320 darum
2443 3274 2489 3308 ⁸³
2521 3266 2908 3321 aacclesiarum
2941 3268 3136 3323 usibus
3182 3267 3489 3338 largienda
3518 3269 3827 3341 dispertie-

2203 3353 2397 3410 batur.

2277 3446 2361 3498 22.
2384 3444 2531 3497 Dum
2557 3442 2714 3497 enim
2737 3459 2806 3497 ea
2823 3460 2952 3515 quae
2973 3442 3079 3498 sibi
3102 3445 3190 3499 vel
3213 3461 3283 3499 ex
3301 3444 3484 3517 patris
3506 3446 3828 3518 matrisque

2203 3530 2557 3601 patrimonio
2585 3539 2631 3573 ⁸⁸
2657 3532 2743 3585 vel
2775 3548 2841 3585 ex
2872 3532 3197 3588 commissas
3226 3532 3511 3588 (ecclesiae
3546 3535 3831 3589 thesauris

2204 3621 2261 3673 et
2282 3619 2510 3691 magnis
2530 3618 2738 3673 divitiis
2755 3621 2887 3691 jure
2910 3622 3341 3693 competebant,
3360 3638 3481 3676 non
3503 3639 3826 3688 reservare,

2203 3723 2322 3762 non
2354 3723 2714 3779 congregare
2745 3725 3031 3780 umquam
3051 3711 3302 3777 volebat,
3323 3711 3425 3765 sed
3445 3712 3824 3784 pauperibus,

2201 3794 2403 3862 viduis,
2436 3795 2708 3867 orphanis
2734 3799 2793 3850 et
2838 3797 3126 3868 praecipue
3174 3800 3499 3867 monachis,
3527 3800 3632 3871 qui
3664 3804 3829 3855 erant

2199 3900 2301 3938 sua
2330 3900 2486 3949 cura,
2520 3884 2617 3955 qui
2656 3888 2824 3938 erant
2870 3902 3003 3939 suus
3061 3903 3324 3941 summus
3379 3904 3572 3953 amor,
3621 3893 3829 3944 cuncta

2199 3970 2599 4043 impendebat,
2626 3975 2832 4027 cuncta
2864 3974 3240 4045 largiebatur,
3263 3975 3425 4030 credi
3456 3977 3543 4031 fas
3577 3994 3700 4032 non
3721 3982 3824 4044 est,

2199 4060 2354 4131 quod
2376 4060 2422 4114 is
2442 4060 2597 4115 bona
2616 4060 2873 4131 alicujus,
2900 4062 3080 4117 etiam
3112 4063 3338 4135 legibus
3369 4064 3687 4135 adquisita,
3718 4066 3824 4119 sibi

2197 4163 2423 4202 servare
2436 4156 2483 4190 δι
2500 4151 2599 4202 aut
2622 4149 2930 4205 marsubiis
2944 4150 3358 4206 ecclesiasticis
3378 4152 3683 4207 includere
3696 4169 3828 4207 con-

2197 4236 2463 4306 cupisset.
2490 4237 2635 4291 Vere
2666 4238 2888 4304 beatus,
2928 4255 3061 4293 vere
3090 4239 3174 4293 vir
3197 4240 3258 4294 in
3288 4256 3405 4311 quo
3434 4241 3608 4296 dolus
3628 4242 3817 4295 nullus

2198 4327 2344 4393 erat,
2364 4325 2478 4380 null
2489 4342 2584 4380 um
2599 4326 3229 4395 circumveniens,uulli
3245 4328 3513 4384 fraudem
3534 4330 3815 4395 inferens,

2197 4412 2337 4485 quin
2371 4413 2558 4485 potius
2585 4431 2687 4469 sua
2724 4414 2972 4470 libenter
3002 4415 3362 4488 impertiens,
3394 4417 3454 4472 in
3487 4418 3817 4473 crastinum

482 4505 695 4571 celum,
729 4502 865 4577 quia
894 4521 1027 4559 cum
1054 4521 1123 4560 eo
1151 4505 1441 4561 escensuri
1471 4520 1687 4570 sumus,
1707 4503 1753 4558 si
1783 4506 1957 4576 capiti
1992 4522 2098 4561 no-
2122 4496 2174 4553 D
2197 4505 2297 4555 aut
2328 4503 2484 4556 nulla
2527 4505 2626 4556 aut
2651 4519 2833 4575 pauca
2863 4504 3162 4572 retinens;
3207 4505 3512 4577 apostolici
3544 4505 3821 4578 precepti

483 4594 601 4646 stro
632 4593 918 4664 compacti
947 4596 1006 4648 et
1035 4594 1419 4666 conglutinati
1450 4593 1616 4648 bonis
1633 4592 1903 4664 operibus
1925 4596 1983 4647 et
2013 4610 2099 4648 ac-

482 4675 637 4733 tibus
665 4680 846 4735 sancti
872 4689 918 4723 ω
948 4680 1331 4751 inveniamur,
1366 4681 1633 4736 membra
1674 4680 1859 4736 effecti
1891 4681 2097 4737 Christi

486 4764 742 4835 Domini,
768 4767 866 4840 qui
892 4773 979 4823 est
1021 4773 1195 4841 caput
1232 4769 1701 4843 principiumque
1744 4785 1865 4824 non
1902 4771 2097 4825 solum

486 4853 687 4927 nostri,
718 4872 917 4910 verum
941 4858 1206 4914 omnium
1236 4862 1657 4914 creaturarum.

560 4945 647 4998 2t.
678 4944 808 4998 Haec
834 4948 1041 5001 cuncta
1071 4947 1172 5003 Dei
1198 4956 1245 4990 ιο
1278 4948 1466 5015 Filius,
1510 4947 1570 5001 in
1600 4962 1703 5002 sua
1731 4947 1941 5001 natura
1989 4944 2100 4999 im-

471 5031 774 5104 passibilis,
807 5032 869 5088 in
900 5037 1103 5091 nostra
1149 5036 1388 5091 effectus
1418 5034 1721 5109 passibilis,
1757 5034 1965 5089 virtute
1995 5016 2109 5106 pa:

2198 4588 2595 4645 devotissimus
2607 4593 2666 4645 et
2679 4592 2989 4647 continuus
3002 4594 3520 4659 executor,habens
3532 4596 3683 4649 victu
3693 4611 3753 4648 m
3768 4599 3823 4648 et

2198 4678 2487 4747 vestitum,
2512 4678 2600 4732 his
2622 4683 2929 4735 contentus
2957 4685 3083 4737 erat
3111 4698 3124 4736 :
3155 4681 3332 4747 Nihil,
3364 4682 3664 4754 inquiens,
3679 4686 3820 4736 uitu-

2198 4769 2356 4846 limus
2398 4770 2454 4821 in
2489 4769 2630 4821 hunc
2671 4770 2952 4837 mundum,
2985 4787 3169 4826 verum
3200 4787 3293 4824 nec
3344 4773 3566 4839 auferre
3614 4771 3823 4844 αιέᾳωό

2188 4873 2484 4928 possumus.
2516 4856 2717 4911 Eratei
2743 4857 3038 4912 humilitas
3058 4857 3117 4913 in
3147 4859 3625 4927 conversatione,
3652 4861 3820 4916 stabi-

2199 4946 2328 5000 litas
2354 4945 2411 4999 in
2442 4944 2575 5011 fide,
2594 4946 2941 5000 verecundia
2963 4945 3025 5000 in
3044 4946 3254 5012 verbis,
3277 4947 3340 5001 in
3362 4947 3536 5001 factis
3557 4949 3815 5019 justicia,

2199 5034 2260 5088 in
2290 5033 2560 5106 operibus
2580 5032 2996 5103 misericordia,
3020 5034 3081 5089 in
3102 5035 3361 5091 moribus
3383 5036 3719 5108 disciplina,
3734 5038 3817 5093 in-

1803 5174 2034 5231 VARIE
2072 5174 2473 5232 LECTIONES.

558 5306 604 5340 ιι
632 5297 869 5354 familias
912 5302 961 5354 l.
1008 5307 1055 5341 ιι
1104 5298 1272 5355 ucina
1328 5304 1377 5356 Ι.
1414 5309 1460 5343 ω
1519 5298 1839 5355 everelinus
1901 5304 1951 5355 1.
1986 5299 2307 5355 everelinus
2351 5314 2491 5353 corr.
2544 5298 2867 5353 everelmus
2911 5302 2965 5355 2.
3021 5300 3339 5355 everelmus
3370 5301 3423 5355 3.
3478 5308 3525 5343 ιτ
3563 5305 3655 5356 est
3704 5300 3813 5356 5.3.

484 5374 532 5411 ιι
567 5369 817 5426 sancti2.
852 5368 903 5426 3.
940 5379 985 5413 ιο
1011 5371 1153 5427 deus
1176 5370 1328 5427 filius
1363 5371 1456 5427 dei
1476 5376 1530 5428 2.
1560 5374 1613 5429 3.
1645 5379 1692 5414 ⁸ο
1717 5373 1954 5427 execulo
1982 5374 2035 5429 3.
2076 5379 2121 5413 ιι
2151 5371 2209 5429 b.
2234 5388 2282 5426 r.
2312 5374 2364 5426 2.
2404 5374 2455 5426 3.
2496 5372 2565 5425 52
2602 5369 3077 5428 restruendarum
3104 5374 3185 5446 2.}
3204 5375 3257 5427 3.
3289 5379 3336 5414 ⁸³
3360 5373 3745 5429 matrimonio
3764 5373 3812 5424 3.

485 5446 531 5480 ⁸4
561 5456 857 5497 reservare
876 5446 910 5498 2
939 5446 992 5499 3.

2036 5531 2259 5589 NOTAE.

545 5632 654 5706 (25)
691 5636 1095 5694 Lantfrocourt
1119 5638 1193 5693 ad
1226 5638 1464 5696 Saliam.

2265 5638 2371 5711 (26)
2406 5637 2780 5694 Vendoeuvre.
