4028 6186
178 436 316 499 ὶδϐὃ

1451 434 1611 496 νιτΑ
1634 434 2116 497 ΑυΑιΒΕΒΟΝΙε
2146 435 2220 498 II.

3364 434 3501 503 £500

168 564 393 639 juriam
432 563 623 620 facere
665 560 908 631 nescius,
960 560 1181 620 illatam
1232 562 1385 620 ferre
1412 563 1613 619 sciens.
1644 562 1787 618 Cum
1809 563 1865 624 Α
1878 560 2102 633 justum
2133 562 2309 635 digna
2335 563 2505 620 laude
2533 579 2639 637 pro
2674 562 2866 621 divino
2883 562 3038 620 cultu
3066 562 3501 637 divinoqueser-

179 655 459 711 fratribus
487 671 688 726 pacem
718 656 938 722 tenere,
957 656 1139 710 Deum
1170 659 1292 710 toto
1324 655 1496 709 corde
1525 651 1785 724 diligere,

177 760 378 799 amare
409 743 467 797 in
500 743 781 814 illo'quod
808 746 973 814 pater
988 746 1092 809 est,
1119 743 1325 798 timere
1353 742 1505 814 quod
1526 743 1788 807 Deusest,

178 831 404 889 Christo
428 831 669 887 omnino
703 831 843 885 nihil
896 847 1258 904 praeponere,
1303 830 1437 903 quia
1476 846 1581 885 nec
1626 828 1791 883 nobis

177 921 489 993 quicquam
513 920 608 975 ille
638 921 968 992 prmposuit.
1001 921 1240 976 Karitati
1262 921 1383 988 eius
1402 916 1792 990 inseparabili-

174 1014 268 1066 ter
296 1011 577 1065 adherere
605 1010 1033 1077 noverat,cruci
1063 1012 1184 1082 ejus
1208 1011 1438 1066 fortiter
1462 1027 1526 1065 ac
1547 1010 1793 1068 ﬁdenter

176 1098 502 1166 assistebat,
532 1099 669 1169 quia
695 1099 804 1152 hoc
826 1106 871 1140 ⁸⁸
904 1099 1186 1155 didicerat
1210 1099 1555 1154 coheredem
1583 1098 1791 1156 Christi

184 1187 465 1255 existere;
498 1187 606 1241 hoc
639 1203 761 1241 esse
786 1190 1141 1258 praeceptum
1171 1189 1272 1245 Dei
1302 1189 1511 1255 facere,
1539 1189 1647 1243 hoc
1670 1206 1790 1246 esse

174 1276 536 1330 voluntatem
562 1275 1018 1347 Patrisimplere.
1040 1276 1174 1340 Quae
1189 1281 1383 1332 autem
1413 1278 1623 1345 dicam,
1641 1279 1727 1334 his
1743 1288 1790 1321 ⁸⁸

175 1364 275 1437 qui
306 1380 439 1418 eum
470 1363 718 1418 exterius
741 1368 1022 1419 noverant
1067 1365 1428 1421 incredibilia
1452 1367 1602 1422 forte
1632 1369 1790 1424 vide-

172 1453 414 1520 buntur,
447 1453 581 1525 quia
614 1456 672 1508 et
721 1453 1022 1509 nobilitate
1076 1456 1263 1510 carnis
1291 1459 1347 1510 et
1380 1459 1586 1511 natura
1617 1474 1789 1531 supra

177 1542 454 1596 mortales
470 1544 702 1596 cunctos
738 1545 904 1596 tener
933 1546 991 1597 ct
1014 1543 1288 1598 delicatus
1309 1548 1454 1611 erat,
1487 1548 1544 1599 et
1562 1546 1629 1600 ad
1657 1563 1783 1618 per-

174 1629 421 1684 ferenda
442 1636 485 1671 57
513 1646 641 1701 quin
670 1629 814 1684 dura
843 1635 977 1685 sunt
1003 1632 1234 1686 omnino
1257 1632 1556 1687 imbecillis
1598 1634 1787 1689 Missas

177 1722 240 1773 et
260 1722 626 1773 sacramenta
648 1719 838 1773 divina
854 1719 975 1775 sine
993 1721 1175 1775 cilicio
1195 1738 1515 1794 numquam
1537 1723 1787 1777 celebra-

174 1806 279 1872 vit,
314 1823 525 1879 panem
545 1807 785 1863 cmlestis
804 1809 1042 1863 misterii
1063 1808 1281 1863 intimis
1297 1810 1549 1865 lacrimis
1569 1810 1781 1866 irrora-

172 1896 298 1962 bat,
318 1900 518 1968 potum
536 1896 738 1951 itidem
766 1897 1025 1953 divinum
1056 1915 1185 1952 cum
1220 1899 1357 1953 ﬂetu
1382 1916 1612 1973 semper
1639 1903 1784 1955 tem-
1803 1917 1855 1975 Β

182 1984 681 2056 perabat.Vigilias
695 1986 899 2040 natalis
910 1987 1194 2042 Dominici
1210 1992 1265 2041 et
1277 1993 1487 2043 sanctae
1502 1998 1547 2031 ⁸⁸
1561 1990 1783 2061 paschae

175 2072 479 2143 sanctique
496 2075 857 2142 pentecostes
869 2074 1199 2128 etomnium
1217 2079 1544 2130 sanctorum
1562 2082 1786 2149 aposto-

177 2161 372 2215 lorum
405 2164 462 2215 et
482 2161 903 2232 prmcipuorum
940 2166 1257 2234 martyrum
1290 2164 1410 2218 sine
1437 2164 1626 2236 aliquo
1657 2166 1783 2221 cibo

181 2265 416 2319 semper
439 2249 809 2320 transigebat,
830 2253 885 2303 et
902 2250 959 2305 in
980 2254 1198 2305 occulto
1222 2252 1480 2308 cubiculo
1497 2254 1788 2309 conscien-

180 2336 276 2390 tiae
301 2340 358 2390 et
377 2337 563 2392 cordis
575 2340 757 2392 Deum
777 2355 1018 2393 exorans
1035 2340 1296 2395 faciebat.
1321 2341 1785 2413 Quadragesimie

176 2424 304 2479 dies
327 2424 448 2479 sine
483 2425 802 2494 monachis,
831 2426 874 2481 si
902 2427 961 2482 in
1003 2428 1188 2500 patria
1217 2428 1507 2484 demorari
1539 2434 1786 2501 poterat,

178 2530 502 2585 numquam
535 2514 890 2584 celebrabat;
924 2517 1078 2588 quod
1104 2518 1388 2588 praecipue
1420 2519 1569 2590 apud
1587 2520 1782 2592 Gurgi-

180 2606 376 2656 tenses
392 2602 579 2657 facere
596 2607 992 2672 consueverat,
1016 2607 1151 2677 quia
1174 2608 1327 2662 locus
1356 2608 1510 2663 idem
1536 2612 1593 2662 et
1613 2626 1788 2665 sacrae

178 2690 483 2759 religionis
498 2691 854 2747 districtione
872 2692 1113 2765 insignis
1129 2699 1186 2749 et
1202 2696 1410 2750 divitiis
1431 2698 1716 2767 opulentis
1733 2701 1792 2753 et

184 2778 297 2832 situ
338 2778 785 2852 ammnitateque
813 2780 1185 2850 gratissimus,
1221 2783 1292 2837 ad
1327 2783 1547 2839 divinos
1576 2802 1706 2839 usus
1735 2789 1795 2840 et

179 2866 258 2920 ad
296 2866 550 2921 divinum
574 2868 866 2923 servitium
892 2869 1305 2940 perficiendum
1330 2871 1616 2942 placidum
1641 2873 1795 2945 quie-

194 2957 439 3026 tumque
465 2955 648 3011 otium
681 2958 1004 3012 exhibebat.
1029 2960 1171 3013 Nam
1194 2960 1412 3014 duabus
1432 2952 1798 3033 quadragesi-

186 3044 303 3098 mis
339 3044 447 3099 iter
472 3046 801 3101 Romanum
847 3063 951 3118 pro
1001 3049 1120 3103 solo
1144 3047 1244 3102 Dei
1276 3065 1475 3103 amore
1502 3052 1797 3107 celebrans

180 3132 431 3199 iteravit,
488 3138 547 3188 et
592 3139 979 3189 sacrosanctas
1033 3138 1425 3209 apostolorum
1482 3139 1797 3195 memorias

192 3220 517 3293 liminaque
550 3223 905 3278 orationibus
926 3226 984 3278 et
1012 3226 1349 3279 muneribus
1385 3227 1709 3300 honoravit.
1735 3226 1793 3282 Si

188 3309 323 3381 quis
355 3313 547 3364 autem
582 3310 654 3365 ad
684 3312 1037 3367 credendum
1078 3314 1295 3380 tardus,
1339 3316 1574 3369 beatum
1606 3315 1792 3370 virum

183 3397 372 3452 cilicio
410 3415 570 3453 usum
603 3401 924 3471 refragatus
945 3403 1115 3458 fuerit
1136 3407 1234 3458 aut
1260 3406 1574 3476 negaverit,
1594 3406 1665 3460 ad
1690 3421 1794 3459 nos

179 3485 401 3552 veniat,
434 3490 492 3541 et
511 3487 626 3543 viso
648 3506 761 3560 quo
791 3491 1060 3546 utebatur
1077 3491 1280 3561 cilicio,
1301 3497 1358 3547 et
1373 3494 1655 3547 staminea
1677 3497 1793 3572 (27)

180 3575 356 3630 lanea
375 3592 487 3647 qua
501 3578 1116 3649 omniquadragesima
1147 3581 1514 3649 induebatur,
1542 3599 1668 3653 quin
1690 3599 1794 3639 nos

187 3663 265 3718 ab
297 3663 385 3717 his
406 3664 498 3736 qui
530 3670 881 3721 secretorum
909 3667 1111 3724 intime
1142 3670 1350 3724 conscii
1383 3675 1567 3738 erant,
1588 3687 1714 3742 quin
1737 3675 1795 3726 et

189 3767 303 3805 nos
326 3768 430 3824 pro
459 3754 686 3825 magnis
716 3754 996 3810 thesauris
1027 3764 1072 3799 ⁸ο
1094 3757 1502 3829 adquisivimus
1533 3762 1587 3813 et
1609 3777 1793 3817 serva-

185 3856 343 3906 mus,
376 3841 510 3912 quia
537 3843 655 3896 Deo
695 3843 837 3897 nihil
887 3847 971 3899 est
1019 3844 1399 3916 impossibile;
1434 3848 1589 3918 quod
1615 3851 1791 3905 oculis

178 3945 426 3985 cernere
457 3935 561 3998 est,
591 3932 914 3986 credulitati
932 3949 1031 3987 cor
1056 3934 1224 3988 fidele
1248 3951 1475 3990 necesse
1506 3939 1591 3991 est
1621 3938 1792 3993 comi-

178 4020 362 4073 tetur.

258 4109 350 4163 23.
383 4108 427 4163 Ο
458 4125 631 4180 quam
675 4110 855 4167 facilis
903 4111 1090 4167 aditus
1121 4114 1192 4167 ad
1220 4114 1690 4186 colloquendum,
1719 4118 1793 4172 ad

182 4195 632 4260 convivandum,
664 4199 737 4253 ad
784 4217 1009 4272 queque
1041 4203 1352 4257 commoda
1381 4205 1789 4276 perquirenda,

180 4286 352 4340 omni
374 4287 583 4354 ordini,
607 4289 767 4343 omni
786 4290 1126 4357 mtati,omni
1149 4291 1512 4363 professioni,
1528 4295 1789 4366 pauperi,

179 4374 384 4441 debili,
421 4392 680 4447 personm
711 4378 1017 4447 vilissimm,
1068 4381 1244 4451 justo,
1290 4383 1598 4453 peccatori,
1654 4399 1793 4455 erga

1888 650 2028 706 vitio
2043 653 2339 721 extollant,
2366 655 2708 709 recollentes
2727 654 3032 727 scriptum:
3054 652 3240 709 Omnis
3279 652 3406 709 laus
3437 656 3495 709 in

1887 739 1995 808 ﬁne
2026 740 2339 796 decantatur
2384 746 2442 799 et
2478 743 2812 816 Sapientem
2853 742 3056 799 dixisse
3105 745 3492 798 memoretur:

1888 831 1977 885 Ne
2006 831 2187 885 Iaudes
2214 833 2477 887 hominem
2504 834 2561 887 in
2589 835 2699 887 vita
2728 850 2823 888 sua
2877 831 3073 905 (Eccli.
3101 849 3177 887 x1.
3214 834 3322 898 30),
3354 847 3497 904 quo-

1889 920 2037 974 riam
2079 920 2313 992 quidem
2364 922 2422 975 in
2467 921 2582 977 vita
2623 922 2730 976 hac
2760 922 2902 977 nihil
2946 922 3065 977 veri
3110 923 3352 988 constat,
3398 918 3500 974 sed

1892 1010 2096 1062 cuncta
2126 1008 2421 1064 mendatio
2442 1010 2635 1082 plena,
2662 1014 2868 1065 cuncta
2895 1009 3130 1076 caduca,
3165 1024 3270 1063 nec
3310 1008 3500 1080 potest

1892 1112 2013 1151 esse
2044 1100 2201 1151 certa
2230 1098 2352 1151 laus
2382 1098 2478 1153 ubi
2512 1097 2641 1152 finis
2671 1100 2859 1153 certus
2893 1114 3011 1153 non
3043 1100 3148 1164 est,
3180 1113 3310 1151 cum
3339 1096 3501 1169 quis-

1892 1201 2003 1257 que
2034 1186 2236 1240 beatus
2265 1186 2450 1241 beata:
2478 1188 2603 1241 vitae
2634 1187 2927 1253 inseritur,
2948 1192 3005 1242 et
3034 1185 3085 1241 ei
3107 1184 3497 1258 conjungitur,

1892 1274 1986 1345 qui
2021 1277 2105 1329 est
2128 1275 2238 1340 via,
2271 1275 2478 1329 veritas
2509 1279 2566 1330 et
2586 1276 2734 1342 vita;
2770 1280 2905 1330 tunc
2925 1292 3055 1332 vere
3080 1275 3498 1345 laudatur,tum

1888 1378 2023 1416 vere
2052 1362 2111 1416 in
2146 1363 2432 1418 memoria
2461 1372 2508 1406 σο
2535 1364 2841 1419 hominum
2861 1364 3119 1431 vertitur,
3143 1363 3279 1435 quia
3296 1362 3419 1418 laus
3441 1365 3501 1418 et

1890 1468 1996 1523 pax
2028 1454 2085 1505 et
2106 1452 2379 1523 gaudium
2413 1456 2470 1507 et
2498 1453 2687 1508 honor
2730 1452 2994 1507 omnium
3036 1455 3366 1507 sanctorum
3388 1455 3493 1518 est,

1887 1540 2318 1610 quem‘laudare
2344 1543 2401 1595 et
2420 1541 2763 1596 benedicere
2793 1540 2884 1595 hic
2935 1541 3173 1612 quisque
3192 1538 3496 1611 incipiens,

1887 1626 2041 1682 bono
2073 1628 2187 1683 fine
2216 1633 2589 1684 consumatur
2618 1638 2686 1697 σε,
2722 1630 2969 1701 hincque
2995 1629 3300 1695 transiens,
3322 1644 3498 1700 quem

1884 1733 2016 1771 vere
2049 1718 2205 1773 videt
2230 1718 2374 1773 facie
2393 1718 2463 1773 ad
2483 1717 2714 1787 faciem,
2735 1735 2866 1773 vere
2888 1718 3157 1773 laudatet
3180 1733 3312 1773 vere
3325 1718 3499 1773 bene-
3552 1710 3565 1721 ”

1887 1805 2043 1861 dicit.

1956 1897 2044 1950 24.
2098 1895 2358 1967 Episcopi
2403 1895 2487 1951 sui
2516 1895 2793 1969 temporis
2823 1895 2998 1968 aliqui
3020 1895 3167 1950 fastu
3188 1892 3493 1967 superbiae,

1886 1983 2062 2055 aliqui
2087 1984 2452 2054 simplicitate
2508 1985 2715 2051 cordis,
2756 1984 2904 2039 filios
2936 1983 3269 2039 secularium
3306 1998 3495 2038 sacer-

1886 2071 2085 2125 dotum
2111 2072 2179 2125 ad
2203 2089 2391 2127 sacros
2413 2072 2644 2128 ordines
2666 2072 2973 2127 admittere
3005 2071 3493 2143 dedignabantur,

1887 2175 1991 2213 nec
2020 2159 2094 2213 ad
2114 2160 2445 2216 clericatum
2476 2178 2572 2217 eos
2598 2162 2851 2234 recipere
2901 2162 3186 2217 volentes:
3238 2160 3329 2215 hic
3358 2175 3491 2215 vero

1886 2247 2086 2303 beatus
2100 2249 2397 2305 neminem
2412 2250 3053 2322 despiciens,neminem
3069 2264 3497 2322 spernens,pas—

1888 2335 1995 2390 sim
2010 2339 2245 2393 cunctos
2256 2339 2569 2411 recipiebat
2588 2356 2774 2412 neque
2787 2355 3098 2411 personam
3113 2354 3299 2410 neque
3312 2353 3495 2409 genus

1888 2424 2105 2495 eligens
2126 2426 2633 2498 autpraejudicans,
2658 2428 2753 2483 sed
2779 2428 2836 2481 in
2859 2430 3055 2482 mente
3074 2427 3186 2480 fixa
3205 2425 3492 2481 retinens:

1892 2512 2032 2580 Quia
2061 2532 2168 2568 non
2192 2523 2267 2569 est
2287 2534 2638 2587 personarum
2667 2525 2905 2588 acceptor
2931 2516 3101 2581 Deus,
3126 2515 3215 2569 sed
3268 2517 3323 2568 in
3352 2515 3499 2568 omni

1889 2610 2043 2673 gente
2058 2606 2155 2675 qui
2181 2607 2327 2657 timet
2352 2605 2527 2661 Deum
2574 2614 2624 2661 et
2650 2602 2900 2676 operatur
2914 2605 3224 2677 justiciam,
3255 2609 3499 2673 acceptus

1892 2698 1966 2744 est
1986 2693 2068 2746 illi
2094 2694 2235 2764 (Act.
2272 2709 2333 2761 Χ,
2387 2696 2475 2761 34,
2530 2697 2639 2765 35).
2697 2695 2795 2749 Vix
2825 2695 2881 2749 in
2928 2694 3090 2749 omni
3118 2696 3384 2763 tempore
3414 2689 3501 2746 sui

1893 2782 2257 2854 pontificatus
2288 2800 2474 2838 annus
2503 2785 2727 2839 transiit
2742 2794 2807 2850 θ’,
2824 2802 2936 2856 quo
2956 2786 3045 2839 vel
3068 2788 3202 2837 ante
3219 2782 3375 2837 diem
3403 2798 3500 2835 na-

1894 2869 2024 2923 talis
2046 2870 2328 2925 Dominici
2346 2872 2432 2926 vel
2450 2871 2917 2944 Quadragesimaa
2937 2875 3197 2942 tempore
3213 2871 3426 2924 statuto
3451 2876 3499 2910 ⁸³

1898 2957 2210 3029 antiquitus
2217 2959 2296 3030 jej
2308 2959 2400 3012 uni
2408 2975 2575 3013 orum
2589 2956 3503 3031 sabbato,presbiteros,diacones

1898 3049 1955 3100 et
1984 3046 2234 3118 reliquos
2250 3046 2629 3101 (ecclesiastici
2642 3047 2788 3118 juris
2809 3047 3102 3101 ministros
3133 3061 3250 3100 non
3273 3043 3502 3099 ordina-

1897 3138 2004 3202 ret,
2029 3139 2086 3189 et
2115 3151 2174 3189 se
2197 3152 2395 3190 eorum
2419 3135 2680 3208 precibus
2701 3136 2939 3191 subnixa
2953 3151 3069 3190 non
3088 3132 3500 3201 committeret,

1892 3224 1953 3279 in
1980 3228 2208 3279 tantum
2232 3227 2294 3279 ut
2309 3224 2667 3279 sacerdotum
2695 3225 2764 3279 ab
2796 3241 2863 3279 eo
2879 3224 3278 3279 ordinatorum
3297 3237 3502 3276 nume-

1892 3331 1989 3369 rus
2004 3317 2150 3368 ultra
2165 3314 2318 3368 mille
2336 3314 2455 3369 fere
2467 3314 2761 3387 procedat,
2782 3314 3203 3385 etreliquorum
3217 3310 3501 3383 graduum

1895 3404 2280 3459 numerositas
2292 3404 2706 3475 comprehendi
2720 3418 3089 3475 nequaquam
3105 3396 3502 3473 possit.Qualis

1894 3490 2243 3563 frequentia,
2272 3492 2440 3563 quale
2460 3490 2560 3546 Dei
2591 3494 2649 3545 et
2672 3492 2936 3546 omnium
2956 3493 3290 3546 sanctorum
3309 3487 3503 3553 decus,

1894 3583 2111 3652 quanta
2141 3580 2337 3652 populi
2371 3580 2659 3651 tociusque
2688 3578 3048 3644 clerileticia,
3074 3577 3507 3651 quocienscum-

1894 3685 2004 3740 que
2034 3669 2234 3723 beatus
2264 3669 2520 3741 pontifex
2550 3670 2635 3723 vel
2665 3669 2863 3723 missas
2892 3668 3118 3740 publice
3146 3666 3392 3731 dicebat,
3418 3664 3505 3719 vel

1894 3758 2215 3829 aliquarum
2237 3774 2514 3812 novarum
2539 3758 2945 3812 mcclaesiarum
2962 3773 3171 3811 novam
3189 3753 3506 3809 dedicatio-

1894 3863 2026 3901 nem
2044 3846 2433 3901 excrcebatvel
2446 3846 2877 3901 benedictiones
2888 3842 3504 3914 divinorumgraduum

1892 3934 2267 4006 adimplebat,
2304 3933 2427 4005 quis
2454 3933 2664 4000 dicere,
2689 3933 2815 4005 quis
2841 3934 3026 3987 valeat
3051 3946 3325 3986 enarrare
3342 3929 3506 4000 ?lpse

1894 4026 2085 4077 autem
2121 4022 2193 4076 ad
2212 4026 2369 4075 tanta
2382 4021 2571 4077 officia
2585 4022 2920 4094 peragenda
2933 4021 2992 4075 in
3009 4019 3317 4075 hominum
3339 4016 3507 4072 facie-

1894 4110 1998 4165 bus
2011 4114 2068 4165 et
2090 4111 2147 4165 in
2175 4111 2425 4183 publico,
2458 4126 2598 4164 auro
2620 4109 2950 4181 cunctisque
2968 4107 3256 4181 praeciosis
3278 4120 3507 4177 marga-

1893 4199 2038 4266 ritis,
2069 4199 2317 4271 gemmis
2346 4198 2703 4271 etlapidibus
2752 4197 3211 4253 circumamictus
3236 4212 3301 4250 ac
3332 4194 3504 4248 deco-

1894 4291 2073 4355 ratus,
2106 4288 2451 4342 intrinsecus
2474 4287 2821 4341 induebatur
2845 4286 3086 4353 occulte,
3102 4287 3163 4338 ut
3187 4298 3359 4355 supra
3372 4281 3509 4337 dixi-

1895 4393 2042 4443 mus,
2067 4376 2371 4431 durissimo
2396 4375 2833 4447 asperrimoque
2857 4370 3509 4441 cilicio,videlicetinte-

177 4463 420 4517 beatum
453 4466 638 4519 virum
702 4483 933 4538 semper
956 4468 1107 4522 erat!
1147 4468 1291 4522 Nulli
1324 4470 1630 4539 prmsentia
1672 4472 1793 4543 ejus
1816 4464 1867 4523 D
1894 4464 2030 4518 riori
2062 4464 2279 4519 homini
2314 4464 2589 4519 interiora
2615 4468 2673 4518 et
2701 4461 3018 4535 spiritualia
3042 4460 3335 4527 exhibens,
3364 4457 3503 4513 utin

176 4549 405 4619 deerat,
442 4554 811 4609 secretarium
844 4556 966 4626 ejus
991 4557 1207 4615 cunctis
1237 4562 1464 4629 patens,
1494 4560 1645 4614 fores
1672 4561 1793 4631 ejus

172 4639 327 4694 nulli
363 4642 586 4707 clausae,
628 4644 881 4699 subsidia
914 4645 1038 4716 ejus
1068 4646 1336 4701 omnibus
1387 4648 1647 4715 aderant,
1672 4650 1794 4720 ejus

169 4727 349 4783 dulce
383 4730 686 4785 consilium
706 4732 1079 4787 nullideerat.
1104 4735 1504 4790 Anniversaria
1532 4737 1793 4809 priorum

168 4817 519 4889 pontificum
554 4836 666 4890 quo
690 4823 948 4891 sumptu,
982 4839 1158 4893 quam
1188 4824 1414 4895 magnis
1443 4826 1792 4893 elemosinis,

156 4909 396 4977 quanta
427 4906 735 4963 devotione
766 4910 1156 4964 venerabatur
1178 4928 1242 4965 ac
1264 4913 1573 4979 recolebat,
1598 4930 1692 4969 me
1714 4918 1795 4970 ta-

152 4998 341 5049 cente
370 4994 428 5049 hi
457 4996 555 5067 qui
586 4996 645 5051 in
664 4996 848 5052 missis
867 4998 1126 5068 agendis,
1148 5000 1207 5053 in
1236 5001 1584 5073 pauperibus
1601 5019 1785 5058 recre-

150 5082 339 5139 andis
381 5086 440 5138 et
480 5085 714 5156 reliquis
762 5085 990 5157 pietatis
1029 5088 1220 5143 usibus
1273 5093 1469 5145 sancto
1523 5088 1781 5161 pontifici

148 5174 575 5244 cooperatores
598 5172 1061 5246 frequentissime
1087 5176 1419 5247 extiterunt,
1434 5179 1776 5249 referant,et

1895 4569 1962 4608 eo
1994 4556 2186 4626 posset
2233 4552 2485 4607 Christus
2538 4568 2639 4624 per
2696 4551 2873 4607 fidem
2917 4549 3200 4616 habitare,
3233 4545 3505 4603 exteriori

1897 4659 2027 4697 vero
2064 4658 2132 4696 ea
2162 4658 2286 4713 qua:
2320 4641 2392 4695 ad
2424 4640 2641 4695 cultum
2691 4642 3029 4695 consuetum
3057 4636 3350 4709 pertinent
3380 4636 3504 4693 sine

1894 4734 2030 4803 typo
2061 4729 2343 4804 superbia
2372 4732 2428 4784 et
2456 4728 2578 4783 sine
2609 4728 2797 4783 inanis
2844 4726 3042 4800 gloria:
3095 4724 3344 4781 elatione
3372 4740 3503 4797 per-

1896 4820 2113 4874 ficiens.

1968 4913 2055 4965 25.
2087 4908 2309 4963 Tertius
2336 4908 2488 4975 Otto,
2514 4906 2673 4961 divus
2702 4904 3044 4977 imperator,
3065 4920 3243 4975 usque
3275 4902 3347 4958 ad
3370 4902 3505 4958 ulti-

1891 5015 1989 5053 ma
2016 4999 2137 5053 fere
2168 5000 2433 5069 tempora
2463 4995 2665 5051 domui
2710 4993 3090 5050 Adalberonis
3140 4991 3502 5050 Mettensium

1885 5087 2039 5142 beati
2055 5086 2338 5160 pontificis
2363 5084 2687 5159 imperavit,
2702 5083 2834 5140 etin
2857 5085 3117 5139 Romana
3146 5083 3287 5137 urbe
3309 5084 3497 5135 totum

1883 5194 2032 5251 pene
2065 5177 2198 5233 vitae
2228 5193 2343 5233 sua:
2376 5179 2578 5248 tempu
2600 5194 2626 5230 s
2662 5175 2880 5249 exegit;
2914 5175 3067 5231 unde
3095 5174 3174 5229 sic
3190 5169 3418 5243 imperii
3432 5184 3500 5223 su

1497 5339 1731 5395 VABIIE
1769 5339 2059 5396 LECTION
2068 5337 2167 5393 ES.

232 5436 286 5471 ⁸⁸
316 5427 470 5482 hunc
501 5430 553 5483 3.
586 5434 634 5468 ⁸ο
679 5425 822 5481 deest
854 5427 905 5481 3.
938 5434 984 5469 ⁸⁷
1014 5426 1378 5498 praeferenda
1405 5428 1457 5483 3.
1489 5436 1535 5472 η
1555 5429 1735 5485 sancti
1772 5432 1825 5484 2.
1876 5434 1929 5486 3.
1961 5437 2008 5471 η
2037 5426 2293 5483 thesauri
2348 5429 2401 5484 3.
2443 5434 2492 5470 ϐο
2520 5424 2866 5482 memeriam
2913 5426 3026 5479 2.3.
3054 5429 3098 5464 σι
3130 5434 3496 5476 consumma-

148 5505 255 5557 tus
283 5502 338 5554 2.
372 5500 811 5555 consummatur
837 5512 976 5554 corr.
1008 5503 1441 5555 consummatus
1470 5502 1520 5556 3.
1551 5509 1597 5542 ⁶²
1629 5501 1961 5571 pertransiit
1987 5516 2126 5558 Carr.
2157 5498 2382 5554 transiit
2412 5503 2444 5555 2
2496 5502 2548 5554 3.
2580 5506 2627 5541 σε
2652 5501 2838 5552 statuo
2866 5498 2917 5552 3.

1705 5589 1930 5647 NOT/E.

231 5658 349 5733 (2‘7)
389 5660 660 5728 lnterula,
691 5659 952 5717 oamisia.
