4094 6178
525 398 661 461 “$67

1551 387 1868 448 CONSI‘INI
1905 386 1964 449 δ.
2004 382 2476 451 ΒῩΠΡΗΟΒΙΔΝΙ
2504 385 2813 446 ABBATIS.

3724 390 3865 449 {568

522 537 709 594 regna
735 519 794 576 et
816 515 1017 591 patriae
1067 513 1535 580 devastabantur,
1576 528 1691 587 quo
1716 510 1805 566 vix
1834 510 2139 567 subsistere
2158 508 2216 571 Δ
2236 511 2496 567 Mettensi
2511 511 2719 568 diocesi
2736 510 3106 581 monasteria,
3141 510 3316 569 ducat
3330 511 3740 583 memorie,in
3755 515 3864 572 ali-

523 614 623 667 aut
650 608 836 663 vivere
857 605 992 678 ipsis
1021 602 1199 661 etiam
1246 602 1610 676 primatibus,
1666 599 2055 674 pontiﬁcibus,
2082 604 2140 657 et

522 696 840 769 majoribus
860 711 1178 768 regnorum
1202 694 1441 750 facultas
1457 708 1577 747 esse
1597 693 1807 762 posset.
1842 690 2011 762 Cujus
2041 706 2137 763 pe-

520 784 960 843 riculosissimos
987 784 1318 857 procinctus
1347 785 1405 838 et
1450 781 1781 837 miseranda
1804 780 2141 851 rapinarum

523 872 962 930 discriminahic
985 874 1188 929 beatus
1216 876 1274 928 et
1294 888 1524 945 semper
1543 871 1959 927 memorandus
1978 870 2143 925 Adal'

524 963 665 1020 bero
679 963 813 1019 data
829 962 936 1018 sibi
953 978 987 1016 a
1002 964 1119 1018 Deo
1140 961 1424 1033 sapientia
1446 962 1695 1033 datoque
1707 960 1887 1015 animi
1906 958 2138 1031 ingenio

521 1068 754 1123 semper
765 1053 823 1106 et
842 1050 962 1122 ipse
979 1050 1173 1118 evasit,
1199 1052 1257 1106 et
1278 1048 1649 1104 commissam
1664 1049 1894 1121 plebem
1914 1048 2138 1119 eripere

522 1137 761 1195 maximi
786 1138 1007 1205 habuit,
1034 1139 1198 1206 dum,
1233 1137 1764 1210 quantulocumque
1795 1136 2080 1208 adjutorio
2103 1152 2137 1190 a

524 1228 657 1284 ﬁliis
675 1227 942 1283 (ecclesiae
960 1231 1217 1298 accepto,
1237 1225 1489 1299 plurima
1501 1228 1693 1280 autem
1704 1229 1761 1281 et
1772 1242 1921 1297 pene
1933 1228 2138 1280 cuncta

524 1316 791 1389 pecunia
805 1315 1408 1389 patrimoniorumque
1424 1331 1657 1368 suorum
1667 1314 2012 1369 redibitione
2029 1313 2137 1368 dis-

524 1407 730 1473 tracta,
759 1420 861 1477 per
884 1421 1089 1460 omnes
1114 1404 1234 1458 fere
1268 1420 1451 1458 annos
1480 1402 1612 1457 huic
1643 1402 1729 1456 vix
1760 1403 2001 1457 ferendo
2020 1419 2137 1456 ser—

526 1493 666 1549 vitio
680 1497 737 1548 et
748 1492 1210 1563 importabilibus
1222 1491 1473 1546 ferendis
1486 1500 1531 1533 ⁸⁵
1543 1491 1723 1546 xeniis
1738 1491 2138 1561 undecumque

528 1581 838 1653 compilata
859 1580 1255 1635 transmittere
1290 1579 1427 1649 (28);
1451 1580 1661 1650 justius
1690 1578 1978 1649 leviusque
1984 1577 2139 1649 judi-

530 1685 686 1734 cans,
715 1669 945 1723 minora
967 1668 1197 1722 tradere
1226 1671 1283 1721 et
1314 1685 1496 1740 pauca
1535 1667 1787 1733 mittere,
1816 1683 1990 1738 quam
2022 1666 2142 1737 ipse

524 1756 801 1813 delicatus
832 1759 891 1811 et
913 1754 1121 1811 nobilis
1140 1755 1492 1827 expeditioni
1517 1772 1637 1810 sese
1671 1755 2060 1820 committens,
2089 1757 2148 1809 et

2238 617 2353 672 quo
2385 617 2589 656 eorum
2619 602 2782 668 duos,
2815 601 2873 657 in
2906 601 3094 675 aliquo
3122 605 3240 659 tres
3268 603 3422 658 viros
3448 602 3636 675 patris
3654 604 3779 661 loco
3806 609 3867 661 et

2239 689 2479 746 nomine
2505 693 2563 744 et
2588 690 2869 761 dignitate
2907 690 3280 758 promovisse,
3314 694 3379 747 ut
3408 695 3500 747 est
3527 693 3746 749 indicio
3774 694 3867 751 hic

2239 779 2592 845 sacerlocus,
2625 779 2715 838 cui
2747 781 2860 836 Deo
2891 783 3123 836 auctore
3141 780 3278 835 licet
3302 780 3708 852 indignissimi
3726 800 3869 855 pras-

2241 866 2514 933 sidemus,
2547 868 2687 922 dum
2718 868 3174 939 praecedentibus
3195 869 3424 925 duobus
3456 871 3674 927 sanctis
3703 875 3870 927 etve-

2240 955 2593 1011 nerabilibus
2626 957 2901 1025 patribus,
2936 957 3210 1029 Fingenio
3241 975 3311 1013 ex
3330 958 3617 1014 Hibernia
3645 990 3702 1001 —
3732 978 3869 1018 nam

2240 1043 2416 1099 Scotti
2444 1049 2502 1099 et
2524 1045 2727 1117 reliqui
2750 1045 2926 1100 sancti
2950 1046 3243 1118 peregrini
3261 1063 3497 1119 semper
3526 1048 3641 1103 sibi
3663 1048 3872 1104 dulcis-

2238 1132 2368 1186 simi
2389 1133 2754 1188 habebantur
2787 1165 2857 1175 —
2898 1137 2955 1213 et
3001 1134 3219 1189 domno
3262 1135 3534 1190 Siriaudo
3567 1154 3639 1192 ex
3660 1137 3873 1194 (ἔοι-τίει

2238 1220 2437 1275 ferulis
2467 1221 2541 1275 ad
2586 1224 2906 1293 regendum
2953 1223 3200 1278 abducto
3247 1224 3383 1295 (29‘),
3435 1242 3569 1289 nos,
3602 1226 3705 1297 qui
3753 1229 3876 1283 hac

2236 1308 2562 1373 scribimus,
2589 1310 2989 1366 benedictione
3022 1312 3191 1383 hujus
3204 1312 3358 1367 beati
3381 1313 3683 1384 pontificis
3705 1316 3875 1372 tertio

2236 1398 2363 1452 loco
2396 1398 2668 1468 regimini
2714 1400 3017 1454 succedere
3058 1401 3341 1471 compulsi
3379 1418 3610 1457 sumus.
3663 1403 3877 1460 Sancto

2236 1487 2492 1542 Trudoni
2523 1489 2686 1556 duos,
2720 1490 2930 1545 Sancto
2976 1489 3178 1545 Adelfo
3233 1490 3398 1557 duos,
3459 1491 3683 1547 Sancto
3712 1480 3879 1550 Felici

2241 1576 2445 1631 itidem
2468 1576 2629 1643 duos,
2654 1576 2865 1632 Sancto
2884 1577 3122 1633 Martino
3142 1579 3295 1632 ultra
3313 1578 3561 1634 fluvium
3584 1582 3703 1649 (30)
3717 1583 3878 1651 duos;

2246 1683 2350 1721 nec
2390 1667 2617 1737 adjacet
2654 1670 2866 1721 sanctae
2886 1666 3011 1720 urbi
3031 1666 3489 1729 monasterium,
3517 1670 3613 1724 cui
3637 1670 3879 1726 benedi-

2246 1755 2457 1810 ctionis
2489 1755 2739 1825 gratiam
2769 1755 2917 1809 datis
2944 1756 3201 1827 patribus
3232 1772 3353 1811 non
3402 1759 3756 1825 contulerit,
3788 1764 3882 1816 aut

524 1861 751 1918 queque
765 1844 943 1900 ardua
959 1844 1172 1899 itinera
1186 1844 1554 1915 aggrediens,
1574 1845 1699 1914 plus
1712 1860 1827 1898 suae
1841 1843 1941 1897 viae
1957 1859 2146 1914 sump-
2172 1828 2222 1888 Β
2249 1844 2422 1898 etiam
2452 1843 2539 1898 bis
2562 1848 2782 1915 terque,
2814 1844 2965 1898 viam
2992 1847 3224 1915 patrum
3244 1844 3340 1899 illo
3354 1844 3760 1916 ingrediente,
3780 1850 3881 1904 hoc

523 1938 587 1990 tu
601 1951 776 2006 quam
791 1933 1000 2005 regalis
1011 1933 1127 1987 fam
1138 1934 1323 1987 ulatus
1337 1948 1588 2004 expensa
1601 1936 1656 1987 et
1672 1932 1812 1986 nulli
1825 1932 2045 1986 indulta
2057 1947 2151 2001 pe-

527 2022 697 2079 cunia
710 2025 1121 2095 praegravaret.
1146 2023 1392 2077 Noverat
1406 2025 1463 2077 et
1477 2021 1725 2094 sapienti
1752 2021 1987 2091 ingenio
2003 2036 2148 2091 prae-

529 2112 776 2178 videbat,
837 2111 1114 2183 quoniam
1158 2110 1419 2183 quidem,
1466 2111 1598 2165 licet
1646 2113 1793 2165 esset
1830 2125 2044 2181 genere
2096 2103 2154 2163 et

527 2202 813 2273 sanguine
838 2200 983 2256 nulli
1009 2200 1345 2255 mortalium
1365 2200 1627 2266 inferior,
1649 2199 1782 2253 licet
1801 2200 2014 2269 posset,
2036 2214 2153 2252 non

531 2290 743 2346 debere
770 2288 1037 2344 resistere
1066 2296 1112 2331 οδ
1145 2287 1438 2360 potestati,
1468 2288 1697 2343 dicente
1719 2286 1965 2342 Domino
1989 2302 2053 2339 ac
2064 2287 2155 2357 ju-

538 2379 742 2435 bente:
768 2377 994 2433 Reddite
1025 2376 1255 2433 Caesaris
1281 2376 1482 2435 Caesari
1521 2376 1741 2446 (Matth.
1773 2394 1910 2441 ΠΗ,
1941 2374 2052 2444 21),
2075 2374 2157 2429 vi-

535 2468 746 2523 delicet
758 2466 965 2521 Caesari
982 2465 1555 2535 tributum,vectigal,
1573 2481 1805 2519 censum
1817 2465 1952 2529 ,Deo
1965 2466 2159 2518 autem

534 2553 765 2625 pietatis
780 2553 1318 2623 opera,orationum
1341 2553 1561 2619 munia,
1578 2552 2022 2608 elemosinarum
2039 2552 2159 2606 fru-

535 2648 714 2700 ctum.
745 2640 974 2696 Sciebat
1007 2648 1053 2682 ⁶⁶
1093 2641 1425 2711 apostolum
1477 2640 1767 2710 imperare
1798 2657 1861 2694 ac
1891 2639 2156 2702 suadere:

539 2732 731 2790 Omnis
756 2732 939 2786 anima
985 2728 1334 2800 potestatibus
1396 2729 1791 2783 sublimioribus
1838 2728 2047 2783 subdita
2095 2725 2164 2782 sit

538 2821 720 2889 (Rom.
752 2835 879 2887 xm,
910 2821 964 2885 1)
993 2835 1007 2886 ;
1039 2817 1254 2873 idcirco
1308 2817 1501 2872 utilius
1528 2817 1738 2873 animae
1768 2834 1882 2872 suae
1898 2816 2161 2872 subdito-

532 2926 778 2981 rumque
798 2907 922 2963 fore
954 2905 1337 2977 prmvidebat,
1364 2923 1468 2961 sua
1493 2922 1669 2978 quam
1688 2924 1747 2961 se
1766 2906 2159 2978 pessumdare,

534 3002 769 3054 terrena
801 2996 1119 3051 distrahere
1162 3011 1338 3066 quam
1389 2994 1728 3066 spiritualia,
1778 2994 2160 3065 meminitque

533 3086 846 3144 Dominum
880 3083 1105 3149 dixisse,
1138 3082 1362 3138 homini
1398 3082 1543 3137 nihil
1573 3083 1867 3153 prodesse,
1899 3083 1943 3137 si
1972 3085 2160 3138 totum
2182 3120 2228 3179 C

534 3174 820 3231 mundum
852 3173 1126 3239 lucretur,
1156 3170 1367 3226 animae
1398 3188 1532 3226 vero
1589 3188 1705 3226 suae
1739 3171 2158 3226 detrimentum

536 3260 1170 3338 patiatur(Matth.xv1,
1203 3262 1313 3328 26).
1341 3260 1553 3315 Anima
1568 3260 1725 3314 enim
1754 3261 1998 3332 perdita,
2018 3243 2157 3312 nihil

538 3352 700 3407 deest
724 3350 797 3405 ad
822 3348 1215 3421 perdendum;
1278 3348 1434 3402 salva
1461 3347 1677 3414 anima,
1706 3347 1931 3403 etiamsi
1959 3363 2159 3403 census

538 3439 786 3496 carnalis
814 3437 1082 3502 defuerit,
1134 3451 1252 3490 non
1300 3435 1546 3490 deerunt
1593 3436 1826 3500 divitiae,
1877 3455 2018 3509 quas
2068 3437 2162 3491 fur

540 3528 804 3583 minuere
836 3541 957 3580 non
981 3523 1217 3594 poterit,
1251 3523 1408 3578 tinea
1440 3540 1557 3579 non
1590 3523 1958 3591 demolietur,
1980 3540 2160 3594 erugo

542 3630 661 3670 non
678 3615 1002 3679 consumet,
1022 3614 1361 3683 egestasque
1384 3612 1506 3681 ejus
1530 3612 1814 3668 ditissima
1844 3614 2158 3684 locupleta-

541 3702 658 3771 bit;
681 3699 980 3757 eritetiam
1007 3700 1308 3770 tamquam
1334 3698 1474 3755 nihil
1490 3700 1729 3763 habens,
1753 3704 1809 3754 et
1830 3701 2025 3756 omnia
2040 3718 2166 3773 pos-

542 3791 754 3859 sidens,
783 3789 1004 3861 eritque
1026 3787 1077 3842 ei
1118 3789 1267 3843 Deus
1299 3789 1500 3844 omnia
1544 3788 1603 3844 in
1658 3790 1946 3859 omnibus,
1997 3794 2061 3846 ut
2103 3790 2162 3845 in

542 3880 816 3936 omnibus
848 3878 1263 3951 adimpleatur.
1759 3936 1767 3943 ν

610 3974 699 4026 26.
728 3967 1060 4025 Mandatum
1092 3964 1459 4021 Dominicum
1481 3982 1493 4020 :
1519 3964 1699 4021 Gratis
1712 3968 2007 4038 accepistis,
2036 3986 2166 4036 gra-

540 4059 605 4113 tis
642 4058 763 4113 date
796 4055 1014 4127 (Matth.
1036 4071 1094 4117 x,
1119 4053 1188 4121 8),
1219 4056 1429 4126 praesul
1453 4055 1797 4110 venerabilis
1818 4057 2164 4126 perfectissi-

541 4163 635 4202 me
665 4144 988 4217 adimplens
1039 4146 1097 4198 et
1125 4142 1264 4197 dum
1316 4142 1451 4198 vixit
1494 4144 1787 4199 verissime
1819 4146 2163 4212 custodiens,

538 4250 863 4307 numquam
894 4249 997 4303 pro
1027 4231 1445 4287 zecclesiasticis
1472 4232 1695 4299 ofﬁciis,
1731 4250 2028 4305 nunquam
2061 4250 2165 4305 pro

542 4321 879 4378 ordinandis
909 4320 992 4375 sui
1015 4319 1248 4375 claustri
1283 4320 1587 4386 ministris,
1618 4321 1831 4375 nedum
1864 4321 2165 4376 abbatibus

2249 1933 2589 1987 succedente
2600 1974 2613 1999 ,
2628 1932 2942 2004 repetierit,
2957 1936 3169 2003 praeter
3183 1933 3415 1987 felicem
3432 1935 3635 1990 locum
3650 1937 3882 2001 Gorziae;

2251 2021 2687 2093 felicemzautem
2709 2037 2825 2075 non
2848 2020 3038 2075 minus
3055 2038 3119 2075 ex
3137 2036 3206 2075 eo
3229 2021 3327 2091 qui
3344 2021 3406 2075 in
3431 2025 3886 2092 praesentiarum

2253 2114 2462 2183 praeest
2490 2113 2549 2164 et
2576 2109 2933 2165 sanctissime
2956 2109 3399 2181 dulcissimeque
3426 2113 3888 2186 prodest,quam

2256 2217 2323 2254 ex
2353 2200 2441 2253 his
2472 2198 2571 2271 qui
2585 2199 2709 2269 jam
2734 2198 2883 2252 beati
2915 2197 2990 2251 ad
3018 2198 3271 2253 coelestia
3290 2200 3885 2271 transmigrarunt",

2258 2304 2505 2359 quorum
2532 2287 2649 2341 vita
2666 2286 2859 2340 inclita
2874 2289 2932 2342 et
2952 2286 3204 2356 gloriosa
3227 2288 3502 2358 proprios
3518 2290 3708 2346 libros
3724 2309 3887 2364 expe-

2257 2381 2408 2439 tunt,
2440 2379 2496 2430 et
2520 2379 2683 2446 gesta
2711 2392 2840 2429 vere
2862 2375 3247 2429 memoranda
3273 2376 3460 2431 otium
3488 2378 3633 2433 satis
3649 2380 3887 2451 longum

2260 2466 2334 2520 ad
2354 2464 2720 2519 scribendum
2751 2464 3074 2535 requirunt.
3105 2466 3185 2518 De
3204 2465 3378 2535 hujus
3392 2466 3503 2521 viri
3519 2468 3781 2523 multum
3798 2470 3891 2524 ho-

2262 2552 2509 2610 norandi
2540 2552 2711 2622 gestis
2738 2550 3158 2607 honestissimis
3190 2553 3265 2607 ad
3296 2554 3649 2626 augendum
3686 2560 3890 2613 nostra:

2261 2642 2521 2699 materias
2560 2642 2732 2696 decus
2759 2640 3009 2713 plurima
3047 2640 3360 2697 inserenda
3378 2643 3815 2714 judicaremus,
3838 2650 3893 2701 et

2262 2750 2328 2788 ex
2353 2731 2569 2786 actibus
2602 2732 2722 2802 ejus
2752 2730 2886 2783 satis
2908 2730 3230 2800 magniﬁcis
3260 2735 3642 2788 venustatem
3664 2735 3890 2807 paginae

2261 2820 2613 2885 inderemus,
2647 2819 2747 2874 sed
2766 2818 2898 2890 quia
2917 2818 2991 2872 ad
3009 2822 3208 2874 votum
3232 2820 3678 2893 utilitatemque
3695 2824 3891 2895 patriae

2261 2918 2308 2951 σθ
2339 2908 2523 2963 adhuc
2544 2908 2641 2963 Dei
2673 2906 2859 2979 gratia
2874 2910 3151 2979 superest,
3174 2908 3532 2965 adulationis
3564 2915 3718 2966 nota
3746 2912 3891 2966 inuri

2259 2999 2551 3065 timentes,
2570 2998 2666 3053 alii
2680 2996 2927 3067 tempori
2944 2996 3028 3051 vel
3047 2998 3891 3068 personasidreservamusﬂic

2262 3088 2414 3142 certe
2445 3088 2693 3141 domnus
2720 3094 2767 3128 70
2794 3088 2852 3139 et
2878 3087 3123 3139 multum
3146 3087 3500 3142 venerabilis
3526 3092 3749 3158 Immo,
3771 3093 3891 3163 post

2261 3177 2558 3231 decessum
2575 3175 2752 3246 patris
2765 3174 3059 3229 Odelberti
3073 3191 3107 3228 a
3119 3175 3338 3231 domno
3349 3176 3681 3234 Teoderico
3691 3221 3705 3243 ,
3737 3196 3889 3234 sacro

2260 3264 2553 3336 pontifice,
2568 3262 2998 3331 Gurgitensibus
3025 3267 3223 3335 pastor
3242 3268 3301 3319 et
3316 3264 3503 3319 abbas
3521 3268 3889 3332 constitutus,

2260 3371 2327 3408 ex
2345 3353 2614 3409 omnibus
2628 3352 2976 3423 primoribus
2992 3351 3202 3407 domus
3217 3354 3402 3407 sancti
3415 3354 3713 3426 Stephani
3728 3356 3892 3411 abba-

2258 3442 2409 3496 tibus
2439 3445 2496 3496 et
2524 3440 2839 3505 abbatissis,
2862 3457 3005 3512 quos
3035 3441 3286 3496 domnus
3312 3442 3620 3499 Adalbero
3654 3461 3891 3516 praeesse

2260 3529 2501 3592 invenit,
2561 3531 2712 3584 solus
2758 3529 2911 3582 hunc
2964 3529 3217 3584 eundem
3258 3534 3530 3585 sanctum
3573 3533 3892 3587 antistitem

2263 3618 2590 3691 supervixit,
2624 3620 2681 3673 et
2710 3618 2942 3672 interim
2965 3648 3039 3659 —
3067 3635 3183 3690 quo
3210 3621 3811 3692 multumgaudemus
3829 3649 3895 3664 —

2262 3706 2588 3778 supervivit.

2333 3799 2422 3851 27.
2453 3795 2815 3851 Consecravit
2842 3793 3017 3849 etiam
3067 3798 3265 3850 noster
3306 3796 3522 3852 beatus
3572 3802 3637 3853 et
3684 3801 3895 3854 electus

2266 3886 2382 3940 Deo
2428 3885 2691 3940 sacerdos
2735 3884 3022 3939 Adalbero
3082 3883 3415 3939 Liudulfum
3455 3886 3895 3943 Trevirensibus

2268 3972 2761 4045 archiepiscopum
2794 3974 2924 4042 (31),
2977 3972 3107 4027 vitae
3150 3989 3368 4045 magna
3410 3974 3793 4045 simplicitate
3836 3981 3897 4030 et

2266 4078 2497 4116 morum
2525 4061 2855 4116 maturitate
2902 4060 3215 4131 insignem,
3243 4061 3455 4132 quibus
3482 4064 3812 4119 viventibus
3837 4066 3897 4119 et

2266 4150 2528 4221 proprias
2557 4149 2839 4204 aecclesias
2876 4148 3354 4219 gubernantibus,
3391 4152 3555 4223 pacis
3604 4156 3894 4224 tempora,

2266 4255 2394 4293 vere
2407 4239 2676 4304 fatemur,
2692 4238 3022 4304 extiterunt,
3035 4238 3244 4307 quibus
3257 4239 3704 4307 decedentibus,
3719 4243 3895 4297 etiam

2266 4327 2386 4381 dies
2414 4328 2472 4380 in
2506 4326 2761 4381 noctium
2790 4324 3169 4396 nigerrimam
3200 4324 3410 4381 faciem
3454 4331 3894 4394 transmutata,

543 4409 1052 4477 monasteriorum,
1073 4425 1216 4481 quos
1232 4425 1410 4480 usque
1432 4409 1504 4464 ad
1520 4409 2045 4481 quadragenarium
2061 4428 2159 4481 pe-
2185 4412 2237 4472 D
2264 4417 2404 4471 nihil
2418 4420 2628 4489 praeter
2643 4416 2889 4469 mortem
2905 4416 2961 4469 et
2973 4413 3177 4467 mortis
3190 4413 3551 4481 discrimina,
3566 4433 3693 4472 non
3706 4418 3893 4473 dicam

541 4516 616 4555 ne
633 4515 945 4554 numerum
964 4496 1338 4563 consecravit,
1361 4496 1666 4569 pecuniam
1689 4502 1786 4553 aut
1804 4499 2099 4571 quippiam
2114 4507 2159 4542 ατ

541 4605 754 4648 munus
778 4587 1044 4659 suscepit,
1069 4585 1581 4658 symoniacamque
1611 4587 1858 4642 heresim
1892 4594 1953 4642 ut
1993 4606 2161 4646 vene-

540 4696 683 4735 num
702 4675 1060 4734 mortiferum
1082 4678 1455 4747 mortemque
1472 4679 1815 4731 venenatam
1828 4694 2055 4750 semper
2067 4695 2161 4733 ex-

540 4766 839 4824 horruitet
869 4764 1110 4836 aufugit.
1147 4763 1205 4817 Si
1240 4762 1367 4835 quis
1399 4781 1537 4818 sane
1564 4769 1649 4819 est
1679 4765 1776 4835 qui
1807 4768 1968 4836 putet
1992 4766 2048 4821 in
2064 4784 2164 4827 nu-

544 4872 710 4915 mero
736 4852 1136 4910 ordinatorum
1168 4852 1240 4906 ab
1268 4868 1336 4906 eo
1368 4852 1645 4907 abbatum
1676 4854 1848 4909 tidem
1876 4856 2161 4911 dictorum

548 4962 657 5003 nos
686 4945 745 4999 in
774 4941 1077 5000 scribendo
1128 4930 1452 5009 excessisse,
1492 4942 1631 4997 dum
1670 4959 1789 4998 non
1832 4947 1919 4999 tot
1958 4944 2073 5000 sint
2102 4946 2160 5002 in

2264 4505 2599 4572 viventibus,
2623 4504 2723 4558 sed
2748 4502 3127 4557 morientibus
3149 4504 3207 4556 et
3222 4518 3351 4556 vere
3375 4503 3626 4558 mortuis
3648 4510 3899 4577 praeten-

2264 4595 2426 4649 dunt.
2454 4594 2520 4647 Et
2551 4608 2693 4664 quos
2723 4592 2997 4662 plangere
3028 4588 3210 4644 nimia
3240 4589 3572 4647 divitiarum
3594 4595 3899 4664 opulentia

2265 4679 2322 4731 ct
2340 4677 2493 4750 pacis
2509 4675 2732 4747 ingenti
2752 4678 2809 4729 et
2823 4674 3095 4729 diuturna
3115 4673 3427 4727 insolentia
3446 4674 3677 4730 noviter
3693 4677 3898 4732 defun-

2265 4770 2385 4821 ctos
2407 4768 2482 4833 et,
2508 4769 2569 4819 ut
2590 4767 2675 4818 est
2692 4764 2747 4817 in
2767 4780 2865 4818 ore
2886 4762 3058 4833 vulgi,
3079 4762 3554 4817 viridesmundus
3577 4781 3697 4818 non
3718 4768 3897 4831 novit,

2267 4854 2442 4910 aridis
2461 4854 2581 4925 iam
2607 4850 2885 4907 membris
2902 4854 2960 4904 et
2977 4850 3033 4903 in
3058 4850 3312 4903 cinerem
3330 4850 3455 4918 jam
3472 4851 3749 4919 redactis,
3767 4870 3902 4908 con-

2267 4944 2442 4999 tinuis
2460 4943 2729 4998 lamentis
2752 4942 2808 4994 et
2828 4938 3079 4994 lacrimis
3102 4938 3442 4993 kalamitate
3460 4942 3519 4993 et
3538 4941 3704 4994 omni
3728 4943 3899 4995 mise-

1866 5064 2101 5119 νΑΗΙίΕ
2167 5064 2458 5120 LECTION
2466 5060 2567 5117 ES.

620 5183 667 5218 οι
698 5172 837 5247 deest
858 5173 999 5247 2.2.
1019 5174 1112 5247 Δαι
1147 5165 1418 5223 restitere
1453 5170 1505 5224 2.
1541 5166 1596 5224 3.
1657 5175 1705 5211 οδ
1725 5168 2064 5244 Sciebatque
2086 5176 2139 5230 2.
2172 5175 2225 5228 3.
2282 5179 2327 5214 ετ
2355 5168 2655 5242 quidpiam
2678 5170 2739 5247 ‘2.
2770 5167 2823 5220 4.
2885 5172 2933 5207 ⁸⁸
2960 5162 3396 5235 transmigravit
3434 5168 3487 5220 3.
3520 5172 3567 5207 σο
3621 5166 3816 5237 patria
3846 5168 3898 5221 3.

553 5257 602 5291 ἰο
623 5244 894 5302 dominus
919 5245 971 5296 2.
1016 5240 1069 5293 3.

626 5421 736 5496 (28)
758 5414 1510 5499 Exemplumpemor’a‘bile
1528 5415 1787 5499 pecunias
1806 5417 1931 5499 loco
1955 5418 2172 5499 militiae

2170 5312 2378 5369 NOTIE

2345 5417 2459 5489 (30)
2480 5416 2802 5489 Mosellam;
2837 5413 2894 5489 S.
2914 5411 3480 5489 Symphorianusin
3504 5413 3708 5489 dextra
3740 5414 3897 5472 ﬂuvii

559 5484 897 5565 imperatori
924 5484 1231 5565 praestitis;
1264 5503 1324 5565 νζ..
1343 5484 1671 5565 Cbuonradi
1700 5488 1744 5541 ll
1770 5490 2082 5565 capitulum
2105 5491 2176 5546 de
2278 5490 2413 5565 situs
2434 5484 2668 5565 erat,__S_.
2703 5484 2937 5565 Martini
2957 5484 3376 5565 monasterium
3407 5484 3467 5539 in
3496 5485 3751 5543 sinistra.

566 5560 894 5631 osthndiciis
924 5560 1059 5631 Legg.
1096 5561 1136 5614 t.
1158 5560 1255 5631 _ll_,_
1276 5560 1397 5631 38",
1420 5573 1547 5631 cap.
1580 5562 1634 5627 2,
1657 5574 1785 5614 cum
1804 5563 2009 5631 glossa.

639 5630 751 5706 (29)
782 5628 1080 5688 Siriaudus
1122 5628 1266 5683 obiit
1299 5645 1351 5683 a.
1384 5630 1537 5684 1004.

2352 5560 2465 5634 (3t)
2497 5559 2659 5614 Sedit
2686 5574 2737 5613 a.
2782 5558 3075 5611 994-1008.
