4094 6178
241 400 384 461 1369

1520 375 1680 445 Vm.
1715 370 2201 444 ADALBERONIS
2239 372 2311 443 u.

3452 366 3593 437 t37t)

234 526 331 581 ria
358 519 711 596 plenissimis
738 518 1025 574 deﬂentur
1054 532 1119 572 ac
1139 515 1521 589 deplorantur
1560 514 1686 585 (3'2).
1742 512 1871 565 Jam
1896 512 1952 570 Α
1974 522 2261 562 annorum
2291 503 2593 573 curricula,
2622 507 2680 560 et
2694 502 2850 577 quod
2872 501 3100 575 gravius
3121 503 3263 568 erat,
3296 500 3404 555 hac
3431 503 3599 558 tanta

234 617 399 671 certe
426 613 485 667 in
505 611 629 666 haec
642 596 863 676 nostra,
882 623 984 679 pro
1009 605 1202 661 dolor!
1232 607 1536 673 tempora;
1559 604 1617 656 et
1646 599 1871 654 utinam

236 704 354 759 ista
379 702 503 773 ipsa
545 702 821 770 tempora
864 698 1058 751 nostra
1110 710 1229 748 non
1284 689 1510 745 essent!
1561 692 1701 743 Nam
1756 685 1874 741 vita

237 794 380 850 odio
409 793 522 858 est,
544 804 707 844 mors
736 802 868 841 vere
899 786 1128 857 optatur
1156 786 1220 836 ut
1245 779 1403 846 assit,
1433 778 1714 850 quoniam
1744 774 1874 848 qui-

242 883 385 939 dem
414 879 507 936 cui
533 877 758 934 tollitur
783 876 936 931 unde
964 874 1134 941 vivat,
1165 868 1459 945 quomodo
1504 868 1691 923 vivere
1738 863 1877 919 velit

236 973 499 1045 ignorat,
527 971 587 1023 et
614 966 705 1023 cui
728 968 988 1037 sumptus
1009 962 1115 1017 viae
1155 962 1351 1016 deesse
1386 956 1696 1027 contingit,
1721 953 1875 1008 viam

234 1041 502 1132 arripere
528 1055 773 1112 omnino
805 1054 1099 1109 abhorret.
1148 1049 1330 1105 Urbes
1359 1050 1520 1102 certe
1561 1041 1874 1116 depopula-

234 1155 335 1220 tae,
365 1148 475 1204 vici
496 1150 554 1203 et
576 1146 730 1202 villae
754 1145 1005 1199 incensas
1041 1156 1266 1206 omnes,
1289 1136 1638 1193 viri'omnes
1686 1134 1744 1187 et
1790 1130 1874 1186 fe-

235 1241 421 1298 minas
451 1240 509 1293 et
528 1238 719 1292 totum
768 1232 1163 1305 promiscuum
1211 1228 1413 1299 vulgus
1473 1226 1650 1291 ferro,
1694 1221 1873 1290 fame,

232 1332 374 1404 igne
401 1325 847 1401 pestilentiaque
872 1322 1276 1387 consumtum;
1306 1314 1472 1371 multi
1504 1314 1681 1368 etiam
1714 1308 1875 1365 nobi-

230 1398 317 1475 les
341 1398 420 1474 in_
434 1417 841 1490 paupertatem
867 1414 926 1466 et
947 1424 1226 1481 magnam
1271 1404 1567 1461 miseriam
1599 1398 1873 1472 devoluti,

230 1508 404 1564 multi
436 1488 636 1577 gladio
659 1499 1056 1573 perempti,ita
1076 1501 1138 1552 ut
1158 1495 1333 1551 hodie
1359 1511 1489 1548 vere
1524 1491 1633 1546 dici
1662 1488 1869 1561 possit;

229 1596 492 1653 Pervenit
527 1593 746 1666 gladius
773 1606 938 1661 usque
965 1587 1034 1641 ad
1063 1587 1302 1640 animam
1340 1583 1476 1655 (Jer.
1499 1582 1698 1649 1v,10).
1723 1579 1864 1631 Nam

227 1687 419 1741 vineae
451 1681 781 1747 eradicataa,
808 1679 1044 1732 arbores
1072 1678 1129 1729 et
1156 1675 1389 1730 arbusta
1410 1669 1625 1735 excisa;
1659 1680 1863 1721 mona-

226 1774 409 1830 steria
446 1770 835 1844 depopulata;
868 1769 926 1821 et
939 1766 1061 1837 jam
1082 1764 1143 1818 in
1168 1761 1436 1834 proximo
1461 1761 1566 1821 est,
1598 1759 1680 1822 ut,
1719 1752 1861 1808 etfu-

228 1863 384 1937 gatis
422 1840 866 1922 habitatoribus,
920 1868 1216 1908 servorum
1270 1853 1329 1904 et
1377 1847 1723 1903 ancillarum
1759 1840 1861 1896 Dei

228 1906 383 1937 δυινιν
422 1906 866 1922 -‘~~-'—-v--——~y
921 1906 1001 1908 πη
1060 1906 1071 1907 κ

224 1951 565 2008 habitacula
583 1948 645 2002 in
676 1943 1043 2001 solitudinem
1076 1944 1133 1996 et
1156 1941 1463 1995 heremum
1483 1932 1861 1989 vastissimam
1884 1906 1933 1966 Β

224 2038 506 2096 devenire
525 2038 831 2107 cogantur.
868 2032 1079 2086 Verum
1111 2029 1249 2084 dum
1272 2027 1458 2083 adhuc
1481 2041 1572 2078 res
1594 2022 1653 2075 in
1688 2018 1863 2075 dubio

226 2132 337 2197 est,
372 2144 481 2182 nec
510 2126 664 2181 inter
693 2121 1154 2192 compugnantes
1184 2132 1250 2172 ac
1280 2114 1573 2185 litigantes
1601 2107 1767 2164 alicui
1791 2105 1868 2161 vi-

225 2218 418 2275 ctoria
440 2217 578 2271 data
601 2215 707 2279 est,
736 2212 876 2265 dum
903 2208 1080 2263 etiam
1108 2221 1241 2279 pars
1299 2202 1447 2275 parti
1510 2199 1719 2254 cedere
1761 2212 1866 2251 ne-

226 2307 358 2374 scit,
381 2310 581 2360 trenas
610 2303 712 2357 has
742 2302 800 2354 et
831 2299 1220 2353 lamentatam
1243 2289 1510 2363 ingentia
1539 2285 1707 2342 alteri
1734 2284 1845 2340 scri

225 2395 430 2451 benda
458 2388 903 2455 committimus,
932 2400 1150 2456 nosque
1176 2385 1379 2437 cuncta
1423 2377 1678 2449 pacifica,
1720 2390 1863 2428 cun-

224 2490 326 2542 cta
358 2483 691 2540 dulcissima
716 2478 948 2549 paginae
982 2479 1193 2529 nostrae
1220 2471 1423 2526 indere
1454 2466 1730 2539 aggressi,
1765 2465 1864 2519 illa

225 2574 422 2629 tristia
451 2576 509 2626 et
536 2568 783 2642 posteris
807 2564 1015 2621 nostris
1046 2564 1104 2617 in
1128 2562 1249 2617 dies
1272 2557 1647 2630 deploranda,
1665 2557 1727 2607 ut
1750 2555 1861 2607 ele-

226 2663 396 2735 giaco
415 2641 673 2733 planctu,
706 2672 827 2712 non
854 2654 1041 2709 dicam
1063 2654 1254 2715 cantu,
1310 2645 1515 2717 aliquis
1551 2641 1856 2708 describat,

235 2750 649 2822 relinquimus.

301 2845 392 2897 28.
412 2817 559 2894 tium
591 2835 768 2907 igitur
796 2833 996 2887 beatus
1024 2830 1108 2883 vir
1137 2832 1195 2884 et
1226 2829 1341 2882 Deo
1361 2823 1568 2895 dignus
1591 2817 1855 2874 sacerdos

227 2929 518 2986 Adalbero
544 2940 649 2998 pro
681 2922 1016 2977 meritorum
1043 2932 1257 2988 magna
1278 2910 1660 2985 praerogativa
1684 2910 1743 2961 ut
1765 2922 1854 2960 re-

228 3019 645 3074 muneraretur
706 3014 933 3081 tempus
980 3006 1300 3067 adveniret,
1356 3016 1420 3056 ac
1470 3001 1624 3054 bono
1653 2998 1771 3050 ﬁne
1801 2996 1858 3049 et

226 3107 404 3163 bona;
418 3118 685 3176 persever

237 3197 394 3252 bene
420 3193 635 3247 vixerat
683 3188 886 3244 melius
941 3189 998 3241 et
1052 3184 1397 3247 moreretur,
1436 3178 1568 3231 licet
1598 3175 1859 3228 decessus

238 3286 573 3339 sanctorum
599 3278 787 3334 verius
810 3275 1076 3331 transitus
1108 3273 1177 3327 de
1205 3272 1389 3325 morte
1409 3267 1482 3321 ad
1508 3266 1682 3319 vitam
1705 3262 1857 3315 dica-

231 3375 351 3439 tur,
386 3374 445 3425 et
476 3386 590 3424 non
617 3366 795 3440 possit
833 3365 982 3419 male
1022 3361 1172 3417 mori
1203 3359 1301 3432 qui
1335 3358 1482 3411 bene
1520 3353 1683 3407 vivit:
1710 3351 1857 3405 forte

235 3439 823 3527 fuit,utTeodericus,
849 3453 1029 3507 frater
1076 3449 1254 3521 ipsius
1305 3445 1485 3500 nostri
1544 3439 1852 3514 pontiﬁcis,

234 3565 332 3605 res
362 3546 644 3619 quasdam
669 3545 785 3598 Deo
814 3545 871 3596 et
891 3543 1086 3595 sancto
1109 3536 1351 3591 Arnulfo
1374 3529 1776 3596 auferens,diu
1807 3529 1863 3581 et

238 3639 495 3694 multum
526 3633 790 3707 precibus
833 3634 889 3686 et
930 3630 1151 3700 legibus
1207 3625 1473 3690 tediatus,
1529 3619 1860 3675 condictum

238 3726 400 3782 diem
417 3723 729 3786 constituit,
762 3723 824 3776 ut
853 3719 1080 3774 decreto
1117 3724 1163 3758 ’τι
1192 3714 1542 3786 sapientum,
1575 3708 1735 3779 cujus
1763 3707 1862 3776 jus

240 3818 343 3871 aut
372 3812 647 3886 injustitia
679 3812 843 3877 esset,
886 3807 1204 3880 putesceret
1244 3820 1309 3858 ac
1370 3798 1859 3855 manifestaretur.

243 3885 491 3959 Advenit
516 3900 804 3972 assignata
835 3898 952 3953 dies
983 3895 1150 3967 (Mai.
1184 3896 1359 3960 1005),
1395 3893 1452 3943 et
1480 3887 1599 3942 dies
1620 3886 1718 3939 illa
1746 3885 1866 3938 tota

243 3992 332 4048 rei
360 3990 703 4045 ventilanda
735 3985 1069 4043 necessitate
1092 3982 1435 4051 consumpta
1465 3979 1570 4043 est,
1616 3989 1743 4046 quae
1776 3971 1863 4025 ni-

248 4080 372 4137 mio
400 4079 610 4135 aestatis
631 4079 849 4133 fervore
867 4090 1070 4130 omnes
1094 4071 1191 4143 qui
1212 4067 1570 4125 advenerant
1590 4063 1862 4127 adurens,

251 4170 389 4243 quia
417 4168 506 4223 hic
530 4169 727 4222 beatus
749 4164 1028 4238 pontifex,
1049 4165 1109 4215 ut
1129 4175 1263 4231 sepe
1282 4156 1548 4220 diximus,
1578 4168 1647 4207 ex
1687 4165 1865 4223 gene-

1973 594 2410 666 importunitate
2430 611 2621 668 usque
2636 595 2695 649 in
2725 609 2959 648 summa
2984 606 3226 664 vespera
3240 594 3602 663 consumpta.

1973 687 2032 738 et
2050 684 2277 739 diducta
2307 687 2412 740 est.
3440 722 3451 725 -

2046 776 2134 828 29.
2167 772 2315 837 Quid
2344 775 2594 847 amplius
2622 773 2714 828 78?
2744 772 3069 827 Discessum
3117 773 3202 827 est
3241 769 3371 840 post
3415 767 3598 824 collo-

1974 860 2261 934 quium,et
2286 860 2467 918 tribus
2486 865 2587 917 aut
2613 864 2889 935 quattuor
2913 860 3176 916 miliariis
3203 859 3439 930 peracta
3470 857 3600 929 jam

1976 950 2070 1005 die
2096 948 2289 1005 itineri
2309 949 2573 1007 insistere
2597 951 2950 1023 compulsus,
3010 947 3433 1005 Numeniacum
3484 945 3603 1018 (33)

1975 1055 2156 1113 usque
2184 1038 2309 1095 sine
2338 1041 2483 1111 cybo
2510 1039 2690 1095 medii
2720 1038 2891 1094 Madii
2916 1042 3184 1112 tempore
3220 1049 3370 1109 pene
3402 1034 3606 1090 media

1976 1130 2145 1184 nocte
2171 1127 2421 1197 devenit,
2454 1128 2689 1201 quando
2715 1127 2837 1182 dies
2858 1131 3093 1183 noctem
3121 1134 3169 1169 ’τι
3213 1125 3341 1197 plus
3402 1122 3606 1178 minus

1976 1216 2149 1289 triplo
2184 1216 2590 1287 magnitudine
2618 1214 2815 1283 vincit,
2849 1218 2909 1270 et
2937 1215 3177 1270 tandem
3206 1226 3340 1268 cum
3369 1208 3606 1281 ingenti

1975 1304 2227 1360 militum
2252 1321 2431 1359 manu
2447 1304 2597 1359 fesso
2624 1305 2877 1358 multum
2898 1318 3142 1373 corpore
3179 1299 3490 1357 refectioni
3521 1300 3609 1357 in-

1976 1394 2192 1465 dulget.
2224 1394 2292 1447 Ut
2312 1409 2446 1448 vero
2482 1394 2609 1447 erat
2664 1392 2845 1446 homo
2904 1390 2994 1446 cui
3048 1391 3300 1462 parcitas
3335 1385 3520 1444 victus
3551 1392 3611 1447 et

1973 1484 2251 1555 cyborum
2275 1499 2506 1555 semper
2530 1480 2826 1537 contraria
2851 1481 3061 1543 extitit,
3084 1477 3408 1537 liberalitas
3439 1482 3499 1535 et
3526 1482 3609 1538 af-

1970 1573 2210 1627 ﬂuentia
2244 1574 2316 1626 ab
2336 1572 2575 1626 ineunte
2601 1574 2774 1625 astate
2803 1570 2995 1624 amica
3037 1574 3097 1625 et
3150 1566 3484 1639 familiaris,
3513 1572 3613 1630 diu

1967 1663 2330 1731 multumque
2361 1663 2419 1713 et
2446 1676 2595 1731 pene
2647 1674 2831 1729 usque
2891 1658 2951 1711 in
3002 1659 3201 1713 lucem
3250 1672 3477 1718 sessum
3506 1668 3613 1737 est,

1965 1748 2306 1820 ingentique
2337 1746 2522 1800 letitia
2549 1746 2705 1800 inter
2737 1744 3182 1800 convivandum
3213 1762 3352 1801 usus
3372 1754 3457 1805 est
3482 1770 3616 1813 cum

1962 1837 2202 1903 clericis,
2228 1852 2475 1907 quorum
2494 1832 2830 1907 frequentia
2854 1833 2963 1889 sibi
2999 1833 3155 1888 dum
3181 1833 3324 1892 vixit
3345 1843 3619 1904 continua

1964 1930 2022 1981 et
2050 1924 2381 1980 dulcissima
2401 1927 2545 1992 erat,
2574 1939 2711 1977 cum
2751 1921 2912 1977 laicis
2950 1922 3332 1984 diversarum
3367 1931 3616 2004 dignita-

1964 2018 2111 2081 tum,
2140 2013 2436 2085 nimieque
2464 2028 2670 2078 moras,
2706 2014 2769 2065 ut
2795 2014 2926 2083 post
2955 2012 3154 2082 patuit
3176 2017 3232 2067 et
3256 2021 3321 2071 ut
3350 2022 3610 2081 accidere

1966 2104 2129 2170 solet,
2162 2101 2363 2173 magni
2393 2104 2451 2156 et
2473 2116 2579 2170 per
2605 2102 2818 2155 cuncta
2844 2104 3118 2172 tempora
3148 2101 3385 2161 dolendi
3428 2110 3607 2167 detri-

1969 2190 2155 2246 menti
2181 2206 2351 2244 causa
2377 2190 2635 2243 fuerunt.
2670 2190 2817 2243 Nam
2844 2188 2985 2243 dum
3017 2188 3201 2245 nimis
3249 2196 3307 2247 et
3352 2197 3483 2266 plus
3514 2201 3603 2255 ni-

1968 2279 2098 2346 mis,
2127 2278 2282 2350 quod
2306 2277 2538 2331 alterius
2561 2276 2842 2347 temporis
2871 2280 3015 2345 erat,
3043 2278 3320 2334 exercitio
3350 2299 3410 2336 se
3433 2285 3596 2355 dant,

1967 2367 2204 2421 tandem
2241 2366 2315 2420 ad
2341 2365 2647 2436 hospitalia
2670 2364 2910 2436 propria
2923 2369 3237 2438 pergentes
3266 2368 3592 2441 discedunt,

1963 2458 2135 2527 atque
2165 2472 2225 2509 se
2244 2453 2436 2525 sopori
2456 2454 2675 2507 tardius
2688 2453 2847 2523 justo
2880 2455 3202 2523 dederunt;
3230 2456 3435 2528 reliqui
3465 2461 3593 2530 qui-

1962 2544 2096 2598 dem
2126 2543 2281 2615 quod
2304 2543 2503 2596 deerat
2532 2541 2716 2594 noctis
2742 2541 2801 2594 in
2825 2540 2982 2596 diem
3008 2546 3354 2615 sequentem
3382 2561 3591 2601 somno

1960 2632 2138 2687 dediti
2167 2631 2564 2685 restituerunt.
2623 2629 2738 2684 Sed
2787 2629 2929 2701 quia
2971 2631 3080 2685 dici
3111 2632 3259 2686 solet
3309 2648 3428 2687 non
3468 2650 3588 2689 esse

1961 2724 2215 2775 mortem
2242 2720 2366 2773 sine
2403 2717 2725 2783 occasione,
2772 2719 3123 2775 venerabilis
3163 2720 3425 2791 pontifex
3458 2738 3592 2777 con-
3684 2772 3689 2777 .

1959 2812 2184 2865 suetum
2220 2823 2448 2861 morem
2496 2805 2796 2877 praeterire
2851 2809 3077 2874 nolens,
3131 2807 3272 2879 quin
3326 2808 3589 2864 debitum

1962 2913 2174 2952 munus
2203 2895 2385 2949 noctis
2415 2895 2533 2947 Deo
2563 2892 2843 2960 exiberet,
2891 2895 2981 2948 vix
2998 2899 3170 2965 caput
3200 2894 3273 2948 ad
3291 2894 3589 2949 dormien-

1959 2986 2099 3041 dum
2133 2983 2465 3049 demiserat,
2524 2981 2612 3034 vix
2670 2982 2865 3052 sopori
2916 2982 3276 3054 aliquantulo
3320 2983 3589 3038 membra

688 3101 860 3155 entia:
884 3097 1136 3152 termino
1151 3108 1391 3149 consum
1401 3087 1743 3154 maretur,et
1760 3080 1856 3155 qui

1968 3073 2284 3128 tradiderat
2312 3068 2652 3136 tenerrima,
2687 3072 2744 3123 et
2776 3085 2912 3124 ecce
2950 3071 3131 3142 surgit
3187 3070 3259 3124 ad
3311 3070 3588 3126 conﬁten-

1893 3138 1938 3198 C
1961 3163 2099 3217 dum
2127 3163 2242 3216 Deo
2272 3174 2443 3228 super
2452 3157 2675 3228 judicia
2695 3157 2937 3226 justitiae
2961 3138 3433 3231 ejus,devoteque
3457 3160 3584 3231 plus

1961 3252 2124 3306 solito
2154 3263 2431 3321 expensas
2462 3246 2635 3301 ofﬁcii
2659 3248 3017 3303 nocturnalis
3050 3250 3166 3303 Deo
3198 3248 3583 3319 persolvebat;

1960 3358 2092 3396 cum
2123 3340 2307 3394 subito
2342 3367 2403 3377 -
2437 3352 2729 3391 mererem
2773 3353 3016 3392 suorum
3053 3338 3264 3392 abhinc
3302 3338 3361 3392 in
3413 3354 3582 3393 evum

1960 3444 2406 3503 permansurum
2432 3425 2714 3481 referam!
2749 3455 2822 3467 —
2859 3426 2940 3482 sic
2984 3427 3194 3494 subito,
3236 3427 3314 3482 sic
3366 3427 3436 3482 de
3491 3445 3583 3484 re-

1962 3523 2137 3591 pente
2166 3518 2429 3572 membra
2455 3516 2608 3571 beati
2640 3515 2741 3569 viri
2771 3519 2978 3571 cuncta
3010 3516 3243 3588 paralisi
3284 3519 3577 3573 resolvun-

1959 3613 2075 3677 tur,
2108 3611 2172 3663 ut
2195 3609 2418 3661 nullum
2458 3622 2525 3661 ex
2555 3604 2643 3660 his
2672 3622 2841 3659 suum
2856 3606 3113 3661 officium
3142 3622 3419 3678 peragere
3434 3623 3583 3679 pra:-

1963 3699 2176 3764 valens,
2208 3699 2379 3750 terra:
2410 3697 2602 3749 totum
2631 3708 2839 3763 corpus
2863 3693 3090 3761 darent,
3123 3697 3398 3766 tantaque
3426 3696 3581 3750 velo-

1965 3788 2104 3842 citas
2125 3784 2298 3856 ipsius
2324 3782 2558 3854 pessimi
2589 3781 2781 3835 morbi
2814 3780 2873 3834 in
2900 3781 3229 3851 arripiendo
3274 3782 3480 3848 extitit,
3517 3786 3580 3837 ut

1966 3876 2156 3930 nullus
2181 3871 2333 3927 casui
2360 3870 2510 3925 illius
2536 3884 2866 3924 succurrere
2898 3885 2965 3923 ex
2994 3868 3311 3923 astantibus
3357 3869 3577 3924 clericis

1965 3967 2178 4033 posset,
2212 3964 2527 4032 antequam
2576 3957 2731 4013 beati
2760 3957 2866 4011 viri
2903 3973 3107 4029 corpus
3162 3957 3282 4013 solo
3320 3960 3575 4030 proster-

1970 4055 2225 4109 ueretur.

2046 4144 2133 4197 30.
2156 4142 2458 4193 Accessum
2479 4136 2564 4190 est
2586 4148 2725 4205 ergo
2746 4133 2941 4206 quiam
2962 4132 3125 4188 citius
3150 4135 3482 4206 potuerunt,
3512 4136 3573 4188 et

261 4223 310 4243 τι
365 4223 368 4224 ν
750 4223 766 4238 .
1016 4223 1025 4229 .
1194 4223 1210 4231 -

250 4274 316 4313 re
347 4262 405 4312 et
428 4256 742 4323 nobilitate,
771 4254 844 4309 ad
887 4253 995 4307 hoc
1041 4267 1108 4305 ex
1143 4246 1362 4320 proprii
1398 4242 1654 4315 corporis
1690 4238 1872 4294 nimia
1974 4247 2104 4287 ecce
2130 4229 2233 4283 sub
2268 4229 2425 4280 tanta
2446 4223 2741 4279 velocitate
2766 4238 2956 4295 neque
3002 4238 3064 4277 os
3095 4237 3280 4293 neque
3308 4239 3428 4294 pes,
3464 4237 3583 4277 non

1371 4338 1457 4387 set
1500 4310 1785 4385 delicatus
1816 4328 1875 4381 et
1975 4335 2183 4375 manus
2210 4318 2308 4370 aut
2327 4314 2545 4386 lingua,
2574 4311 2793 4383 aliquid
2822 4311 2905 4365 sui
2953 4310 3125 4366 ofﬁcii
3158 4310 3401 4382 implere
3436 4326 3583 4384 pra:-

258 4617 411 4672 ferre
436 4575 791 4687 aggrerdi‘aut
812 4575 1103 4664 velletuaut
1122 4606 1442 4679 posset,pro
1460 4598 1560 4654 Dei
1589 4600 1649 4652 et
1671 4575 1879 4649 Christl
1979 4581 2497 4649 intendens,douec
2512 4577 2680 4633 tertio
2699 4577 2790 4631 die
2803 4578 3055 4647 pulsatus
3073 4575 3598 4634 Dominussuorum

258 4722 458 4763 amore
482 4684 547 4758 et
577 4718 678 4773 pro
700 4699 952 4765 creditae,
979 4695 1085 4750 sibi
1133 4690 1405 4747 azcclesiaa
1426 4684 1771 4742 utilitatibus
1792 4697 1883 4734 su-

258 4796 386 4863 biit,
418 4768 922 4862 videlicetpondus
942 4785 1055 4841 diei
1079 4786 1137 4838 et
1157 4784 1327 4837 aestus
1353 4780 1606 4851 portare,
1628 4771 1742 4827 diei
1772 4768 1879 4825 uti-

262 4902 374 4960 que
400 4882 568 4950 illius,
601 4861 759 4951 cujus
787 4875 992 4932 caloris
1024 4872 1292 4928 nimietas
1314 4868 1394 4923 sic
1416 4861 1802 4921 intolerabilis
1833 4867 1881 4901 7!

261 4950 469 5040 extitit,
497 4973 558 5025 ut
588 4950 762 5024 nemo
794 4963 1086 5022 recordari
1130 4962 1340 5032 posset,
1397 4973 1457 5011 se
1504 4956 1734 5010 tantum
1768 4950 1882 5004 fer-

1980 4674 2244 4747 precibus
2261 4701 2327 4710 —-
2340 4685 2479 4724 nam
2502 4684 2618 4723 non
2634 4667 2820 4721 solum
2833 4682 2899 4720 ex
2917 4665 3151 4738 proprio
3168 4665 3597 4740 episcopio,ve-

1984 4780 2113 4819 rum
2130 4779 2196 4817 ex
2221 4760 2540 4814 multarum
2560 4755 2868 4827 regionum
2884 4754 3111 4825 angulis
3129 4754 3234 4808 viri
3255 4758 3314 4810 et
3333 4755 3594 4826 feminae,

1984 4848 2254 4908 monachi
2283 4851 2341 4902 et
2368 4844 2689 4912 monachae,
2720 4843 2895 4897 etiam
2920 4841 3027 4915 ipsi
3066 4842 3306 4899 solitarii
3342 4848 3401 4901 et
3425 4845 3597 4899 here-

1983 4943 2140 4997 mitze
2172 4935 2533 5010 propositum
2547 4932 2739 4988 nimiis
2756 4931 3049 4987 doloribus
3076 4935 3135 4988 et
3163 4932 3588 4990 inedicibilibus

260 5078 462 5122 vorem
487 5062 587 5115 aut
605 5058 875 5114 ardorem
902 5054 1104 5110 vidisse
1133 5066 1239 5124 per
1269 5051 1395 5104 tota
1425 5049 1759 5116 temporum
1790 5039 1884 5093 vel
1985 5028 2310 5087 meroribus
2336 5026 2672 5096 frangentes
2700 5024 3091 5090 accurrerunt,
3124 5025 3182 5078 et
3209 5027 3275 5080 ut
3303 5042 3404 5081 suo
3437 5023 3593 5080 fideli

1577 5158 1814 5217 VARUE
1875 5147 2282 5213 LECTIONES.

338 5282 383 5318 τι
414 5274 633 5330 secreto
663 5274 711 5326 1.
756 5274 803 5311 τί
832 5259 1229 5321 intollerabilis
1268 5257 1432 5315 altera
1473 5258 1493 5310 1
1530 5268 1676 5309 eraso
1709 5255 1769 5307 2.
1835 5254 1882 5290 7³
1923 5248 2045 5317 post
2075 5237 2321 5311 amplius
2351 5233 2669 5292 vocabulum
2704 5248 2921 5289 erasum
2959 5235 3013 5289 2.
3063 5239 3109 5274 7‘
3143 5233 3312 5287 nocte
3363 5233 3412 5287 1.
3442 5226 3499 5284 2.
3532 5232 3585 5285 3.

268 5356 317 5392 τι
356 5345 769 5418 discipulorum
789 5336 1035 5395 brachiis
1064 5339 1117 5391 2.
1152 5335 1206 5388 3.

338 5509 447 5577 (3‘2)

1814 5386 2041 5446 ΝΟΤίΕ.

479 5502 687 5561 Scribit
729 5501 800 5556 de
832 5497 997 5554 bellis
1022 5489 1357 5551 Theoderici
1406 5489 1461 5561 VII
1516 5482 1771 5559 episcopi
1821 5482 1880 5561 et
1980 5466 2929 5561 doricumdupemailtlm—t012.
2963 5459 3136 5533 gestis
3176 5463 3234 5516 et
3264 5460 3495 5542 nonnisi
3533 5477 3589 5521 a.

397 5537 429 5564 ιζ.
480 5537 568 5561 Ubi
584 5537 687 5558 ιυιυ
729 5537 800 5556 uu
834 5537 997 5554 uvlnsa
1032 5537 1357 5551 ιιιυνι-νιιν-
1416 5537 1461 5543 --
1522 5537 1543 5542 ν
1592 5537 1666 5540 -ή-
1688 5537 1698 5539 ,

270 5537 521 5639 Ηέῗηιίίοί
545 5574 704 5631 ducis
729 5573 974 5627 fratrum
997 5571 1200 5623 contra
1223 5537 1795 5639 deinricumrregém
1824 5555 1884 5606 et
1985 5542 2321 5639 lolqulgns
2348 5537 2700 5639 compositis,

271 5626 1124 5727 iegingauduml‘revirensem
1133 5632 1627 5712 archiepisc0pum
1637 5626 1885 5686 etTheoa

2053 5607 2169 5692 (33}
2191 5613 2454 5685 Nomeny
2480 5607 2555 5666 ad
2584 5607 2821 5665 Saliam.
