4028 6186
493 352 626 430 i571

1454 350 1907 425 CONSTANTINI
1941 368 1998 425 s.
2047 360 2517 426 smpcomm
2546 368 2857 432 ABBATIS.

3692 349 3839 443 is}:

490 507 692 547 vocem
736 492 794 544 et
820 502 1154 544 sermonem
1206 487 1358 544 Deus
1415 489 1785 562 omnipotens
1839 489 2111 545 redderet
2134 494 2190 552 Α
2216 507 2283 546 ex
2304 493 2554 564 propriis
2580 495 2753 550 rebus
2776 497 3128 554 Numeniaco
3158 503 3487 573 eXpendere
3517 508 3709 578 coepit,
3730 513 3837 566 sed

495 579 891 651 optinuerunt.
955 576 1216 631 Accurrit
1257 580 1316 631 et
1363 577 1473 632 dux
1531 578 1891 645 Teodericus,
1937 578 2117 632 frater

492 665 669 738 ipsius
686 664 974 737 pontiﬁcis
1006 682 1019 732 ;
1055 663 1345 720 affuerunt
1371 668 1429 720 et
1468 667 1708 720 comites
1732 666 2111 738 primariique

490 754 746 809 militum
776 769 1035 823 suorum,
1068 753 1290 808 nobiles
1342 757 1400 808 et
1455 754 1775 825 ignobiles;
1826 755 2015 809 cuncti
2045 771 2113 810 ex

498 842 664 910 urbe,
698 842 1004 911 suburbiis,
1038 841 1212 915 agris,
1242 842 1387 897 villis
1442 845 1501 897 et
1554 842 1776 915 oppidis
1832 843 2117 898 irruentes

491 931 828 986 clamabant
858 947 917 985 se
949 930 1210 998 miseros,
1240 947 1300 984 se
1331 931 1493 985 omni
1519 931 1789 985 felicitate
1820 930 2115 1002 indignos,

493 1020 594 1095 qui
625 1020 725 1075 tali
750 1025 978 1093 pastore
1008 1020 1194 1075 orbati
1222 1021 1715 1089 destituebantur;
1744 1022 2117 1093 luposomne-

492 1124 633 1180 sque
666 1109 849 1163 malas
896 1107 1109 1163 bestias
1161 1108 1362 1163 adesse
1419 1124 1524 1179 pro
1573 1108 1812 1177 foribus,
1865 1125 2113 1182 quorum

496 1196 786 1252 morsibus
807 1212 986 1267 usque
1033 1196 1109 1251 ad
1152 1196 1338 1268 ipsam
1372 1212 1577 1252 necem
1606 1197 1924 1252 dilaniandi
1953 1199 2116 1269 pate-

491 1289 647 1355 rent,
680 1286 912 1342 vocibus
941 1285 1402 1341 intolerabilibus
1428 1294 1475 1328 ἰδ
1514 1286 1978 1357 ingeminabant.

565 1379 654 1435 31.
690 1376 904 1431 Ρνωδιιι
932 1374 1296 1443 venerabilis,
1322 1374 1531 1430 auditis
1544 1375 1631 1431 his
1653 1375 1849 1431 animo
1877 1375 2113 1447 quidem

493 1467 552 1520 et
570 1464 773 1536 spiritu
810 1464 1208 1529 conturbatus,
1252 1467 1311 1518 et
1336 1464 1409 1518 ad
1442 1463 1719 1536 pietatem
1752 1464 1858 1519 sibi
1887 1464 2111 1535 ingeni-

492 1555 616 1607 tam
642 1556 990 1617 commotus,
1034 1550 1093 1604 in
1126 1551 1338 1606 multas
1389 1552 1655 1606 lacrimas
1699 1553 2110 1620 resolvebatur,

493 1641 554 1699 et
579 1639 736 1711 quod
765 1639 963 1693 multae
989 1638 1363 1694 adversitates
1383 1640 1664 1713 populum
1693 1643 1822 1712 post
1858 1643 2111 1696 mortem

491 1744 658 1783 suam
686 1725 1030 1782 insecuturaa
1058 1731 1269 1795 essent,
1302 1727 1447 1783 sicut
1467 1745 1602 1800 sepe
1628 1728 1934 1783 incolumis
1962 1746 2109 1800 pra:-

2214 579 2367 633 Metti
2399 581 2480 634 sic
2506 584 2834 660 complevit,
2853 590 2915 640 ut
2942 587 3218 660 quicquid
3235 606 3297 643 se
3320 591 3540 648 habere
3564 600 3838 653 recorda-

2216 666 2404 736 batur,
2430 656 2571 725 nihil
2599 675 2985 741 reservaverit,
3013 675 3059 729 si
3089 677 3375 748 quidvero
3395 685 3837 752 remansit,ava-

2214 756 2345 811 ritia
2370 759 2559 830 potius
2575 776 2810 816 suorum
2836 779 3014 834 quam
3047 765 3129 835 pii
3166 768 3412 837 pastoris
3446 770 3689 828 incuria:
3744 775 3861 830 de-‘

2215 845 2539 916 putandum
2565 852 2670 903 est.
2698 849 2990 923 Quidquid
3035 855 3161 909 auri
3211 859 3578 932 argentique,
3636 864 3842 935 pallio-

2216 949 2367 999 rum,
2405 935 2650 991 vestium
2706 940 3100 1009 preciosarum
3154 944 3370 1001 habere
3410 953 3663 1019 poterat,
3718 970 3837 1007 non

2214 1023 2390 1077 modo
2431 1025 2710 1094 proximis
2737 1030 2796 1082 et
2828 1029 3046 1100 vicinis,
3085 1049 3283 1088 verum
3313 1038 3489 1091 servis
3508 1040 3612 1093 Dei
3660 1041 3842 1113 longe

2215 1113 2585 1189 manentibus
2643 1118 2874 1173 mittere
2926 1122 3163 1187 curavit,
3209 1128 3266 1178 et
3314 1129 3377 1179 ut
3417 1143 3523 1198 pro
3574 1131 3840 1185 remedio

2214 1199 2424 1255 animae
2454 1219 2571 1258 suae
2600 1221 2819 1277 proque
2845 1208 3147 1265 cotidianis
3175 1214 3517 1283 excessibus,
3564 1218 3693 1272 sine
3717 1219 3845 1290 qui-

2214 1287 2320 1343 bus
2348 1289 2436 1344 vix
2458 1292 2664 1363 aliquis
2694 1298 2794 1349 aut
2824 1296 3015 1352 nullus
3039 1298 3193 1363 vivit,
3219 1309 3529 1359 exorarent
3574 1310 3634 1360 et
3685 1287 3849 1378 apud

2285 1557 2372 1610 33.
2406 1557 2549 1610 Nam
2576 1557 2747 1613 beato
2784 1560 3024 1619 Martino
3050 1565 3311 1635 Turonis,
3344 1573 3545 1625 sancto
3577 1572 3843 1629 Dionisio

2213 1641 2685 1711 Parisins,saucto
2705 1649 2967 1722 Remigio
2982 1652 3195 1721 Remis,
3213 1660 3428 1712 sanctae
3441 1659 3843 1716 MariaVirdn-

2210 1729 2293 1798 ni,
2322 1736 2520 1787 sancto
2553 1734 2725 1790 Petro
2757 1736 3031 1807 Coloniae,
3060 1743 3369 1817 multisque
3388 1745 3516 1800 aliis
3534 1764 3644 1819 per
3663 1749 3842 1804 Fran—

493 1815 735 1884 dixerat,
769 1832 922 1870 nunc
978 1815 1243 1870 infirmus
1289 1819 1347 1870 et
1376 1816 1643 1871 transitui
1672 1833 1773 1872 suo
1804 1816 1961 1884 satis,
1996 1818 2111 1872 heu
2132 1810 2183 1872 B
2210 1817 2356 1874 ciam
2390 1821 2751 1893 superiorem
2778 1824 3234 1902 inferioremque
3276 1835 3491 1889 sanctis
3530 1837 3709 1892 xenia
3740 1839 3843 1893 ho-

492 1904 693 1959 nobis!
727 1903 1022 1975 proximus
1050 1904 1419 1975 praedicebat.
1452 1904 1709 1973 Dicebat,
1754 1921 1884 1959 suas
1923 1905 2111 1977 magis

495 1991 840 2047 nfelicitates
864 1994 929 2046 ut
958 1991 1260 2059 deﬂerent,
1301 2009 1359 2047 se
1398 1992 1582 2065 magis
1625 1994 2107 2063 lamentarentur,

492 2078 638 2135 nihil
668 2078 800 2134 novi
824 2080 1043 2146 adesse,
1078 2079 1338 2134 debitum
1362 2081 1539 2151 primi
1567 2081 1822 2151 parentis
1851 2082 1994 2136 nulli
2019 2082 2109 2136 in-

494 2167 876 2239 dulgendum,
911 2167 1051 2222 dum
1078 2168 1167 2223 his
1195 2169 1293 2241 qui
1350 2169 1560 2224 nullius
1611 2169 1792 2225 debiti
1830 2169 2112 2225 obnoxius

493 2258 638 2324 erat,
662 2255 914 2310 Christus
942 2256 1091 2311 Deus
1121 2260 1179 2310 et
1204 2256 1482 2311 Dominus
1513 2261 1731 2325 noster,
1764 2258 1888 2330 ipsa
1908 2257 2113 2313 mortis

494 2344 780 2400 acerrima
804 2343 1140 2399 discrimina
1164 2344 1408 2416 experiri
1430 2348 1489 2400 et
1507 2346 1628 2417 pati
1650 2363 1769 2401 non
1787 2346 2109 2418 refugisset.

492 2434 623 2505 Ipsa
651 2449 792 2504 ergo
822 2433 1162 2487 inﬁrmitate
1188 2449 1515 2505 oppressus,
1572 2451 1677 2505 per
1717 2435 1962 2506 aliquot.
1992 2436 2114 2490 dies

493 2520 557 2575 in
588 2521 797 2575 eodem
840 2520 962 2575 vico
1009 2521 1361 2576 Numeniaco
1409 2522 1608 2593 jacuit,
1653 2523 1836 2577 donec
1880 2523 2113 2580 invento

492 2608 1040 2680 communicatoque
1074 2607 1134 2662 in
1176 2608 1420 2664 invicem
1458 2610 1718 2679 consilio,
1749 2629 1782 2666 a
1807 2614 1960 2667 clero
1991 2614 2114 2684 ple-

495 2697 684 2769 beque
724 2696 796 2751 ad
831 2697 1034 2750 urbem
1084 2697 1379 2768 propriam
1429 2698 1784 2770 deportatus,
1833 2718 1869 2755 a
1919 2701 2115 2758 multis

496 2784 731 2858 quidem
763 2785 1050 2854 devectus,
1087 2786 1489 2858 aplurioribus
1548 2792 1859 2860 susceptus,
1923 2790 2114 2845 dicere

493 2873 765 2946 possibile
784 2876 911 2929 'non
940 2876 1046 2941 est,
1099 2878 1333 2945 quantm
1355 2891 1538 2943 voces,
1571 2877 1772 2947 quanti
1809 2878 2112 2945 clamores,

490 2961 824 3033 viduarum,
858 2961 1280 3034 orphanorum,
1331 2963 1589 3018 virorum
1646 2965 2111 3034 clarissimorum,

491 3050 1033 3107 honestissimarum
1065 3050 1442 3119 feminarum,
1473 3053 1548 3107 ad
1577 3053 1693 3108 alta
1712 3070 1848 3110 aera
1876 3059 2116 3127 proten-

496 3139 802 3195 debantur.
834 3139 1248 3194 Monachorum
1279 3142 1338 3194 et
1361 3141 1868 3198 sanctimonalium
1891 3152 1957 3211 77,
1976 3162 2114 3216 quo-

492 3244 626 3283 rum
655 3229 851 3299 fruges
870 3227 1125 3282 maxima
1150 3228 1210 3281 in
1244 3229 1565 3299 manipulos
1583 3233 1880 3301 perplures
1905 3237 1964 3287 et
1992 3250 2111 3287 non

498 3317 895 3372 numerandos
924 3316 1100 3387 ipsius
1131 3316 1389 3388 ejusdem
1420 3318 1663 3387 pastoris
1682 3319 1901 3373 diutino
1930 3321 2111 3375 conti-

495 3421 729 3476 nuoque
761 3405 959 3458 labore
988 3407 1046 3458 et
1074 3402 1286 3457 sudore
1308 3408 1696 3472 exurrexerat,
1744 3407 1964 3476 pudore
2017 3426 2114 3463 or-

497 3492 620 3547 dini
649 3508 751 3546 suo
793 3491 987 3545 debito
1020 3490 1214 3544 nimiis
1245 3490 1540 3545 doloribus
1594 3495 1932 3565 postposito,
1989 3514 2112 3552 om-

496 3579 588 3634 nis
614 3595 778 3633 sexus
806 3583 864 3633 et
894 3581 1032 3632 mtas
1080 3593 1384 3632 accurrens
1432 3582 1491 3633 et
1522 3584 1584 3634 ut
1614 3581 1797 3636 verius
1827 3583 2013 3638 dicam
2032 3585 2107 3639 ir-

495 3682 779 3739 rumpens
804 3683 817 3721 :
847 3664 1000 3723 Heu!
1037 3664 1246 3738 inquit,
1272 3665 1374 3721 heu
1399 3665 1411 3720 ι
1453 3668 1582 3739 quid
1609 3676 1756 3724 tanto
1771 3679 1931 3742 patre
1955 3674 2111 3728 orba-

499 3755 568 3825 ti,
590 3755 722 3827 quid
771 3760 919 3809 tanto
968 3760 1180 3825 pastore
1225 3753 1488 3824 destituti,
1532 3756 1698 3829 plebs,
1754 3758 1939 3829 clerus,
1985 3762 2113 3817 ordo

492 3844 811 3901 monac/iiiis
834 3845 1110 3915 utriusque
1131 3858 1315 3910 sexus,
1377 3843 1478 3898 tibi
1520 3861 1673 3900 omne
1700 3848 1842 3919 quod
1876 3851 2115 3921 sapiebas

494 3932 637 4008 quod
658 3933 870 3988 vivebas
896 3933 1070 4003 magis
1097 3931 1334 4000 dilectus,
1361 3932 1492 4004 quid
1519 3941 1660 4005 aget,
1689 3953 1791 4008 quo
1834 3955 1889 3991 se
1925 3947 2118 4009 vertet,

493 4024 588 4079 cui
616 4020 976 4092 subjiciendus
1008 4020 1331 4093 relinquitur
1352 4021 1379 4076 '7

566 4114 655 4168 32.
680 4111 804 4182 Ipse
821 4125 956 4164 vero
979 4108 1221 4163 dilectus
1246 4110 1364 4164 Deo
1382 4110 1644 4179 pontifex
1664 4117 1937 4170 consueto
1960 4133 2114 4172 sem-

494 4215 602 4274 per
629 4206 677 4241 ⁷⁸
701 4196 811 4253 sibi
845 4213 1008 4252 more
1031 4200 1265 4253 extensa
1294 4214 1473 4252 manu
1498 4198 1664 4271 signo
1699 4204 1881 4259 crucis
1910 4220 2114 4261 omnes

494 4304 617 4344 non
638 4286 838 4354 semel,
865 4302 984 4340 non
1028 4285 1117 4341 bis
1145 4288 1396 4354 tantum,
1450 4287 1552 4342 sed
1582 4304 1878 4363 quousque
1934 4295 2116 4351 sancti

495 4374 777 4449 Stephani
824 4374 1293 4447 prothomartiris
1315 4375 1631 4431 aecclesiam
1663 4378 1997 4450 deportatus
2025 4383 2117 4438 in-

460 4492 463 4496 -
496 4464 1064 4531 tromitteretur,Deo
1077 4462 1445 4518 commissam
1463 4465 1691 4536 plebem
1708 4472 2118 4543 commendare

494 4569 614 4610 non
643 4552 960 4609 desinebat.
991 4552 1243 4606 Jusserat
1262 4555 1478 4620 autem,
1508 4556 1568 4608 ut
1591 4555 1780 4626 primo
1819 4563 1953 4613 ante
1992 4576 2117 4616 san‘

494 4640 572 4697 cti
619 4640 899 4713 Stephani
931 4640 1133 4709 altare,
1171 4642 1301 4711 post
1328 4641 1546 4696 cunctis
1585 4645 1851 4700 oratoriis
1905 4648 2113 4705 domus

495 4729 1169 4796 diductusdeveheretur,
1191 4729 1269 4784 ibi
1302 4746 1361 4783 se
1387 4746 1669 4802 suumque
1698 4737 1974 4806 populum
1991 4739 2109 4794 Deo

494 4818 968 4889 orationibusque
996 4822 1327 4873 sanctorum
1356 4818 1621 4891 precibus
1655 4821 1927 4893 depositis
1948 4843 2108 4883 com-

2208 1906 2715 1966 noriﬁcentissima
2739 1913 2996 1984 mittens,
3031 1921 3303 1988 patronos
3331 1922 3416 1975 sui
3446 1923 3678 1979 itineris
3722 1942 3840 1997 quo

2207 1997 2487 2067 pergebat
2524 1999 2850 2070 adquirere,
2879 2008 3052 2075 prout
3106 2011 3354 2078 poterat,
3406 2010 3751 2080 festinabat,
3782 2018 3841 2069 et

2209 2083 2282 2139 de
2319 2100 2661 2143 mammona
2689 2096 2736 2131 79
2766 2090 3083 2164 iniquitatis
3109 2097 3344 2166 amicos,
3384 2100 3487 2171 qui
3529 2117 3597 2155 se
3649 2103 3711 2156 in
3752 2106 3844 2157 ta-

2211 2173 2522 2230 bernacula
2550 2181 2766 2233 aeterna
2796 2181 3141 2254 reciperent,
3169 2186 3377 2242 lucrari
3409 2192 3842 2246 maturabatln

2211 2261 2319 2316 hac
2340 2264 2590 2336 denique
2612 2270 2777 2323 tanta
2792 2268 3131 2328 inﬁrmitate
3152 2276 3517 2345 constitutus,
3544 2280 3662 2334 hoc
3682 2281 3847 2352 egri-

2212 2351 2429 2406 tudinis
2458 2369 2636 2410 onere
2666 2364 3078 2429 praegravatus,
3102 2365 3309 2419 ccelum
3337 2382 3402 2420 ac
3435 2369 3701 2423 ccelestia
3737 2351 3846 2425 isn-

2213 2438 2401 2510 spiriis
2412 2442 2698 2499 continuis
2718 2450 2935 2517 petere,
2960 2450 3139 2505 oculis
3169 2451 3305 2524 ipsis
3321 2458 3379 2509 et
3395 2456 3613 2525 spiritu
3637 2458 3843 2514 sedulo

2214 2543 2333 2582 non
2389 2545 2637 2600 cessans,
2673 2535 2853 2590 multo
2884 2539 3109 2609 majora
3137 2556 3197 2594 se
3227 2544 3624 2613 promeruisse
3656 2562 3761 2601 ore
3788 2553 3847 2602 et

2214 2615 2384 2671 corde
2409 2634 2641 2690 semper
2668 2621 2976 2692 fatebatur,
3002 2626 3143 2682 dum
3164 2629 3340 2684 etiam
3351 2632 3685 2689 secundum
3708 2652 3848 2707 apo-

2213 2703 2343 2758 stoli
2370 2705 2764 2764 dulcissimum
2785 2712 3157 2770 adhortatum
3187 2717 3325 2788 ipsis
3354 2722 3573 2775 sanctis
3590 2739 3706 2793 pro
3724 2703 3849 2795 glo-

2213 2792 2300 2847 ria
2314 2797 2532 2850 aeterna
2549 2800 2608 2852 et
2626 2804 2906 2871 perpetua
2924 2818 3140 2859 corona
3161 2808 3522 2864 certantibus
3558 2792 3685 2867 non
3729 2814 3849 2868 sint

2214 2881 2517 2953 condignae
2539 2887 2831 2957 passiones
2848 2890 2925 2944 hu
2924 2892 3019 2962 jus
3030 2896 3148 2948 tem
3154 2895 3412 2964 poris,ad
3426 2898 3697 2954 futuram
3710 2917 3850 2956 ean-

2217 2968 2349 3025 dem
2378 2972 2647 3042 gloriam,
2680 2992 2806 3047 quai
2836 2980 3181 3035 revelabitur
3229 2983 3288 3037 in
3337 2984 3564 3041 eisdem
3624 2989 3846 3043 sanctis

2221 3053 2634 3131 (Rom.vm,l8),
2658 3066 2716 3116 et
2740 3066 2961 3121 utinam
2993 3066 3051 3121 in
3090 3069 3276 3139 nobis,
3304 3072 3440 3127 licet
3491 3074 3763 3146 indignis
3788 3081 3845 3132 et

2216 3161 2335 3200 non
2362 3149 2738 3205 merentibus.
2767 3152 2962 3208 Sancti
3005 3156 3113 3210 Job
3150 3161 3205 3211 et
3244 3159 3437 3215 Tobiae
3487 3165 3846 3219 venerabilis

2212 3235 2575 3307 patientiam,
2619 3238 3035 3312 sufferentiam,
3067 3246 3547 3320 reliquorumque
3605 3258 3841 3307 sancto-

2212 3337 2344 3376 rum
2358 3327 2589 3394 patrum
2605 3327 2810 3382 veteris
2827 3331 3072 3403 novique
3090 3334 3439 3391 Testamenti
3454 3340 3847 3397 reminiscens

2212 3410 2310 3480 qui
2339 3412 2588 3468 ludibria
2607 3418 2664 3469 et
2684 3417 2924 3472 verbera
2951 3422 3190 3491 experti,
3206 3423 3445 3497 insuper
3466 3432 3525 3481 et
3545 3436 3598 3470 ιο
3616 3430 3845 3485 vincula

2212 3501 2272 3552 et
2300 3515 2576 3568 carceres,
2607 3502 2839 3560 distenti
2881 3507 3059 3563 etiam
3109 3515 3245 3565 sunt
3289 3529 3408 3568 non
3457 3518 3845 3589 suscipientes

2211 3586 2697 3663 redemptionem,
2746 3597 2807 3647 ut
2850 3596 3177 3653 invenirent
3206 3609 3249 3642 ει
3285 3604 3603 3659 meliorem
3648 3624 3845 3661 resur-

2212 3676 2551 3732 rectionem.
2602 3679 2756 3735 Beati
2809 3684 2985 3738 etiam
3029 3689 3236 3743 servuli
3284 3692 3729 3762 recordabatur,
3785 3701 3845 3749 et

2214 3781 2445 3838 semper
2466 3769 2674 3824 merita
2699 3773 3073 3844 praedicabat,
3103 3777 3201 3848 qui
3225 3795 3295 3833 ea
3313 3797 3429 3851 qua
3455 3782 3505 3835 is
3532 3783 3696 3839 idem
3734 3801 3843 3839 no-

2215 3856 2334 3909 ster
2351 3855 2487 3910 felix
2516 3856 2731 3913 deﬁxus
2744 3860 3107 3932 inﬁrmitate,
3122 3866 3450 3923 inﬁrmitati
3464 3871 3709 3927 virtutes
3736 3875 3838 3928 ad-

2217 3945 2475 4012 nectens,
2508 3945 2824 4016 ipsiusJesu
2846 3949 3055 4006 Christi
3081 3954 3308 4009 Domini
3338 3960 3547 4023 nostri,
3582 3961 3643 4014 in
3667 3962 3843 4033 ipsius

2215 4029 2371 4086 beati
2427 4032 2614 4089 obitus
2662 4036 2923 4106 articulo,
2966 4043 3176 4097 meruit
3218 4045 3551 4102 visitatione
3570 4054 3840 4107 consola~

2217 4118 2349 4188 ri,et
2361 4122 2791 4191 ymnidicorum
2804 4129 3146 4198 angelorum
3165 4148 3327 4187 voces
3340 4134 3400 4187 in
3430 4138 3581 4192 oculo
3602 4155 3841 4194 resona-

2215 4224 2356 4263 nare
2376 4211 2782 4285 audiens,quid
2796 4216 3044 4272 virtusin
3066 4219 3843 4301 inﬁrmitateperfecta,quid

2214 4297 2507 4370 patientia:
2528 4301 2735 4357 lenitas
2759 4304 3125 4377 adipiscatur,
3146 4312 3393 4381 posteris
3411 4297 3843 4374 imitanda‘de-

2214 4386 2452 4458 reliquit
2485 4396 2550 4443 υ.
2572 4390 2715 4445 Nam
2745 4392 2946 4449 beatus
2988 4395 3071 4449 vir
3104 4401 3160 4451 et
3188 4402 3552 4457 venerandus
3569 4407 3845 4461 sacerdos

2220 4474 2837 4543 Adalbero,utacervus
2858 4484 3196 4540 meritorum
3216 4488 3338 4558 ejus
3356 4490 3535 4546 etiam
3556 4509 3668 4563 per
3688 4495 3848 4550 inﬁr-

2221 4563 2434 4618 mitatis
2453 4567 2678 4637 pondus
2699 4569 2757 4622 in
2779 4572 3192 4642 perfectionem
3223 4594 3401 4648 usque
3424 4580 3760 4649 deveniret,
3788 4589 3843 4639 et

2217 4650 2278 4706 in
2292 4653 2473 4707 virum
2488 4656 2809 4725 perfectum
2828 4661 3158 4731 plenissime
3189 4681 3557 4723 succrescens
3592 4688 3843 4745 exurge-

2214 4746 2325 4806 ret,
2344 4742 2441 4814 qui
2455 4745 2865 4814 temptationes
2881 4747 3303 4823 illatassemper
3316 4754 3411 4825 pie
3427 4742 3769 4827 sutierens;
3784 4768 3843 4817 ut

2218 4832 2504 4904 acciperet
2522 4833 2648 4888 vitae
2661 4850 3140 4907 coronam,quam
3160 4845 3498 4913 repromisit
3522 4848 3679 4903 Deus
3712 4852 3841 4906 dili-

494 4907 929 4979 mittere,prout
944 4909 1192 4978 poterat,
1218 4911 1391 4979 prout
1406 4908 1613 4963 virium
1637 4912 1986 4980 possibilitas
2015 4925 2124 4980 aut
2221 4922 2488 4994 gentibus
2516 4924 2952 4996 se,zegritudiue
2969 4929 3072 4983 hac
3090 4933 3211 4985 tam
3226 4907 3435 5001 valida,
3460 4939 3588 4991 tam
3613 4939 3843 5012 ingenti

492 4996 860 5055 imbecillitas
886 4996 1285 5067 permittebat,
1316 4997 1551 5052 studuit.
1600 4998 1743 5054 Hinc
1792 5001 2119 5074 bajulorum
2224 5010 2524 5081 depressus
2534 5013 2762 5083 jacuita
2786 5014 2863 5068 83!
2899 5018 3169 5074 omnibus
3200 4996 3633 5096 dextrze’partis
3657 4996 3844 5084 mem-

494 5085 767 5143 manibus
787 5084 1204 5156 episcopalibus
1219 5085 1927 5155 lectisintroductus,lecto
1943 5093 2120 5166 depo-
2222 5099 2340 5155 bris
2356 5101 2688 5171 gravissima
2706 5105 2952 5176 paralysi
2968 5108 3267 5178 resolutus,
3303 5084 3520 5169 nuuqu
3548 5117 3734 5173 ofﬁcii
3760 5121 3841 5173 τί-

494 5176 672 5245 nitur,
696 5179 754 5231 et
771 5178 835 5230 ut
859 5174 1231 5247 competebat
1257 5173 1581 5241 infirmitati
1617 5177 1759 5248 ejus,
1802 5181 2120 5240 subsidium
2221 5203 2361 5259 gore
2391 5189 2582 5261 aliquo
2614 5173 2790 5247 modo
2835 5173 3072 5266 compos
3109 5173 3375 5267 existens,
3417 5204 3602 5259 solius
3630 5207 3839 5279 linguae

495 5263 883 5323 necessarium
904 5262 2120 5336 familiarequeeiimpenditur.Elemosinas
2220 5275 2541 5333 ministerio
2572 5283 2789 5352 nactus,
2805 5281 3265 5342 laudesCreatori
3291 5304 3393 5345 suo
3432 5291 3555 5348 Deo
3596 5262 3755 5351 Patri
3784 5307 3843 5358 et

1806 5406 2041 5465 VARLE
2105 5411 2511 5471 LECTIONES.

564 5530 616 5568 ἰι
643 5522 873 5579 intoler.
901 5525 936 5579 2
961 5527 1010 5564 ττ
1032 5518 1538 5575 sanctimonalium
1565 5523 1620 5579 2.
1663 5529 1715 5605 ’τῆ
1741 5523 1849 5581 sibi
1873 5543 2104 5604 semper
2127 5533 2184 5605 3,
2212 5541 2261 5578 ἰο
2293 5551 2570 5596 mamona
2587 5540 2641 5597 3.
2680 5547 2729 5582 ⁸ο
2750 5539 2891 5600 deest
2908 5541 2965 5600 3.
2998 5552 3043 5587 ιι
3072 5561 3157 5607 m.
3190 5550 3240 5603 1,
3268 5545 3326 5608 2,
3359 5551 3419 5607 3,
3442 5558 3493 5594 οι
3514 5551 3829 5631 demum

583 5602 634 5631 ιι
651 5602 770 5631 uno!
790 5610 818 5631 α
847 5596 901 5631 δη
926 5596 946 5631 Ι
1008 5595 1041 5631 ⁶)
1105 5593 1329 5631 unnh'um
1358 5608 1582 5631 ommth
1612 5593 1853 5631 rain-lum

496 5597 558 5665 ι,
583 5602 770 5668 “post
788 5610 824 5650 a
847 5596 906 5650 in
926 5596 982 5650 l.
1008 5595 1069 5653 2.
1100 5593 1333 5666 spatium
1358 5608 1586 5649 vacuum
1612 5593 1878 5655 relictum.
