4094 6178
342 439 470 499 1581

1596 441 1954 501 EPISTOLJE
1988 444 2076 501 ET
2109 444 2431 503 DECRETA

3551 462 3692 522 1582

319 561 582 619 custodia
603 559 907 632 religionis
934 561 1242 616 relaxatur.
1271 562 1394 627 Quo
1413 566 1676 636 exemplo
1701 562 1956 618 decerni-
1979 566 2034 625 Α
2057 567 2450 634 transgressor
2491 565 2787 634 exstiterit,
2829 568 3220 625 anathematis
3245 587 3532 634 mucrone
3565 597 3626 636 se
3657 598 3694 637 ει

321 667 450 706 mus
474 651 533 704 in
559 649 891 704 Divionensi
916 652 1272 705 monasterio
1292 652 1548 705 divinum
1572 652 1826 706 ofﬁcium
1849 667 1952 723 pro

319 743 530 793 sancta
555 740 708 791 statu
749 738 1008 790 Ecclesia
1039 739 1316 792 continuo
1350 740 1953 810 celebrari,quatenus

321 827 690 898 frequentata
759 826 1073 880 celebratio
1136 828 1446 880 missarum
1508 833 1565 880 et
1619 828 1949 881 orationum

320 914 582 968 turbines
625 930 690 966 ac
735 914 1019 982 procellas
1050 913 1451 968 infestantium
1497 917 1683 968 valeat
1709 914 1949 980 sedere;

320 1002 448 1068 nisi,
464 1002 621 1073 quod
644 1001 814 1068 absit,
840 1000 1192 1071 Lingonensi
1209 1001 1493 1068 Ecclesiae,
1512 1004 1600 1056 vel
1617 1003 1808 1056 eidem
1826 1018 1953 1057 mo-

319 1090 592 1155 nasterio,
627 1089 1002 1157 infractione,
1032 1093 1133 1143 aut
1173 1090 1433 1160 praesulis
1468 1090 1759 1159 praedicta
1805 1090 1956 1144 sedis

321 1178 668 1250 proditione,
702 1178 819 1232 sive
851 1178 1124 1248 captione
1170 1179 1364 1249 aliquo
1410 1179 1588 1233 modo
1630 1178 1954 1245 accidente,

318 1283 424 1338 pro
437 1267 644 1338 quibus
661 1270 868 1336 sponte
889 1266 1108 1320 debent
1133 1266 1205 1320 ab
1231 1266 1423 1320 ofﬁcio
1461 1282 1709 1331 cessare,
1737 1267 1953 1325 Valete.

392 1357 534 1410 Data
590 1355 779 1427 pridie
824 1354 1115 1408 Kalendas
1177 1353 1530 1415 Decembris,
1586 1369 1694 1424 per
1749 1371 1960 1408 manus

317 1445 470 1499 Petri
501 1449 715 1500 sancta
759 1443 1093 1514 apostolica
1122 1443 1270 1497 sedis
1322 1440 1783 1510 bibliothecarii,
1817 1441 1960 1497 indi-

317 1534 506 1588 ctione
537 1551 591 1588 x.

1099 1622 1169 1675 ΙΙ.

324 1713 595 1770 Benedicti
658 1711 1044 1793 VIIIhpq‘pa.
1070 1711 1411 1793 ρηὶρέζθρίιιπι
1457 1726 1568 1792 pro
1622 1710 1948 1764 monasterio

803 1781 870 1837 S.
895 1781 1137 1851 Benz'gm'
1161 1782 1518 1835 Divionensis.

919 1870 1116 1941 (Anno
1157 1870 1335 1940 1012.)

639 1964 902 2028 [Primam
932 1958 1180 2024 Recuez'l,
1213 1962 1346 2025 etc.,
1368 1974 1425 2028 p.
1459 1958 1614 2017 273.]

389 2053 746 2115 Bexamcrus,
784 2051 998 2102 sancta
1050 2046 1381 2101 universalis
1411 2045 1674 2100 Ecclesia
1704 2048 1936 2116 prasul,

318 2139 524 2194 dilecto
551 2139 611 2192 in
645 2137 869 2192 Christo
889 2137 1023 2190 Jesu
1045 2134 1164 2188 ﬁlio
1181 2135 1476 2188 WiLLELuo
1509 2133 1704 2188 abbati
1732 2150 1936 2188 mona-

317 2227 474 2281 sterii
495 2224 876 2290 Divionensis,
896 2225 1136 2295 ejusque
1156 2221 1576 2277 successoribus
1596 2223 1938 2293 regulariter

316 2313 991 2378 substituendis,salutem
1005 2315 1061 2364 et
1075 2312 1438 2381 apostolicam
1454 2310 1934 2365 benedictionem.

391 2403 467 2456 Ex
514 2402 774 2472 injuncto
829 2400 999 2454 nobis
1046 2399 1238 2453 ofﬁcio
1296 2402 1630 2453 sanctorum
1674 2399 1936 2453 locorum

319 2489 495 2562 quieti
526 2490 806 2543 debemus
832 2487 1150 2557 invigilare,
1184 2491 1246 2540 ut
1277 2489 1496 2558 quanto
1524 2486 1792 2557 quietius,
1818 2491 1940 2540 tan-

317 2584 378 2632 to
409 2578 668 2633 devotius
698 2577 756 2630 in
791 2577 872 2630 eis
895 2576 1142 2630 Domino
1171 2577 1464 2630 serviatur.

387 2667 718 2736 Propterea,
753 2664 1087 2718 charissime
1120 2663 1196 2717 ﬁli
1230 2665 1534 2730 Willelme,
1559 2665 1939 2736 petitionibus

315 2755 426 2809 tuis
441 2758 784 2819 annuentes,
807 2769 902 2806 mo
914 2752 1229 2807 nasterium
1247 2756 1494 2806 vestrum
1509 2753 1613 2806 sub
1627 2754 1942 2824 protectio-

315 2861 388 2896 ne
407 2843 716 2913 apostolica
735 2841 1196 2896 conservandum
1217 2842 1539 2906 statuimus,
1564 2845 1622 2894 et
1643 2858 1720 2896 ne
1740 2844 1812 2897 ab
1826 2844 1942 2915 epi-

316 2947 485 3002 scopo
517 2931 890 3001 Lingonensi,
923 2934 1022 2984 aut
1043 2931 1166 3000 ejus
1196 2929 1634 2996 successoribus,
1670 2931 1936 2986 divinum

315 3020 372 3073 in
401 3020 518 3091 ipso
551 3019 902 3074 monasterio
935 3019 1312 3074 interdicatur
1342 3017 1619 3085 ofﬁcium,
1655 3022 1937 3090 prohibe—

315 3125 462 3162 mus.
495 3107 658 3171 Quod
689 3109 864 3161 etiam
895 3107 1046 3160 beati
1065 3107 1324 3176 Gregorii
1350 3106 1693 3161 auctoritate
1718 3111 1936 3164 conﬁr-

2056 651 2223 705 nobis
2248 653 2563 706 multatum
2593 669 2699 724 pro
2725 659 2882 710 certo
2911 659 3158 714 noverit.

2124 740 2273 792 Data
2326 740 2449 792 Kal.
2483 741 2840 809 Decembris,
2877 761 2979 816 per
3020 763 3228 803 manus
3268 751 3428 808 Petri
3471 760 3686 813 sancta

2054 827 2386 896 apostolica
2420 828 2572 882 sedis
2598 830 3044 900 bibliothecarii,
3067 836 3382 895 indictione
3418 859 3472 901 x.

2828 921 2918 975 lll.

2056 1001 2380 1058 Benedictus
2426 1003 2741 1091 V1,I[pap_a
2757 1011 2897 1091 jura
2922 1014 3106 1091 omnia
3132 1030 3196 1070 ac
3228 1015 3365 1074 bona
3393 1019 3459 1076 S.
3497 1019 3686 1091 Urget-

2492 1075 2645 1132 lensi's
2665 1075 2924 1135 Ecclesia
2947 1085 3252 1153 conﬁrmat.

2668 1170 2860 1234 (Anno
2896 1171 3080 1246 lOl2.)

2205 1249 2624 1322 [COCQUELINES,
2668 1255 2886 1313 Bullar.
2929 1263 3076 1320 tom.
3125 1266 3166 1332 Ι,
3215 1283 3367 1338 page
3396 1271 3547 1340 319.]

2131 1338 2471 1394 BENEDIC’I‘US
2511 1343 2831 1417 episcopus,
2864 1365 3059 1406 servus
3106 1370 3413 1414 servorum
3451 1338 3574 1428 Dei,
3604 1379 3693 1418 re-

2063 1425 2462 1483 verentissimo
2496 1446 2563 1485 ac
2603 1433 2885 1503 spirituali
2916 1437 3035 1494 ﬁlio
3067 1441 3446 1501 Enusacauoo
3476 1425 3691 1522 sancta;

2061 1514 2410 1605 Urgellensis
2439 1518 2703 1578 Ecclesia
2735 1525 3026 1599 episcopo,
3067 1531 3295 1605 tuisque
3343 1514 3693 1598 successori;

2055 1602 2162 1658 bus
2186 1602 2246 1656 in
2269 1610 2636 1676 perpetuum.

2098 1692 2470 1762 Apostolatus
2486 1699 2666 1754 nostri
2679 1701 3002 1760 sollicitudo
3020 1708 3288 1764 omnium
3303 1713 3685 1775 ecclesiarum

2050 1780 2395 1837 utilitatibus
2409 1800 2512 1839 nos
2527 1794 2731 1845 monet
2742 1794 3096 1864 prospicere,
3116 1801 3175 1852 et
3188 1815 3267 1854 ne
3279 1799 3685 1864 fundituscor-

1971 1873 2244 1965 Bruant,
2277 1886 2452 1965 opem
2505 1882 2804 1949 perpetua
2858 1885 3304 1943 sustentationis
3356 1888 3680 1965 impertire.

2045 1956 2646 2050 Quaproptercunctis
2657 1956 3689 2050 archiepiscOpis,ducibus,niarchio-

2043 2046 2235 2146 nibus,
2262 2050 2599 2146 comitibus,
2619 2056 3070 2129 vicecomitibus,
3103 2046 3462 2146 cunctisque
3480 2046 3688 2141 sancta;

2042 2135 2410 2193 DeiEcclesia
2423 2139 2553 2196 ﬁliis
2564 2145 2945 2202 manifestum
2957 2147 3083 2204 ﬁeri
3095 2135 3686 2237 volumus,quoniaiﬁ

2042 2241 2157 2324 una
2182 2241 2314 2280 cum
2337 2233 2543 2324 cuncto
2565 2236 2766 2288 nostro
2788 2237 2943 2291 clero
2962 2233 3689 2321 episcoporum,cardina-

2040 2314 2204 2381 lium,
2225 2316 2721 2408 presbyterorum,
2745 2323 3128 2382 diaconorum
3146 2314 3684 2408 subdiac'onorumﬁ-

2041 2403 2523 2503 que,conﬁrmam
2534 2424 2597 2461 us
2609 2412 2784 2481 atque
2798 2414 3176 2471 concedimus
3187 2418 3330 2478 huic
3347 2445 3414 2484 su
3416 2403 3680 2503 pradietb

2039 2487 2444 2587 Ermengaudo
2463 2494 2737 2587 episcopo
2748 2514 2921 2553 suum
2938 2501 3352 2576 videlicetjam
3364 2487 3677 2587 ριῖωἶαῖιξίιῖ

2039 2584 2435 2681 episcopatum
2457 2586 2671 2680 sancta
2695 2584 3049 2681 [lrgellensis
3067 2591 3336 2681 Ecclesia
3353 2584 3423 2658 ex
3436 2606 3673 2681 integro

2040 2679 2171 2757 cum
2205 2667 2473 2757 omnibus
2501 2670 2615 2723 suis
2644 2672 2925 2742 aediﬁciis,
2958 2680 3225 2748 castellis,
3267 2686 3437 2757 villis,
3469 2667 3674 2750 funvdis

2043 2755 2100 2806 et
2129 2753 2350 2809 casibus
2379 2756 2436 2810 in
2479 2773 2592 2828 quo
2623 2763 2776 2826 sunt,
2811 2765 3088 2835 ecclesiis,
3120 2768 3302 2826 vineis
3331 2753 3570 2850 quoque
3611 2784 3672 2832 et

2039 2841 2282 2932 terriset
2310 2844 2510 2932 pratis,
2529 2846 2753 2914 pascuis
2782 2853 2844 2903 et
2863 2850 3035 2918 silvis,
3069 2841 3374 2914 arboribus
3406 2841 3675 2932 pomife-

2039 2927 2117 2981 ris
2143 2932 2200 2983 et
2233 2929 2612 3001 inpomiferis,
2646 2934 2964 2992 fructiferis
3010 2942 3092 2994 vel
3141 2927 3553 3013 infructiferis,
3583 2947 3674 3000 di-

2040 3018 2182 3071 versi
2201 3019 2451 3089 generis,
2468 3021 2771 3091 paludibus
2784 3027 2843 3079 et
2853 3029 3146 3096 pantanis,
3159 3033 3442 3106 salicetis,
3457 3033 3673 3107 puteis,

2036 3107 2310 3173 fontibus,
2329 3106 2464 3161 rivis
2486 3109 2854 3178 molendinis,
2883 3114 3316 3192 piscationibus,
3349 3106 3478 3179 seti
3501 3125 3680 3184 etiam

317 3196 673 3267 mamus,qui
696 3197 982 3250 Joannem
1005 3195 1337 3267 episcOpum
1359 3195 1429 3248 de
1454 3195 1594 3248 urbe
1624 3199 1809 3252 veteri
1830 3216 1934 3269 pro
1962 3207 2009 3266 α
2037 3197 2094 3250 et
2137 3195 2559 3262 venationibus,
2619 3199 2783 3269 aquis
2837 3217 3236 3278 aquarumque
3294 3212 3676 3290 decursibus,

316 3284 426 3339 hoc
458 3284 714 3356 increpat
731 3288 789 3338 et
805 3283 1114 3350 interdicit,
1137 3300 1207 3336 ne
1236 3283 1491 3337 divinum
1515 3282 1775 3340 ofﬁcium
1798 3302 1932 3357 pro-

316 3373 513 3427 hibeat
541 3373 598 3428 in
630 3372 907 3429 canobiis
936 3372 1234 3438 celebrari,
1263 3371 1399 3443 quia
1443 3370 1666 3442 quoties
1695 3373 1804 3428 hoc
1847 3377 1932 3430 vel

316 3462 533 3533 aliquid
547 3463 880 3516 inusitatum
904 3461 961 3515 in
976 3460 1338 3515 monasteriis
1359 3459 1598 3531 geritur,
1613 3464 1783 3518 tenor
1796 3465 1932 3519 inde

315 3550 595 3621 regularis
608 3550 1066 3622 impeditus,non
1086 3565 1292 3620 parum
1317 3565 1351 3603 a
1363 3548 1619 3603 custodia
1631 3550 1929 3622 religionis

312 3638 621 3692 relaxatur.
650 3638 772 3702 Quo
805 3637 1060 3706 exemplo
1104 3635 1469 3690 decernimus
1495 3635 1555 3689 in
1597 3636 1926 3694 Divionensi

312 3726 664 3780 monasterio
682 3726 794 3780 divi
806 3742 946 3779 num
961 3724 1214 3779 ofﬁcium
1228 3740 1332 3794 pro
1346 3726 1492 3778 statu
1508 3727 1719 3780 sancta
1733 3727 1923 3782 Eccle-

312 3814 408 3869 sia
438 3815 708 3869 continue
739 3813 1040 3880 celebrari,
1073 3816 1354 3884 quatenus
1374 3813 1741 3884 frequentata
1778 3817 1922 3872 cele-

308 3903 495 3957 bratio
518 3904 823 3958 missarum
854 3906 910 3957 et
931 3898 1258 3956 Orationum
1283 3902 1539 3955 turbines
1556 3918 1620 3956 ac
1640 3905 1918 3972 procellas

310 3991 708 4046 infestantium
729 3992 918 4046 valeat
945 3990 1168 4056 sedare,
1193 3989 1322 4052 nisi,
1345 3989 1498 4060 quod
1518 3991 1686 4057 absit,
1711 3991 1917 4064 Lingo-

305 4079 470 4134 nensi
499 4079 786 4146 Ecclesia,
818 4079 905 4133 vel
936 4078 1124 4133 eidem
1160 4081 1512 4140 monastero,
1547 4077 1912 4150 infractione,

304 4171 404 4223 aut
417 4169 705 4240 pradicta
719 4167 868 4222 sedis
885 4168 1142 4239 prasulis
1153 4167 1418 4238 captione
1433 4166 1623 4237 aliquo
1638 4169 1812 4224 modo
1827 4188 1915 4226 ac-

303 4255 553 4323 cidente,
568 4274 670 4328 pro
695 4256 903 4327 quibus
923 4258 1127 4326 sponte
1147 4255 1360 4309 debent
1376 4255 1446 4309 ab
1466 4255 1653 4310 ofﬁcio
1667 4273 1910 4323 cessare,

303 4345 569 4400 omnium
585 4345 759 4398 etiam
793 4344 1209 4399 monachorum
1245 4347 1475 4397 tuorum
1501 4344 1785 4414 quoslibet
1815 4363 1909 4401 ex-

300 4449 488 4488 cessus
512 4432 828 4488 secundum
845 4433 945 4487 Dei
962 4433 1230 4486 timorem
1256 4435 1313 4484 et
1336 4431 1489 4485 beati
1507 4432 1796 4488 Benedicti
1819 4453 1908 4491 re-

298 4523 518 4593 gulam,
552 4525 795 4594 paterna
824 4519 1334 4576 animadversione
1361 4519 1573 4575 habeas
1602 4522 1906 4594 castigare,

296 4627 405 4665 nec
434 4610 530 4665 ulli
556 4611 956 4681 episcoporum
977 4609 1147 4663 liceat
1179 4607 1467 4662 interdicti
1495 4608 1755 4680 proferre
1785 4631 1910 4669 sen-

2033 3283 2406 3384 m‘ontibuset
2435 3285 2694 3352 collibus,
2728 3289 2915 3384 plagis
2944 3295 3002 3345 et
3022 3295 3298 3384 p‘lanitiis,
3323 3283 3673 3384 cavertinis,

2034 3371 2483 3462 adjacegtiisque
2501 3388 2726 3444 eorum,
2743 3378 2964 3434 cultum
2985 3382 3070 3435 vel
3084 3381 3396 3455 incultum,
3413 3406 3531 3454 nec
3551 3371 3669 3462 non

2033 3461 2091 3550 et
2120 3459 2532 3550 pertinentiam
2564 3462 2822 3533 ejusdem
2851 3467 3146 3541 episcopii,
3189 3474 3408 3532 scilicet
3447 3459 3662 3550 Cerd;

2033 3546 2243 3640 niensis
2259 3565 2462 3621 pagus,
2493 3551 2866 3623 Libienensis,
2889 3557 3335 3634 Bergitauensis,
3360 3546 3659 3640 Paliaren-

2028 3635 2366 3740 iisqquue',
2395 3641 3046 3740 atque‘ltibacurcensis,
3075 3649 3450 3714 Jestabiensis
3475 3635 3655 3740 atque

2028 3724 2414 3786 Cardosensis,
2441 3726 2787 3785 Anabiensis
2811 3747 2875 3785 ac
2904 3732 3214 3800 Tirbensis,
3243 3744 3300 3794 et
3329 3743 3491 3804 locus
3519 3724 3650 3813 san;

2021 3816 2126 3909 eta
2147 3814 2417 3869 Deodata
2439 3831 2570 3869 cum
2589 3815 2799 3873 ﬁnibus
2820 3819 2954 3886 suis,
2981 3827 3233 3880 castrum
3249 3829 3449 3896 etiam,
3465 3853 3644 3909 quem

2020 3901 2219 3958 dicunt
2235 3905 2459 3973 Turres,
2480 3921 2611 3960 cum
2637 3907 2847 3963 ﬁnibus
2867 3909 3001 3976 suis,
3017 3915 3076 3966 et
3096 3913 3399 3973 Bescaram
3421 3901 3555 3981 cu-m
3578 3931 3639 3986 fi.

2018 3994 2341 4088 nibussuis,
2375 4012 2506 4049 cum
2539 3996 2661 4088 ipso
2691 3999 2877 4088 alode,
2908 4016 3084 4072 quem
3106 4003 3307 4060 dicunt
3328 4006 3457 4079 Sor,
3473 4019 3532 4070 et
3550 4017 3635 4088 ip-

2016 4097 2108 4136 sos
2137 4081 2380 4151 villares,
2433 4100 2559 4155 qua
2591 4084 2790 4140 dicunt
2817 4087 3052 4157 Letone,
3085 4094 3145 4145 et
3180 4092 3467 4165 Colpedra
3495 4081 3629 4160 cum

2014 4169 2230 4225 ﬁnibus
2255 4173 2388 4239 suis,
2416 4172 2663 4228 Haclone
2689 4177 2747 4228 et
2771 4174 3017 4231 Sardina
3057 4194 3191 4235 cum
3231 4182 3442 4241 ﬁnibus
3489 4191 3624 4263 suis,

2014 4259 2072 4311 et
2097 4258 2218 4328 ipso
2246 4259 2461 4328 villare,
2487 4277 2663 4333 quem
2693 4262 2890 4316 dicunt
2926 4265 3264 4338 Boscedera,
3298 4258 3618 4336 Calbitiano

2011 4365 2143 4404 cum
2179 4349 2385 4404 finibus
2413 4350 2548 4416 suis,
2574 4354 2632 4404 et
2656 4351 2956 4408 Lenztirdo
2977 4371 3110 4410 cum
3150 4358 3362 4416 ﬁnibus
3391 4365 3524 4435 suis,
3561 4372 3621 4424 et

2012 4438 2334 4494 Submonte
2363 4457 2496 4495 cum
2526 4439 2736 4496 ﬁnibus
2756 4439 2962 4505 suis,et
2981 4443 3135 4515 ipsos
3152 4447 3348 4504 alodes
3369 4451 3439 4508 de
3471 4455 3616 4512 valle

2009 4527 2292 4593 Andozza,
2325 4529 2423 4600 qui
2450 4527 2685 4583 fuerunt
2715 4528 2784 4584 de
2823 4528 3113 4588 Sinifredo
3137 4536 3372 4607 comite,
3405 4546 3463 4598 et
3489 4543 3616 4616 ipso

2009 4621 2136 4674 fevo
2178 4617 2248 4671 de
2278 4617 2634 4683 Archavello,
2675 4619 2733 4672 et
2761 4616 2882 4689 ipso
2915 4619 3082 4676 alode
3112 4623 3184 4678 de
3215 4625 3452 4685 Salellas
3480 4648 3614 4692 cum

289 4701 681 4794 tentiamaseu
709 4697 1055 4794 quibuslibet
1079 4697 1353 4794 angariis,
1386 4698 1471 4794 vel
1500 4696 1908 4794 indictionibus
2006 4708 2129 4780 ipso
2169 4706 2294 4760 fevo
2325 4705 2397 4759 de
2429 4704 2638 4760 Sancto
2671 4705 2984 4776 Stephano,
3017 4713 3077 4764 et
3100 4711 3251 4782 ipsas
3274 4716 3454 4788 villas,
3482 4738 3613 4794 qua

286 4790 559 4862 fatigare,
592 4788 846 4859 quandiu
877 4786 981 4857 ipsi
1018 4785 1287 4842 monachi
1336 4789 1538 4841 vestrae
1587 4789 1902 4863 disciplina
2005 4799 2204 4854 dicunt
2243 4796 2570 4863 Montaneo,
2609 4795 2762 4850 Lello
2793 4799 2850 4850 et
2890 4797 3176 4869 Cubilare,
3212 4820 3348 4862 cum
3377 4785 3612 4873 illorum

286 4877 460 4936 subdi
492 4877 798 4943 voluerint,
820 4879 876 4929 et
903 4876 1266 4946 regularibus
1295 4875 1747 4933 institutionibus
1768 4898 1898 4954 sup-
1998 4885 2301 4951 terminos,
2319 4884 2406 4939 vel
2427 4884 2590 4951 ﬁnes,
2613 4886 2674 4938 et
2692 4885 2813 4956 ipsa
2835 4885 2987 4954 villa,
3007 4904 3136 4960 qua
3155 4890 3358 4950 dicunt
3371 4896 3605 4956 Salento

285 4966 451 5041 poni.
485 4965 852 5036 Quaecunque
905 4980 1039 5019 vero
1086 4963 1384 5035 privilegia
1411 4966 1898 5036 praedecessorum
1998 4991 2131 5030 cum
2152 4973 3603 5052 ﬁnibussuis,castrumetiamSanguiacumﬁnibus

283 5071 577 5122 meorum,
611 5068 967 5125 quaecunque
991 5054 1277 5122 pracepta
1306 5069 1509 5124 regum
1532 5055 1617 5109 vel
1648 5055 1896 5127 impera-
1998 5064 2133 5130 suis,
2159 5067 2216 5117 et
2245 5063 2367 5134 ipsa
2408 5063 2543 5117 villa
2567 5079 2693 5134 qua
2725 5063 2922 5120 dicunt
2965 5067 3177 5125 Tossen
3214 5088 3348 5129 cum
3389 5075 3601 5133 ﬁnibus

278 5148 504 5207 torum,
538 5158 899 5215 quacunque
931 5140 1142 5210 scripta
1180 5141 1634 5212 Lingonensium
1674 5147 1897 5204 antisti-
2001 5152 2134 5219 suis,
2153 5167 2327 5222 quam
2346 5152 2602 5206 Burellus
2624 5153 2887 5208 comesin
2905 5155 3059 5213 hunc
3080 5161 3475 5235 episcopatum
3492 5179 3599 5234 pro

279 5249 412 5301 tum
428 5233 790 5303 aliarumque
805 5245 1183 5300 personarum
1198 5229 1353 5283 idem
1375 5233 1702 5288 coenobium
1723 5238 1903 5293 nosci-
2002 5257 2104 5295 sua
2123 5239 2262 5294 olim
2288 5240 2522 5294 donavit
2549 5240 2763 5310 anima,
2786 5247 2845 5298 et
2864 5259 2898 5298 a
2928 5262 3028 5302 suo
3054 5229 3172 5302 ﬁlio
3196 5229 3601 5324 Ermengaudo

279 5325 384 5377 tur
404 5321 720 5393 possidere,
745 5336 849 5373 nos
879 5318 1148 5390 praesenti
1177 5317 1407 5374 decreto
1438 5322 1902 5398 corroboramus,
2003 5329 2269 5400 episcopo
2293 5331 2489 5398 postea
2502 5317 3601 5405 huicepiscopatuiconﬁrmata.Conﬁr-

2003 5433 2231 5472 mamus
2245 5415 2419 5470 etiam
2436 5415 2628 5488 idipsa
2649 5419 2779 5473 villa
2797 5436 2927 5475 cum
2952 5421 3158 5476 ﬁnibus
3173 5425 3292 5481 suis
3314 5428 3386 5482 ad
3411 5428 3602 5488 locum

2002 5505 2312 5560 vocitatum
2345 5509 2554 5560 sancta
2586 5507 2930 5578 Urgellensis
2954 5510 3215 5568 Ecclesia
3243 5514 3316 5569 de
3345 5515 3442 5572 illa
3460 5509 3604 5578 hora

2004 5594 2064 5649 in
2097 5596 2286 5661 antea,
2309 5611 2484 5666 quam
2504 5595 2859 5650 Raimundus
2874 5612 3065 5653 comes
3083 5600 3339 5661 reddidit
3358 5605 3419 5662 in
3439 5612 3607 5681 pote-

2003 5685 2151 5742 state
2170 5683 2416 5742 Domino
2437 5685 2556 5743 Deo
2585 5683 2822 5759 ejusque
2838 5685 3125 5759 praecelsa
3137 5692 3430 5766 genitrici,
3452 5699 3514 5756 et
3538 5696 3611 5760 in.

285 5426 398 5465 nec
433 5425 550 5463 non
582 5408 989 5480 possessiones,
1025 5407 1334 5478 dignitates
1380 5412 1551 5480 atque
1583 5411 1901 5485 libertates,

283 5515 420 5572 quae
449 5498 506 5552 in
537 5498 670 5571 ipsis
695 5497 921 5569 paginis
940 5495 1313 5551 continentur
1340 5503 1630 5555 annotata
1653 5505 1901 5561 auctori-

283 5590 414 5665 tate
434 5586 583 5641 beati
603 5585 754 5641 Petri
771 5589 827 5639 et
842 5589 1038 5640 nostra
1059 5585 1311 5656 integras
1332 5589 1389 5640 et
1416 5587 1663 5645 illibatas
1685 5606 1758 5663 pe
1771 5609 1903 5665 rpe-

277 5663 384 5733 tuo
436 5691 674 5736 manere
701 5674 1014 5734 sanximus.
1048 5674 1268 5730 norum
1311 5675 1358 5732 si
1405 5675 1535 5751 quis
1571 5663 1910 5744 contrarius
