4094 6178
461 385 616 478 ’1583

1741 411 2105 468 BENEDICTI
2145 411 2265 468 VIII
2306 412 2515 468 PAPJE

3681 417 3808 471 l58-l

477 559 657 598 manu
677 539 1001 594 memorato
1017 537 1430 609 Ermengaudo
1456 537 1726 607 episcopo
1750 539 1992 608 propter
2007 553 2094 590 re-
2118 540 2173 597 Α
2197 541 2399 591 contra
2427 538 2539 591 hoc
2564 540 2821 591 nostrum
2843 538 3213 608 apostolicum
3246 538 3618 610 privilegium
3641 541 3701 594 in
3721 542 3812 595 ali-

477 630 734 686 medium
768 627 980 682 anima
1010 643 1146 692 sua,
1196 629 1255 679 et
1296 625 1487 680 uxoris
1521 625 1606 678 sui
1645 625 2002 690 Ermesinde,
2038 629 2096 678 et

476 735 581 790 pro
621 716 944 773 remedium
977 716 1190 770 anima
1234 716 1511 787 genitoris
1563 714 1669 779 sui,
1702 718 1760 768 et
1787 714 1980 767 fratris
2011 725 2098 778 sui

478 807 890 878 Ermengaudi,
912 809 968 859 et
997 805 1119 875 ipso
1140 805 1306 858 alode
1333 821 1501 874 quem
1535 804 1732 857 dicunt
1755 802 2097 856 Castellione

479 916 610 954 cum
625 895 930 952 Guardiola
947 898 1004 948 et
1024 910 1154 947 cum
1171 893 1291 963 ipso
1315 893 1547 956 Solane,
1566 908 1696 945 cum
1725 891 1953 944 illorum
1980 895 2093 944 ter-

479 988 706 1043 minum
737 986 829 1041 vel
858 983 1021 1037 ﬁnes.
1054 986 1112 1036 et
1141 982 1264 1052 ipso
1298 982 1462 1034 alode
1491 997 1664 1051 quem
1686 979 2094 1033 dicuntTurri-

482 1077 643 1142 zella,
665 1090 796 1128 cum
819 1071 1029 1126 finibus
1052 1071 1182 1136 suis,
1198 1074 1255 1123 et
1274 1071 1452 1140 ipsam
1480 1068 1899 1131 hareditatem,
1917 1084 2092 1137 quam

483 1181 634 1234 sape
655 1163 805 1217 dicto
828 1158 1234 1229 Ermengaudo
1249 1158 1517 1227 episcopo
1542 1156 1698 1209 dedit
1718 1155 1922 1223 adjam
1950 1172 2093 1224 pra-

484 1254 618 1307 fata
639 1253 850 1305 sancta
878 1248 1026 1302 sedis
1048 1245 1412 1316 Urgellensis,
1435 1245 1531 1315 qui
1558 1244 1714 1297 illum
1739 1244 1970 1296 advenit
1993 1260 2094 1313 per

487 1338 855 1395 successionis
866 1337 950 1390 sui
964 1334 1234 1405 genitori,
1250 1334 1308 1386 in
1321 1334 1419 1386 tali
1438 1333 1698 1386 videlicet
1716 1333 1938 1385 ratione
1955 1332 2094 1385 dum

487 1429 687 1484 vixerit
714 1426 997 1480 Arnaldus
1017 1424 1195 1477 frater
1225 1422 1348 1492 ejus
1377 1426 1592 1487 teneat,
1618 1424 1674 1474 et
1703 1420 2015 1490 possideat,
2039 1425 2096 1474 et

491 1521 621 1589 post
647 1515 870 1570 obitum
899 1530 1032 1567 vero
1064 1528 1230 1565 suum
1258 1514 1560 1564 remaneat
1592 1511 1665 1563 ad
1698 1513 1910 1563 sancta
1947 1525 2094 1580 pra-

490 1605 656 1659 dicta
679 1602 864 1666 sedis;
898 1600 1124 1654 alodem
1159 1599 1255 1670 qui
1274 1603 1356 1652 est
1385 1598 1456 1651 ad
1481 1599 1602 1668 ipsa
1632 1597 1877 1668 spungia
1899 1596 2099 1650 simili-

489 1695 596 1746 ter.
631 1691 1054 1745 Conﬁrmamus
1083 1689 1261 1740 etiam
1284 1687 1336 1740 ei
1358 1686 1589 1739 tertiam
1616 1689 1842 1756 partem
1863 1684 2100 1739 Telonei

2199 625 2404 696 quibus
2435 642 2606 696 agere
2639 626 2872 695 injuste.
2903 643 3087 697 neque
3119 628 3393 698 frangere
3426 631 3632 682 tentet.
3671 630 3809 699 Ergo

2199 714 2296 784 qui
2325 715 2397 767 ad
2427 720 2638 768 sancta
2671 715 2838 784 hujus
2870 716 3127 770 Ecclesia
3155 717 3374 787 aliquid
3403 719 3580 786 rapit,
3629 718 3813 771 aufert

2199 803 2284 854 vel
2315 803 2566 867 fraudat,
2599 802 2835 868 invadit,
2868 805 3436 869 retectat,devastat,
3467 812 3570 858 aut
3598 806 3812 859 nefaria

2198 889 2506 942 calliditate
2560 891 2958 960 suppresserit,
3015 907 3114 961 pro
3175 892 3476 946 homicida
3523 897 3811 962 teneatur,

2195 983 2370 1048 atque
2404 995 2534 1030 reus
2557 978 2613 1031 in
2632 984 2942 1049 conspectu
2962 980 3098 1048 justi
3119 979 3452 1049 judiciiDei
3484 981 3811 1051 deputetur,

2195 1068 2254 1119 et
2281 1070 2342 1118 ut
2370 1066 2677 1136 sacrilegus
2699 1067 3008 1137 judicetur,
3054 1073 3109 1120 et
3155 1069 3264 1121 nisi
3305 1085 3410 1139 per
3441 1085 3653 1139 puram
3685 1086 3813 1140 pro-

2196 1153 2508 1224 batamque
2537 1158 2710 1224 atque
2743 1155 3031 1224 publicam
3060 1156 3468 1225 paenitentiam
3496 1162 3556 1210 et
3584 1173 3691 1226 per
3719 1157 3814 1210 Ec-

2194 1241 2378 1294 clesia
2407 1243 2860 1296 satisfactionem
2891 1245 3294 1314 episcoporum
3329 1260 3543 1298 manus
3577 1245 3815 1314 imposi-

2196 1330 2418 1383 tionem
2466 1332 2628 1400 juxta
2672 1332 2978 1385 canonicas
3027 1333 3352 1386 sanctiones
3410 1334 3814 1387 reconciliatus

2199 1434 2316 1472 non
2347 1419 2540 1478 fuerit.
2569 1436 2813 1489 regnum
2856 1421 2955 1473 Dei
2991 1436 3104 1473 non
3137 1421 3450 1490 possideat,
3486 1427 3545 1474 et
3578 1438 3698 1476 non
3730 1438 3814 1477 so-

2199 1507 2320 1559 lum
2353 1523 2386 1559 a
2416 1523 2592 1577 regno
2625 1508 2724 1560 Dei
2759 1507 2820 1560 ﬁt
2848 1509 3087 1572 alienus,
3111 1508 3212 1562 sed
3242 1509 3422 1562 etiam
3454 1527 3489 1562 a
3521 1509 3818 1564 liminibus

2201 1599 2410 1649 sancta
2443 1595 2544 1648 Dei
2592 1596 2853 1649 Ecclesia
2898 1596 2968 1648 sit
3015 1597 3248 1664 ejectus.
3278 1597 3504 1651 Talium
3538 1599 3816 1651 scelerum

2203 1687 2545 1754 patratores,
2580 1683 2689 1736 nisi
2717 1699 2820 1752 per
2851 1683 3320 1750 satisfactionem,
3350 1701 3461 1738 nec
3509 1686 3672 1739 vivus
3717 1703 3818 1739 nec

489 1780 748 1852 ejusdem
765 1776 1294 1847 episcopiimercati
1326 1791 1457 1828 cum
1475 1775 1841 1845 pertinentiis
1859 1777 1942 1828 vel
1968 1792 2098 1828 cum
2128 1851 2139 1852 ﬁ
2203 1776 2466 1824 mortuus
2497 1771 2929 1824 communicare
2963 1788 3076 1824 non
3111 1773 3461 1837 audeantur,
3507 1773 3820 1844 etinsuper

491 1851 760 1923 omnibus
778 1866 850 1920 ad
869 1866 1055 1936 ipsum
1077 1863 1529 1934 episcopium,et
1549 1863 1661 1915 suis
1679 1862 1946 1917 omnibus
1966 1851 2174 1917 locisB
2202 1862 2592 1914 anathematis
2641 1859 2866 1913 vinculo
2921 1861 3294 1930 damnentur,
3346 1862 3466 1915 Deo
3514 1865 3574 1914 et
3615 1863 3821 1916 sanctis

489 1956 814 2027 ubicunque
845 1952 1194 2024 generaliter
1218 1956 1275 2005 et
1300 1969 1367 2005 ex
1397 1952 1623 2021 integro
1655 1952 2098 2021 pertinentibus,

487 2045 662 2100 situm
689 2042 1081 2115 supradictum
1114 2040 1506 2110 episcopatum
1530 2057 1562 2093 a
1592 2039 1883 2093 territorio
1903 2040 2104 2109 Urgel-
2127 2103 2144 2122 κ

489 2134 680 2194 lensis,
705 2129 1124 2194 Cerdaniensis,
1156 2127 1601 2199 Bergitanensis,
1630 2128 1989 2190 Paliarensis,
2023 2132 2103 2182 at-

489 2239 599 2294 que
613 2218 1062 2275 Ribacurcensis.
1077 2219 1221 2270 Item
1244 2220 1301 2270 et
1323 2216 1732 2269 conﬁrmamus
1754 2216 1853 2268 tibi
1875 2217 2102 2287 tuisque

487 2307 902 2364 successoribus
919 2306 988 2360 de
1021 2303 1194 2375 ipsius
1223 2303 1530 2373 supradicti
1564 2304 1834 2374 episcopii
1869 2304 2103 2370 locis,et

485 2396 870 2470 pertinentiis,
898 2392 1188 2465 primitiis,
1221 2396 1277 2445 et
1309 2391 1564 2456 decimis,
1591 2407 1694 2444 nec
1713 2408 1829 2445 non
1864 2396 1920 2445 et
1953 2393 2098 2448 inte-

487 2501 653 2556 gram
680 2481 1000 2535 stabilimus
1021 2483 1084 2532 ut
1117 2480 1271 2531 nulla
1301 2478 1572 2548 quaelibet
1600 2493 1848 2547 persona
1879 2481 2100 2535 clericis

483 2569 659 2625 vestri
685 2567 956 2640 episcopii
975 2565 1417 2621 consistentibus
1444 2564 1653 2634 injuste
1686 2566 1759 2619 ad
1790 2566 2097 2624 districtio-

485 2675 646 2725 nem,
668 2659 766 2712 aut
780 2655 853 2710 ad
859 2656 1014 2726 justa
1033 2656 1122 2708 lex
1141 2653 1446 2722 deportare
1465 2652 1648 2706 laicali
1667 2671 1916 2724 persona
1946 2672 2092 2725 pra-

482 2747 761 2799 sumetur.
790 2743 934 2796 Nam
975 2740 1109 2812 quia
1137 2739 1530 2809 supradictum
1573 2741 1927 2811 episeopium
1959 2759 2091 2799 cum

482 2833 598 2888 suis
614 2832 786 2887 rebus
809 2830 1135 2899 ubicunque
1157 2827 1263 2881 sibi
1284 2828 1707 2898 pertinentibus
1738 2831 2089 2887 Francorum

480 2921 711 2992 regibus
732 2935 835 2991 per
856 2919 1210 2989 praceptum
1233 2915 1434 2969 domni
1460 2920 1517 2969 et
1539 2918 2091 2987 prastantissimire-

480 3010 568 3081 gis
597 3008 782 3063 Caroli
813 3005 1064 3061 Francia
1088 3003 1363 3074 regionis,
1386 3007 1443 3056 et
1463 3021 1568 3074 per
1598 3007 1968 3076 scriptionem
1988 3024 2088 3061 no-

481 3097 659 3152 minis
687 3097 808 3166 ejus
837 3093 1117 3149 concessit
1141 3110 1156 3160 ;
1192 3097 1248 3146 et
1275 3093 1523 3147 ﬁrmavit
1548 3093 1732 3164 sigillo
1760 3098 1953 3166 regale
1986 3113 2085 3151 seu

478 3203 583 3258 per
610 3184 978 3241 concessione
1008 3185 1066 3235 et
1087 3181 1403 3236 donatione
1428 3183 1578 3251 regis
1610 3183 1870 3237 Ludovici
1894 3186 2084 3253 proles

477 3275 686 3340 Caroli,
718 3278 776 3328 et
803 3288 906 3343 per
934 3269 1440 3325 conﬁrmationem
1485 3270 1636 3341 regis
1665 3272 1964 3343 praceptis
2008 3273 2080 3326 si-

473 3378 774 3434 gnansque
801 3360 985 3430 sigillo
1005 3358 1241 3430 proprio
1267 3357 1488 3411 domini
1507 3358 1658 3428 regis
1684 3359 1869 3414 Caroli
1902 3361 2083 3415 Ludo-

475 3451 580 3505 vici
597 3449 905 3520 prolis,nec
922 3463 1040 3500 non
1053 3449 1111 3500 et
1123 3461 1227 3515 per
1249 3445 1543 3514 privilegia
1555 3448 1745 3517 itaque
1769 3448 2078 3503 beatorum

471 3538 868 3610 apostolorum
888 3533 1161 3606 principis
1173 3532 1410 3598 Petri,et
1426 3533 1642 3588 domno
1658 3536 1902 3606 Agapito
1925 3554 2075 3608 papa

472 3630 530 3680 et
558 3626 805 3680 aliorum
831 3624 1246 3694 apostolorum,
1276 3622 1372 3692 qui
1402 3622 1491 3676 hic
1516 3623 1752 3676 fuerunt
1781 3624 1983 3687 functi,
2016 3628 2075 3677 et

469 3713 882 3785 obligationem
893 3712 1126 3765 illorum
1138 3709 1450 3772 tenuerint,
1456 3711 1847 3782 praecedentes
1860 3714 2077 3782 episco-

463 3802 783 3874 pisubjugo
796 3803 853 3854 et
865 3799 1093 3854 servitio
1106 3799 1392 3852 inviolata
1409 3799 1508 3852 Dei
1525 3799 1847 3869 genitricis;
1875 3801 1975 3854 sed
1992 3801 2071 3855 ita

461 3893 636 3945 etnos
657 3887 968 3959 apostolica
988 3885 1329 3940 auctoritate
1351 3886 1649 3940 firmamus
1674 3891 1786 3941 uta
1807 3889 2003 3954 modo,
2022 3894 2080 3944 et

460 3977 520 4033 in
538 3982 710 4032 antea
721 3975 1004 4048 quidquid
1025 3990 1123 4028 vos
1134 3973 1416 4044 vestrique
1439 3991 1790 4030 successores
1811 3977 2076 4047 legaliter

461 4065 792 4138 acquisituri
813 4063 1056 4131 fueritis,
1077 4061 1282 4115 futuris
1310 4063 1668 4132 temporibus
1704 4081 1771 4118 ex
1805 4054 2084 4135 prasenti

460 4170 615 4210 anno
688 4150 1107 4207 incarnationis
1159 4149 1387 4204 Domini
1453 4152 1634 4204 nostri
1682 4153 1814 4206 Jesu
1869 4153 2084 4213 Christi

465 4245 601 4300 1013
647 4242 738 4310 (l),
772 4240 1086 4295 indictione
1117 4255 1196 4304 x1,
1242 4238 1499 4292 inclinati
1542 4239 1805 4310 precibus
1851 4245 2080 4316 vestris,

458 4349 564 4404 per
591 4334 779 4386 vestra
810 4329 1029 4400 regalia
1054 4331 1343 4397 pracepta
1369 4332 1427 4381 et
1456 4328 1624 4398 hujus
1667 4330 1951 4402 privilegii
1994 4350 2082 4387 se—

457 4420 606 4475 riem
633 4421 693 4474 in
722 4422 1068 4490 perpetuum
1099 4415 1257 4469 vobis
1300 4416 1611 4487 vestrisque
1656 4421 2078 4476 successoribus

459 4509 876 4562 conﬁrmamus
905 4509 963 4560 et
989 4504 1309 4559 stabilimus
1340 4503 1739 4573 detinendum,
1773 4509 2078 4579 possiden-

461 4596 601 4650 dum
622 4600 831 4650 etcum
852 4595 1062 4648 timore
1085 4592 1184 4646 Dei
1206 4592 1656 4663 dispensandum
1684 4599 1855 4665 atque
1879 4613 2084 4667 regen-

463 4685 624 4755 dum,
658 4687 721 4738 ut
765 4685 950 4737 nullus
973 4698 1094 4749 rex,
1117 4681 1306 4734 nullus
1328 4681 1614 4753 princeps,
1648 4686 1834 4741 nullus
1864 4707 2079 4774 comes,

462 4775 653 4828 nullus
683 4773 960 4836 marchio,
993 4771 1181 4825 nullus
1216 4770 1415 4840 judex,
1469 4788 1657 4842 neque
1704 4776 1816 4830 ulla
1862 4770 2081 4850 magna

463 4876 750 4934 parvaque
772 4878 1022 4934 persona
1044 4859 1299 4930 aliquam
1330 4860 1467 4927 vim,
1501 4865 1599 4914 aut
1626 4861 1984 4920 invasionem
2017 4869 2077 4924 in

464 4951 672 5006 eodem
723 4949 1012 5021 episcopio
1057 4963 1245 5019 neque
1290 4948 1348 5002 in
1384 4949 1497 5002 suis
1527 4951 1892 5020 pertinentiis
1923 4974 2073 5012 nun-

462 5055 637 5112 quam
668 5039 855 5094 facere
889 5041 1221 5108 praesumat.
1255 5039 1363 5091 Pro
1396 5054 1531 5108 quo,
1560 5043 1616 5092 et
1646 5041 1749 5094 sub
1776 5042 1952 5097 divini
1973 5046 2069 5114 ju-

463 5129 596 5183 dicii
616 5127 1022 5190 obtestatione,
1047 5125 1501 5179 etanathematis
1519 5128 1921 5186 interdictione
1943 5149 2070 5203 pro—

461 5219 791 5287 mulgantes
821 5214 1196 5279 decrevimus,
1227 5219 1289 5266 ut
1319 5215 1457 5268 nulli
1490 5221 1820 5272 nostrorum
1849 5238 2068 5278 succes-

463 5322 658 5361 sorum
687 5305 1046 5377 pontiﬁcum,
1090 5307 1150 5357 ut
1185 5321 1356 5375 supra
1386 5305 1701 5375 posuimus,
1736 5325 1921 5380 neque
1955 5315 2070 5368 ulla

459 5409 678 5466 magna
708 5411 999 5467 parvaque
1021 5409 1270 5466 persona
1299 5394 1509 5448 audeat
1539 5412 1726 5468 neque
1758 5406 2069 5469 praesumat

533 5656 608 5729 (ι)
635 5657 774 5730 Leg.
803 5661 966 5717 1012.

2202 1949 2318 2002 suis
2350 1950 2506 2010 [deest
2528 1949 2769 2003 odibiles
2802 1949 2883 2003 rel
2907 1948 3034 2019 quid
3060 1950 3246 2011 simile]
3273 1950 3630 2015 efﬁciantur,
3663 1955 3722 2004 et
3750 1951 3818 2004 ab

2203 2036 2466 2091 Ecclesia
2513 2039 2804 2091 catholica
2850 2038 3262 2092 communione
3305 2040 3624 2108 pellantur.
3669 2038 3820 2102 Quo-

2205 2142 2334 2179 rum
2367 2144 2473 2180 nos
2493 2132 2797 2197 sequentes
2817 2127 3078 2197 exempla
3105 2143 3309 2180 omnes
3334 2127 3483 2181 tales
3502 2143 3820 2198 praesump-

2203 2217 2358 2269 tores
2388 2233 2421 2269 a
2445 2217 2738 2270 liminibus
2757 2219 2966 2269 sancta
3005 2215 3104 2269 Dei
3138 2216 3398 2270 Ecclesia
3424 2217 3818 2271 anathemati-

2203 2320 2420 2369 zamus,
2443 2305 2755 2376 apostolica
2784 2305 3120 2358 auctoritate
3147 2305 3438 2374 pellimus,
3476 2309 3536 2358 et
3575 2306 3822 2360 damna-

2203 2407 2351 2457 mus,
2383 2396 2553 2462 atque
2586 2394 2890 2462 sacrilegos
2906 2409 3026 2446 esse
3042 2391 3394 2462 judicamus,
3417 2397 3480 2445 et
3495 2409 3614 2446 non
3631 2395 3816 2447 solum

2200 2480 2494 2542 facientes,
2518 2481 2618 2535 sed
2640 2485 2695 2534 et
2716 2482 3142 2534 consentientes
3164 2481 3244 2534 eis
3269 2499 3282 2547 ;
3316 2481 3457 2552 quia
3479 2498 3599 2535 non
3632 2482 3816 2536 solum

2199 2568 2294 2639 qui
2323 2569 2542 2622 faciunt
2563 2569 2900 2639 judicantur
2929 2569 3034 2636 rei,
3085 2569 3188 2623 sed
3216 2569 3397 2622 etiam
3427 2570 3528 2640 qui
3561 2570 3819 2624 facienti-

2197 2656 2302 2710 bus
2347 2658 2733 2712 consentiunt.
2781 2657 2910 2710 Pari
2956 2658 3114 2711 enim
3145 2674 3338 2729 pana,
3373 2661 3435 2712 et
3488 2663 3733 2728 agentes
3763 2661 3819 2712 et

2195 2746 2618 2800 consentientes
2661 2745 3124 2816 comprehendit.
3161 2746 3218 2800 Si
3258 2746 3388 2816 quis
3428 2750 3628 2800 autem
3658 2745 3817 2816 quod

2193 2849 2312 2888 non
2367 2834 2674 2901 credimus,
2719 2835 2779 2887 in
2819 2834 3106 2905 aliquibus
3153 2835 3429 2905 frangere
3480 2834 3816 2890 tentaverit.

2189 2924 2331 2976 sciat
2360 2940 2439 2988 se,
2471 2924 2578 2976 nisi
2610 2923 2933 2994 resipuerit,
2985 2923 3322 2978 auctoritate
3354 2923 3484 2988 Dei,
3535 2927 3592 2976 et
3630 2923 3814 2976 sancti

2189 3015 2338 3067 Petri
2371 3015 2634 3084 apostoli,
2663 3020 2833 3084 atque
2869 3019 3066 3068 nostra
3095 3013 3192 3084 qui
3235 3014 3362 3082 ejus
3397 3012 3707 3083 fungimur
3734 3012 3812 3064 vi-

2185 3102 2523 3167 cariatione,
2602 3102 2986 3155 anathematis
3037 3101 3273 3154 vinculis
3323 3099 3814 3153 indissolubiliter

2185 3209 2305 3246 esse
2337 3190 2760 3248 innodandum.
2798 3194 2854 3243 et
2903 3207 2934 3243 a
2969 3205 3147 3259 regno
3179 3189 3280 3242 Dei
3308 3189 3723 3250 alienandum,
3756 3190 3812 3240 et

2183 3297 2315 3334 cum
2348 3281 2578 3334 diabolo
2603 3283 2657 3333 et
2682 3280 2804 3348 ejus
2834 3277 3201 3332 atrocissimis
3221 3277 3457 3347 pompis
3484 3282 3658 3347 atque
3677 3291 3810 3329 cum

2179 3370 2324 3422 Juda
2355 3369 2629 3422 traditore
2651 3367 2882 3421 Domini
2906 3366 3085 3420 nostri
3110 3365 3241 3419 Jesu
3263 3365 3512 3430 Christi,
3536 3363 3811 3419 incendio

2179 3456 2694 3521 concremandum,
2726 3458 2784 3509 et
2813 3455 2873 3508 in
2909 3454 3181 3525 voragine
3214 3456 3596 3524 tartareoque
3633 3452 3810 3506 chaos

2180 3545 2475 3599 demersus
2505 3562 2636 3598 cum
2664 3544 2856 3615 impiis
2887 3543 3134 3597 deﬁciat.
3181 3541 3288 3606 Qui
3329 3557 3469 3596 vero
3511 3544 3705 3595 custos
3751 3541 3812 3593 et

2179 3635 2514 3689 observator
2543 3633 2842 3699 exstiterit,
2877 3631 3295 3687 benedictionis
3321 3631 3580 3703 gratiam
3614 3634 3676 3683 et
3692 3646 3805 3684 ca-

2178 3724 2334 3777 lestis
2365 3723 2759 3777 retributionis
2779 3739 2811 3775 a
2836 3723 2991 3792 justo
3013 3721 3206 3792 judice
3246 3720 3492 3774 domino
3522 3720 3640 3772 Deo
3697 3733 3804 3772 no-

2179 3815 2296 3864 stro
2328 3811 2723 3880 multipliciter
2740 3814 3140 3880 consequatur,
3166 3811 3222 3863 et
3239 3807 3369 3862 vita
3395 3811 3636 3862 aterna
3668 3821 3811 3878 par-

2184 3900 2361 3970 ticeps
2392 3916 2512 3953 esse
2542 3903 2852 3964 mereatur,
2881 3901 3090 3951 Amen.

2258 3988 2547 4059 Scriptum
2575 4003 2679 4058 per
2709 4003 2947 4041 manum
2981 3984 3270 4040 Benedicti
3314 3983 3554 4051 notarii,
3602 3982 3808 4053 regio-

2188 4077 2336 4130 narii
2395 4080 2452 4129 et
2499 4076 2780 4130 scriniarii
2836 4077 3044 4128 sancta
3090 4075 3368 4128 Romana
3415 4072 3705 4137 Ecclesia,
3747 4071 3805 4124 in

2186 4181 2386 4219 mense
2415 4164 2769 4225 Decembris,
2797 4163 3113 4217 indictione
3143 4179 3217 4216 x1.

2256 4254 2597 4308 Giselbertus
2629 4254 2816 4324 gratia
2855 4253 2954 4306 Dei
2980 4252 3300 4322 episcopus.
3333 4249 3609 4305 Senensis
3637 4248 3806 4318 Sige-

2184 4341 2364 4395 fridus
2397 4342 2720 4396 Parmensis
2747 4341 3007 4395 Ecclesia
3033 4340 3136 4394 Dei
3167 4339 3534 4410 providentia
3569 4339 3796 4408 episco-

2183 4431 2298 4501 pali
2325 4430 2506 4484 infula
2535 4430 2852 4485 redimitus.
2888 4431 3006 4500 Ego
3036 4428 3294 4494 Pontius,
3333 4443 3404 4482 ac
3430 4427 3479 4481 si
3519 4426 3798 4496 indignus

2183 4520 2287 4573 sub
2314 4535 2492 4574 manu
2535 4519 2637 4574 Dei
2680 4519 3092 4589 omnipotentis
3129 4518 3428 4572 Aratensis
3465 4518 3794 4588 episcOpus,

2183 4609 2465 4662 confirmo
2493 4613 2550 4663 et
2573 4608 2852 4680 consigno
2873 4608 3020 4661 hanc
3041 4607 3344 4677 paginam,
3380 4611 3442 4662 ut
3477 4608 3536 4662 in
3563 4611 3665 4664 Dei
3697 4626 3802 4665 no-

2185 4696 2344 4751 mine
2371 4698 2539 4751 ﬁrma
2583 4701 2922 4768 permaneat
2961 4696 3238 4766 omnique
3272 4700 3563 4766 tempore.
3596 4699 3802 4753 Petrus

2183 4785 2483 4854 episc0pus
2512 4785 2806 4839 Pabiensis
2835 4783 3169 4855 subscripsi;
3213 4784 3552 4855 Sigefredus
3581 4790 3800 4842 sancta

2180 4875 2526 4928 Placentina
2561 4875 2819 4928 Ecclesia
2850 4878 3036 4926 custos
3065 4873 3435 4927 consentiens
3457 4874 3798 4945 subscripsi.

2179 4961 2290 5015 Leo
2321 4963 2619 5034 episcopus
2649 4978 2710 5015 ac
2742 4963 2786 5015 si
2827 4961 3099 5031 indignus
3127 4961 3502 5015 Vercellensis
3527 4963 3797 5017 Ecclesia

2174 5055 2360 5104 custos
2408 5050 2732 5121 subscripsi.
2772 5049 3064 5104 Ilotkerus
3107 5049 3438 5104 Leodiensis
3487 5052 3797 5122 episcopus

2173 5139 2500 5210 subscripsi.
2555 5140 2673 5210 Ego
2730 5139 3066 5192 Benedictus
3115 5139 3213 5191 Dei
3254 5139 3441 5208 gratia
3485 5140 3796 5210 episcopus

2173 5233 2380 5282 sancta
2423 5229 2587 5282 Silva
2637 5227 2906 5281 Candida
2962 5227 3222 5280 Ecclesia
3259 5227 3500 5281 interfui
3544 5232 3606 5281 et
3657 5229 3798 5282 sub-

2171 5316 2730 5387 scripsti.Aimericus
2760 5316 3058 5387 episc0pus
3082 5315 3517 5370 Ribacurcensis
3542 5317 3798 5370 subseri-

2169 5405 2282 5475 psti
2332 5407 2530 5458 Petrus
2553 5404 2965 5475 Magalonensis
2995 5403 3327 5474 episcopus;
3354 5404 3615 5458 Borellus
3641 5421 3712 5459 ac
3745 5404 3792 5458 si

2170 5492 2446 5565 indignus
2474 5494 2799 5566 episcopus;
2827 5492 3151 5548 Bonifacius
3165 5492 3448 5548 Taurinus
3483 5493 3794 5567 episcopus

2169 5582 2498 5656 subscripsi.
