4094 6178
395 256 536 313 1585

1209 371 1254 425 V

395 464 726 521 Benedictus
782 460 926 516 VIII
979 373 1254 517 E’cclesz';Y
1272 460 1700 531 Bambergensis,
1734 461 2034 532 petentibus

465 553 727 608 Heinrico
787 567 908 621 rege
962 556 1013 604 et
1055 548 1377 605 Eberhardo
1441 552 1694 621 episcopo,
1746 549 2034 622 privilegia

475 641 762 710 conﬁrmat
775 681 788 695 .

999 743 1196 814 (Anno
1241 744 1426 816 1013.)

397 841 612 914 [Pea'rz,
646 835 902 892 Monum.
935 831 1120 888 Germ.
1169 834 1300 889 hist.
1339 833 1460 888 Scr.
1514 834 1602 910 IV,
1649 835 1774 902 808,
1808 834 1866 888 in
1902 833 2029 888 Vita

705 923 961 979 Heinrici
979 923 1135 992 imp.,
1170 924 1318 976 auct.
1353 922 1715 983 AdalbertoJ

477 1018 814 1071 BENEDICTUS
840 1010 1163 1082 episcopus,
1197 1027 1388 1065 servus
1415 1027 1712 1065 servorum
1731 1011 1856 1077 Dei,
1885 1011 2026 1064 dile-

399 1104 662 1160 ctissimo
693 1100 802 1156 sibi
831 1100 891 1154 in
921 1098 1152 1153 Christo
1181 1115 1414 1170 semper
1437 1099 1675 1153 domino
1700 1102 1760 1153 et
1781 1099 2029 1154 serenis-

391 1194 540 1248 simo
561 1190 685 1262 regi
727 1190 1015 1253 ﬂammeo,
1061 1203 1096 1241 a
1130 1189 1246 1242 Deo
1275 1190 1575 1253 coronato,
1607 1204 1833 1258 suoque
1863 1187 2030 1259 spiri-

397 1281 538 1339 tuali
569 1279 712 1347 ﬁlio,
737 1277 1072 1333 Eberhardo
1120 1292 1350 1347 quoque
1392 1275 1674 1329 confratri
1727 1278 1789 1328 et
1819 1276 2034 1346 coepis-

393 1387 538 1444 copo
573 1385 698 1435 suo,
722 1370 936 1421 sanctas
950 1364 1218 1419 videlicet
1238 1362 1742 1432 Babenbergensis
1767 1363 2035 1418 Ecclesia;

394 1456 708 1515 venerabili
741 1454 1035 1526 episcopo,
1066 1455 1348 1507 aeternam
1395 1450 1454 1504 in
1497 1449 1756 1504 Domino
1791 1453 2036 1507 salutem

395 1550 455 1603 et
484 1545 864 1618 apostolicam
895 1541 1396 1597 benedictionem.

467 1637 626 1690 Inter
657 1633 855 1689 omnia
868 1648 994 1704 quae
1009 1630 1223 1684 divinae
1255 1627 1634 1701 providentia
1661 1629 1908 1684 consilio
1931 1629 2040 1685 dis-

1664 245 2022 306 EPISTOLJE
2088 245 2173 306 ET
2213 244 2534 307 DECRETA

2059 377 2114 435 Α
2132 371 2324 427 stolici
2355 368 2645 442 privilegii
2671 368 2878 424 seriem
2902 369 2960 424 et
2970 367 3440 428 constitutionem
3453 372 3770 449 sancimus,

3636 253 3776 316 i586

2135 463 2202 514 et
2233 460 2308 514 be
2328 462 2439 513 atze
2471 457 2572 512 Dei
2606 457 2908 512 Genitricis
2928 474 3274 530 semperque
3301 459 3770 535 virginisMarias,

2133 563 2370 602 necnon
2399 547 2776 600 etbeatorum
2801 548 3194 618 apostolorum
3215 549 3369 602 Petri
3385 552 3444 602 et
3462 551 3627 607 Pauli
3643 571 3773 610 san-

2133 640 2494 706 ctorumque
2546 638 2869 706 martyrum
2907 634 3115 690 Kiliani
3164 639 3223 690 et
3265 636 3501 709 Georgii
3527 645 3768 699 czetero-

2131 741 2383 796 rumque
2404 725 2668 778 omnium
2693 727 3027 778 sanctorum
3048 724 3408 792 auctoritate,
3435 726 3496 780 in
3516 745 3768 800 quorum

2134 813 2385 868 nomine
2403 811 2834 882 praenominata
2873 812 3120 867 Ecclesia
3136 813 3400 868 dedicata
3427 818 3536 884 est,
3570 814 3770 873 decer-

2133 902 2352 967 nimus,
2383 903 2556 970 atque
2583 900 2946 956 obtestamur
2971 905 3092 956 tam
3106 902 3434 974 apostolicae
3447 905 3597 960 sedis
3617 907 3768 962 futu-

2131 1004 2230 1042 ros
2265 986 2595 1058 pontiﬁces,
2624 1005 2800 1060 quam
2832 988 2928 1060 qui
2958 989 3364 1044 ecclesiasticas
3392 991 3764 1048 administra-

2132 1076 2326 1130 verint
2383 1075 2661 1143 actiones,
2710 1081 3060 1149 cunctosque
3105 1078 3551 1135 Christianitatis
3599 1083 3766 1137 titulo

2135 1157 2541 1235 insignitos,ut
2568 1166 2756 1219 nullus
2771 1165 3286 1222 habeatlicentiam
3305 1167 3375 1222 de
3395 1168 3486 1223 his
3498 1171 3769 1226 omnibus

2137 1269 2269 1326 quas
2302 1251 2499 1306 eidem
2530 1253 2791 1309 Ecclesiae
2827 1271 2860 1308 a
2881 1254 3396 1326 praedecessoribus
3422 1258 3636 1314 nostris
3666 1277 3770 1332 per

2137 1339 2446 1412 privilegia
2471 1356 2743 1398 concessa
2769 1347 2921 1410 sunt,
2949 1345 3036 1398 vel
3063 1361 3097 1398 a
3127 1345 3290 1401 nobis
3318 1346 3559 1403 datavel
3579 1349 3774 1407 danda

2140 1431 2298 1497 sunt,
2333 1430 2432 1482 aut
2461 1429 2533 1483 ab
2562 1430 2846 1502 aliquibus
2872 1431 3135 1488 ﬁdelibus
3159 1433 3290 1488 viris
3319 1451 3385 1489 ac
3435 1437 3774 1495 mulieribus

2141 1516 2402 1588 praefatae
2432 1516 2695 1574 Ecclesia}
2731 1519 2946 1574 tradita
2973 1525 3124 1590 sunt,
3162 1523 3248 1576 vel
3273 1523 3330 1576 in
3363 1528 3545 1581 antea
3569 1527 3777 1584 futuris

2140 1603 2506 1676 temporibus
2531 1608 2970 1676 contradentur,
2998 1613 3119 1664 tam
3149 1610 3207 1665 in
3236 1611 3478 1667 familiis
3508 1630 3688 1686 quam
3714 1615 3774 1673 in

397 1727 716 1800 ponuntur,
742 1722 815 1776 ad
837 1693 1073 1775 laudem
1096 1693 1327 1789 respicit
1345 1717 1655 1783 Creatoris,
1679 1719 1838 1788 quod
1855 1719 2036 1774 etiam
2068 1700 2120 1758 Β
2140 1693 2333 1800 ξθτῖξίεθ
2365 1710 2476 1800 se?
2493 1693 2550 1748 in
2577 1697 3354 1800 aliqum“?Posfesfionib‘?
3377 1704 3772 1800 ffmvf’llendi,

397 1813 696 1871 asummis
726 1810 869 1864 viris
894 1811 1135 1880 Deoque
1182 1805 1420 1870 devotis,
1456 1806 1670 1860 intuitu
1701 1805 1931 1876 pietatis
1981 1809 2039 1859 et

403 1919 506 1974 spe
545 1904 784 1956 aeternas
822 1894 1246 1961 retributionis,
1273 1893 1628 1948 venerabilia
1672 1896 1798 1948 loca
1829 1909 2035 1948 eorum

400 1989 730 2060 sumptibus
763 1986 1160 2040 sublimantur
1189 1982 1626 2053 rectissimeque
1666 1982 2035 2048 ordinantur,

399 2077 833 2150 possessionum
860 2089 1098 2127 suarum
1130 2070 1446 2136 beneficiis,
1481 2072 1874 2137 cumulantur,
1899 2074 1958 2125 et
1977 2070 2037 2124 in

402 2165 712 2220 meliorem
736 2160 1212 2228 statum,Christo
1231 2158 2034 2225 auxiliante,commutantur.

405 2255 592 2317 Unde,
623 2251 997 2307 dilectissime
1033 2248 1114 2302 ﬁli
1153 2249 1212 2302 in
1244 2246 1534 2313 omnibus,
1571 2265 1698 2319 quae
1728 2252 1784 2301 te
1812 2248 1885 2302 ad
1912 2248 2034 2301 lau-

407 2343 540 2397 dem
562 2345 620 2396 et
635 2339 889 2412 gloriam
914 2336 1318 2407 Redemptoris
1349 2335 1532 2390 nostri
1546 2336 1751 2390 devote
1773 2339 1830 2390 et
1863 2336 2035 2389 misc-

418 2429 727 2484 ricorditer
757 2427 985 2492 fecisse,
1019 2424 1391 2478 manifestum
1417 2427 1522 2489 est,
1551 2422 1693 2477 nihil
1728 2423 2038 2494 perfectius

412 2516 669 2588 nihilque
695 2515 906 2570 melius
929 2514 1002 2568 ad
1020 2512 1476 2585 promerendum
1491 2528 1736 2582 regnum
1757 2513 2036 2566 caelorum

409 2621 581 2676 agere
621 2601 879 2675 potuisti,
913 2618 1090 2674 quam
1124 2601 1281 2672 quod
1310 2600 1473 2653 illum
1507 2599 1611 2653 tibi
1642 2599 1830 2654 fecisti
1851 2601 2038 2654 haere-

410 2694 567 2759 dem,
599 2709 634 2747 a
661 2708 777 2765 quo
807 2694 1089 2745 aeternam
1122 2691 1458 2758 accepturus
1497 2704 1558 2741 es
1605 2687 2036 2755 haereditatem,

413 2781 687 2852 quodque
710 2782 909 2834 sancta
937 2775 1434 2847 Babenbergensis
1457 2775 1708 2829 Ecclesia
1729 2778 1805 2831 ad
1828 2776 2040 2848 episco-

412 2868 558 2940 palis
587 2867 884 2938 dignitatis
913 2865 1211 2936 fastigium
1242 2867 1422 2934 perte
1445 2863 1912 2931 sublimata,illic
1933 2866 2039 2927 tibi

2141 1783 2503 1849 destruendi,
2538 1785 2890 1841 molestandi
2919 1788 3005 1841 vel
3031 1787 3348 1844 alienandi.
3377 1788 3582 1861 Siquis
3612 1809 3770 1858 vero,

2140 1870 2301 1943 quod
2328 1889 2446 1926 non
2481 1874 2795 1942 credimus,
2823 1876 3134 1932 temerario
3164 1894 3313 1933 ausu
3327 1881 3531 1934 contra
3560 1897 3630 1936 ea
3645 1899 3774 1955 quae

2139 1960 2248 2014 hac
2265 1966 2462 2016 nostra
2479 1963 2673 2018 stabili
2687 1968 2744 2018 et
2764 1963 3099 2020 inconvulsa
3123 1965 3416 2023 firmitate
3443 1969 3536 2043 pie
3557 1973 3615 2028 et
3632 1973 3774 2032 ﬁde-

2139 2048 2276 2103 liter
2307 2065 2411 2141 per
2458 2051 2570 2106 hoc
2603 2057 2874 2107 nostrum
2908 2053 3294 2125 privilegium
3322 2057 3601 2136 disposita
3626 2070 3778 2141 sunt,

2141 2137 2432 2193 contraire
2464 2141 2855 2213 temptaverit,
2889 2145 2948 2196 et
2977 2143 3118 2210 haec,
3154 2161 3298 2216 quae
3317 2165 3349 2202 a
3379 2154 3550 2210 nobis
3563 2158 3635 2214 ad
3653 2137 3785 2217 lau;

2141 2225 2277 2279 dem
2301 2227 2403 2281 Dei
2421 2243 2526 2297 pro
2546 2229 2865 2284 stabilitate
2879 2231 3237 2302 praescriptas
3267 2241 3550 2303 aacclesiae
3574 2251 3786 2311 statuta

2138 2316 2293 2379 sunt,
2317 2315 2622 2386 refragari,
2657 2321 2756 2371 aut
2786 2318 2842 2371 in
2865 2335 3163 2390 quoquam
3195 2325 3707 2405 transgredi,sciat
3724 2361 3784 2399 se

2140 2402 2484 2457 auctoritate
2514 2405 2670 2459 beati
2702 2406 2854 2460 Petri
2893 2406 3170 2478 principis
3203 2402 3614 2482 apostolorum
3655 2448 3784 2486 om-

2140 2488 2304 2544 nium
2360 2494 2695 2563 nostraque,
2745 2493 2909 2562 cujus
2965 2494 3250 2549 immeriti
3304 2502 3503 2563 vicem
3531 2515 3779 2584 agimus,

2140 2578 2530 2634 anathematis
2563 2580 2804 2634 vinculis
2848 2580 3224 2653 innodatum,
3264 2589 3325 2640 et
3366 2608 3498 2648 cum
3544 2578 3779 2654 diabolo

2141 2665 2377 2737 ejusque
2418 2667 2790 2722 atrocissimis
2834 2671 3069 2743 pompis
3104 2676 3278 2743 atque
3318 2693 3454 2735 cum
3483 2685 3633 2738 Juda
3659 2689 3778 2737 tra-

2143 2751 2330 2806 ditore
2364 2755 2596 2807 Domini
2627 2755 2810 2808 nostri
2847 2758 2980 2812 Jesu
3015 2759 3223 2813 Christi
3276 2768 3483 2821 aeterni
3517 2769 3779 2821 incendii

2140 2841 2420 2910 supplicio
2447 2844 2967 2908 concremandum,
2999 2847 3107 2900 nisi
3138 2847 3450 2920 resipuerit
3490 2856 3551 2906 et
3581 2852 3777 2905 eidem

409 2927 803 3010 beatissimam
837 2954 939 3008 Dei
973 2927 1322 3022 Genitricem
1362 2968 1716 3022 semperque
1750 2927 2037 3024 virginem
2072 2977 2118 3036 α
2663 2933 3083 3036 θξξξθρἀδξίοηθ
3115 2935 3484 3036 δξιῖίδῖθεθξίιί-
3525 2941 3775 3036 ﬁt‘vef‘o

411 3044 670 3110 Mariam,
713 3042 1196 3112 beatissimosque
1231 3017 1520 3112 apostolos
1552 3017 1771 3096 Christi
1801 3017 2035 3096 Petrum
2073 3017 2118 3036 υ
2139 3017 3234 3112 (Ιυίμάξθνοξδηίηξξθοίξοηθ-γοδδθξὛὲξιῑοΓ
3273 3023 3574 3079 exstiterit
3603 3021 3780 3112 hujus

411 3135 468 3186 et
499 3133 761 3199 Paulum,
800 3146 917 3186 una
935 3148 1069 3185 cum
1100 3129 1311 3183 sanctis
1342 3128 1696 3198 martyribus
1727 3131 1954 3185 Kiliano
1978 3133 2035 3185 et

408 3221 678 3293 Georgio,
705 3219 930 3291 elegisti
960 3219 1020 3273 in
1046 3218 1433 3291 patrocinium
1458 3235 1472 3285 ;
1495 3216 1616 3288 qui,
1648 3217 1876 3274 Christo
1897 3234 2033 3288 pro-

407 3307 554 3381 pitio
601 3309 977 3381 compensate
1019 3306 1427 3372 vicissitudine,
1469 3303 1826 3376 adipiscendi
1863 3303 2031 3378 regni

418 3397 661 3451 coalestis
679 3398 1028 3469 perpetuum
1051 3392 1834 3467 praestabuntauxiliumPro
1864 3398 2028 3449 tanto

401 3485 582 3555 igitur
599 3486 712 3539 Deo
739 3484 979 3554 ejusque
998 3483 1207 3537 sanctis
1238 3483 1446 3536 collato
1480 3480 1708 3534 servitio
1733 3483 1792 3536 in
1825 3483 2028 3554 primis

398 3573 506 3644 ipsi
529 3572 742 3644 gratias
755 3571 1305 3642 debitasquelaudes
1317 3569 1486 3623 referi
1499 3585 1646 3634 mus,
1667 3570 1763 3640 qui
1777 3571 1880 3625 tibi
1903 3574 2025 3625 tam

400 3663 668 3714 sanctum
690 3676 834 3731 opus
854 3659 1189 3713 faciendum
1211 3657 1530 3729 inspiravit,
1560 3660 1618 3710 et
1640 3659 1701 3710 ut
1732 3659 1804 3711 ad
1825 3662 2024 3714 votum

399 3750 566 3802 tuum
583 3745 1187 3818 perﬁceres,largiﬂua
1207 3745 1420 3815 pietate
1432 3745 1702 3813 adjuvare
1724 3744 2020 3816 disposuit.

397 3835 620 3890 Deinde
655 3833 937 3905 quoniam
959 3837 1156 3887 sancta
1178 3834 1441 3886 Romana
1463 3831 1860 3902 Ecclesia,quoe
1876 3833 2024 3888 bene

400 3924 647 3978 fundata
660 3927 931 3994 estsupra
944 3923 1174 3976 ﬁrmam
1198 3925 1444 3993 petram,
1456 3922 1562 3974 hoc
1574 3936 1804 3990 semper
1820 3923 2024 3979 habuit

398 4029 550 4066 verae
573 4011 870 4066 charitatis
893 4010 1193 4076 indicium,
1209 4013 1271 4064 ut
1287 4010 1356 4063 de
1376 4008 1724 4064 exteriorum
1740 4011 2022 4080 gauderet

396 4104 669 4173 provectu
692 4099 1117 4154 Ecclesiarum:
1158 4098 1437 4168 competit
1470 4100 1672 4152 nostro
1705 4101 2019 4169 apostolico

398 4188 812 4255 moderamini,
832 4191 894 4242 ut
914 4203 1040 4253 nos,
1057 4186 1153 4258 qui
1176 4187 1366 4241 eidem
1387 4188 1502 4240 Deo
1517 4188 1749 4241 auctore
1770 4187 2018 4243 deservi-

396 4295 554 4343 mus,
589 4280 786 4332 sancto
815 4275 1004 4330 studio
1040 4279 1140 4330 tuo
1163 4274 1492 4345 plenissime
1529 4275 2017 4343 congaudeamus,
2048 4257 2099 4314 Ῐ)

395 4364 787 4438 sperantestui
803 4363 993 4436 operis
1010 4364 1224 4418 habere
1246 4361 1831 4434 portionem,si,quod
1858 4369 2020 4421 tuum

388 4457 475 4509 est
494 4469 599 4524 per
628 4453 912 4514 laborem,
936 4453 1200 4505 nostrum
1243 4449 1488 4504 facimus
1520 4465 1624 4520 per
1653 4451 2016 4519 charitatem,

392 4543 779 4612 Quapropter,
811 4538 1090 4610 quoniam
1108 4538 1298 4608 petisti
1328 4555 1363 4591 a
1391 4537 1555 4591 nobis
1575 4554 1690 4591 una
1717 4554 1848 4593 cum
1879 4558 2016 4596 con-

386 4629 569 4682 fratre
595 4631 792 4681 nostro
815 4625 1443 4695 Eberhardo,ejusdem
1467 4627 1680 4679 sanctae
1694 4627 2017 4682 Babenber-

386 4716 581 4788 gensis
604 4714 868 4769 Ecclesiae
884 4715 999 4768 Deo
1015 4714 1192 4784 digno
1225 4713 1515 4784 episcopo,
1539 4716 1601 4766 ut
1632 4714 1848 4781 omnia,
1883 4733 2010 4787 quae

389 4803 825 4876 privilegiorum
877 4801 1220 4856 auctoritate
1253 4800 1356 4855 sibi
1394 4817 1626 4872 suaeque
1667 4802 1927 4857 Ecclesiae
1975 4821 2008 4858 a

390 4890 912 4962 prmdecessoribus
944 4890 1174 4956 nostris,
1199 4889 1462 4943 videlicet
1487 4889 2008 4946 domnoloanneet

392 4981 618 5051 Sergio,
654 4978 899 5032 summis
930 4977 1319 5047 pontiﬁcibus,
1354 4978 1561 5032 collata
1599 4981 1750 5045 sunt,
1794 4983 2004 5034 nostrae

392 5084 626 5139 quoque
659 5065 1014 5121 auctoritatis
1027 5065 1325 5136 privilegio
1344 5065 1848 5134 conﬁrmaremus,
1867 5085 2006 5123 con-

383 5156 702 5211 siderantes
733 5171 834 5208 nos
854 5152 1088 5224 quidem
1138 5155 1339 5206 vestrae
1376 5152 1692 5208 devotionis
1735 5155 2004 5212 affectum

384 5244 611 5317 piaeque
634 5241 940 5297 voluntatis
969 5239 1350 5312 propositum,
1381 5241 1754 5296 libentissime
1778 5244 2005 5315 petitio-

395 5331 568 5387 nibus
605 5330 806 5384 vestris
827 5345 1131 5383 assensum
1163 5328 1424 5398 praebere
1445 5328 1828 5385 decernimus.
1855 5333 2010 5395 Quo-

406 5419 559 5473 circa
585 5419 904 5472 statuentes
917 5419 1088 5483 atque
1105 5417 1564 5486 promulgantes,
1587 5433 1783 5472 coram
1812 5421 1928 5475 Deo
1954 5425 2011 5476 et

385 5493 634 5562 terribili
666 5505 861 5560 futuro
893 5503 1017 5574 eius
1048 5503 1330 5572 examine,
1351 5518 1456 5576 per
1471 5504 1639 5576 hujus
1666 5507 1845 5563 nostri
1867 5525 2006 5581 apo-

2136 3103 2318 3157 nostri
2351 3103 2635 3175 privilegii
2668 3106 2738 3159 ad
2779 3107 3000 3162 cultum
3031 3109 3131 3163 Dei
3169 3113 3574 3184 respicientis,
3601 3110 3778 3168 bene-

2136 3192 2402 3248 dictionis
2430 3193 2680 3264 gratiam
2715 3211 2749 3248 a
2801 3196 3342 3255 misericordissimo
3387 3202 3528 3260 Deo
3575 3207 3630 3261 et
3664 3205 3781 3261 D0-

2134 3281 2294 3335 mino
2340 3281 2737 3354 multipliciter
2780 3290 3190 3357 consequatur,
3236 3293 3295 3342 et
3346 3289 3498 3347 vitae
3540 3298 3774 3357 aeternas,

2131 3368 2418 3441 particeps
2448 3369 2595 3423 efﬁci
2636 3376 2950 3428 mereatur.
2985 3376 3197 3430 Sancta
3222 3375 3488 3438 Trinitas
3521 3389 3767 3449 charita-

2129 3459 2251 3512 tem
2282 3461 2533 3520 vestram
2561 3458 2845 3514 illibatam
2878 3463 3182 3518 custodiat.

2201 3545 2486 3616 Scriptum
2514 3563 2618 3616 per
2639 3564 2880 3604 manum
2900 3551 3202 3622 Herbardi,
3233 3553 3756 3628 scriniuriisanctm

2129 3634 2405 3689 Romamn
2434 3635 2715 3703 Ecclesiae,
2766 3637 2824 3690 in
2874 3654 3074 3693 mense
3116 3642 3307 3709 Junio,
3341 3643 3669 3713 indictione
3693 3679 3750 3717 x1

2132 3723 2336 3775 Datum
2362 3738 2466 3792 per
2498 3739 2739 3776 manum
2771 3725 3086 3788 Benedicti,
3128 3730 3462 3788 Portuensis
3489 3742 3744 3818 episc0pi

2126 3813 2183 3863 ct
2203 3810 2620 3865 bibliothecarii
2650 3815 2860 3866 sanctae
2903 3812 3180 3869 Romanae
3231 3810 3738 3900 Ecclesiaapanno,

2125 3899 2241 3952 Deo
2273 3899 2545 3970 propitio,
2581 3900 2948 3971 pontiﬁcatus
2971 3900 3194 3958 domini
3227 3906 3409 3960 nostri
3443 3899 3738 3972 Benedicti

2124 3987 2334 4042 summi
2360 3987 2646 4058 pontificis
2675 3992 2733 4042 et
2763 3988 3094 4045 universalis
3109 3993 3293 4046 octavi
3322 4011 3487 4066 papae
3517 4001 3730 4071 primo.

2905 4079 2946 4130 V

2120 4165 2406 4224 Benedicti
2444 4166 2594 4224 VIII
2606 4184 2768 4238 papae
2783 4167 2925 4221 bulla
2945 4186 3052 4241 qua
3070 4169 3329 4240 Far/ensi
3348 4176 3576 4231 canobz'o
3598 4177 3734 4234 bona

2511 4255 2574 4296 ac
2613 4241 2753 4308 jura
2799 4241 2980 4294 omnia
3030 4244 3334 4312 conﬁrmat.

2728 4345 2912 4415 (Anno
2948 4351 3125 4420 1013.)

2419 4435 2748 4505 [Mnemon],
2770 4434 2968 4506 Script.
2994 4436 3150 4496 Ιιαι..
3183 4440 3248 4506 ll,
3281 4443 3434 4509 557.]

2193 4523 2524 4578 Bsaamcws
2539 4523 3056 4594 episcopus,servus
3072 4543 3369 4583 servorum
3390 4530 3725 4598 Dei,dilecto

2117 4609 2174 4661 in
2205 4611 2450 4664 Domino
2484 4611 2602 4666 ﬁlio
2633 4612 2864 4666 GUIDONI
2890 4615 3242 4685 coangelico,
3267 4617 3460 4672 abbati
3491 4636 3723 4675 monas-

2116 4698 2241 4752 terii
2283 4700 2438 4770 quod
2471 4700 2678 4755 dicitur
2722 4701 2780 4755 in
2823 4701 3090 4772 Pharpha
3130 4703 3201 4756 de
3243 4705 3369 4760 loco
3416 4708 3718 4779 Acutiano,

2109 4803 2333 4875 tuisque
2360 4806 2775 4860 successoribus
2797 4805 2854 4859 in
2884 4811 3250 4877 perpetuum.

2178 4892 2361 4961 Igitur
2392 4893 2529 4964 quia
2556 4892 2777 4964 petistis
2819 4909 2852 4947 a
2891 4894 3058 4948 nobis
3095 4899 3379 4968 quatenus
3414 4918 3480 4956 ex
3520 4906 3716 4959 nostra

2107 4981 2371 5051 largitate
2386 4986 2699 5052 nostroque
2717 4983 2871 5038 dono
2899 4985 3349 5043 concederemus
3365 4992 3562 5045 vestra:
3578 4992 3714 5045 reli-

2107 5069 2265 5138 gioni
2296 5071 2355 5123 in
2394 5070 2575 5124 fundo
2623 5071 2802 5126 Massa
2836 5071 3138 5127 ecclesiam
3182 5073 3408 5128 Sanctae
3437 5073 3623 5128 Mariae
3652 5072 3711 5128 in

2106 5159 2229 5212 loco
2245 5158 2561 5228 quidicitur
2587 5159 2923 5227 Formcllus,
2957 5178 3088 5216 cum
3113 5161 3274 5216 omni
3291 5160 3710 5231 ornatuipsius,

2107 5247 2279 5316 atque
2306 5246 2484 5301 vineis
2521 5250 2579 5300 et
2616 5247 2801 5314 terris,
2849 5247 2992 5303 sicut
3021 5248 3160 5302 olim
3185 5248 3563 5304 detinuerunt
3599 5250 3712 5308 duo

2110 5334 2428 5404 presbyteri
2456 5335 2747 5389 Benedicti
2787 5335 3034 5407 propriis
3069 5334 3300 5390 vocitati
3353 5336 3708 5406 nominibus,

2112 5422 2208 5493 qui
2222 5423 2397 5477 modo
2411 5424 2676 5478 videntur
2692 5441 2811 5478 esse
2823 5423 2990 5477 vestri
3005 5424 3434 5492 monachi,cum
3451 5424 3712 5498 introitu,

2115 5512 2173 5565 et
2183 5509 2334 5566 exitu
2350 5527 2473 5581 suo,
2489 5511 2825 5567 etomnibus
2845 5510 2950 5566 sibi
2964 5513 3318 5582 generaliter
3336 5516 3393 5570 et
3426 5513 3488 5571 in
3519 5517 3713 5574 omni-
