  <div class='ocr_page' id='page_1' title='image "/cluster/home/n/w/nwhite01/storage/ocr_20150623/139/hvd.32044054759998/799.png"; bbox 0 0 4028 6186; ppageno 0'>
   <div class='ocr_carea' id='block_1_1' title="bbox 391 326 527 385">
    <p class='ocr_par' dir='ltr' id='par_1_1' title="bbox 391 326 527 385">
     <span class='ocr_line' id='line_1_1' title="bbox 391 326 527 385; baseline 0 -1"><span class='ocrx_word' id='word_1_1' title='bbox 391 326 527 385; x_wconf 71' lang='lat' dir='ltr'>i587</span> 
     </span>
    </p>
   </div>
   <div class='ocr_carea' id='block_1_2' title="bbox 1642 304 2400 372">
    <p class='ocr_par' dir='ltr' id='par_1_2' title="bbox 1642 304 2400 372">
     <span class='ocr_line' id='line_1_2' title="bbox 1642 304 2400 372; baseline -0.003 0"><span class='ocrx_word' id='word_1_2' title='bbox 1642 308 2006 372; x_wconf 83' lang='lat' dir='ltr'>BENEDICTI</span> <span class='ocrx_word' id='word_1_3' title='bbox 2039 305 2158 369; x_wconf 77' lang='lat' dir='ltr'>VIII</span> <span class='ocrx_word' id='word_1_4' title='bbox 2191 304 2400 370; x_wconf 70' lang='lat' dir='ltr'>PAPE</span> 
     </span>
    </p>
   </div>
   <div class='ocr_carea' id='block_1_3' title="bbox 3558 311 3715 370">
    <p class='ocr_par' dir='ltr' id='par_1_3' title="bbox 3558 311 3715 370">
     <span class='ocr_line' id='line_1_3' title="bbox 3558 311 3715 370; baseline 0.019 -3"><span class='ocrx_word' id='word_1_5' title='bbox 3558 311 3715 370; x_wconf 68' lang='lat'><strong>1588</strong></span> 
     </span>
    </p>
   </div>
   <div class='ocr_carea' id='block_1_4' title="bbox 371 432 3715 522">
    <p class='ocr_par' dir='ltr' id='par_1_4' title="bbox 371 432 3715 522">
     <span class='ocr_line' id='line_1_4' title="bbox 371 432 3715 522; baseline -0.005 -15"><span class='ocrx_word' id='word_1_6' title='bbox 371 449 480 507; x_wconf 82' lang='lat' dir='ltr'>bus</span> <span class='ocrx_word' id='word_1_7' title='bbox 505 443 1340 522; x_wconf 80' lang='lat' dir='ltr'>pertinentibus.Concedimus</span> <span class='ocrx_word' id='word_1_8' title='bbox 1369 440 1526 498; x_wconf 85' lang='lat' dir='ltr'>vobis</span> <span class='ocrx_word' id='word_1_9' title='bbox 1545 441 1780 512; x_wconf 83' lang='lat' dir='ltr'>insuper</span> <span class='ocrx_word' id='word_1_10' title='bbox 1806 439 1863 493; x_wconf 91' lang='lat' dir='ltr'>in</span> <span class='ocrx_word' id='word_1_11' title='bbox 1891 454 1981 490; x_wconf 91' lang='lat' dir='ltr'>su-</span> <span class='ocrx_word' id='word_1_12' title='bbox 2006 435 2058 494; x_wconf 87' lang='lat' dir='ltr'><strong>A</strong></span> <span class='ocrx_word' id='word_1_13' title='bbox 2093 433 2303 505; x_wconf 89' lang='lat' dir='ltr'>quibus</span> <span class='ocrx_word' id='word_1_14' title='bbox 2349 433 2737 505; x_wconf 77' lang='lat' dir='ltr'>omnipotenti</span> <span class='ocrx_word' id='word_1_15' title='bbox 2765 435 2882 489; x_wconf 89' lang='lat' dir='ltr'>Deo</span> <span class='ocrx_word' id='word_1_16' title='bbox 2908 433 3104 489; x_wconf 86' lang='lat' dir='ltr'>laudes</span> <span class='ocrx_word' id='word_1_17' title='bbox 3125 432 3457 491; x_wconf 85' lang='lat' dir='ltr'>referuntur</span> <span class='ocrx_word' id='word_1_18' title='bbox 3477 452 3491 502; x_wconf 92' lang='lat'><strong>;</strong></span> <span class='ocrx_word' id='word_1_19' title='bbox 3514 439 3576 490; x_wconf 92' lang='lat' dir='ltr'>ut</span> <span class='ocrx_word' id='word_1_20' title='bbox 3591 435 3715 490; x_wconf 80' lang='lat' dir='ltr'>Be-</span> 
     </span>
    </p>
   </div>
   <div class='ocr_carea' id='block_1_5' title="bbox 374 525 1985 611">
    <p class='ocr_par' dir='ltr' id='par_1_5' title="bbox 374 525 1985 611">
     <span class='ocr_line' id='line_1_5' title="bbox 374 525 1985 611; baseline -0.01 -17"><span class='ocrx_word' id='word_1_21' title='bbox 374 538 636 611; x_wconf 87' lang='lat' dir='ltr'>pradicto</span> <span class='ocrx_word' id='word_1_22' title='bbox 653 537 836 591; x_wconf 85' lang='lat' dir='ltr'>fundo</span> <span class='ocrx_word' id='word_1_23' title='bbox 858 536 1034 590; x_wconf 87' lang='lat' dir='ltr'>Massa</span> <span class='ocrx_word' id='word_1_24' title='bbox 1057 534 1269 588; x_wconf 90' lang='lat' dir='ltr'>casales</span> <span class='ocrx_word' id='word_1_25' title='bbox 1289 536 1404 586; x_wconf 93' lang='lat' dir='ltr'>tres</span> <span class='ocrx_word' id='word_1_26' title='bbox 1429 547 1492 584; x_wconf 84' lang='lat' dir='ltr'>ex</span> <span class='ocrx_word' id='word_1_27' title='bbox 1519 525 1985 602; x_wconf 84' lang='lat' dir='ltr'>integro,scilicet</span> 
     </span>
    </p>
   </div>
   <div class='ocr_carea' id='block_1_6' title="bbox 371 614 1984 690">
    <p class='ocr_par' dir='ltr' id='par_1_6' title="bbox 371 614 1984 690">
     <span class='ocr_line' id='line_1_6' title="bbox 371 614 1984 690; baseline -0.009 -9"><span class='ocrx_word' id='word_1_28' title='bbox 371 628 560 682; x_wconf 90' lang='lat' dir='ltr'>casale</span> <span class='ocrx_word' id='word_1_29' title='bbox 607 626 677 679; x_wconf 95' lang='lat' dir='ltr'>de</span> <span class='ocrx_word' id='word_1_30' title='bbox 704 624 1021 690; x_wconf 86' lang='lat' dir='ltr'>Petroccio,</span> <span class='ocrx_word' id='word_1_31' title='bbox 1045 625 1103 678; x_wconf 92' lang='lat' dir='ltr'>et</span> <span class='ocrx_word' id='word_1_32' title='bbox 1137 623 1321 676; x_wconf 86' lang='lat' dir='ltr'>casale</span> <span class='ocrx_word' id='word_1_33' title='bbox 1351 619 1557 674; x_wconf 87' lang='lat' dir='ltr'>Leonis</span> <span class='ocrx_word' id='word_1_34' title='bbox 1579 614 1906 673; x_wconf 89' lang='lat' dir='ltr'>Sabinensis</span> <span class='ocrx_word' id='word_1_35' title='bbox 1927 616 1984 666; x_wconf 91' lang='lat' dir='ltr'>et</span> 
     </span>
    </p>
   </div>
   <div class='ocr_carea' id='block_1_7' title="bbox 372 703 1979 776">
    <p class='ocr_par' dir='ltr' id='par_1_7' title="bbox 372 703 1979 776">
     <span class='ocr_line' id='line_1_7' title="bbox 372 703 1979 776; baseline -0.01 -6"><span class='ocrx_word' id='word_1_36' title='bbox 372 715 560 770; x_wconf 89' lang='lat' dir='ltr'>casale</span> <span class='ocrx_word' id='word_1_37' title='bbox 593 713 750 769; x_wconf 87' lang='lat' dir='ltr'>Petri</span> <span class='ocrx_word' id='word_1_38' title='bbox 783 714 853 768; x_wconf 92' lang='lat' dir='ltr'>de</span> <span class='ocrx_word' id='word_1_39' title='bbox 883 712 1073 768; x_wconf 84' lang='lat' dir='ltr'>Leone</span> <span class='ocrx_word' id='word_1_40' title='bbox 1103 711 1366 776; x_wconf 84' lang='lat' dir='ltr'>ferrario,</span> <span class='ocrx_word' id='word_1_41' title='bbox 1406 726 1536 763; x_wconf 93' lang='lat' dir='ltr'>cum</span> <span class='ocrx_word' id='word_1_42' title='bbox 1569 706 1729 771; x_wconf 84' lang='lat' dir='ltr'>casis,</span> <span class='ocrx_word' id='word_1_43' title='bbox 1779 703 1979 769; x_wconf 90' lang='lat' dir='ltr'>vineis,</span> 
     </span>
    </p>
   </div>
   <div class='ocr_carea' id='block_1_8' title="bbox 368 792 1984 873">
    <p class='ocr_par' dir='ltr' id='par_1_8' title="bbox 368 792 1984 873">
     <span class='ocr_line' id='line_1_8' title="bbox 368 792 1984 873; baseline -0.008 -17"><span class='ocrx_word' id='word_1_44' title='bbox 368 801 556 870; x_wconf 87' lang='lat' dir='ltr'>terris,</span> <span class='ocrx_word' id='word_1_45' title='bbox 613 801 851 873; x_wconf 87' lang='lat' dir='ltr'>campis,</span> <span class='ocrx_word' id='word_1_46' title='bbox 896 801 1096 873; x_wconf 82' lang='lat' dir='ltr'>pratis,</span> <span class='ocrx_word' id='word_1_47' title='bbox 1130 799 1372 873; x_wconf 86' lang='lat' dir='ltr'>pascuis,</span> <span class='ocrx_word' id='word_1_48' title='bbox 1404 796 1554 852; x_wconf 81' lang='lat' dir='ltr'>silvis</span> <span class='ocrx_word' id='word_1_49' title='bbox 1578 800 1636 850; x_wconf 91' lang='lat' dir='ltr'>et</span> <span class='ocrx_word' id='word_1_50' title='bbox 1664 792 1984 856; x_wconf 84' lang='lat' dir='ltr'>arboribus,</span> 
     </span>
    </p>
   </div>
   <div class='ocr_carea' id='block_1_9' title="bbox 370 879 1986 963">
    <p class='ocr_par' dir='ltr' id='par_1_9' title="bbox 370 879 1986 963">
     <span class='ocr_line' id='line_1_9' title="bbox 370 879 1986 963; baseline -0.009 -18"><span class='ocrx_word' id='word_1_51' title='bbox 370 907 444 963; x_wconf 89' lang='lat' dir='ltr'>po</span> <span class='ocrx_word' id='word_1_52' title='bbox 459 889 1018 957; x_wconf 82' lang='lat' dir='ltr'>miferis,fructiferis</span> <span class='ocrx_word' id='word_1_53' title='bbox 1029 889 1116 944; x_wconf 90' lang='lat' dir='ltr'>vel</span> <span class='ocrx_word' id='word_1_54' title='bbox 1137 887 1507 943; x_wconf 83' lang='lat' dir='ltr'>infructit‘eris</span> <span class='ocrx_word' id='word_1_55' title='bbox 1519 882 1723 940; x_wconf 85' lang='lat' dir='ltr'>diversi</span> <span class='ocrx_word' id='word_1_56' title='bbox 1738 879 1986 952; x_wconf 85' lang='lat' dir='ltr'>generis,</span> 
     </span>
    </p>
   </div>
   <div class='ocr_carea' id='block_1_10' title="bbox 367 968 1993 1048">
    <p class='ocr_par' dir='ltr' id='par_1_10' title="bbox 367 968 1993 1048">
     <span class='ocr_line' id='line_1_10' title="bbox 367 968 1993 1048; baseline -0.004 -15"><span class='ocrx_word' id='word_1_57' title='bbox 367 980 596 1035; x_wconf 90' lang='lat' dir='ltr'>cultum</span> <span class='ocrx_word' id='word_1_58' title='bbox 627 980 710 1034; x_wconf 86' lang='lat' dir='ltr'>vel</span> <span class='ocrx_word' id='word_1_59' title='bbox 736 979 1050 1047; x_wconf 90' lang='lat' dir='ltr'>incultum,</span> <span class='ocrx_word' id='word_1_60' title='bbox 1084 995 1330 1033; x_wconf 91' lang='lat' dir='ltr'>vacuum</span> <span class='ocrx_word' id='word_1_61' title='bbox 1361 979 1448 1032; x_wconf 88' lang='lat' dir='ltr'>vel</span> <span class='ocrx_word' id='word_1_62' title='bbox 1481 978 1739 1048; x_wconf 93' lang='lat' dir='ltr'>plenum.</span> <span class='ocrx_word' id='word_1_63' title='bbox 1776 968 1993 1026; x_wconf 80' lang='lat' dir='ltr'>Afﬁnes</span> 
     </span>
    </p>
   </div>
   <div class='ocr_carea' id='block_1_11' title="bbox 370 1064 1992 1134">
    <p class='ocr_par' dir='ltr' id='par_1_11' title="bbox 370 1064 1992 1134">
     <span class='ocr_line' id='line_1_11' title="bbox 370 1064 1992 1134; baseline -0.002 -10"><span class='ocrx_word' id='word_1_64' title='bbox 370 1085 506 1125; x_wconf 88' lang='lat' dir='ltr'>vero</span> <span class='ocrx_word' id='word_1_65' title='bbox 538 1072 597 1125; x_wconf 89' lang='lat' dir='ltr'>et</span> <span class='ocrx_word' id='word_1_66' title='bbox 621 1068 856 1125; x_wconf 78' lang='lat' dir='ltr'>termini</span> <span class='ocrx_word' id='word_1_67' title='bbox 884 1084 1087 1124; x_wconf 91' lang='lat' dir='ltr'>eorum</span> <span class='ocrx_word' id='word_1_68' title='bbox 1112 1069 1256 1123; x_wconf 90' lang='lat' dir='ltr'>sicut</span> <span class='ocrx_word' id='word_1_69' title='bbox 1278 1083 1428 1122; x_wconf 91' lang='lat' dir='ltr'>nunc</span> <span class='ocrx_word' id='word_1_70' title='bbox 1451 1068 1582 1121; x_wconf 92' lang='lat' dir='ltr'>sunt</span> <span class='ocrx_word' id='word_1_71' title='bbox 1602 1067 1659 1119; x_wconf 92' lang='lat' dir='ltr'>et</span> <span class='ocrx_word' id='word_1_72' title='bbox 1675 1064 1746 1118; x_wconf 92' lang='lat' dir='ltr'>ab</span> <span class='ocrx_word' id='word_1_73' title='bbox 1769 1064 1992 1134; x_wconf 80' lang='lat' dir='ltr'>origine</span> 
     </span>
    </p>
   </div>
   <div class='ocr_carea' id='block_1_12' title="bbox 369 1153 1994 1230">
    <p class='ocr_par' dir='ltr' id='par_1_12' title="bbox 369 1153 1994 1230">
     <span class='ocr_line' id='line_1_12' title="bbox 369 1153 1994 1230; baseline -0.001 -18"><span class='ocrx_word' id='word_1_74' title='bbox 369 1156 626 1224; x_wconf 79' lang='lat' dir='ltr'>fuerunt,</span> <span class='ocrx_word' id='word_1_75' title='bbox 663 1163 722 1212; x_wconf 88' lang='lat' dir='ltr'>et</span> <span class='ocrx_word' id='word_1_76' title='bbox 752 1158 1261 1230; x_wconf 85' lang='lat' dir='ltr'>quemadmodum</span> <span class='ocrx_word' id='word_1_77' title='bbox 1296 1157 1352 1211; x_wconf 90' lang='lat' dir='ltr'>in</span> <span class='ocrx_word' id='word_1_78' title='bbox 1383 1160 1582 1210; x_wconf 75' lang='lat' dir='ltr'>vestrm</span> <span class='ocrx_word' id='word_1_79' title='bbox 1605 1153 1994 1224; x_wconf 84' lang='lat' dir='ltr'>acquisitionis</span> 
     </span>
    </p>
   </div>
   <div class='ocr_carea' id='block_1_13' title="bbox 369 1242 1991 1312">
    <p class='ocr_par' dir='ltr' id='par_1_13' title="bbox 369 1242 1991 1312">
     <span class='ocr_line' id='line_1_13' title="bbox 369 1242 1991 1312; baseline -0.003 -10"><span class='ocrx_word' id='word_1_80' title='bbox 369 1264 482 1302; x_wconf 91' lang='lat' dir='ltr'>con</span> <span class='ocrx_word' id='word_1_81' title='bbox 495 1247 712 1303; x_wconf 90' lang='lat' dir='ltr'>tinetur</span> <span class='ocrx_word' id='word_1_82' title='bbox 729 1247 989 1300; x_wconf 83' lang='lat' dir='ltr'>chartula</span> <span class='ocrx_word' id='word_1_83' title='bbox 1001 1287 1014 1312; x_wconf 95' lang='lat'>,</span> <span class='ocrx_word' id='word_1_84' title='bbox 1031 1249 1087 1300; x_wconf 92' lang='lat' dir='ltr'>et</span> <span class='ocrx_word' id='word_1_85' title='bbox 1101 1246 1245 1300; x_wconf 85' lang='lat' dir='ltr'>sicut</span> <span class='ocrx_word' id='word_1_86' title='bbox 1263 1245 1521 1299; x_wconf 68' lang='lat' dir='ltr'>hoeredes</span> <span class='ocrx_word' id='word_1_87' title='bbox 1536 1242 1991 1312; x_wconf 88' lang='lat' dir='ltr'>supradictorum</span> 
     </span>
    </p>
   </div>
   <div class='ocr_carea' id='block_1_14' title="bbox 363 1332 1993 1390">
    <p class='ocr_par' dir='ltr' id='par_1_14' title="bbox 363 1332 1993 1390">
     <span class='ocr_line' id='line_1_14' title="bbox 363 1332 1993 1390; baseline -0.002 0"><span class='ocrx_word' id='word_1_88' title='bbox 363 1336 686 1390; x_wconf 84' lang='lat' dir='ltr'>hominum</span> <span class='ocrx_word' id='word_1_89' title='bbox 704 1335 776 1390; x_wconf 89' lang='lat' dir='ltr'>ad</span> <span class='ocrx_word' id='word_1_90' title='bbox 795 1333 1185 1389; x_wconf 90' lang='lat' dir='ltr'>laborandum</span> <span class='ocrx_word' id='word_1_91' title='bbox 1203 1333 1315 1388; x_wconf 89' lang='lat' dir='ltr'>suis</span> <span class='ocrx_word' id='word_1_92' title='bbox 1329 1334 1504 1388; x_wconf 91' lang='lat' dir='ltr'>modo</span> <span class='ocrx_word' id='word_1_93' title='bbox 1525 1332 1781 1386; x_wconf 90' lang='lat' dir='ltr'>detinere</span> <span class='ocrx_word' id='word_1_94' title='bbox 1800 1332 1993 1386; x_wconf 90' lang='lat' dir='ltr'>viden-</span> 
     </span>
    </p>
   </div>
   <div class='ocr_carea' id='block_1_15' title="bbox 363 1421 1986 1492">
    <p class='ocr_par' dir='ltr' id='par_1_15' title="bbox 363 1421 1986 1492">
     <span class='ocr_line' id='line_1_15' title="bbox 363 1421 1986 1492; baseline -0.001 -15"><span class='ocrx_word' id='word_1_95' title='bbox 363 1428 460 1480; x_wconf 87' lang='lat' dir='ltr'>tur</span> <span class='ocrx_word' id='word_1_96' title='bbox 495 1424 788 1480; x_wconf 90' lang='lat' dir='ltr'>manibus.</span> <span class='ocrx_word' id='word_1_97' title='bbox 821 1423 1029 1478; x_wconf 90' lang='lat' dir='ltr'>Omnia</span> <span class='ocrx_word' id='word_1_98' title='bbox 1059 1421 1205 1492; x_wconf 85' lang='lat' dir='ltr'>juris</span> <span class='ocrx_word' id='word_1_99' title='bbox 1235 1426 1445 1476; x_wconf 73' lang='lat' dir='ltr'>sanctor:</span> <span class='ocrx_word' id='word_1_100' title='bbox 1466 1423 1869 1486; x_wconf 78' lang='lat' dir='ltr'>Romanae,cui</span> <span class='ocrx_word' id='word_1_101' title='bbox 1891 1421 1986 1476; x_wconf 90' lang='lat' dir='ltr'>Dei</span> 
     </span>
    </p>
   </div>
   <div class='ocr_carea' id='block_1_16' title="bbox 362 1509 1984 1584">
    <p class='ocr_par' dir='ltr' id='par_1_16' title="bbox 362 1509 1984 1584">
     <span class='ocr_line' id='line_1_16' title="bbox 362 1509 1984 1584; baseline -0.004 -14"><span class='ocrx_word' id='word_1_102' title='bbox 362 1517 601 1570; x_wconf 89' lang='lat' dir='ltr'>auctore</span> <span class='ocrx_word' id='word_1_103' title='bbox 633 1511 1010 1584; x_wconf 67' lang='lat' dir='ltr'>przrsidemus</span> <span class='ocrx_word' id='word_1_104' title='bbox 1067 1515 1242 1582; x_wconf 89' lang='lat' dir='ltr'>atque</span> <span class='ocrx_word' id='word_1_105' title='bbox 1290 1509 1666 1575; x_wconf 91' lang='lat' dir='ltr'>deservimus,</span> <span class='ocrx_word' id='word_1_106' title='bbox 1704 1510 1984 1578; x_wconf 66' lang='lat' dir='ltr'>Ecclesiae,</span> 
     </span>
    </p>
   </div>
   <div class='ocr_carea' id='block_1_17' title="bbox 364 1598 1988 1671">
    <p class='ocr_par' dir='ltr' id='par_1_17' title="bbox 364 1598 1988 1671">
     <span class='ocr_line' id='line_1_17' title="bbox 364 1598 1988 1671; baseline -0.001 -17"><span class='ocrx_word' id='word_1_107' title='bbox 364 1603 530 1657; x_wconf 84' lang='lat' dir='ltr'>vobis</span> <span class='ocrx_word' id='word_1_108' title='bbox 553 1602 626 1656; x_wconf 89' lang='lat' dir='ltr'>ad</span> <span class='ocrx_word' id='word_1_109' title='bbox 642 1601 963 1655; x_wconf 89' lang='lat' dir='ltr'>tenendum</span> <span class='ocrx_word' id='word_1_110' title='bbox 981 1601 1193 1655; x_wconf 90' lang='lat' dir='ltr'>emissa</span> <span class='ocrx_word' id='word_1_111' title='bbox 1220 1598 1607 1671; x_wconf 80' lang='lat' dir='ltr'>praeceptione</span> <span class='ocrx_word' id='word_1_112' title='bbox 1620 1599 1988 1653; x_wconf 87' lang='lat' dir='ltr'>concedimus</span> 
     </span>
    </p>
   </div>
   <div class='ocr_carea' id='block_1_18' title="bbox 2079 522 3712 595">
    <p class='ocr_par' dir='ltr' id='par_1_18' title="bbox 2079 522 3712 595">
     <span class='ocr_line' id='line_1_18' title="bbox 2079 522 3712 595; baseline 0.001 -19"><span class='ocrx_word' id='word_1_113' title='bbox 2079 523 2368 595; x_wconf 87' lang='lat' dir='ltr'>demptori</span> <span class='ocrx_word' id='word_1_114' title='bbox 2403 527 2605 577; x_wconf 91' lang='lat' dir='ltr'>nostro</span> <span class='ocrx_word' id='word_1_115' title='bbox 2628 523 2736 577; x_wconf 92' lang='lat' dir='ltr'>hoc</span> <span class='ocrx_word' id='word_1_116' title='bbox 2759 522 2947 592; x_wconf 90' lang='lat' dir='ltr'>ipsum</span> <span class='ocrx_word' id='word_1_117' title='bbox 2972 524 3125 594; x_wconf 90' lang='lat' dir='ltr'>quod</span> <span class='ocrx_word' id='word_1_118' title='bbox 3151 524 3223 578; x_wconf 90' lang='lat' dir='ltr'>ad</span> <span class='ocrx_word' id='word_1_119' title='bbox 3244 523 3492 595; x_wconf 85' lang='lat' dir='ltr'>gloriam</span> <span class='ocrx_word' id='word_1_120' title='bbox 3517 526 3712 579; x_wconf 80' lang='lat' dir='ltr'>sancti</span> 
     </span>
    </p>
   </div>
   <div class='ocr_carea' id='block_1_19' title="bbox 2083 610 3708 683">
    <p class='ocr_par' dir='ltr' id='par_1_19' title="bbox 2083 610 3708 683">
     <span class='ocr_line' id='line_1_19' title="bbox 2083 610 3708 683; baseline 0.002 -19"><span class='ocrx_word' id='word_1_121' title='bbox 2083 611 2335 664; x_wconf 89' lang='lat' dir='ltr'>nominis</span> <span class='ocrx_word' id='word_1_122' title='bbox 2352 611 2474 681; x_wconf 91' lang='lat' dir='ltr'>ejus</span> <span class='ocrx_word' id='word_1_123' title='bbox 2495 610 2852 682; x_wconf 89' lang='lat' dir='ltr'>dignoscitur</span> <span class='ocrx_word' id='word_1_124' title='bbox 2867 628 3220 683; x_wconf 87' lang='lat' dir='ltr'>procurasse,</span> <span class='ocrx_word' id='word_1_125' title='bbox 3237 612 3310 666; x_wconf 85' lang='lat' dir='ltr'>sit</span> <span class='ocrx_word' id='word_1_126' title='bbox 3322 613 3708 683; x_wconf 88' lang='lat' dir='ltr'>acceptabile,</span> 
     </span>
    </p>
   </div>
   <div class='ocr_carea' id='block_1_20' title="bbox 2083 697 3712 771">
    <p class='ocr_par' dir='ltr' id='par_1_20' title="bbox 2083 697 3712 771">
     <span class='ocr_line' id='line_1_20' title="bbox 2083 697 3712 771; baseline 0.002 -19"><span class='ocrx_word' id='word_1_127' title='bbox 2083 715 2117 752; x_wconf 91' lang='lat' dir='ltr'>a</span> <span class='ocrx_word' id='word_1_128' title='bbox 2143 698 2311 752; x_wconf 89' lang='lat' dir='ltr'>nobis</span> <span class='ocrx_word' id='word_1_129' title='bbox 2335 697 2576 753; x_wconf 85' lang='lat' dir='ltr'>inferius</span> <span class='ocrx_word' id='word_1_130' title='bbox 2611 699 2944 770; x_wconf 84' lang='lat' dir='ltr'>ascriptum,</span> <span class='ocrx_word' id='word_1_131' title='bbox 2979 703 3036 754; x_wconf 90' lang='lat' dir='ltr'>et</span> <span class='ocrx_word' id='word_1_132' title='bbox 3068 701 3285 755; x_wconf 92' lang='lat' dir='ltr'>domno</span> <span class='ocrx_word' id='word_1_133' title='bbox 3314 700 3597 771; x_wconf 85' lang='lat' dir='ltr'>Gregorio</span> <span class='ocrx_word' id='word_1_134' title='bbox 3646 705 3712 756; x_wconf 88' lang='lat' dir='ltr'>et</span> 
     </span>
    </p>
   </div>
   <div class='ocr_carea' id='block_1_21' title="bbox 2087 786 3705 862">
    <p class='ocr_par' dir='ltr' id='par_1_21' title="bbox 2087 786 3705 862">
     <span class='ocr_line' id='line_1_21' title="bbox 2087 786 3705 862; baseline 0.002 -22"><span class='ocrx_word' id='word_1_135' title='bbox 2087 786 2319 842; x_wconf 80' lang='lat' dir='ltr'>domnae</span> <span class='ocrx_word' id='word_1_136' title='bbox 2363 789 2551 843; x_wconf 66' lang='lat' dir='ltr'>Maria:</span> <span class='ocrx_word' id='word_1_137' title='bbox 2600 790 2932 860; x_wconf 89' lang='lat' dir='ltr'>genitorum</span> <span class='ocrx_word' id='word_1_138' title='bbox 2986 807 3273 857; x_wconf 91' lang='lat' dir='ltr'>meorum,</span> <span class='ocrx_word' id='word_1_139' title='bbox 3306 807 3412 862; x_wconf 88' lang='lat' dir='ltr'>pro</span> <span class='ocrx_word' id='word_1_140' title='bbox 3444 807 3705 862; x_wconf 85' lang='lat' dir='ltr'>quorum</span> 
     </span>
    </p>
   </div>
   <div class='ocr_carea' id='block_1_22' title="bbox 2088 878 3706 950">
    <p class='ocr_par' dir='ltr' id='par_1_22' title="bbox 2088 878 3706 950">
     <span class='ocr_line' id='line_1_22' title="bbox 2088 878 3706 950; baseline 0.001 -20"><span class='ocrx_word' id='word_1_141' title='bbox 2088 893 2288 932; x_wconf 91' lang='lat' dir='ltr'>amore</span> <span class='ocrx_word' id='word_1_142' title='bbox 2315 881 2370 931; x_wconf 89' lang='lat' dir='ltr'>et</span> <span class='ocrx_word' id='word_1_143' title='bbox 2402 878 2568 932; x_wconf 89' lang='lat' dir='ltr'>venia</span> <span class='ocrx_word' id='word_1_144' title='bbox 2596 895 2978 950; x_wconf 89' lang='lat' dir='ltr'>meorumque</span> <span class='ocrx_word' id='word_1_145' title='bbox 3022 879 3360 934; x_wconf 89' lang='lat' dir='ltr'>delictorum</span> <span class='ocrx_word' id='word_1_146' title='bbox 3395 879 3598 945; x_wconf 77' lang='lat' dir='ltr'>offero,</span> <span class='ocrx_word' id='word_1_147' title='bbox 3637 884 3706 933; x_wconf 89' lang='lat' dir='ltr'>ut</span> 
     </span>
    </p>
   </div>
   <div class='ocr_carea' id='block_1_23' title="bbox 2090 966 3709 1022">
    <p class='ocr_par' dir='ltr' id='par_1_23' title="bbox 2090 966 3709 1022">
     <span class='ocr_line' id='line_1_23' title="bbox 2090 966 3709 1022; baseline 0.001 -2"><span class='ocrx_word' id='word_1_148' title='bbox 2090 967 2162 1020; x_wconf 93' lang='lat' dir='ltr'>ab</span> <span class='ocrx_word' id='word_1_149' title='bbox 2175 966 2378 1021; x_wconf 90' lang='lat' dir='ltr'>eodem</span> <span class='ocrx_word' id='word_1_150' title='bbox 2401 966 2648 1022; x_wconf 91' lang='lat' dir='ltr'>Domino</span> <span class='ocrx_word' id='word_1_151' title='bbox 2664 968 2779 1022; x_wconf 89' lang='lat' dir='ltr'>Deo</span> <span class='ocrx_word' id='word_1_152' title='bbox 2802 971 2998 1022; x_wconf 89' lang='lat' dir='ltr'>nostro</span> <span class='ocrx_word' id='word_1_153' title='bbox 3014 967 3384 1022; x_wconf 83' lang='lat' dir='ltr'>sanctissimis</span> <span class='ocrx_word' id='word_1_154' title='bbox 3400 969 3513 1022; x_wconf 84' lang='lat' dir='ltr'>suis</span> <span class='ocrx_word' id='word_1_155' title='bbox 3535 969 3709 1022; x_wconf 86' lang='lat' dir='ltr'>mise-</span> 
     </span>
    </p>
   </div>
   <div class='ocr_carea' id='block_1_24' title="bbox 2089 1055 3705 1112">
    <p class='ocr_par' dir='ltr' id='par_1_24' title="bbox 2089 1055 3705 1112">
     <span class='ocr_line' id='line_1_24' title="bbox 2089 1055 3705 1112; baseline 0.002 -4"><span class='ocrx_word' id='word_1_156' title='bbox 2089 1055 2478 1110; x_wconf 89' lang='lat' dir='ltr'>rationibusin</span> <span class='ocrx_word' id='word_1_157' title='bbox 2501 1055 2746 1110; x_wconf 89' lang='lat' dir='ltr'>ethereis</span> <span class='ocrx_word' id='word_1_158' title='bbox 2765 1056 2989 1110; x_wconf 89' lang='lat' dir='ltr'>arcibus</span> <span class='ocrx_word' id='word_1_159' title='bbox 3002 1056 3332 1111; x_wconf 83' lang='lat' dir='ltr'>conferatur</span> <span class='ocrx_word' id='word_1_160' title='bbox 3354 1073 3478 1111; x_wconf 89' lang='lat' dir='ltr'>rem</span> <span class='ocrx_word' id='word_1_161' title='bbox 3490 1074 3705 1112; x_wconf 87' lang='lat' dir='ltr'>unera-</span> 
     </span>
    </p>
   </div>
   <div class='ocr_carea' id='block_1_25' title="bbox 2095 1142 3708 1217">
    <p class='ocr_par' dir='ltr' id='par_1_25' title="bbox 2095 1142 3708 1217">
     <span class='ocr_line' id='line_1_25' title="bbox 2095 1142 3708 1217; baseline 0.003 -21"><span class='ocrx_word' id='word_1_162' title='bbox 2095 1142 2257 1210; x_wconf 92' lang='lat' dir='ltr'>tio,et</span> <span class='ocrx_word' id='word_1_163' title='bbox 2270 1144 2497 1198; x_wconf 89' lang='lat' dir='ltr'>veniam</span> <span class='ocrx_word' id='word_1_164' title='bbox 2513 1143 2854 1199; x_wconf 90' lang='lat' dir='ltr'>delictorum</span> <span class='ocrx_word' id='word_1_165' title='bbox 2869 1143 3129 1199; x_wconf 91' lang='lat' dir='ltr'>omnium</span> <span class='ocrx_word' id='word_1_166' title='bbox 3143 1146 3419 1217; x_wconf 85' lang='lat' dir='ltr'>consequi</span> <span class='ocrx_word' id='word_1_167' title='bbox 3437 1163 3708 1201; x_wconf 83' lang='lat' dir='ltr'>merean-</span> 
     </span>
    </p>
   </div>
   <div class='ocr_carea' id='block_1_26' title="bbox 2093 1231 3707 1304">
    <p class='ocr_par' dir='ltr' id='par_1_26' title="bbox 2093 1231 3707 1304">
     <span class='ocr_line' id='line_1_26' title="bbox 2093 1231 3707 1304; baseline 0.003 -19"><span class='ocrx_word' id='word_1_168' title='bbox 2093 1235 2204 1285; x_wconf 91' lang='lat' dir='ltr'>tur.</span> <span class='ocrx_word' id='word_1_169' title='bbox 2239 1231 2604 1304; x_wconf 86' lang='lat' dir='ltr'>Quapropter</span> <span class='ocrx_word' id='word_1_170' title='bbox 2625 1249 2732 1304; x_wconf 90' lang='lat' dir='ltr'>ego</span> <span class='ocrx_word' id='word_1_171' title='bbox 2755 1233 3173 1304; x_wconf 90' lang='lat' dir='ltr'>suprascriptus</span> <span class='ocrx_word' id='word_1_172' title='bbox 3184 1233 3435 1288; x_wconf 90' lang='lat' dir='ltr'>domnus</span> <span class='ocrx_word' id='word_1_173' title='bbox 3453 1235 3707 1290; x_wconf 87' lang='lat' dir='ltr'>Benedi-</span> 
     </span>
    </p>
   </div>
   <div class='ocr_carea' id='block_1_27' title="bbox 2090 1321 3704 1393">
    <p class='ocr_par' dir='ltr' id='par_1_27' title="bbox 2090 1321 3704 1393">
     <span class='ocr_line' id='line_1_27' title="bbox 2090 1321 3704 1393; baseline 0.003 -19"><span class='ocrx_word' id='word_1_174' title='bbox 2090 1323 2212 1374; x_wconf 86' lang='lat' dir='ltr'>ctus</span> <span class='ocrx_word' id='word_1_175' title='bbox 2243 1321 2411 1374; x_wconf 82' lang='lat' dir='ltr'>almae</span> <span class='ocrx_word' id='word_1_176' title='bbox 2442 1321 2640 1375; x_wconf 72' lang='lat' dir='ltr'>Romaa</span> <span class='ocrx_word' id='word_1_177' title='bbox 2666 1321 2872 1393; x_wconf 69' lang='lat' dir='ltr'>przesul</span> <span class='ocrx_word' id='word_1_178' title='bbox 2912 1337 2946 1376; x_wconf 92' lang='lat' dir='ltr'>a</span> <span class='ocrx_word' id='word_1_179' title='bbox 2975 1321 3353 1392; x_wconf 67' lang='lat' dir='ltr'>przesentidie</span> <span class='ocrx_word' id='word_1_180' title='bbox 3385 1323 3483 1390; x_wconf 87' lang='lat' dir='ltr'>do,</span> <span class='ocrx_word' id='word_1_181' title='bbox 3518 1323 3704 1390; x_wconf 90' lang='lat' dir='ltr'>dono,</span> 
     </span>
    </p>
   </div>
   <div class='ocr_carea' id='block_1_28' title="bbox 2089 1409 3706 1484">
    <p class='ocr_par' dir='ltr' id='par_1_28' title="bbox 2089 1409 3706 1484">
     <span class='ocr_line' id='line_1_28' title="bbox 2089 1409 3706 1484; baseline 0.002 -21"><span class='ocrx_word' id='word_1_182' title='bbox 2089 1409 2252 1475; x_wconf 92' lang='lat' dir='ltr'>cedo,</span> <span class='ocrx_word' id='word_1_183' title='bbox 2282 1410 2448 1463; x_wconf 88' lang='lat' dir='ltr'>trado</span> <span class='ocrx_word' id='word_1_184' title='bbox 2481 1413 2538 1463; x_wconf 90' lang='lat' dir='ltr'>et</span> <span class='ocrx_word' id='word_1_185' title='bbox 2564 1409 3016 1464; x_wconf 89' lang='lat' dir='ltr'>irrevocabiliter</span> <span class='ocrx_word' id='word_1_186' title='bbox 3054 1410 3289 1481; x_wconf 90' lang='lat' dir='ltr'>largior,</span> <span class='ocrx_word' id='word_1_187' title='bbox 3325 1411 3499 1466; x_wconf 88' lang='lat' dir='ltr'>simul</span> <span class='ocrx_word' id='word_1_188' title='bbox 3526 1417 3706 1484; x_wconf 87' lang='lat' dir='ltr'>atque</span> 
     </span>
    </p>
   </div>
   <div class='ocr_carea' id='block_1_29' title="bbox 2091 1498 3704 1571">
    <p class='ocr_par' dir='ltr' id='par_1_29' title="bbox 2091 1498 3704 1571">
     <span class='ocr_line' id='line_1_29' title="bbox 2091 1498 3704 1571; baseline 0.002 -19"><span class='ocrx_word' id='word_1_189' title='bbox 2091 1498 2342 1553; x_wconf 89' lang='lat' dir='ltr'>concedo</span> <span class='ocrx_word' id='word_1_190' title='bbox 2365 1515 2432 1552; x_wconf 86' lang='lat' dir='ltr'>ex</span> <span class='ocrx_word' id='word_1_191' title='bbox 2460 1498 2692 1570; x_wconf 90' lang='lat' dir='ltr'>propria</span> <span class='ocrx_word' id='word_1_192' title='bbox 2718 1515 2850 1553; x_wconf 89' lang='lat' dir='ltr'>mea</span> <span class='ocrx_word' id='word_1_193' title='bbox 2874 1499 3214 1564; x_wconf 88' lang='lat' dir='ltr'>substantia,</span> <span class='ocrx_word' id='word_1_194' title='bbox 3239 1502 3497 1570; x_wconf 89' lang='lat' dir='ltr'>propria,</span> <span class='ocrx_word' id='word_1_195' title='bbox 3521 1517 3704 1571; x_wconf 89' lang='lat' dir='ltr'>spon-</span> 
     </span>
    </p>
   </div>
   <div class='ocr_carea' id='block_1_30' title="bbox 2086 1586 3709 1658">
    <p class='ocr_par' dir='ltr' id='par_1_30' title="bbox 2086 1586 3709 1658">
     <span class='ocr_line' id='line_1_30' title="bbox 2086 1586 3709 1658; baseline 0.002 -19"><span class='ocrx_word' id='word_1_196' title='bbox 2086 1589 2284 1652; x_wconf 88' lang='lat' dir='ltr'>tanea,</span> <span class='ocrx_word' id='word_1_197' title='bbox 2316 1603 2561 1658; x_wconf 90' lang='lat' dir='ltr'>meaque</span> <span class='ocrx_word' id='word_1_198' title='bbox 2579 1588 2891 1654; x_wconf 86' lang='lat' dir='ltr'>voluntate,</span> <span class='ocrx_word' id='word_1_199' title='bbox 2921 1586 3099 1652; x_wconf 89' lang='lat' dir='ltr'>vobis,</span> <span class='ocrx_word' id='word_1_200' title='bbox 3127 1587 3330 1653; x_wconf 87' lang='lat' dir='ltr'>Guido,</span> <span class='ocrx_word' id='word_1_201' title='bbox 3354 1588 3709 1643; x_wconf 80' lang='lat' dir='ltr'>venerabilis</span> 
     </span>
    </p>
   </div>
   <div class='ocr_carea' id='block_1_31' title="bbox 365 1674 3708 1764">
    <p class='ocr_par' dir='ltr' id='par_1_31' title="bbox 365 1674 3708 1764">
     <span class='ocr_line' id='line_1_31' title="bbox 365 1674 3708 1764; baseline -0.006 -18"><span class='ocrx_word' id='word_1_202' title='bbox 365 1709 400 1746; x_wconf 91' lang='lat' dir='ltr'>a</span> <span class='ocrx_word' id='word_1_203' title='bbox 431 1689 702 1764; x_wconf 56' lang='lat' dir='ltr'>presenti</span> <span class='ocrx_word' id='word_1_204' title='bbox 719 1687 1040 1742; x_wconf 89' lang='lat' dir='ltr'>indictione</span> <span class='ocrx_word' id='word_1_205' title='bbox 1062 1705 1116 1742; x_wconf 74' lang='lat' dir='ltr'><strong>xx</strong></span> <span class='ocrx_word' id='word_1_206' title='bbox 1139 1687 1300 1742; x_wconf 90' lang='lat' dir='ltr'>vobis</span> <span class='ocrx_word' id='word_1_207' title='bbox 1313 1688 1630 1758; x_wconf 89' lang='lat' dir='ltr'>vestrisque</span> <span class='ocrx_word' id='word_1_208' title='bbox 1647 1687 1983 1741; x_wconf 85' lang='lat' dir='ltr'>successori-</span> <span class='ocrx_word' id='word_1_209' title='bbox 2009 1698 2059 1756; x_wconf 85' lang='grc' dir='ltr'>Β</span> <span class='ocrx_word' id='word_1_210' title='bbox 2086 1674 2392 1764; x_wconf 59' lang='lat' dir='ltr'>presbyter</span> <span class='ocrx_word' id='word_1_211' title='bbox 2413 1677 2470 1728; x_wconf 73' lang='lat' dir='ltr'>et</span> <span class='ocrx_word' id='word_1_212' title='bbox 2491 1675 2808 1764; x_wconf 82' lang='lat' dir='ltr'>monachus</span> <span class='ocrx_word' id='word_1_213' title='bbox 2821 1678 2992 1764; x_wconf 83' lang='lat' dir='ltr'>atque</span> <span class='ocrx_word' id='word_1_214' title='bbox 3011 1675 3192 1764; x_wconf 78' lang='lat' dir='ltr'>abbas</span> <span class='ocrx_word' id='word_1_215' title='bbox 3209 1692 3272 1728; x_wconf 92' lang='lat' dir='ltr'>ve</span> <span class='ocrx_word' id='word_1_216' title='bbox 3283 1676 3562 1730; x_wconf 86' lang='lat' dir='ltr'>nerabilis</span> <span class='ocrx_word' id='word_1_217' title='bbox 3573 1695 3708 1732; x_wconf 83' lang='lat' dir='ltr'>mo-</span> 
     </span>
    </p>
   </div>
   <div class='ocr_carea' id='block_1_32' title="bbox 363 1775 1980 1849">
    <p class='ocr_par' dir='ltr' id='par_1_32' title="bbox 363 1775 1980 1849">
     <span class='ocr_line' id='line_1_32' title="bbox 363 1775 1980 1849; baseline -0.003 -14"><span class='ocrx_word' id='word_1_218' title='bbox 363 1780 470 1835; x_wconf 90' lang='lat' dir='ltr'>bus</span> <span class='ocrx_word' id='word_1_219' title='bbox 491 1778 710 1849; x_wconf 87' lang='lat' dir='ltr'>absque</span> <span class='ocrx_word' id='word_1_220' title='bbox 730 1775 958 1831; x_wconf 91' lang='lat' dir='ltr'>reddito</span> <span class='ocrx_word' id='word_1_221' title='bbox 979 1777 1064 1830; x_wconf 91' lang='lat' dir='ltr'>vel</span> <span class='ocrx_word' id='word_1_222' title='bbox 1081 1792 1254 1831; x_wconf 88' lang='lat' dir='ltr'>censu</span> <span class='ocrx_word' id='word_1_223' title='bbox 1275 1776 1687 1847; x_wconf 83' lang='lat' dir='ltr'>perpetualiter</span> <span class='ocrx_word' id='word_1_224' title='bbox 1711 1776 1980 1830; x_wconf 87' lang='lat' dir='ltr'>detinen-</span> 
     </span>
    </p>
   </div>
   <div class='ocr_carea' id='block_1_33' title="bbox 362 1863 1976 1935">
    <p class='ocr_par' dir='ltr' id='par_1_33' title="bbox 362 1863 1976 1935">
     <span class='ocr_line' id='line_1_33' title="bbox 362 1863 1976 1935; baseline -0.002 -14"><span class='ocrx_word' id='word_1_225' title='bbox 362 1865 521 1921; x_wconf 90' lang='lat' dir='ltr'>dum.</span> <span class='ocrx_word' id='word_1_226' title='bbox 573 1865 912 1920; x_wconf 89' lang='lat' dir='ltr'>Statuentes</span> <span class='ocrx_word' id='word_1_227' title='bbox 941 1864 1256 1935; x_wconf 90' lang='lat' dir='ltr'>apostolica</span> <span class='ocrx_word' id='word_1_228' title='bbox 1285 1881 1524 1918; x_wconf 90' lang='lat' dir='ltr'>censura</span> <span class='ocrx_word' id='word_1_229' title='bbox 1553 1867 1611 1918; x_wconf 83' lang='lat' dir='ltr'>et</span> <span class='ocrx_word' id='word_1_230' title='bbox 1636 1863 1976 1918; x_wconf 88' lang='lat' dir='ltr'>auctoritate</span> 
     </span>
    </p>
   </div>
   <div class='ocr_carea' id='block_1_34' title="bbox 359 1950 1972 2025">
    <p class='ocr_par' dir='ltr' id='par_1_34' title="bbox 359 1950 1972 2025">
     <span class='ocr_line' id='line_1_34' title="bbox 359 1950 1972 2025; baseline -0.003 -16"><span class='ocrx_word' id='word_1_231' title='bbox 359 1953 515 2009; x_wconf 89' lang='lat' dir='ltr'>beati</span> <span class='ocrx_word' id='word_1_232' title='bbox 549 1951 700 2008; x_wconf 89' lang='lat' dir='ltr'>Petri</span> <span class='ocrx_word' id='word_1_233' title='bbox 738 1953 1130 2025; x_wconf 87' lang='lat' dir='ltr'>apostolorum</span> <span class='ocrx_word' id='word_1_234' title='bbox 1155 1951 1448 2025; x_wconf 90' lang='lat' dir='ltr'>principis,</span> <span class='ocrx_word' id='word_1_235' title='bbox 1471 1952 1574 2005; x_wconf 87' lang='lat' dir='ltr'>sub</span> <span class='ocrx_word' id='word_1_236' title='bbox 1592 1950 1796 2004; x_wconf 89' lang='lat' dir='ltr'>divinis</span> <span class='ocrx_word' id='word_1_237' title='bbox 1813 1951 1972 2005; x_wconf 89' lang='lat' dir='ltr'>obte-</span> 
     </span>
    </p>
   </div>
   <div class='ocr_carea' id='block_1_35' title="bbox 360 2038 1970 2098">
    <p class='ocr_par' dir='ltr' id='par_1_35' title="bbox 360 2038 1970 2098">
     <span class='ocr_line' id='line_1_35' title="bbox 360 2038 1970 2098; baseline -0.003 -2"><span class='ocrx_word' id='word_1_238' title='bbox 360 2042 710 2098; x_wconf 86' lang='lat' dir='ltr'>stationibus</span> <span class='ocrx_word' id='word_1_239' title='bbox 733 2045 790 2096; x_wconf 91' lang='lat' dir='ltr'>et</span> <span class='ocrx_word' id='word_1_240' title='bbox 812 2040 1199 2096; x_wconf 90' lang='lat' dir='ltr'>anathematis</span> <span class='ocrx_word' id='word_1_241' title='bbox 1222 2039 1810 2094; x_wconf 75' lang='lat' dir='ltr'>interdictionibusut</span> <span class='ocrx_word' id='word_1_242' title='bbox 1832 2038 1970 2092; x_wconf 88' lang='lat' dir='ltr'>nulli</span> 
     </span>
    </p>
   </div>
   <div class='ocr_carea' id='block_1_36' title="bbox 365 2127 1971 2204">
    <p class='ocr_par' dir='ltr' id='par_1_36' title="bbox 365 2127 1971 2204">
     <span class='ocr_line' id='line_1_36' title="bbox 365 2127 1971 2204; baseline -0.004 -18"><span class='ocrx_word' id='word_1_243' title='bbox 365 2149 622 2204; x_wconf 91' lang='lat' dir='ltr'>unquam</span> <span class='ocrx_word' id='word_1_244' title='bbox 646 2146 1038 2186; x_wconf 89' lang='lat' dir='ltr'>successorum</span> <span class='ocrx_word' id='word_1_245' title='bbox 1060 2133 1390 2184; x_wconf 88' lang='lat' dir='ltr'>nostrorum</span> <span class='ocrx_word' id='word_1_246' title='bbox 1409 2145 1713 2201; x_wconf 91' lang='lat' dir='ltr'>paparum,</span> <span class='ocrx_word' id='word_1_247' title='bbox 1738 2128 1824 2181; x_wconf 87' lang='lat' dir='ltr'>vel</span> <span class='ocrx_word' id='word_1_248' title='bbox 1847 2127 1971 2181; x_wconf 69' lang='lat' dir='ltr'>alim</span> 
     </span>
    </p>
   </div>
   <div class='ocr_carea' id='block_1_37' title="bbox 363 2217 1975 2292">
    <p class='ocr_par' dir='ltr' id='par_1_37' title="bbox 363 2217 1975 2292">
     <span class='ocr_line' id='line_1_37' title="bbox 363 2217 1975 2292; baseline -0.002 -17"><span class='ocrx_word' id='word_1_249' title='bbox 363 2220 601 2276; x_wconf 85' lang='lat' dir='ltr'>cuilibet</span> <span class='ocrx_word' id='word_1_250' title='bbox 626 2236 857 2292; x_wconf 74' lang='lat' dir='ltr'>magnae</span> <span class='ocrx_word' id='word_1_251' title='bbox 890 2235 1196 2292; x_wconf 83' lang='lat' dir='ltr'>parvaeque</span> <span class='ocrx_word' id='word_1_252' title='bbox 1228 2234 1511 2290; x_wconf 80' lang='lat' dir='ltr'>personae,</span> <span class='ocrx_word' id='word_1_253' title='bbox 1543 2235 1648 2290; x_wconf 91' lang='lat' dir='ltr'>per</span> <span class='ocrx_word' id='word_1_254' title='bbox 1675 2217 1975 2272; x_wconf 89' lang='lat' dir='ltr'>nominata</span> 
     </span>
    </p>
   </div>
   <div class='ocr_carea' id='block_1_38' title="bbox 359 2306 1976 2381">
    <p class='ocr_par' dir='ltr' id='par_1_38' title="bbox 359 2306 1976 2381">
     <span class='ocr_line' id='line_1_38' title="bbox 359 2306 1976 2381; baseline -0.003 -17"><span class='ocrx_word' id='word_1_255' title='bbox 359 2311 489 2364; x_wconf 94' lang='lat' dir='ltr'>loca</span> <span class='ocrx_word' id='word_1_256' title='bbox 520 2326 554 2362; x_wconf 92' lang='lat' dir='ltr'>a</span> <span class='ocrx_word' id='word_1_257' title='bbox 584 2311 870 2381; x_wconf 87' lang='lat' dir='ltr'>potestate</span> <span class='ocrx_word' id='word_1_258' title='bbox 917 2310 975 2362; x_wconf 91' lang='lat' dir='ltr'>et</span> <span class='ocrx_word' id='word_1_259' title='bbox 1021 2306 1274 2362; x_wconf 84' lang='lat' dir='ltr'>dictione</span> <span class='ocrx_word' id='word_1_260' title='bbox 1309 2310 1496 2361; x_wconf 91' lang='lat' dir='ltr'>vestra</span> <span class='ocrx_word' id='word_1_261' title='bbox 1539 2310 1976 2376; x_wconf 82' lang='lat' dir='ltr'>vestrorumque</span> 
     </span>
    </p>
   </div>
   <div class='ocr_carea' id='block_1_39' title="bbox 360 2395 1974 2462">
    <p class='ocr_par' dir='ltr' id='par_1_39' title="bbox 360 2395 1974 2462">
     <span class='ocr_line' id='line_1_39' title="bbox 360 2395 1974 2462; baseline -0.003 -10"><span class='ocrx_word' id='word_1_262' title='bbox 360 2413 785 2462; x_wconf 88' lang='lat' dir='ltr'>successorum,</span> <span class='ocrx_word' id='word_1_263' title='bbox 820 2412 885 2450; x_wconf 92' lang='lat' dir='ltr'>ac</span> <span class='ocrx_word' id='word_1_264' title='bbox 912 2395 1082 2450; x_wconf 88' lang='lat' dir='ltr'>vestri</span> <span class='ocrx_word' id='word_1_265' title='bbox 1108 2395 1444 2449; x_wconf 88' lang='lat' dir='ltr'>monasterii</span> <span class='ocrx_word' id='word_1_266' title='bbox 1475 2395 1700 2448; x_wconf 88' lang='lat' dir='ltr'>auferre</span> <span class='ocrx_word' id='word_1_267' title='bbox 1723 2395 1807 2447; x_wconf 92' lang='lat' dir='ltr'>vel</span> <span class='ocrx_word' id='word_1_268' title='bbox 1838 2395 1974 2448; x_wconf 89' lang='lat' dir='ltr'>alie-</span> 
     </span>
    </p>
   </div>
   <div class='ocr_carea' id='block_1_40' title="bbox 361 2481 1975 2556">
    <p class='ocr_par' dir='ltr' id='par_1_40' title="bbox 361 2481 1975 2556">
     <span class='ocr_line' id='line_1_40' title="bbox 361 2481 1975 2556; baseline -0.003 -14"><span class='ocrx_word' id='word_1_269' title='bbox 361 2503 504 2542; x_wconf 91' lang='lat' dir='ltr'>nare</span> <span class='ocrx_word' id='word_1_270' title='bbox 542 2501 777 2556; x_wconf 89' lang='lat' dir='ltr'>quoquo</span> <span class='ocrx_word' id='word_1_271' title='bbox 801 2483 979 2538; x_wconf 91' lang='lat' dir='ltr'>modo</span> <span class='ocrx_word' id='word_1_272' title='bbox 997 2483 1183 2538; x_wconf 89' lang='lat' dir='ltr'>liceat.</span> <span class='ocrx_word' id='word_1_273' title='bbox 1213 2482 1269 2538; x_wconf 92' lang='lat' dir='ltr'>Si</span> <span class='ocrx_word' id='word_1_274' title='bbox 1291 2483 1416 2554; x_wconf 91' lang='lat' dir='ltr'>quis</span> <span class='ocrx_word' id='word_1_275' title='bbox 1443 2487 1636 2536; x_wconf 90' lang='lat' dir='ltr'>autem</span> <span class='ocrx_word' id='word_1_276' title='bbox 1668 2481 1975 2537; x_wconf 89' lang='lat' dir='ltr'>temerario</span> 
     </span>
    </p>
   </div>
   <div class='ocr_carea' id='block_1_41' title="bbox 374 2570 1974 2642">
    <p class='ocr_par' dir='ltr' id='par_1_41' title="bbox 374 2570 1974 2642">
     <span class='ocr_line' id='line_1_41' title="bbox 374 2570 1974 2642; baseline -0.002 -14"><span class='ocrx_word' id='word_1_277' title='bbox 374 2589 516 2628; x_wconf 89' lang='lat' dir='ltr'>ausu</span> <span class='ocrx_word' id='word_1_278' title='bbox 546 2587 764 2642; x_wconf 85' lang='lat' dir='ltr'>magna</span> <span class='ocrx_word' id='word_1_279' title='bbox 791 2586 1083 2642; x_wconf 87' lang='lat' dir='ltr'>parvaque</span> <span class='ocrx_word' id='word_1_280' title='bbox 1112 2587 1364 2642; x_wconf 88' lang='lat' dir='ltr'>persona</span> <span class='ocrx_word' id='word_1_281' title='bbox 1393 2573 1596 2625; x_wconf 88' lang='lat' dir='ltr'>contra</span> <span class='ocrx_word' id='word_1_282' title='bbox 1615 2571 1723 2625; x_wconf 92' lang='lat' dir='ltr'>hoc</span> <span class='ocrx_word' id='word_1_283' title='bbox 1749 2570 1974 2641; x_wconf 91' lang='lat' dir='ltr'>privile-</span> 
     </span>
    </p>
   </div>
   <div class='ocr_carea' id='block_1_42' title="bbox 369 2659 1974 2733">
    <p class='ocr_par' dir='ltr' id='par_1_42' title="bbox 369 2659 1974 2733">
     <span class='ocr_line' id='line_1_42' title="bbox 369 2659 1974 2733; baseline -0.001 -18"><span class='ocrx_word' id='word_1_284' title='bbox 369 2661 528 2733; x_wconf 88' lang='lat' dir='ltr'>gium</span> <span class='ocrx_word' id='word_1_285' title='bbox 566 2675 740 2732; x_wconf 89' lang='lat' dir='ltr'>agere</span> <span class='ocrx_word' id='word_1_286' title='bbox 765 2659 1216 2732; x_wconf 63' lang='lat' dir='ltr'>prwsumpserit,</span> <span class='ocrx_word' id='word_1_287' title='bbox 1245 2659 1385 2714; x_wconf 92' lang='lat' dir='ltr'>sciat</span> <span class='ocrx_word' id='word_1_288' title='bbox 1407 2675 1465 2714; x_wconf 89' lang='lat' dir='ltr'>se</span> <span class='ocrx_word' id='word_1_289' title='bbox 1487 2676 1520 2713; x_wconf 93' lang='lat' dir='ltr'>a</span> <span class='ocrx_word' id='word_1_290' title='bbox 1549 2661 1665 2714; x_wconf 93' lang='lat' dir='ltr'>Deo</span> <span class='ocrx_word' id='word_1_291' title='bbox 1698 2661 1974 2728; x_wconf 90' lang='lat' dir='ltr'>alienum,</span> 
     </span>
    </p>
   </div>
   <div class='ocr_carea' id='block_1_43' title="bbox 365 2746 1975 2820">
    <p class='ocr_par' dir='ltr' id='par_1_43' title="bbox 365 2746 1975 2820">
     <span class='ocr_line' id='line_1_43' title="bbox 365 2746 1975 2820; baseline -0.001 -15"><span class='ocrx_word' id='word_1_292' title='bbox 365 2752 426 2805; x_wconf 89' lang='lat' dir='ltr'>et</span> <span class='ocrx_word' id='word_1_293' title='bbox 451 2765 583 2804; x_wconf 88' lang='lat' dir='ltr'>cum</span> <span class='ocrx_word' id='word_1_294' title='bbox 608 2746 1084 2820; x_wconf 90' lang='lat' dir='ltr'>omnibusimpiis</span> <span class='ocrx_word' id='word_1_295' title='bbox 1097 2747 1597 2802; x_wconf 65' lang='lat' dir='ltr'>aaternoincendio</span> <span class='ocrx_word' id='word_1_296' title='bbox 1620 2764 1684 2802; x_wconf 91' lang='lat' dir='ltr'>ac</span> <span class='ocrx_word' id='word_1_297' title='bbox 1699 2748 1975 2819; x_wconf 90' lang='lat' dir='ltr'>supplicio</span> 
     </span>
    </p>
   </div>
   <div class='ocr_carea' id='block_1_44' title="bbox 361 2834 1973 2907">
    <p class='ocr_par' dir='ltr' id='par_1_44' title="bbox 361 2834 1973 2907">
     <span class='ocr_line' id='line_1_44' title="bbox 361 2834 1973 2907; baseline -0.001 -14"><span class='ocrx_word' id='word_1_298' title='bbox 361 2837 840 2894; x_wconf 90' lang='lat' dir='ltr'>condemnatum.</span> <span class='ocrx_word' id='word_1_299' title='bbox 865 2836 1086 2890; x_wconf 78' lang='lat' dir='ltr'>Atvero</span> <span class='ocrx_word' id='word_1_300' title='bbox 1109 2836 1206 2907; x_wconf 88' lang='lat' dir='ltr'>qui</span> <span class='ocrx_word' id='word_1_301' title='bbox 1234 2834 1328 2906; x_wconf 93' lang='lat' dir='ltr'>pio</span> <span class='ocrx_word' id='word_1_302' title='bbox 1347 2835 1557 2889; x_wconf 91' lang='lat' dir='ltr'>intuitu</span> <span class='ocrx_word' id='word_1_303' title='bbox 1575 2839 1762 2890; x_wconf 91' lang='lat' dir='ltr'>custos</span> <span class='ocrx_word' id='word_1_304' title='bbox 1785 2840 1841 2890; x_wconf 92' lang='lat' dir='ltr'>et</span> <span class='ocrx_word' id='word_1_305' title='bbox 1871 2837 1973 2891; x_wconf 91' lang='lat' dir='ltr'>ob-</span> 
     </span>
    </p>
   </div>
   <div class='ocr_carea' id='block_1_45' title="bbox 362 2923 1971 2996">
    <p class='ocr_par' dir='ltr' id='par_1_45' title="bbox 362 2923 1971 2996">
     <span class='ocr_line' id='line_1_45' title="bbox 362 2923 1971 2996; baseline -0.001 -15"><span class='ocrx_word' id='word_1_306' title='bbox 362 2928 614 2982; x_wconf 87' lang='lat' dir='ltr'>servator</span> <span class='ocrx_word' id='word_1_307' title='bbox 660 2925 830 2996; x_wconf 87' lang='lat' dir='ltr'>hujus</span> <span class='ocrx_word' id='word_1_308' title='bbox 869 2924 1050 2979; x_wconf 90' lang='lat' dir='ltr'>nostri</span> <span class='ocrx_word' id='word_1_309' title='bbox 1093 2923 1374 2995; x_wconf 88' lang='lat' dir='ltr'>privilegii</span> <span class='ocrx_word' id='word_1_310' title='bbox 1419 2923 1971 2994; x_wconf 81' lang='lat' dir='ltr'>exstiterit,gratiam</span> 
     </span>
    </p>
   </div>
   <div class='ocr_carea' id='block_1_46' title="bbox 363 2982 2040 3088">
    <p class='ocr_par' dir='ltr' id='par_1_46' title="bbox 363 2982 2040 3088">
     <span class='ocr_line' id='line_1_46' title="bbox 363 2982 2040 3088; baseline -0.004 -16"><span class='ocrx_word' id='word_1_311' title='bbox 363 3019 537 3088; x_wconf 89' lang='lat' dir='ltr'>atque</span> <span class='ocrx_word' id='word_1_312' title='bbox 570 3012 1062 3081; x_wconf 90' lang='lat' dir='ltr'>misericordiam,</span> <span class='ocrx_word' id='word_1_313' title='bbox 1099 3012 1392 3084; x_wconf 84' lang='lat' dir='ltr'>vitamque</span> <span class='ocrx_word' id='word_1_314' title='bbox 1432 3015 1710 3067; x_wconf 53' lang='lat' dir='ltr'>aeternam</span> <span class='ocrx_word' id='word_1_315' title='bbox 1735 3029 1768 3066; x_wconf 91' lang='lat' dir='ltr'>a</span> <span class='ocrx_word' id='word_1_316' title='bbox 1799 3012 1968 3067; x_wconf 90' lang='lat' dir='ltr'>mise-</span> <span class='ocrx_word' id='word_1_317' title='bbox 1992 2982 2040 3042; x_wconf 64' lang='grc' dir='ltr'>Ο</span> 
     </span>
    </p>
   </div>
   <div class='ocr_carea' id='block_1_47' title="bbox 361 3101 1973 3172">
    <p class='ocr_par' dir='ltr' id='par_1_47' title="bbox 361 3101 1973 3172">
     <span class='ocr_line' id='line_1_47' title="bbox 361 3101 1973 3172; baseline -0.004 -11"><span class='ocrx_word' id='word_1_318' title='bbox 361 3103 842 3161; x_wconf 87' lang='lat' dir='ltr'>ricordiosissimo</span> <span class='ocrx_word' id='word_1_319' title='bbox 878 3101 1127 3158; x_wconf 90' lang='lat' dir='ltr'>Domino</span> <span class='ocrx_word' id='word_1_320' title='bbox 1161 3103 1278 3156; x_wconf 93' lang='lat' dir='ltr'>Deo</span> <span class='ocrx_word' id='word_1_321' title='bbox 1311 3104 1507 3157; x_wconf 91' lang='lat' dir='ltr'>nostro</span> <span class='ocrx_word' id='word_1_322' title='bbox 1541 3102 1812 3172; x_wconf 87' lang='lat' dir='ltr'>consequi</span> <span class='ocrx_word' id='word_1_323' title='bbox 1853 3118 1973 3156; x_wconf 92' lang='lat' dir='ltr'>me-</span> 
     </span>
    </p>
   </div>
   <div class='ocr_carea' id='block_1_48' title="bbox 363 3190 1523 3249">
    <p class='ocr_par' dir='ltr' id='par_1_48' title="bbox 363 3190 1523 3249">
     <span class='ocr_line' id='line_1_48' title="bbox 363 3190 1523 3249; baseline -0.004 0"><span class='ocrx_word' id='word_1_324' title='bbox 363 3197 560 3249; x_wconf 84' lang='lat' dir='ltr'>reatur</span> <span class='ocrx_word' id='word_1_325' title='bbox 589 3193 647 3248; x_wconf 92' lang='lat' dir='ltr'>in</span> <span class='ocrx_word' id='word_1_326' title='bbox 681 3193 888 3247; x_wconf 69' lang='lat' dir='ltr'>saecula</span> <span class='ocrx_word' id='word_1_327' title='bbox 916 3190 1280 3246; x_wconf 65' lang='lat' dir='ltr'>saeculorum.</span> <span class='ocrx_word' id='word_1_328' title='bbox 1317 3191 1523 3244; x_wconf 83' lang='lat' dir='ltr'>Amen.</span> 
     </span>
    </p>
   </div>
   <div class='ocr_carea' id='block_1_49' title="bbox 439 3277 1968 3354">
    <p class='ocr_par' dir='ltr' id='par_1_49' title="bbox 439 3277 1968 3354">
     <span class='ocr_line' id='line_1_49' title="bbox 439 3277 1968 3354; baseline -0.002 -17"><span class='ocrx_word' id='word_1_329' title='bbox 439 3280 732 3354; x_wconf 88' lang='lat' dir='ltr'>Scriptum</span> <span class='ocrx_word' id='word_1_330' title='bbox 759 3295 865 3351; x_wconf 91' lang='lat' dir='ltr'>per</span> <span class='ocrx_word' id='word_1_331' title='bbox 876 3295 1084 3334; x_wconf 90' lang='lat' dir='ltr'>manus</span> <span class='ocrx_word' id='word_1_332' title='bbox 1105 3277 1394 3333; x_wconf 89' lang='lat' dir='ltr'>Benedicti</span> <span class='ocrx_word' id='word_1_333' title='bbox 1411 3278 1721 3349; x_wconf 89' lang='lat' dir='ltr'>regionarii</span> <span class='ocrx_word' id='word_1_334' title='bbox 1737 3279 1968 3347; x_wconf 90' lang='lat' dir='ltr'>notarii,</span> 
     </span>
    </p>
   </div>
   <div class='ocr_carea' id='block_1_50' title="bbox 364 3366 1967 3439">
    <p class='ocr_par' dir='ltr' id='par_1_50' title="bbox 364 3366 1967 3439">
     <span class='ocr_line' id='line_1_50' title="bbox 364 3366 1967 3439; baseline -0.002 -14"><span class='ocrx_word' id='word_1_335' title='bbox 364 3374 423 3425; x_wconf 90' lang='lat' dir='ltr'>et</span> <span class='ocrx_word' id='word_1_336' title='bbox 451 3368 733 3425; x_wconf 89' lang='lat' dir='ltr'>scriniarii</span> <span class='ocrx_word' id='word_1_337' title='bbox 751 3371 963 3423; x_wconf 57' lang='lat' dir='ltr'>sancta</span> <span class='ocrx_word' id='word_1_338' title='bbox 984 3368 1262 3422; x_wconf 61' lang='lat' dir='ltr'>Romanas</span> <span class='ocrx_word' id='word_1_339' title='bbox 1275 3366 1536 3421; x_wconf 66' lang='lat' dir='ltr'>Ecclesiae</span> <span class='ocrx_word' id='word_1_340' title='bbox 1558 3366 1618 3420; x_wconf 92' lang='lat' dir='ltr'>in</span> <span class='ocrx_word' id='word_1_341' title='bbox 1635 3383 1813 3422; x_wconf 90' lang='lat' dir='ltr'>manu</span> <span class='ocrx_word' id='word_1_342' title='bbox 1831 3384 1967 3439; x_wconf 83' lang='lat' dir='ltr'>apo-</span> 
     </span>
    </p>
   </div>
   <div class='ocr_carea' id='block_1_51' title="bbox 363 3454 1481 3529">
    <p class='ocr_par' dir='ltr' id='par_1_51' title="bbox 363 3454 1481 3529">
     <span class='ocr_line' id='line_1_51' title="bbox 363 3454 1481 3529; baseline -0.002 -17"><span class='ocrx_word' id='word_1_343' title='bbox 363 3457 563 3513; x_wconf 88' lang='lat' dir='ltr'>stolica</span> <span class='ocrx_word' id='word_1_344' title='bbox 589 3458 687 3529; x_wconf 81' lang='lat'>(2),</span> <span class='ocrx_word' id='word_1_345' title='bbox 720 3455 1035 3512; x_wconf 88' lang='lat' dir='ltr'>indictione</span> <span class='ocrx_word' id='word_1_346' title='bbox 1057 3454 1384 3527; x_wconf 90' lang='lat' dir='ltr'>supradicta</span> <span class='ocrx_word' id='word_1_347' title='bbox 1404 3472 1481 3510; x_wconf 81' lang='lat' dir='ltr'>x1.</span> 
     </span>
    </p>
   </div>
   <div class='ocr_carea' id='block_1_52' title="bbox 437 3545 822 3598">
    <p class='ocr_par' dir='ltr' id='par_1_52' title="bbox 437 3545 822 3598">
     <span class='ocr_line' id='line_1_52' title="bbox 437 3545 822 3598; baseline -0.005 0"><span class='ocrx_word' id='word_1_348' title='bbox 437 3546 590 3598; x_wconf 88' lang='lat' dir='ltr'>Bene</span> <span class='ocrx_word' id='word_1_349' title='bbox 619 3545 822 3597; x_wconf 89' lang='lat' dir='ltr'>valete.</span> 
     </span>
    </p>
   </div>
   <div class='ocr_carea' id='block_1_53' title="bbox 437 3629 1973 3702">
    <p class='ocr_par' dir='ltr' id='par_1_53' title="bbox 437 3629 1973 3702">
     <span class='ocr_line' id='line_1_53' title="bbox 437 3629 1973 3702; baseline 0.002 -17"><span class='ocrx_word' id='word_1_350' title='bbox 437 3632 647 3685; x_wconf 91' lang='lat' dir='ltr'>Datum</span> <span class='ocrx_word' id='word_1_351' title='bbox 679 3646 779 3684; x_wconf 85' lang='lat' dir='ltr'>vm</span> <span class='ocrx_word' id='word_1_352' title='bbox 831 3629 1070 3686; x_wconf 87' lang='lat' dir='ltr'>Kalend.</span> <span class='ocrx_word' id='word_1_353' title='bbox 1126 3629 1251 3686; x_wconf 83' lang='lat' dir='ltr'>Maii</span> <span class='ocrx_word' id='word_1_354' title='bbox 1301 3647 1404 3702; x_wconf 86' lang='lat' dir='ltr'>per</span> <span class='ocrx_word' id='word_1_355' title='bbox 1451 3648 1656 3687; x_wconf 91' lang='lat' dir='ltr'>manus</span> <span class='ocrx_word' id='word_1_356' title='bbox 1683 3633 1973 3688; x_wconf 88' lang='lat' dir='ltr'>Benedicti</span> 
     </span>
    </p>
   </div>
   <div class='ocr_carea' id='block_1_54' title="bbox 368 3718 1972 3792">
    <p class='ocr_par' dir='ltr' id='par_1_54' title="bbox 368 3718 1972 3792">
     <span class='ocr_line' id='line_1_54' title="bbox 368 3718 1972 3792; baseline -0.001 -15"><span class='ocrx_word' id='word_1_357' title='bbox 368 3718 600 3777; x_wconf 88' lang='lat' dir='ltr'>Domini</span> <span class='ocrx_word' id='word_1_358' title='bbox 648 3719 837 3792; x_wconf 89' lang='lat' dir='ltr'>gratia</span> <span class='ocrx_word' id='word_1_359' title='bbox 887 3719 1140 3791; x_wconf 90' lang='lat' dir='ltr'>episc0pi</span> <span class='ocrx_word' id='word_1_360' title='bbox 1191 3718 1414 3775; x_wconf 74' lang='lat' dir='ltr'>Sanctae</span> <span class='ocrx_word' id='word_1_361' title='bbox 1472 3720 1635 3775; x_wconf 65' lang='lat' dir='ltr'>Silvae</span> <span class='ocrx_word' id='word_1_362' title='bbox 1701 3722 1972 3777; x_wconf 69' lang='lat' dir='ltr'>Candidas</span> 
     </span>
    </p>
   </div>
   <div class='ocr_carea' id='block_1_55' title="bbox 367 3807 1973 3882">
    <p class='ocr_par' dir='ltr' id='par_1_55' title="bbox 367 3807 1973 3882">
     <span class='ocr_line' id='line_1_55' title="bbox 367 3807 1973 3882; baseline 0 -18"><span class='ocrx_word' id='word_1_363' title='bbox 367 3809 650 3875; x_wconf 70' lang='lat' dir='ltr'>Ecclesiae,</span> <span class='ocrx_word' id='word_1_364' title='bbox 734 3811 792 3862; x_wconf 90' lang='lat' dir='ltr'>et</span> <span class='ocrx_word' id='word_1_365' title='bbox 861 3807 1282 3864; x_wconf 89' lang='lat' dir='ltr'>bibliothecarii</span> <span class='ocrx_word' id='word_1_366' title='bbox 1358 3813 1572 3864; x_wconf 59' lang='lat' dir='ltr'>sanctae</span> <span class='ocrx_word' id='word_1_367' title='bbox 1647 3809 1973 3882; x_wconf 67' lang='lat' dir='ltr'>apostolica:</span> 
     </span>
    </p>
   </div>
   <div class='ocr_carea' id='block_1_56' title="bbox 366 3895 1973 3969">
    <p class='ocr_par' dir='ltr' id='par_1_56' title="bbox 366 3895 1973 3969">
     <span class='ocr_line' id='line_1_56' title="bbox 366 3895 1973 3969; baseline -0.001 -16"><span class='ocrx_word' id='word_1_368' title='bbox 366 3896 538 3966; x_wconf 87' lang='lat' dir='ltr'>sedis,</span> <span class='ocrx_word' id='word_1_369' title='bbox 561 3913 738 3965; x_wconf 92' lang='lat' dir='ltr'>anno,</span> <span class='ocrx_word' id='word_1_370' title='bbox 763 3897 882 3952; x_wconf 91' lang='lat' dir='ltr'>Deo</span> <span class='ocrx_word' id='word_1_371' title='bbox 909 3895 1182 3969; x_wconf 89' lang='lat' dir='ltr'>propitio,</span> <span class='ocrx_word' id='word_1_372' title='bbox 1212 3897 1578 3968; x_wconf 80' lang='lat' dir='ltr'>pontificatus</span> <span class='ocrx_word' id='word_1_373' title='bbox 1609 3899 1673 3954; x_wconf 93' lang='lat' dir='ltr'>D.</span> <span class='ocrx_word' id='word_1_374' title='bbox 1708 3899 1772 3954; x_wconf 90' lang='lat' dir='ltr'>N.</span> <span class='ocrx_word' id='word_1_375' title='bbox 1793 3900 1973 3953; x_wconf 89' lang='lat' dir='ltr'>Bene-</span> 
     </span>
    </p>
   </div>
   <div class='ocr_carea' id='block_1_57' title="bbox 369 3985 1457 4058">
    <p class='ocr_par' dir='ltr' id='par_1_57' title="bbox 369 3985 1457 4058">
     <span class='ocr_line' id='line_1_57' title="bbox 369 3985 1457 4058; baseline -0.001 -16"><span class='ocrx_word' id='word_1_376' title='bbox 369 3985 505 4042; x_wconf 90' lang='lat' dir='ltr'>dicti</span> <span class='ocrx_word' id='word_1_377' title='bbox 536 3985 884 4042; x_wconf 81' lang='lat' dir='ltr'>sanctissimi</span> <span class='ocrx_word' id='word_1_378' title='bbox 910 3986 1027 4040; x_wconf 85' lang='lat' dir='ltr'>Vlll</span> <span class='ocrx_word' id='word_1_379' title='bbox 1049 4002 1215 4058; x_wconf 64' lang='lat' dir='ltr'>papae</span> <span class='ocrx_word' id='word_1_380' title='bbox 1245 3985 1457 4056; x_wconf 90' lang='lat' dir='ltr'>primo.</span> 
     </span>
    </p>
   </div>
   <div class='ocr_carea' id='block_1_58' title="bbox 1129 4075 1218 4130">
    <p class='ocr_par' dir='ltr' id='par_1_58' title="bbox 1129 4075 1218 4130">
     <span class='ocr_line' id='line_1_58' title="bbox 1129 4075 1218 4130; baseline 0.034 -3"><span class='ocrx_word' id='word_1_381' title='bbox 1129 4075 1218 4130; x_wconf 89' lang='lat' dir='ltr'>VI.</span> 
     </span>
    </p>
   </div>
   <div class='ocr_carea' id='block_1_59' title="bbox 365 4163 1976 4237">
    <p class='ocr_par' dir='ltr' id='par_1_59' title="bbox 365 4163 1976 4237">
     <span class='ocr_line' id='line_1_59' title="bbox 365 4163 1976 4237; baseline 0.001 -17"><span class='ocrx_word' id='word_1_382' title='bbox 365 4165 625 4237; x_wconf 29' lang='lat' dir='ltr'>Donatiom</span> <span class='ocrx_word' id='word_1_383' title='bbox 652 4165 1113 4237; x_wconf 66' lang='lat' dir='ltr'>terrarumfacto</span> <span class='ocrx_word' id='word_1_384' title='bbox 1159 4163 1421 4237; x_wconf 49' lang='lat' dir='ltr'>Far/e759?</span> <span class='ocrx_word' id='word_1_385' title='bbox 1460 4165 1687 4218; x_wconf 71' lang='lat' dir='ltr'>crrnobz&#39;o</span> <span class='ocrx_word' id='word_1_386' title='bbox 1759 4165 1976 4237; x_wconf 76' lang='lat' dir='ltr'>ejusque</span> 
     </span>
    </p>
   </div>
   <div class='ocr_carea' id='block_1_60' title="bbox 2082 1761 3688 1820">
    <p class='ocr_par' dir='ltr' id='par_1_60' title="bbox 2082 1761 3688 1820">
     <span class='ocr_line' id='line_1_60' title="bbox 2082 1761 3688 1820; baseline 0.002 -3"><span class='ocrx_word' id='word_1_387' title='bbox 2082 1763 2315 1817; x_wconf 90' lang='lat' dir='ltr'>nasterii</span> <span class='ocrx_word' id='word_1_388' title='bbox 2346 1761 2569 1816; x_wconf 70' lang='lat' dir='ltr'>Sancta:</span> <span class='ocrx_word' id='word_1_389' title='bbox 2606 1763 2705 1817; x_wconf 91' lang='lat' dir='ltr'>Dei</span> <span class='ocrx_word' id='word_1_390' title='bbox 2727 1763 3024 1817; x_wconf 89' lang='lat' dir='ltr'>Genitricis</span> <span class='ocrx_word' id='word_1_391' title='bbox 3062 1763 3247 1818; x_wconf 59' lang='lat' dir='ltr'>Maria</span> <span class='ocrx_word' id='word_1_392' title='bbox 3279 1764 3540 1819; x_wconf 74' lang='lat' dir='ltr'>dominae</span> <span class='ocrx_word' id='word_1_393' title='bbox 3582 1784 3688 1820; x_wconf 57' lang='lat' dir='ltr'>no-</span> 
     </span>
    </p>
   </div>
   <div class='ocr_carea' id='block_1_61' title="bbox 2077 1850 3686 1922">
    <p class='ocr_par' dir='ltr' id='par_1_61' title="bbox 2077 1850 3686 1922">
     <span class='ocr_line' id='line_1_61' title="bbox 2077 1850 3686 1922; baseline 0.003 -18"><span class='ocrx_word' id='word_1_394' title='bbox 2077 1854 2208 1904; x_wconf 67' lang='lat' dir='ltr'>straa</span> <span class='ocrx_word' id='word_1_395' title='bbox 2231 1854 2398 1905; x_wconf 61' lang='lat' dir='ltr'>terra:</span> <span class='ocrx_word' id='word_1_396' title='bbox 2416 1850 2770 1915; x_wconf 88' lang='lat' dir='ltr'>Sabinensis,</span> <span class='ocrx_word' id='word_1_397' title='bbox 2793 1851 2853 1904; x_wconf 92' lang='lat' dir='ltr'>in</span> <span class='ocrx_word' id='word_1_398' title='bbox 2872 1852 2996 1906; x_wconf 91' lang='lat' dir='ltr'>loco</span> <span class='ocrx_word' id='word_1_399' title='bbox 3011 1851 3108 1922; x_wconf 90' lang='lat' dir='ltr'>qui</span> <span class='ocrx_word' id='word_1_400' title='bbox 3129 1851 3334 1906; x_wconf 89' lang='lat' dir='ltr'>dicitur</span> <span class='ocrx_word' id='word_1_401' title='bbox 3346 1855 3686 1919; x_wconf 79' lang='lat' dir='ltr'>Acutianus,</span> 
     </span>
    </p>
   </div>
   <div class='ocr_carea' id='block_1_62' title="bbox 2075 1938 3690 2011">
    <p class='ocr_par' dir='ltr' id='par_1_62' title="bbox 2075 1938 3690 2011">
     <span class='ocr_line' id='line_1_62' title="bbox 2075 1938 3690 2011; baseline 0.002 -18"><span class='ocrx_word' id='word_1_402' title='bbox 2075 1939 2389 2010; x_wconf 87' lang='lat' dir='ltr'>vestrisque</span> <span class='ocrx_word' id='word_1_403' title='bbox 2418 1938 2838 1993; x_wconf 88' lang='lat' dir='ltr'>successoribus</span> <span class='ocrx_word' id='word_1_404' title='bbox 2884 1939 3205 2005; x_wconf 88' lang='lat' dir='ltr'>abbatibus,</span> <span class='ocrx_word' id='word_1_405' title='bbox 3245 1940 3599 2011; x_wconf 79' lang='lat' dir='ltr'>presbyteris</span> <span class='ocrx_word' id='word_1_406' title='bbox 3627 1948 3690 1997; x_wconf 88' lang='lat' dir='ltr'>et</span> 
     </span>
    </p>
   </div>
   <div class='ocr_carea' id='block_1_63' title="bbox 2074 2025 3687 2098">
    <p class='ocr_par' dir='ltr' id='par_1_63' title="bbox 2074 2025 3687 2098">
     <span class='ocr_line' id='line_1_63' title="bbox 2074 2025 3687 2098; baseline 0.002 -17"><span class='ocrx_word' id='word_1_407' title='bbox 2074 2027 2394 2093; x_wconf 88' lang='lat' dir='ltr'>monachis,</span> <span class='ocrx_word' id='word_1_408' title='bbox 2429 2028 2748 2098; x_wconf 84' lang='lat' dir='ltr'>majoribus</span> <span class='ocrx_word' id='word_1_409' title='bbox 2769 2025 3223 2098; x_wconf 87' lang='lat' dir='ltr'>minoribusque,</span> <span class='ocrx_word' id='word_1_410' title='bbox 3253 2028 3350 2098; x_wconf 91' lang='lat' dir='ltr'>qui</span> <span class='ocrx_word' id='word_1_411' title='bbox 3379 2028 3441 2082; x_wconf 91' lang='lat' dir='ltr'>in</span> <span class='ocrx_word' id='word_1_412' title='bbox 3472 2030 3687 2085; x_wconf 89' lang='lat' dir='ltr'>eodem</span> 
     </span>
    </p>
   </div>
   <div class='ocr_carea' id='block_1_64' title="bbox 2075 2115 3698 2187">
    <p class='ocr_par' dir='ltr' id='par_1_64' title="bbox 2075 2115 3698 2187">
     <span class='ocr_line' id='line_1_64' title="bbox 2075 2115 3698 2187; baseline 0.002 -18"><span class='ocrx_word' id='word_1_413' title='bbox 2075 2115 2384 2170; x_wconf 90' lang='lat' dir='ltr'>venerabili</span> <span class='ocrx_word' id='word_1_414' title='bbox 2402 2115 2755 2170; x_wconf 84' lang='lat' dir='ltr'>monasterio</span> <span class='ocrx_word' id='word_1_415' title='bbox 2776 2117 2891 2169; x_wconf 86' lang='lat' dir='ltr'>Deo</span> <span class='ocrx_word' id='word_1_416' title='bbox 2916 2115 3177 2169; x_wconf 89' lang='lat' dir='ltr'>servituri</span> <span class='ocrx_word' id='word_1_417' title='bbox 3197 2119 3465 2187; x_wconf 90' lang='lat' dir='ltr'>sunt,pro</span> <span class='ocrx_word' id='word_1_418' title='bbox 3487 2120 3698 2173; x_wconf 79' lang='lat' dir='ltr'>vestris</span> 
     </span>
    </p>
   </div>
   <div class='ocr_carea' id='block_1_65' title="bbox 2075 2203 3695 2274">
    <p class='ocr_par' dir='ltr' id='par_1_65' title="bbox 2075 2203 3695 2274">
     <span class='ocr_line' id='line_1_65' title="bbox 2075 2203 3695 2274; baseline 0.002 -16"><span class='ocrx_word' id='word_1_419' title='bbox 2075 2205 2447 2258; x_wconf 86' lang='lat' dir='ltr'>sacrosanctis</span> <span class='ocrx_word' id='word_1_420' title='bbox 2502 2205 2765 2258; x_wconf 78' lang='lat' dir='ltr'>fidelibus</span> <span class='ocrx_word' id='word_1_421' title='bbox 2813 2206 2872 2256; x_wconf 90' lang='lat' dir='ltr'>et</span> <span class='ocrx_word' id='word_1_422' title='bbox 2918 2203 3267 2274; x_wconf 90' lang='lat' dir='ltr'>quotidianis</span> <span class='ocrx_word' id='word_1_423' title='bbox 3307 2206 3695 2273; x_wconf 85' lang='lat' dir='ltr'>orationibus,</span> 
     </span>
    </p>
   </div>
   <div class='ocr_carea' id='block_1_66' title="bbox 2076 2292 3695 2364">
    <p class='ocr_par' dir='ltr' id='par_1_66' title="bbox 2076 2292 3695 2364">
     <span class='ocr_line' id='line_1_66' title="bbox 2076 2292 3695 2364; baseline 0.002 -18"><span class='ocrx_word' id='word_1_424' title='bbox 2076 2309 2217 2364; x_wconf 92' lang='lat' dir='ltr'>quas</span> <span class='ocrx_word' id='word_1_425' title='bbox 2248 2309 2352 2364; x_wconf 92' lang='lat' dir='ltr'>pro</span> <span class='ocrx_word' id='word_1_426' title='bbox 2385 2294 2566 2348; x_wconf 89' lang='lat' dir='ltr'>salute</span> <span class='ocrx_word' id='word_1_427' title='bbox 2617 2292 2948 2347; x_wconf 89' lang='lat' dir='ltr'>animarum</span> <span class='ocrx_word' id='word_1_428' title='bbox 2988 2297 3316 2348; x_wconf 88' lang='lat' dir='ltr'>nostrarum</span> <span class='ocrx_word' id='word_1_429' title='bbox 3347 2295 3539 2350; x_wconf 85' lang='lat' dir='ltr'>facere</span> <span class='ocrx_word' id='word_1_430' title='bbox 3573 2312 3695 2350; x_wconf 88' lang='lat' dir='ltr'>non</span> 
     </span>
    </p>
   </div>
   <div class='ocr_carea' id='block_1_67' title="bbox 2077 2381 3690 2453">
    <p class='ocr_par' dir='ltr' id='par_1_67' title="bbox 2077 2381 3690 2453">
     <span class='ocr_line' id='line_1_67' title="bbox 2077 2381 3690 2453; baseline 0.002 -20"><span class='ocrx_word' id='word_1_431' title='bbox 2077 2381 2324 2435; x_wconf 88' lang='lat' dir='ltr'>cessatis.</span> <span class='ocrx_word' id='word_1_432' title='bbox 2361 2381 2610 2451; x_wconf 89' lang='lat' dir='ltr'>Ideoque</span> <span class='ocrx_word' id='word_1_433' title='bbox 2635 2396 2946 2434; x_wconf 91' lang='lat' dir='ltr'>remunero</span> <span class='ocrx_word' id='word_1_434' title='bbox 2991 2385 3050 2434; x_wconf 86' lang='lat' dir='ltr'>et</span> <span class='ocrx_word' id='word_1_435' title='bbox 3097 2381 3251 2436; x_wconf 92' lang='lat' dir='ltr'>dono</span> <span class='ocrx_word' id='word_1_436' title='bbox 3284 2385 3342 2436; x_wconf 89' lang='lat' dir='ltr'>et</span> <span class='ocrx_word' id='word_1_437' title='bbox 3371 2382 3554 2437; x_wconf 84' lang='lat' dir='ltr'>oﬂ&#39;ero</span> <span class='ocrx_word' id='word_1_438' title='bbox 3583 2399 3690 2453; x_wconf 81' lang='lat' dir='ltr'>pm</span> 
     </span>
    </p>
   </div>
   <div class='ocr_carea' id='block_1_68' title="bbox 2078 2468 3693 2542">
    <p class='ocr_par' dir='ltr' id='par_1_68' title="bbox 2078 2468 3693 2542">
     <span class='ocr_line' id='line_1_68' title="bbox 2078 2468 3693 2542; baseline 0.002 -20"><span class='ocrx_word' id='word_1_439' title='bbox 2078 2468 2274 2522; x_wconf 90' lang='lat' dir='ltr'>anima</span> <span class='ocrx_word' id='word_1_440' title='bbox 2306 2484 2438 2522; x_wconf 90' lang='lat' dir='ltr'>mea</span> <span class='ocrx_word' id='word_1_441' title='bbox 2463 2471 2520 2522; x_wconf 90' lang='lat' dir='ltr'>et</span> <span class='ocrx_word' id='word_1_442' title='bbox 2551 2468 2854 2522; x_wconf 89' lang='lat' dir='ltr'>animabus</span> <span class='ocrx_word' id='word_1_443' title='bbox 2883 2469 3439 2539; x_wconf 59' lang='lat' dir='ltr'>praenominatorum</span> <span class='ocrx_word' id='word_1_444' title='bbox 3459 2471 3569 2542; x_wconf 72' lang='lat' dir='ltr'>pia:</span> <span class='ocrx_word' id='word_1_445' title='bbox 3602 2488 3693 2525; x_wconf 82' lang='lat' dir='ltr'>re-</span> 
     </span>
    </p>
   </div>
   <div class='ocr_carea' id='block_1_69' title="bbox 2077 2561 3686 2632">
    <p class='ocr_par' dir='ltr' id='par_1_69' title="bbox 2077 2561 3686 2632">
     <span class='ocr_line' id='line_1_69' title="bbox 2077 2561 3686 2632; baseline 0.001 -18"><span class='ocrx_word' id='word_1_446' title='bbox 2077 2561 2428 2616; x_wconf 88' lang='lat' dir='ltr'>cordationis</span> <span class='ocrx_word' id='word_1_447' title='bbox 2455 2561 2592 2615; x_wconf 93' lang='lat' dir='ltr'>olim</span> <span class='ocrx_word' id='word_1_448' title='bbox 2619 2561 2950 2632; x_wconf 91' lang='lat' dir='ltr'>genitorum</span> <span class='ocrx_word' id='word_1_449' title='bbox 2973 2577 3239 2616; x_wconf 89' lang='lat' dir='ltr'>meorum</span> <span class='ocrx_word' id='word_1_450' title='bbox 3262 2579 3275 2616; x_wconf 94' lang='lat'>:</span> <span class='ocrx_word' id='word_1_451' title='bbox 3301 2562 3362 2615; x_wconf 89' lang='lat' dir='ltr'>id</span> <span class='ocrx_word' id='word_1_452' title='bbox 3383 2566 3472 2616; x_wconf 89' lang='lat' dir='ltr'>est</span> <span class='ocrx_word' id='word_1_453' title='bbox 3493 2566 3686 2616; x_wconf 86' lang='lat' dir='ltr'>totam</span> 
     </span>
    </p>
   </div>
   <div class='ocr_carea' id='block_1_70' title="bbox 2079 2647 3690 2719">
    <p class='ocr_par' dir='ltr' id='par_1_70' title="bbox 2079 2647 3690 2719">
     <span class='ocr_line' id='line_1_70' title="bbox 2079 2647 3690 2719; baseline 0.001 -17"><span class='ocrx_word' id='word_1_454' title='bbox 2079 2647 2370 2719; x_wconf 91' lang='lat' dir='ltr'>integram</span> <span class='ocrx_word' id='word_1_455' title='bbox 2390 2649 2618 2703; x_wconf 90' lang='lat' dir='ltr'>vineam</span> <span class='ocrx_word' id='word_1_456' title='bbox 2639 2653 2694 2703; x_wconf 91' lang='lat' dir='ltr'>et</span> <span class='ocrx_word' id='word_1_457' title='bbox 2710 2652 2920 2703; x_wconf 87' lang='lat' dir='ltr'>terram</span> <span class='ocrx_word' id='word_1_458' title='bbox 2938 2666 3076 2719; x_wconf 89' lang='lat' dir='ltr'>quas</span> <span class='ocrx_word' id='word_1_459' title='bbox 3091 2649 3166 2703; x_wconf 91' lang='lat' dir='ltr'>ad</span> <span class='ocrx_word' id='word_1_460' title='bbox 3185 2649 3570 2704; x_wconf 88' lang='lat' dir='ltr'>laborandum</span> <span class='ocrx_word' id='word_1_461' title='bbox 3586 2650 3690 2704; x_wconf 86' lang='lat' dir='ltr'>de—</span> 
     </span>
    </p>
   </div>
   <div class='ocr_carea' id='block_1_71' title="bbox 2076 2736 3689 2808">
    <p class='ocr_par' dir='ltr' id='par_1_71' title="bbox 2076 2736 3689 2808">
     <span class='ocr_line' id='line_1_71' title="bbox 2076 2736 3689 2808; baseline 0.001 -18"><span class='ocrx_word' id='word_1_462' title='bbox 2076 2736 2250 2790; x_wconf 89' lang='lat' dir='ltr'>tinuit</span> <span class='ocrx_word' id='word_1_463' title='bbox 2276 2737 2698 2800; x_wconf 84' lang='lat' dir='ltr'>Benedictulus,</span> <span class='ocrx_word' id='word_1_464' title='bbox 2723 2737 2818 2808; x_wconf 92' lang='lat' dir='ltr'>qui</span> <span class='ocrx_word' id='word_1_465' title='bbox 2851 2737 3150 2791; x_wconf 90' lang='lat' dir='ltr'>dicebatur</span> <span class='ocrx_word' id='word_1_466' title='bbox 3175 2737 3245 2791; x_wconf 89' lang='lat' dir='ltr'>de</span> <span class='ocrx_word' id='word_1_467' title='bbox 3275 2737 3446 2802; x_wconf 85' lang='lat' dir='ltr'>Laxo,</span> <span class='ocrx_word' id='word_1_468' title='bbox 3478 2739 3535 2790; x_wconf 88' lang='lat' dir='ltr'>et</span> <span class='ocrx_word' id='word_1_469' title='bbox 3557 2739 3689 2792; x_wconf 87' lang='lat' dir='ltr'>Pec-</span> 
     </span>
    </p>
   </div>
   <div class='ocr_carea' id='block_1_72' title="bbox 2075 2824 3685 2897">
    <p class='ocr_par' dir='ltr' id='par_1_72' title="bbox 2075 2824 3685 2897">
     <span class='ocr_line' id='line_1_72' title="bbox 2075 2824 3685 2897; baseline 0.001 -20"><span class='ocrx_word' id='word_1_470' title='bbox 2075 2825 2233 2878; x_wconf 91' lang='lat' dir='ltr'>culus</span> <span class='ocrx_word' id='word_1_471' title='bbox 2265 2824 2414 2878; x_wconf 82' lang='lat' dir='ltr'>filius</span> <span class='ocrx_word' id='word_1_472' title='bbox 2438 2825 2487 2896; x_wconf 91' lang='lat' dir='ltr'>ej</span> <span class='ocrx_word' id='word_1_473' title='bbox 2501 2843 2584 2891; x_wconf 93' lang='lat' dir='ltr'>us,</span> <span class='ocrx_word' id='word_1_474' title='bbox 2620 2825 2718 2897; x_wconf 91' lang='lat' dir='ltr'>qui</span> <span class='ocrx_word' id='word_1_475' title='bbox 2742 2826 2980 2879; x_wconf 86' lang='lat' dir='ltr'>fuerunt</span> <span class='ocrx_word' id='word_1_476' title='bbox 2999 2824 3199 2878; x_wconf 86' lang='lat' dir='ltr'>famuli</span> <span class='ocrx_word' id='word_1_477' title='bbox 3217 2824 3421 2890; x_wconf 86' lang='lat' dir='ltr'>nostri,</span> <span class='ocrx_word' id='word_1_478' title='bbox 3442 2841 3570 2879; x_wconf 90' lang='lat' dir='ltr'>cum</span> <span class='ocrx_word' id='word_1_479' title='bbox 3591 2841 3685 2879; x_wconf 88' lang='lat' dir='ltr'>ca-</span> 
     </span>
    </p>
   </div>
   <div class='ocr_carea' id='block_1_73' title="bbox 2072 2911 3687 2984">
    <p class='ocr_par' dir='ltr' id='par_1_73' title="bbox 2072 2911 3687 2984">
     <span class='ocr_line' id='line_1_73' title="bbox 2072 2911 3687 2984; baseline 0.001 -18"><span class='ocrx_word' id='word_1_480' title='bbox 2072 2913 2168 2980; x_wconf 89' lang='lat' dir='ltr'>sis,</span> <span class='ocrx_word' id='word_1_481' title='bbox 2188 2912 2392 2980; x_wconf 90' lang='lat' dir='ltr'>vineis,</span> <span class='ocrx_word' id='word_1_482' title='bbox 2413 2917 2470 2967; x_wconf 90' lang='lat' dir='ltr'>et</span> <span class='ocrx_word' id='word_1_483' title='bbox 2491 2913 2677 2979; x_wconf 90' lang='lat' dir='ltr'>terris,</span> <span class='ocrx_word' id='word_1_484' title='bbox 2697 2913 2937 2984; x_wconf 90' lang='lat' dir='ltr'>campis,</span> <span class='ocrx_word' id='word_1_485' title='bbox 2972 2912 3215 2983; x_wconf 90' lang='lat' dir='ltr'>pascuis,</span> <span class='ocrx_word' id='word_1_486' title='bbox 3242 2911 3414 2976; x_wconf 89' lang='lat' dir='ltr'>silvis,</span> <span class='ocrx_word' id='word_1_487' title='bbox 3436 2913 3687 2979; x_wconf 87' lang='lat' dir='ltr'>salectis,</span> 
     </span>
    </p>
   </div>
   <div class='ocr_carea' id='block_1_74' title="bbox 2072 3000 3687 3072">
    <p class='ocr_par' dir='ltr' id='par_1_74' title="bbox 2072 3000 3687 3072">
     <span class='ocr_line' id='line_1_74' title="bbox 2072 3000 3687 3072; baseline 0.001 -18"><span class='ocrx_word' id='word_1_488' title='bbox 2072 3001 2372 3056; x_wconf 87' lang='lat' dir='ltr'>arboribus</span> <span class='ocrx_word' id='word_1_489' title='bbox 2409 3001 2726 3072; x_wconf 85' lang='lat' dir='ltr'>pomiferis,</span> <span class='ocrx_word' id='word_1_490' title='bbox 2771 3001 3082 3055; x_wconf 81' lang='lat' dir='ltr'>fructiferis</span> <span class='ocrx_word' id='word_1_491' title='bbox 3134 3001 3220 3054; x_wconf 91' lang='lat' dir='ltr'>vel</span> <span class='ocrx_word' id='word_1_492' title='bbox 3287 3000 3687 3067; x_wconf 80' lang='lat' dir='ltr'>infructiferis,</span> 
     </span>
    </p>
   </div>
   <div class='ocr_carea' id='block_1_75' title="bbox 2072 3088 3689 3162">
    <p class='ocr_par' dir='ltr' id='par_1_75' title="bbox 2072 3088 3689 3162">
     <span class='ocr_line' id='line_1_75' title="bbox 2072 3088 3689 3162; baseline -0.001 -19"><span class='ocrx_word' id='word_1_493' title='bbox 2072 3089 2392 3162; x_wconf 88' lang='lat' dir='ltr'>diversique</span> <span class='ocrx_word' id='word_1_494' title='bbox 2422 3089 2671 3160; x_wconf 87' lang='lat' dir='ltr'>generis,</span> <span class='ocrx_word' id='word_1_495' title='bbox 2694 3089 2847 3154; x_wconf 90' lang='lat' dir='ltr'>rivis,</span> <span class='ocrx_word' id='word_1_496' title='bbox 2874 3088 3131 3144; x_wconf 83' lang='lat' dir='ltr'>fontibus</span> <span class='ocrx_word' id='word_1_497' title='bbox 3165 3105 3312 3160; x_wconf 89' lang='lat' dir='ltr'>aque</span> <span class='ocrx_word' id='word_1_498' title='bbox 3335 3089 3689 3160; x_wconf 85' lang='lat' dir='ltr'>perennibus</span> 
     </span>
    </p>
   </div>
   <div class='ocr_carea' id='block_1_76' title="bbox 2072 3177 3687 3248">
    <p class='ocr_par' dir='ltr' id='par_1_76' title="bbox 2072 3177 3687 3248">
     <span class='ocr_line' id='line_1_76' title="bbox 2072 3177 3687 3248; baseline 0.001 -17"><span class='ocrx_word' id='word_1_499' title='bbox 2072 3178 2288 3231; x_wconf 89' lang='lat' dir='ltr'>cultum</span> <span class='ocrx_word' id='word_1_500' title='bbox 2319 3179 2404 3231; x_wconf 87' lang='lat' dir='ltr'>vel</span> <span class='ocrx_word' id='word_1_501' title='bbox 2435 3177 2738 3242; x_wconf 88' lang='lat' dir='ltr'>incultum,</span> <span class='ocrx_word' id='word_1_502' title='bbox 2782 3193 3025 3231; x_wconf 91' lang='lat' dir='ltr'>vacuum</span> <span class='ocrx_word' id='word_1_503' title='bbox 3056 3181 3114 3231; x_wconf 92' lang='lat' dir='ltr'>et</span> <span class='ocrx_word' id='word_1_504' title='bbox 3144 3179 3402 3248; x_wconf 88' lang='lat' dir='ltr'>plenum,</span> <span class='ocrx_word' id='word_1_505' title='bbox 3431 3177 3478 3232; x_wconf 91' lang='lat' dir='ltr'>si</span> <span class='ocrx_word' id='word_1_506' title='bbox 3509 3177 3568 3232; x_wconf 89' lang='lat' dir='ltr'>in</span> <span class='ocrx_word' id='word_1_507' title='bbox 3603 3178 3687 3231; x_wconf 86' lang='lat' dir='ltr'>in-</span> 
     </span>
    </p>
   </div>
   <div class='ocr_carea' id='block_1_77' title="bbox 2073 3265 3687 3336">
    <p class='ocr_par' dir='ltr' id='par_1_77' title="bbox 2073 3265 3687 3336">
     <span class='ocr_line' id='line_1_77' title="bbox 2073 3265 3687 3336; baseline 0.002 -18"><span class='ocrx_word' id='word_1_508' title='bbox 2073 3268 2326 3336; x_wconf 87' lang='lat' dir='ltr'>tegrum,</span> <span class='ocrx_word' id='word_1_509' title='bbox 2356 3267 2648 3336; x_wconf 91' lang='lat' dir='ltr'>quomodo</span> <span class='ocrx_word' id='word_1_510' title='bbox 2676 3265 2986 3336; x_wconf 88' lang='lat' dir='ltr'>supradicti</span> <span class='ocrx_word' id='word_1_511' title='bbox 3008 3265 3207 3318; x_wconf 79' lang='lat' dir='ltr'>famuli</span> <span class='ocrx_word' id='word_1_512' title='bbox 3239 3265 3421 3320; x_wconf 90' lang='lat' dir='ltr'>nostri</span> <span class='ocrx_word' id='word_1_513' title='bbox 3436 3265 3687 3321; x_wconf 84' lang='lat' dir='ltr'>adlabo-</span> 
     </span>
    </p>
   </div>
   <div class='ocr_carea' id='block_1_78' title="bbox 2071 3353 3691 3419">
    <p class='ocr_par' dir='ltr' id='par_1_78' title="bbox 2071 3353 3691 3419">
     <span class='ocr_line' id='line_1_78' title="bbox 2071 3353 3691 3419; baseline 0.001 -11"><span class='ocrx_word' id='word_1_514' title='bbox 2071 3354 2316 3408; x_wconf 91' lang='lat' dir='ltr'>randum</span> <span class='ocrx_word' id='word_1_515' title='bbox 2348 3353 2460 3408; x_wconf 91' lang='lat' dir='ltr'>suis</span> <span class='ocrx_word' id='word_1_516' title='bbox 2489 3353 2862 3408; x_wconf 89' lang='lat' dir='ltr'>detinuerunt</span> <span class='ocrx_word' id='word_1_517' title='bbox 2897 3353 3185 3419; x_wconf 88' lang='lat' dir='ltr'>manibus,</span> <span class='ocrx_word' id='word_1_518' title='bbox 3218 3353 3277 3407; x_wconf 92' lang='lat' dir='ltr'>in</span> <span class='ocrx_word' id='word_1_519' title='bbox 3305 3353 3607 3408; x_wconf 87' lang='lat' dir='ltr'>montibus</span> <span class='ocrx_word' id='word_1_520' title='bbox 3631 3358 3691 3409; x_wconf 89' lang='lat' dir='ltr'>et</span> 
     </span>
    </p>
   </div>
   <div class='ocr_carea' id='block_1_79' title="bbox 2072 3441 3687 3514">
    <p class='ocr_par' dir='ltr' id='par_1_79' title="bbox 2072 3441 3687 3514">
     <span class='ocr_line' id='line_1_79' title="bbox 2072 3441 3687 3514; baseline 0 -18"><span class='ocrx_word' id='word_1_521' title='bbox 2072 3441 2422 3514; x_wconf 90' lang='lat' dir='ltr'>planiciebus</span> <span class='ocrx_word' id='word_1_522' title='bbox 2451 3457 2554 3512; x_wconf 90' lang='lat' dir='ltr'>per</span> <span class='ocrx_word' id='word_1_523' title='bbox 2584 3441 2803 3496; x_wconf 90' lang='lat' dir='ltr'>diversa</span> <span class='ocrx_word' id='word_1_524' title='bbox 2824 3443 2948 3496; x_wconf 90' lang='lat' dir='ltr'>loca</span> <span class='ocrx_word' id='word_1_525' title='bbox 2961 3445 3020 3496; x_wconf 90' lang='lat' dir='ltr'>et</span> <span class='ocrx_word' id='word_1_526' title='bbox 3035 3442 3328 3506; x_wconf 90' lang='lat' dir='ltr'>vocabula,</span> <span class='ocrx_word' id='word_1_527' title='bbox 3355 3442 3687 3514; x_wconf 89' lang='lat' dir='ltr'>ubicunque</span> 
     </span>
    </p>
   </div>
   <div class='ocr_carea' id='block_1_80' title="bbox 2072 3528 3687 3602">
    <p class='ocr_par' dir='ltr' id='par_1_80' title="bbox 2072 3528 3687 3602">
     <span class='ocr_line' id='line_1_80' title="bbox 2072 3528 3687 3602; baseline 0 -18"><span class='ocrx_word' id='word_1_528' title='bbox 2072 3530 2258 3602; x_wconf 89' lang='lat' dir='ltr'>posita</span> <span class='ocrx_word' id='word_1_529' title='bbox 2274 3547 2393 3584; x_wconf 90' lang='lat' dir='ltr'>esse</span> <span class='ocrx_word' id='word_1_530' title='bbox 2407 3528 3089 3597; x_wconf 29' lang='lat' dir='ltr'>videntur,cumiintroitu</span> <span class='ocrx_word' id='word_1_531' title='bbox 3105 3534 3162 3583; x_wconf 90' lang='lat' dir='ltr'>et</span> <span class='ocrx_word' id='word_1_532' title='bbox 3178 3529 3329 3584; x_wconf 80' lang='lat' dir='ltr'>exitu</span> <span class='ocrx_word' id='word_1_533' title='bbox 3346 3535 3538 3595; x_wconf 89' lang='lat' dir='ltr'>suo,et</span> <span class='ocrx_word' id='word_1_534' title='bbox 3554 3547 3687 3584; x_wconf 88' lang='lat' dir='ltr'>cum</span> 
     </span>
    </p>
   </div>
   <div class='ocr_carea' id='block_1_81' title="bbox 2075 3617 3690 3689">
    <p class='ocr_par' dir='ltr' id='par_1_81' title="bbox 2075 3617 3690 3689">
     <span class='ocr_line' id='line_1_81' title="bbox 2075 3617 3690 3689; baseline 0.001 -16"><span class='ocrx_word' id='word_1_535' title='bbox 2075 3619 2432 3673; x_wconf 92' lang='lat' dir='ltr'>omnibusad</span> <span class='ocrx_word' id='word_1_536' title='bbox 2461 3634 2529 3673; x_wconf 91' lang='lat' dir='ltr'>ea</span> <span class='ocrx_word' id='word_1_537' title='bbox 2546 3617 2897 3689; x_wconf 89' lang='lat' dir='ltr'>generaliter</span> <span class='ocrx_word' id='word_1_538' title='bbox 2922 3618 2979 3672; x_wconf 92' lang='lat' dir='ltr'>in</span> <span class='ocrx_word' id='word_1_539' title='bbox 3013 3617 3304 3689; x_wconf 88' lang='lat' dir='ltr'>integrum</span> <span class='ocrx_word' id='word_1_540' title='bbox 3346 3619 3690 3689; x_wconf 83' lang='lat' dir='ltr'>pertinenti-</span> 
     </span>
    </p>
   </div>
   <div class='ocr_carea' id='block_1_82' title="bbox 2074 3706 3686 3778">
    <p class='ocr_par' dir='ltr' id='par_1_82' title="bbox 2074 3706 3686 3778">
     <span class='ocr_line' id='line_1_82' title="bbox 2074 3706 3686 3778; baseline 0.001 -18"><span class='ocrx_word' id='word_1_541' title='bbox 2074 3706 2198 3773; x_wconf 92' lang='lat' dir='ltr'>bus,</span> <span class='ocrx_word' id='word_1_542' title='bbox 2221 3706 2407 3777; x_wconf 89' lang='lat' dir='ltr'>posita</span> <span class='ocrx_word' id='word_1_543' title='bbox 2435 3706 2492 3760; x_wconf 89' lang='lat' dir='ltr'>in</span> <span class='ocrx_word' id='word_1_544' title='bbox 2512 3706 2800 3760; x_wconf 86' lang='lat' dir='ltr'>territorio</span> <span class='ocrx_word' id='word_1_545' title='bbox 2831 3706 3138 3761; x_wconf 86' lang='lat' dir='ltr'>Collinensi</span> <span class='ocrx_word' id='word_1_546' title='bbox 3153 3707 3208 3760; x_wconf 92' lang='lat' dir='ltr'>in</span> <span class='ocrx_word' id='word_1_547' title='bbox 3222 3707 3404 3762; x_wconf 84' lang='lat' dir='ltr'>fundo</span> <span class='ocrx_word' id='word_1_548' title='bbox 3423 3708 3686 3778; x_wconf 85' lang='lat' dir='ltr'>Flajano,</span> 
     </span>
    </p>
   </div>
   <div class='ocr_carea' id='block_1_83' title="bbox 2075 3793 3690 3867">
    <p class='ocr_par' dir='ltr' id='par_1_83' title="bbox 2075 3793 3690 3867">
     <span class='ocr_line' id='line_1_83' title="bbox 2075 3793 3690 3867; baseline 0.001 -18"><span class='ocrx_word' id='word_1_549' title='bbox 2075 3793 2239 3850; x_wconf 91' lang='lat' dir='ltr'>sicuti</span> <span class='ocrx_word' id='word_1_550' title='bbox 2261 3796 2383 3865; x_wconf 91' lang='lat' dir='ltr'>ejus</span> <span class='ocrx_word' id='word_1_551' title='bbox 2404 3795 2607 3849; x_wconf 79' lang='lat' dir='ltr'>afﬁnes</span> <span class='ocrx_word' id='word_1_552' title='bbox 2620 3795 2690 3849; x_wconf 89' lang='lat' dir='ltr'>ab</span> <span class='ocrx_word' id='word_1_553' title='bbox 2711 3796 2934 3867; x_wconf 88' lang='lat' dir='ltr'>origine</span> <span class='ocrx_word' id='word_1_554' title='bbox 2957 3795 3210 3860; x_wconf 81' lang='lat' dir='ltr'>fuerunt,</span> <span class='ocrx_word' id='word_1_555' title='bbox 3232 3797 3318 3850; x_wconf 88' lang='lat' dir='ltr'>vel</span> <span class='ocrx_word' id='word_1_556' title='bbox 3340 3798 3522 3851; x_wconf 90' lang='lat' dir='ltr'>modo</span> <span class='ocrx_word' id='word_1_557' title='bbox 3537 3797 3690 3852; x_wconf 69' lang='lat' dir='ltr'>desio</span> 
     </span>
    </p>
   </div>
   <div class='ocr_carea' id='block_1_84' title="bbox 2075 3882 3690 3956">
    <p class='ocr_par' dir='ltr' id='par_1_84' title="bbox 2075 3882 3690 3956">
     <span class='ocr_line' id='line_1_84' title="bbox 2075 3882 3690 3956; baseline 0.001 -18"><span class='ocrx_word' id='word_1_558' title='bbox 2075 3883 2242 3954; x_wconf 88' lang='lat' dir='ltr'>gnari</span> <span class='ocrx_word' id='word_1_559' title='bbox 2274 3886 2534 3956; x_wconf 83' lang='lat' dir='ltr'>possunt,</span> <span class='ocrx_word' id='word_1_560' title='bbox 2550 3883 2717 3954; x_wconf 90' lang='lat' dir='ltr'>juris,</span> <span class='ocrx_word' id='word_1_561' title='bbox 2753 3883 2843 3937; x_wconf 91' lang='lat' dir='ltr'>cui</span> <span class='ocrx_word' id='word_1_562' title='bbox 2875 3882 3147 3938; x_wconf 81' lang='lat' dir='ltr'>existunt.</span> <span class='ocrx_word' id='word_1_563' title='bbox 3178 3882 3314 3947; x_wconf 62' lang='lat' dir='ltr'>Quae</span> <span class='ocrx_word' id='word_1_564' title='bbox 3349 3901 3384 3938; x_wconf 89' lang='lat' dir='ltr'>a</span> <span class='ocrx_word' id='word_1_565' title='bbox 3413 3885 3690 3955; x_wconf 61' lang='lat' dir='ltr'>presenti</span> 
     </span>
    </p>
   </div>
   <div class='ocr_carea' id='block_1_85' title="bbox 2077 3971 3689 4043">
    <p class='ocr_par' dir='ltr' id='par_1_85' title="bbox 2077 3971 3689 4043">
     <span class='ocr_line' id='line_1_85' title="bbox 2077 3971 3689 4043; baseline 0.001 -16"><span class='ocrx_word' id='word_1_566' title='bbox 2077 3971 2462 4043; x_wconf 87' lang='lat' dir='ltr'>dielargimur</span> <span class='ocrx_word' id='word_1_567' title='bbox 2473 3971 2648 4040; x_wconf 90' lang='lat' dir='ltr'>vobis,</span> <span class='ocrx_word' id='word_1_568' title='bbox 2668 3972 2750 4026; x_wconf 91' lang='lat' dir='ltr'>ita</span> <span class='ocrx_word' id='word_1_569' title='bbox 2761 3972 3042 4027; x_wconf 89' lang='lat' dir='ltr'>utavobis</span> <span class='ocrx_word' id='word_1_570' title='bbox 3065 3972 3370 4026; x_wconf 85' lang='lat' dir='ltr'>continuas</span> <span class='ocrx_word' id='word_1_571' title='bbox 3391 3973 3689 4030; x_wconf 84' lang='lat' dir='ltr'>orationes</span> 
     </span>
    </p>
   </div>
   <div class='ocr_carea' id='block_1_86' title="bbox 2074 4059 3691 4134">
    <p class='ocr_par' dir='ltr' id='par_1_86' title="bbox 2074 4059 3691 4134">
     <span class='ocr_line' id='line_1_86' title="bbox 2074 4059 3691 4134; baseline 0.002 -20"><span class='ocrx_word' id='word_1_572' title='bbox 2074 4060 2483 4132; x_wconf 87' lang='lat' dir='ltr'>suscipiamus;</span> <span class='ocrx_word' id='word_1_573' title='bbox 2515 4061 2611 4132; x_wconf 88' lang='lat' dir='ltr'>qui</span> <span class='ocrx_word' id='word_1_574' title='bbox 2637 4060 2682 4114; x_wconf 90' lang='lat' dir='ltr'>si</span> <span class='ocrx_word' id='word_1_575' title='bbox 2710 4059 2964 4115; x_wconf 90' lang='lat' dir='ltr'>carnalia</span> <span class='ocrx_word' id='word_1_576' title='bbox 2982 4060 3142 4114; x_wconf 79' lang='lat' dir='ltr'>vobis</span> <span class='ocrx_word' id='word_1_577' title='bbox 3161 4061 3691 4134; x_wconf 85' lang='lat' dir='ltr'>concedimus,spi-</span> 
     </span>
    </p>
   </div>
   <div class='ocr_carea' id='block_1_87' title="bbox 2075 4148 3688 4221">
    <p class='ocr_par' dir='ltr' id='par_1_87' title="bbox 2075 4148 3688 4221">
     <span class='ocr_line' id='line_1_87' title="bbox 2075 4148 3688 4221; baseline 0.002 -18"><span class='ocrx_word' id='word_1_578' title='bbox 2075 4148 2302 4204; x_wconf 90' lang='lat' dir='ltr'>ritualia</span> <span class='ocrx_word' id='word_1_579' title='bbox 2318 4165 2352 4202; x_wconf 91' lang='lat' dir='ltr'>a</span> <span class='ocrx_word' id='word_1_580' title='bbox 2373 4148 2533 4203; x_wconf 90' lang='lat' dir='ltr'>vobis</span> <span class='ocrx_word' id='word_1_581' title='bbox 2546 4148 2850 4221; x_wconf 90' lang='lat' dir='ltr'>percipere</span> <span class='ocrx_word' id='word_1_582' title='bbox 2863 4148 3158 4203; x_wconf 89' lang='lat' dir='ltr'>debemus.</span> <span class='ocrx_word' id='word_1_583' title='bbox 3175 4150 3287 4203; x_wconf 87' lang='lat' dir='ltr'>Eta</span> <span class='ocrx_word' id='word_1_584' title='bbox 3305 4166 3532 4221; x_wconf 70' lang='lat' dir='ltr'>praesen</span> <span class='ocrx_word' id='word_1_585' title='bbox 3541 4151 3582 4206; x_wconf 91' lang='lat' dir='ltr'>ti</span> <span class='ocrx_word' id='word_1_586' title='bbox 3596 4152 3688 4206; x_wconf 89' lang='lat' dir='ltr'>die</span> 
     </span>
    </p>
   </div>
   <div class='ocr_carea' id='block_1_88' title="bbox 367 4231 3688 4311">
    <p class='ocr_par' dir='ltr' id='par_1_88' title="bbox 367 4231 3688 4311">
     <span class='ocr_line' id='line_1_88' title="bbox 367 4231 3688 4311; baseline 0.001 -19"><span class='ocrx_word' id='word_1_587' title='bbox 367 4237 552 4292; x_wconf 78' lang='lat' dir='ltr'>abbati</span> <span class='ocrx_word' id='word_1_588' title='bbox 577 4235 825 4292; x_wconf 77' lang='lat' dir='ltr'>Guidom&#39;</span> <span class='ocrx_word' id='word_1_589' title='bbox 851 4253 885 4290; x_wconf 92' lang='lat' dir='ltr'>a</span> <span class='ocrx_word' id='word_1_590' title='bbox 915 4231 1201 4292; x_wconf 76' lang='lat' dir='ltr'>Benedicio</span> <span class='ocrx_word' id='word_1_591' title='bbox 1264 4231 1414 4292; x_wconf 88' lang='lat' dir='ltr'>VIII</span> <span class='ocrx_word' id='word_1_592' title='bbox 1424 4237 1679 4307; x_wconf 74' lang='lat' dir='ltr'>pontiﬁce</span> <span class='ocrx_word' id='word_1_593' title='bbox 1707 4231 1970 4294; x_wconf 55' lang='lat' dir='ltr'>maxime.</span> <span class='ocrx_word' id='word_1_594' title='bbox 1993 4231 2047 4290; x_wconf 89' lang='lat' dir='ltr'>D</span> <span class='ocrx_word' id='word_1_595' title='bbox 2075 4254 2179 4311; x_wconf 91' lang='lat' dir='ltr'>pro</span> <span class='ocrx_word' id='word_1_596' title='bbox 2192 4236 2593 4307; x_wconf 88' lang='lat' dir='ltr'>redemptione</span> <span class='ocrx_word' id='word_1_597' title='bbox 2607 4236 3185 4291; x_wconf 84' lang='lat' dir='ltr'>animarumt‘ratrum</span> <span class='ocrx_word' id='word_1_598' title='bbox 3199 4241 3538 4292; x_wconf 89' lang='lat' dir='ltr'>etsororum</span> <span class='ocrx_word' id='word_1_599' title='bbox 3555 4257 3688 4294; x_wconf 90' lang='lat' dir='ltr'>meo</span> 
     </span>
    </p>
   </div>
   <div class='ocr_carea' id='block_1_89' title="bbox 975 4324 1374 4397">
    <p class='ocr_par' dir='ltr' id='par_1_89' title="bbox 975 4324 1374 4397">
     <span class='ocr_line' id='line_1_89' title="bbox 975 4324 1374 4397; baseline -0.003 -17"><span class='ocrx_word' id='word_1_600' title='bbox 975 4328 1162 4397; x_wconf 82' lang='lat' dir='ltr'>(Anno</span> <span class='ocrx_word' id='word_1_601' title='bbox 1186 4324 1374 4395; x_wconf 84' lang='lat' dir='ltr'>10t3.)</span> 
     </span>
    </p>
   </div>
   <div class='ocr_carea' id='block_1_90' title="bbox 655 4413 1686 4482">
    <p class='ocr_par' dir='ltr' id='par_1_90' title="bbox 655 4413 1686 4482">
     <span class='ocr_line' id='line_1_90' title="bbox 655 4413 1686 4482; baseline 0.001 -13"><span class='ocrx_word' id='word_1_602' title='bbox 655 4414 982 4480; x_wconf 67' lang='lat' dir='ltr'>[Mean-om,</span> <span class='ocrx_word' id='word_1_603' title='bbox 1022 4415 1208 4482; x_wconf 83' lang='lat' dir='ltr'>Antiq.</span> <span class='ocrx_word' id='word_1_604' title='bbox 1250 4413 1383 4470; x_wconf 86' lang='lat' dir='ltr'>Ital.</span> <span class='ocrx_word' id='word_1_605' title='bbox 1416 4414 1504 4482; x_wconf 87' lang='lat' dir='ltr'>IV,</span> <span class='ocrx_word' id='word_1_606' title='bbox 1535 4419 1638 4470; x_wconf 89' lang='lat'>799</span> <span class='ocrx_word' id='word_1_607' title='bbox 1668 4416 1686 4476; x_wconf 95' lang='lat'>]</span> 
     </span>
    </p>
   </div>
   <div class='ocr_carea' id='block_1_91' title="bbox 440 4501 1976 4571">
    <p class='ocr_par' dir='ltr' id='par_1_91' title="bbox 440 4501 1976 4571">
     <span class='ocr_line' id='line_1_91' title="bbox 440 4501 1976 4571; baseline 0.002 -15"><span class='ocrx_word' id='word_1_608' title='bbox 440 4503 504 4556; x_wconf 87' lang='lat' dir='ltr'>In</span> <span class='ocrx_word' id='word_1_609' title='bbox 534 4502 774 4558; x_wconf 89' lang='lat' dir='ltr'>nomine</span> <span class='ocrx_word' id='word_1_610' title='bbox 798 4502 1031 4557; x_wconf 89' lang='lat' dir='ltr'>Domini</span> <span class='ocrx_word' id='word_1_611' title='bbox 1064 4501 1241 4557; x_wconf 88' lang='lat' dir='ltr'>nostri</span> <span class='ocrx_word' id='word_1_612' title='bbox 1268 4503 1398 4558; x_wconf 85' lang='lat' dir='ltr'>Jesu</span> <span class='ocrx_word' id='word_1_613' title='bbox 1415 4503 1640 4571; x_wconf 89' lang='lat' dir='ltr'>Christi,</span> <span class='ocrx_word' id='word_1_614' title='bbox 1673 4520 1826 4558; x_wconf 89' lang='lat' dir='ltr'>anno</span> <span class='ocrx_word' id='word_1_615' title='bbox 1859 4505 1976 4559; x_wconf 92' lang='lat' dir='ltr'>Deo</span> 
     </span>
    </p>
   </div>
   <div class='ocr_carea' id='block_1_92' title="bbox 371 4590 1978 4664">
    <p class='ocr_par' dir='ltr' id='par_1_92' title="bbox 371 4590 1978 4664">
     <span class='ocr_line' id='line_1_92' title="bbox 371 4590 1978 4664; baseline 0.002 -20"><span class='ocrx_word' id='word_1_616' title='bbox 371 4590 622 4664; x_wconf 89' lang='lat' dir='ltr'>propitio</span> <span class='ocrx_word' id='word_1_617' title='bbox 643 4590 1010 4662; x_wconf 78' lang='lat' dir='ltr'>pontiﬁcatus</span> <span class='ocrx_word' id='word_1_618' title='bbox 1038 4591 1260 4646; x_wconf 89' lang='lat' dir='ltr'>domini</span> <span class='ocrx_word' id='word_1_619' title='bbox 1279 4591 1587 4661; x_wconf 67' lang='lat' dir='ltr'>Benedictii</span> <span class='ocrx_word' id='word_1_620' title='bbox 1605 4593 1815 4647; x_wconf 89' lang='lat' dir='ltr'>summi</span> <span class='ocrx_word' id='word_1_621' title='bbox 1838 4609 1978 4664; x_wconf 89' lang='lat' dir='ltr'>pon-</span> 
     </span>
    </p>
   </div>
   <div class='ocr_carea' id='block_1_93' title="bbox 370 4678 1974 4752">
    <p class='ocr_par' dir='ltr' id='par_1_93' title="bbox 370 4678 1974 4752">
     <span class='ocr_line' id='line_1_93' title="bbox 370 4678 1974 4752; baseline 0.002 -20"><span class='ocrx_word' id='word_1_622' title='bbox 370 4678 540 4734; x_wconf 79' lang='lat' dir='ltr'>tiﬁcis</span> <span class='ocrx_word' id='word_1_623' title='bbox 567 4683 624 4734; x_wconf 91' lang='lat' dir='ltr'>et</span> <span class='ocrx_word' id='word_1_624' title='bbox 653 4679 986 4734; x_wconf 88' lang='lat' dir='ltr'>universalis</span> <span class='ocrx_word' id='word_1_625' title='bbox 1019 4696 1184 4752; x_wconf 72' lang='lat' dir='ltr'>papae</span> <span class='ocrx_word' id='word_1_626' title='bbox 1205 4680 1322 4735; x_wconf 86' lang='lat' dir='ltr'>Vlll</span> <span class='ocrx_word' id='word_1_627' title='bbox 1347 4679 1407 4734; x_wconf 91' lang='lat' dir='ltr'>in</span> <span class='ocrx_word' id='word_1_628' title='bbox 1432 4680 1816 4735; x_wconf 89' lang='lat' dir='ltr'>sacratissima</span> <span class='ocrx_word' id='word_1_629' title='bbox 1843 4681 1974 4736; x_wconf 90' lang='lat' dir='ltr'>sede</span> 
     </span>
    </p>
   </div>
   <div class='ocr_carea' id='block_1_94' title="bbox 372 4766 1972 4839">
    <p class='ocr_par' dir='ltr' id='par_1_94' title="bbox 372 4766 1972 4839">
     <span class='ocr_line' id='line_1_94' title="bbox 372 4766 1972 4839; baseline 0.001 -17"><span class='ocrx_word' id='word_1_630' title='bbox 372 4766 529 4822; x_wconf 85' lang='lat' dir='ltr'>beati</span> <span class='ocrx_word' id='word_1_631' title='bbox 561 4767 713 4823; x_wconf 86' lang='lat' dir='ltr'>Petri</span> <span class='ocrx_word' id='word_1_632' title='bbox 729 4767 940 4839; x_wconf 90' lang='lat' dir='ltr'>primo,</span> <span class='ocrx_word' id='word_1_633' title='bbox 957 4768 1276 4824; x_wconf 89' lang='lat' dir='ltr'>indictione</span> <span class='ocrx_word' id='word_1_634' title='bbox 1292 4785 1370 4837; x_wconf 70' lang='grc' dir='ltr'>χι,</span> <span class='ocrx_word' id='word_1_635' title='bbox 1389 4785 1588 4823; x_wconf 88' lang='lat' dir='ltr'>mense</span> <span class='ocrx_word' id='word_1_636' title='bbox 1600 4769 1891 4830; x_wconf 83' lang='lat' dir='ltr'>Junio,die</span> <span class='ocrx_word' id='word_1_637' title='bbox 1913 4787 1972 4825; x_wconf 84' lang='grc' dir='ltr'>ιι.</span> 
     </span>
    </p>
   </div>
   <div class='ocr_carea' id='block_1_95' title="bbox 373 4855 1975 4930">
    <p class='ocr_par' dir='ltr' id='par_1_95' title="bbox 373 4855 1975 4930">
     <span class='ocr_line' id='line_1_95' title="bbox 373 4855 1975 4930; baseline -0.001 -19"><span class='ocrx_word' id='word_1_638' title='bbox 373 4857 521 4911; x_wconf 88' lang='lat' dir='ltr'>Dum</span> <span class='ocrx_word' id='word_1_639' title='bbox 549 4872 655 4928; x_wconf 91' lang='lat' dir='ltr'>pro</span> <span class='ocrx_word' id='word_1_640' title='bbox 669 4855 1056 4928; x_wconf 90' lang='lat' dir='ltr'>adipiscendis</span> <span class='ocrx_word' id='word_1_641' title='bbox 1067 4858 1309 4913; x_wconf 64' lang='lat' dir='ltr'>caelestis</span> <span class='ocrx_word' id='word_1_642' title='bbox 1325 4857 1489 4930; x_wconf 86' lang='lat' dir='ltr'>regni</span> <span class='ocrx_word' id='word_1_643' title='bbox 1503 4857 1727 4928; x_wconf 88' lang='lat' dir='ltr'>gaudiis</span> <span class='ocrx_word' id='word_1_644' title='bbox 1748 4858 1975 4911; x_wconf 87' lang='lat' dir='ltr'>aeternis</span> 
     </span>
    </p>
   </div>
   <div class='ocr_carea' id='block_1_96' title="bbox 369 4944 1978 5017">
    <p class='ocr_par' dir='ltr' id='par_1_96' title="bbox 369 4944 1978 5017">
     <span class='ocr_line' id='line_1_96' title="bbox 369 4944 1978 5017; baseline -0.001 -17"><span class='ocrx_word' id='word_1_645' title='bbox 369 4945 569 5017; x_wconf 88' lang='lat' dir='ltr'>procul</span> <span class='ocrx_word' id='word_1_646' title='bbox 584 4944 756 5000; x_wconf 91' lang='lat' dir='ltr'>dubio</span> <span class='ocrx_word' id='word_1_647' title='bbox 769 4945 840 5000; x_wconf 91' lang='lat' dir='ltr'>ad</span> <span class='ocrx_word' id='word_1_648' title='bbox 854 4945 1280 5002; x_wconf 83' lang='lat' dir='ltr'>cultumdivinae</span> <span class='ocrx_word' id='word_1_649' title='bbox 1296 4945 1612 5017; x_wconf 84' lang='lat' dir='ltr'>majestatis</span> <span class='ocrx_word' id='word_1_650' title='bbox 1624 4945 1935 5001; x_wconf 84' lang='lat' dir='ltr'>conferend</span> <span class='ocrx_word' id='word_1_651' title='bbox 1945 4962 1978 4999; x_wconf 92' lang='lat' dir='ltr'>a</span> 
     </span>
    </p>
   </div>
   <div class='ocr_carea' id='block_1_97' title="bbox 369 5032 1974 5108">
    <p class='ocr_par' dir='ltr' id='par_1_97' title="bbox 369 5032 1974 5108">
     <span class='ocr_line' id='line_1_97' title="bbox 369 5032 1974 5108; baseline -0.001 -19"><span class='ocrx_word' id='word_1_652' title='bbox 369 5032 657 5107; x_wconf 79' lang='lat' dir='ltr'>stipendia</span> <span class='ocrx_word' id='word_1_653' title='bbox 681 5034 924 5090; x_wconf 90' lang='lat' dir='ltr'>omnino</span> <span class='ocrx_word' id='word_1_654' title='bbox 950 5035 1036 5090; x_wconf 86' lang='lat' dir='ltr'>fas</span> <span class='ocrx_word' id='word_1_655' title='bbox 1057 5036 1254 5108; x_wconf 85' lang='lat' dir='ltr'>exigit,</span> <span class='ocrx_word' id='word_1_656' title='bbox 1286 5052 1354 5091; x_wconf 89' lang='lat' dir='ltr'>eo</span> <span class='ocrx_word' id='word_1_657' title='bbox 1375 5035 1530 5108; x_wconf 91' lang='lat' dir='ltr'>quod</span> <span class='ocrx_word' id='word_1_658' title='bbox 1556 5037 1834 5101; x_wconf 89' lang='lat' dir='ltr'>valemus,</span> <span class='ocrx_word' id='word_1_659' title='bbox 1853 5035 1974 5089; x_wconf 92' lang='lat' dir='ltr'>nisu</span> 
     </span>
    </p>
   </div>
   <div class='ocr_carea' id='block_1_98' title="bbox 369 5123 1975 5197">
    <p class='ocr_par' dir='ltr' id='par_1_98' title="bbox 369 5123 1975 5197">
     <span class='ocr_line' id='line_1_98' title="bbox 369 5123 1975 5197; baseline -0.001 -17"><span class='ocrx_word' id='word_1_660' title='bbox 369 5139 613 5197; x_wconf 66' lang='lat' dir='ltr'>qumque</span> <span class='ocrx_word' id='word_1_661' title='bbox 625 5123 702 5180; x_wconf 86' lang='lat' dir='ltr'>ad</span> <span class='ocrx_word' id='word_1_662' title='bbox 711 5124 1083 5180; x_wconf 84' lang='lat' dir='ltr'>stabilitatem</span> <span class='ocrx_word' id='word_1_663' title='bbox 1095 5123 1443 5196; x_wconf 87' lang='lat' dir='ltr'>integritatis</span> <span class='ocrx_word' id='word_1_664' title='bbox 1460 5123 1776 5196; x_wconf 83' lang='lat' dir='ltr'>perfectam</span> <span class='ocrx_word' id='word_1_665' title='bbox 1795 5124 1853 5178; x_wconf 92' lang='lat' dir='ltr'>in</span> <span class='ocrx_word' id='word_1_666' title='bbox 1880 5141 1975 5179; x_wconf 86' lang='lat' dir='ltr'>ve-</span> 
     </span>
    </p>
   </div>
   <div class='ocr_carea' id='block_1_99' title="bbox 369 5213 1973 5285">
    <p class='ocr_par' dir='ltr' id='par_1_99' title="bbox 369 5213 1973 5285">
     <span class='ocr_line' id='line_1_99' title="bbox 369 5213 1973 5285; baseline 0 -18"><span class='ocrx_word' id='word_1_667' title='bbox 369 5213 722 5269; x_wconf 84' lang='lat' dir='ltr'>nerabilibus</span> <span class='ocrx_word' id='word_1_668' title='bbox 750 5213 886 5268; x_wconf 88' lang='lat' dir='ltr'>locis</span> <span class='ocrx_word' id='word_1_669' title='bbox 908 5229 1274 5285; x_wconf 87' lang='lat' dir='ltr'>permanere,</span> <span class='ocrx_word' id='word_1_670' title='bbox 1308 5215 1367 5266; x_wconf 91' lang='lat' dir='ltr'>et</span> <span class='ocrx_word' id='word_1_671' title='bbox 1395 5228 1514 5267; x_wconf 90' lang='lat' dir='ltr'>non</span> <span class='ocrx_word' id='word_1_672' title='bbox 1540 5215 1771 5267; x_wconf 89' lang='lat' dir='ltr'>tantum</span> <span class='ocrx_word' id='word_1_673' title='bbox 1797 5213 1973 5268; x_wconf 88' lang='lat' dir='ltr'>verbo</span> 
     </span>
    </p>
   </div>
   <div class='ocr_carea' id='block_1_100' title="bbox 365 5299 1971 5372">
    <p class='ocr_par' dir='ltr' id='par_1_100' title="bbox 365 5299 1971 5372">
     <span class='ocr_line' id='line_1_100' title="bbox 365 5299 1971 5372; baseline 0.001 -18"><span class='ocrx_word' id='word_1_674' title='bbox 365 5299 658 5357; x_wconf 79' lang='lat' dir='ltr'>ﬁrmitatis</span> <span class='ocrx_word' id='word_1_675' title='bbox 687 5305 944 5369; x_wconf 89' lang='lat' dir='ltr'>maneat,</span> <span class='ocrx_word' id='word_1_676' title='bbox 967 5317 1166 5356; x_wconf 91' lang='lat' dir='ltr'>verum</span> <span class='ocrx_word' id='word_1_677' title='bbox 1184 5300 1359 5355; x_wconf 89' lang='lat' dir='ltr'>etiam</span> <span class='ocrx_word' id='word_1_678' title='bbox 1379 5316 1482 5368; x_wconf 89' lang='lat' dir='ltr'>per</span> <span class='ocrx_word' id='word_1_679' title='bbox 1507 5302 1717 5356; x_wconf 88' lang='lat' dir='ltr'>seriem</span> <span class='ocrx_word' id='word_1_680' title='bbox 1734 5302 1971 5372; x_wconf 85' lang='lat' dir='ltr'>scriptu-</span> 
     </span>
    </p>
   </div>
   <div class='ocr_carea' id='block_1_101' title="bbox 363 5389 1971 5463">
    <p class='ocr_par' dir='ltr' id='par_1_101' title="bbox 363 5389 1971 5463">
     <span class='ocr_line' id='line_1_101' title="bbox 363 5389 1971 5463; baseline 0.001 -19"><span class='ocrx_word' id='word_1_681' title='bbox 363 5405 562 5446; x_wconf 85' lang='lat' dir='ltr'>rarum</span> <span class='ocrx_word' id='word_1_682' title='bbox 579 5389 858 5463; x_wconf 87' lang='lat' dir='ltr'>paginam</span> <span class='ocrx_word' id='word_1_683' title='bbox 890 5408 960 5446; x_wconf 92' lang='lat' dir='ltr'>vo</span> <span class='ocrx_word' id='word_1_684' title='bbox 985 5407 1155 5446; x_wconf 92' lang='lat' dir='ltr'>umus</span> <span class='ocrx_word' id='word_1_685' title='bbox 1183 5406 1304 5445; x_wconf 91' lang='lat' dir='ltr'>esse</span> <span class='ocrx_word' id='word_1_686' title='bbox 1328 5392 1622 5458; x_wconf 88' lang='lat' dir='ltr'>testatum,</span> <span class='ocrx_word' id='word_1_687' title='bbox 1642 5390 1896 5446; x_wconf 83' lang='lat' dir='ltr'>maxime</span> <span class='ocrx_word' id='word_1_688' title='bbox 1913 5389 1971 5445; x_wconf 90' lang='lat' dir='ltr'>in</span> 
     </span>
    </p>
   </div>
   <div class='ocr_carea' id='block_1_102' title="bbox 429 5553 1460 5631">
    <p class='ocr_par' dir='ltr' id='par_1_102' title="bbox 429 5553 1460 5631">
     <span class='ocr_line' id='line_1_102' title="bbox 429 5553 1460 5631; baseline -0.004 -14"><span class='ocrx_word' id='word_1_689' title='bbox 429 5553 506 5624; x_wconf 77' lang='lat'>(2)</span> <span class='ocrx_word' id='word_1_690' title='bbox 538 5553 702 5629; x_wconf 63' lang='lat'>1.03.,</span> <span class='ocrx_word' id='word_1_691' title='bbox 730 5556 797 5613; x_wconf 69' lang='lat' dir='ltr'>in</span> <span class='ocrx_word' id='word_1_692' title='bbox 820 5571 997 5614; x_wconf 65' lang='lat' dir='ltr'>metu:</span> <span class='ocrx_word' id='word_1_693' title='bbox 1023 5555 1231 5631; x_wconf 68' lang='lat' dir='ltr'>Aprili.</span> <span class='ocrx_word' id='word_1_694' title='bbox 1273 5557 1460 5616; x_wconf 67' lang='lat' dir='ltr'>Iura.</span> 
     </span>
    </p>
   </div>
   <div class='ocr_carea' id='block_1_103' title="bbox 2075 4325 3680 4396">
    <p class='ocr_par' dir='ltr' id='par_1_103' title="bbox 2075 4325 3680 4396">
     <span class='ocr_line' id='line_1_103' title="bbox 2075 4325 3680 4396; baseline 0 -14"><span class='ocrx_word' id='word_1_695' title='bbox 2075 4343 2227 4393; x_wconf 90' lang='lat' dir='ltr'>rum,</span> <span class='ocrx_word' id='word_1_696' title='bbox 2254 4328 2312 4380; x_wconf 88' lang='lat' dir='ltr'>et</span> <span class='ocrx_word' id='word_1_697' title='bbox 2339 4325 2803 4396; x_wconf 85' lang='lat' dir='ltr'>meae,quisupra</span> <span class='ocrx_word' id='word_1_698' title='bbox 2834 4325 3680 4394; x_wconf 88' lang='lat' dir='ltr'>donator,habeatis,teneatis,</span> 
     </span>
    </p>
   </div>
   <div class='ocr_carea' id='block_1_104' title="bbox 2075 4412 3685 4488">
    <p class='ocr_par' dir='ltr' id='par_1_104' title="bbox 2075 4412 3685 4488">
     <span class='ocr_line' id='line_1_104' title="bbox 2075 4412 3685 4488; baseline 0 -18"><span class='ocrx_word' id='word_1_699' title='bbox 2075 4414 2494 4488; x_wconf 86' lang='lat' dir='ltr'>possideatis,et</span> <span class='ocrx_word' id='word_1_700' title='bbox 2509 4413 2728 4478; x_wconf 92' lang='lat' dir='ltr'>utendi,</span> <span class='ocrx_word' id='word_1_701' title='bbox 2753 4412 3685 4485; x_wconf 86' lang='lat' dir='ltr'>fruendi,possidendi,vendendi,</span> 
     </span>
    </p>
   </div>
   <div class='ocr_carea' id='block_1_105' title="bbox 2077 4500 3689 4572">
    <p class='ocr_par' dir='ltr' id='par_1_105' title="bbox 2077 4500 3689 4572">
     <span class='ocr_line' id='line_1_105' title="bbox 2077 4500 3689 4572; baseline 0.001 -16"><span class='ocrx_word' id='word_1_702' title='bbox 2077 4501 2356 4568; x_wconf 89' lang='lat' dir='ltr'>donandi,</span> <span class='ocrx_word' id='word_1_703' title='bbox 2383 4501 2805 4566; x_wconf 88' lang='lat' dir='ltr'>commutandi,</span> <span class='ocrx_word' id='word_1_704' title='bbox 2828 4502 2915 4556; x_wconf 91' lang='lat' dir='ltr'>vel</span> <span class='ocrx_word' id='word_1_705' title='bbox 2933 4500 3212 4572; x_wconf 91' lang='lat' dir='ltr'>quidquid</span> <span class='ocrx_word' id='word_1_706' title='bbox 3241 4501 3315 4555; x_wconf 89' lang='lat' dir='ltr'>ad</span> <span class='ocrx_word' id='word_1_707' title='bbox 3340 4502 3689 4558; x_wconf 53' lang='lat' dir='ltr'>luminaria-</span> 
     </span>
    </p>
   </div>
   <div class='ocr_carea' id='block_1_106' title="bbox 2075 4589 3686 4647">
    <p class='ocr_par' dir='ltr' id='par_1_106' title="bbox 2075 4589 3686 4647">
     <span class='ocr_line' id='line_1_106' title="bbox 2075 4589 3686 4647; baseline 0 0"><span class='ocrx_word' id='word_1_708' title='bbox 2075 4608 2207 4647; x_wconf 90' lang='lat' dir='ltr'>rum</span> <span class='ocrx_word' id='word_1_709' title='bbox 2233 4589 2739 4646; x_wconf 91' lang='lat' dir='ltr'>concinnationem</span> <span class='ocrx_word' id='word_1_710' title='bbox 2772 4589 2846 4643; x_wconf 92' lang='lat' dir='ltr'>ad</span> <span class='ocrx_word' id='word_1_711' title='bbox 2873 4592 3083 4643; x_wconf 66' lang='lat' dir='ltr'>sancta:</span> <span class='ocrx_word' id='word_1_712' title='bbox 3100 4589 3358 4643; x_wconf 65' lang='lat' dir='ltr'>Ecclesiae</span> <span class='ocrx_word' id='word_1_713' title='bbox 3375 4591 3686 4647; x_wconf 87' lang='lat' dir='ltr'>utilitatem</span> 
     </span>
    </p>
   </div>
   <div class='ocr_carea' id='block_1_107' title="bbox 2075 4677 3686 4748">
    <p class='ocr_par' dir='ltr' id='par_1_107' title="bbox 2075 4677 3686 4748">
     <span class='ocr_line' id='line_1_107' title="bbox 2075 4677 3686 4748; baseline -0.001 -14"><span class='ocrx_word' id='word_1_714' title='bbox 2075 4679 2243 4734; x_wconf 87' lang='lat' dir='ltr'>vestri</span> <span class='ocrx_word' id='word_1_715' title='bbox 2267 4677 2602 4734; x_wconf 89' lang='lat' dir='ltr'>monasterii</span> <span class='ocrx_word' id='word_1_716' title='bbox 2621 4678 2810 4732; x_wconf 85' lang='lat' dir='ltr'>facere</span> <span class='ocrx_word' id='word_1_717' title='bbox 2836 4677 2949 4732; x_wconf 91' lang='lat' dir='ltr'>sive</span> <span class='ocrx_word' id='word_1_718' title='bbox 2969 4693 3247 4748; x_wconf 89' lang='lat' dir='ltr'>peragere</span> <span class='ocrx_word' id='word_1_719' title='bbox 3277 4677 3591 4746; x_wconf 88' lang='lat' dir='ltr'>volueritis,</span> <span class='ocrx_word' id='word_1_720' title='bbox 3625 4680 3686 4733; x_wconf 87' lang='lat' dir='ltr'>in</span> 
     </span>
    </p>
   </div>
   <div class='ocr_carea' id='block_1_108' title="bbox 2077 4765 3690 4837">
    <p class='ocr_par' dir='ltr' id='par_1_108' title="bbox 2077 4765 3690 4837">
     <span class='ocr_line' id='line_1_108' title="bbox 2077 4765 3690 4837; baseline 0.001 -16"><span class='ocrx_word' id='word_1_721' title='bbox 2077 4771 2262 4822; x_wconf 89' lang='lat' dir='ltr'>vestra</span> <span class='ocrx_word' id='word_1_722' title='bbox 2285 4771 2720 4837; x_wconf 91' lang='lat' dir='ltr'>vestrorumque</span> <span class='ocrx_word' id='word_1_723' title='bbox 2743 4781 3135 4820; x_wconf 91' lang='lat' dir='ltr'>successorum</span> <span class='ocrx_word' id='word_1_724' title='bbox 3177 4765 3250 4819; x_wconf 90' lang='lat' dir='ltr'>sit</span> <span class='ocrx_word' id='word_1_725' title='bbox 3282 4769 3591 4837; x_wconf 88' lang='lat' dir='ltr'>potestate.</span> <span class='ocrx_word' id='word_1_726' title='bbox 3619 4768 3690 4822; x_wconf 87' lang='lat' dir='ltr'>Et</span> 
     </span>
    </p>
   </div>
   <div class='ocr_carea' id='block_1_109' title="bbox 2079 4853 3695 4926">
    <p class='ocr_par' dir='ltr' id='par_1_109' title="bbox 2079 4853 3695 4926">
     <span class='ocr_line' id='line_1_109' title="bbox 2079 4853 3695 4926; baseline -0.001 -16"><span class='ocrx_word' id='word_1_727' title='bbox 2079 4857 2234 4910; x_wconf 90' lang='lat' dir='ltr'>nullo</span> <span class='ocrx_word' id='word_1_728' title='bbox 2268 4871 2523 4926; x_wconf 92' lang='lat' dir='ltr'>unquam</span> <span class='ocrx_word' id='word_1_729' title='bbox 2550 4858 2816 4926; x_wconf 86' lang='lat' dir='ltr'>tempore</span> <span class='ocrx_word' id='word_1_730' title='bbox 2842 4870 2877 4906; x_wconf 88' lang='lat' dir='ltr'>a</span> <span class='ocrx_word' id='word_1_731' title='bbox 2909 4869 3022 4924; x_wconf 87' lang='lat' dir='ltr'>me,</span> <span class='ocrx_word' id='word_1_732' title='bbox 3059 4869 3247 4924; x_wconf 89' lang='lat' dir='ltr'>neque</span> <span class='ocrx_word' id='word_1_733' title='bbox 3269 4853 3337 4908; x_wconf 89' lang='lat' dir='ltr'>ab</span> <span class='ocrx_word' id='word_1_734' title='bbox 3358 4854 3695 4910; x_wconf 74' lang='lat' dir='ltr'>haeredibus</span> 
     </span>
    </p>
   </div>
   <div class='ocr_carea' id='block_1_110' title="bbox 2078 4942 3698 5015">
    <p class='ocr_par' dir='ltr' id='par_1_110' title="bbox 2078 4942 3698 5015">
     <span class='ocr_line' id='line_1_110' title="bbox 2078 4942 3698 5015; baseline 0 -16"><span class='ocrx_word' id='word_1_735' title='bbox 2078 4949 2135 4999; x_wconf 89' lang='lat' dir='ltr'>et</span> <span class='ocrx_word' id='word_1_736' title='bbox 2163 4945 2577 5000; x_wconf 90' lang='lat' dir='ltr'>successoribus</span> <span class='ocrx_word' id='word_1_737' title='bbox 2597 4943 2762 5006; x_wconf 90' lang='lat' dir='ltr'>meis,</span> <span class='ocrx_word' id='word_1_738' title='bbox 2779 4959 2968 5014; x_wconf 91' lang='lat' dir='ltr'>neque</span> <span class='ocrx_word' id='word_1_739' title='bbox 2990 4959 3024 4996; x_wconf 92' lang='lat' dir='ltr'>a</span> <span class='ocrx_word' id='word_1_740' title='bbox 3048 4958 3140 4996; x_wconf 88' lang='lat' dir='ltr'>me</span> <span class='ocrx_word' id='word_1_741' title='bbox 3167 4942 3448 4997; x_wconf 88' lang='lat' dir='ltr'>submissa</span> <span class='ocrx_word' id='word_1_742' title='bbox 3472 4961 3698 5015; x_wconf 86' lang='lat' dir='ltr'>magna</span> 
     </span>
    </p>
   </div>
   <div class='ocr_carea' id='block_1_111' title="bbox 2079 5030 3698 5105">
    <p class='ocr_par' dir='ltr' id='par_1_111' title="bbox 2079 5030 3698 5105">
     <span class='ocr_line' id='line_1_111' title="bbox 2079 5030 3698 5105; baseline 0.001 -20"><span class='ocrx_word' id='word_1_743' title='bbox 2079 5035 2161 5088; x_wconf 86' lang='lat' dir='ltr'>vel</span> <span class='ocrx_word' id='word_1_744' title='bbox 2181 5050 2353 5104; x_wconf 90' lang='lat' dir='ltr'>parva</span> <span class='ocrx_word' id='word_1_745' title='bbox 2368 5049 2615 5105; x_wconf 88' lang='lat' dir='ltr'>persona</span> <span class='ocrx_word' id='word_1_746' title='bbox 2632 5032 2884 5103; x_wconf 89' lang='lat' dir='ltr'>aliquam</span> <span class='ocrx_word' id='word_1_747' title='bbox 2901 5030 3212 5102; x_wconf 90' lang='lat' dir='ltr'>aliquando</span> <span class='ocrx_word' id='word_1_748' title='bbox 3225 5030 3512 5086; x_wconf 87' lang='lat' dir='ltr'>habebitis</span> <span class='ocrx_word' id='word_1_749' title='bbox 3526 5050 3698 5103; x_wconf 72' lang='lat' dir='ltr'>qua:-</span> 
     </span>
    </p>
   </div>
   <div class='ocr_carea' id='block_1_112' title="bbox 2075 5118 3701 5191">
    <p class='ocr_par' dir='ltr' id='par_1_112' title="bbox 2075 5118 3701 5191">
     <span class='ocr_line' id='line_1_112' title="bbox 2075 5118 3701 5191; baseline -0.001 -13"><span class='ocrx_word' id='word_1_750' title='bbox 2075 5124 2322 5178; x_wconf 91' lang='lat' dir='ltr'>stionem</span> <span class='ocrx_word' id='word_1_751' title='bbox 2353 5127 2452 5177; x_wconf 89' lang='lat' dir='ltr'>aut</span> <span class='ocrx_word' id='word_1_752' title='bbox 2479 5121 2852 5176; x_wconf 89' lang='lat' dir='ltr'>calumniam.</span> <span class='ocrx_word' id='word_1_753' title='bbox 2888 5119 3019 5174; x_wconf 82' lang='lat' dir='ltr'>Etsi</span> <span class='ocrx_word' id='word_1_754' title='bbox 3050 5118 3212 5176; x_wconf 89' lang='lat' dir='ltr'>vobis</span> <span class='ocrx_word' id='word_1_755' title='bbox 3231 5119 3547 5191; x_wconf 87' lang='lat' dir='ltr'>vestrisque</span> <span class='ocrx_word' id='word_1_756' title='bbox 3570 5138 3701 5176; x_wconf 88' lang='lat' dir='ltr'>suc-</span> 
     </span>
    </p>
   </div>
   <div class='ocr_carea' id='block_1_113' title="bbox 2075 5208 3695 5283">
    <p class='ocr_par' dir='ltr' id='par_1_113' title="bbox 2075 5208 3695 5283">
     <span class='ocr_line' id='line_1_113' title="bbox 2075 5208 3695 5283; baseline -0.001 -19"><span class='ocrx_word' id='word_1_757' title='bbox 2075 5211 2395 5265; x_wconf 89' lang='lat' dir='ltr'>cessoribus</span> <span class='ocrx_word' id='word_1_758' title='bbox 2411 5227 2553 5283; x_wconf 89' lang='lat' dir='ltr'>opus</span> <span class='ocrx_word' id='word_1_759' title='bbox 2575 5208 2968 5274; x_wconf 88' lang='lat' dir='ltr'>intervenerit,</span> <span class='ocrx_word' id='word_1_760' title='bbox 2991 5209 3144 5262; x_wconf 86' lang='lat' dir='ltr'>stare</span> <span class='ocrx_word' id='word_1_761' title='bbox 3168 5223 3263 5261; x_wconf 90' lang='lat' dir='ltr'>me</span> <span class='ocrx_word' id='word_1_762' title='bbox 3281 5223 3396 5261; x_wconf 88' lang='lat' dir='ltr'>una</span> <span class='ocrx_word' id='word_1_763' title='bbox 3413 5223 3548 5262; x_wconf 89' lang='lat' dir='ltr'>cum</span> <span class='ocrx_word' id='word_1_764' title='bbox 3572 5209 3664 5263; x_wconf 68' lang='lat' dir='ltr'>hae</span> <span class='ocrx_word' id='word_1_765' title='bbox 3678 5239 3695 5249; x_wconf 83' lang='lat'><strong>-</strong></span> 
     </span>
    </p>
   </div>
   <div class='ocr_carea' id='block_1_114' title="bbox 2074 5294 3696 5370">
    <p class='ocr_par' dir='ltr' id='par_1_114' title="bbox 2074 5294 3696 5370">
     <span class='ocr_line' id='line_1_114' title="bbox 2074 5294 3696 5370; baseline -0.001 -16"><span class='ocrx_word' id='word_1_766' title='bbox 2074 5301 2307 5355; x_wconf 88' lang='lat' dir='ltr'>redibus</span> <span class='ocrx_word' id='word_1_767' title='bbox 2323 5302 2381 5353; x_wconf 93' lang='lat' dir='ltr'>et</span> <span class='ocrx_word' id='word_1_768' title='bbox 2397 5297 2816 5354; x_wconf 90' lang='lat' dir='ltr'>successoribus</span> <span class='ocrx_word' id='word_1_769' title='bbox 2835 5297 3064 5366; x_wconf 88' lang='lat' dir='ltr'>meis,et</span> <span class='ocrx_word' id='word_1_770' title='bbox 3075 5294 3387 5350; x_wconf 82' lang='lat' dir='ltr'>defendere</span> <span class='ocrx_word' id='word_1_771' title='bbox 3409 5298 3696 5370; x_wconf 88' lang='lat' dir='ltr'>promitto</span> 
     </span>
    </p>
   </div>
   <div class='ocr_carea' id='block_1_115' title="bbox 2072 5383 3697 5455">
    <p class='ocr_par' dir='ltr' id='par_1_115' title="bbox 2072 5383 3697 5455">
     <span class='ocr_line' id='line_1_115' title="bbox 2072 5383 3697 5455; baseline -0.002 -11"><span class='ocrx_word' id='word_1_772' title='bbox 2072 5389 2144 5444; x_wconf 89' lang='lat' dir='ltr'>ab</span> <span class='ocrx_word' id='word_1_773' title='bbox 2171 5388 2333 5444; x_wconf 91' lang='lat' dir='ltr'>omni</span> <span class='ocrx_word' id='word_1_774' title='bbox 2357 5387 2594 5444; x_wconf 85' lang='lat' dir='ltr'>homine</span> <span class='ocrx_word' id='word_1_775' title='bbox 2623 5386 2680 5442; x_wconf 92' lang='lat' dir='ltr'>in</span> <span class='ocrx_word' id='word_1_776' title='bbox 2710 5385 2871 5442; x_wconf 87' lang='lat' dir='ltr'>omni</span> <span class='ocrx_word' id='word_1_777' title='bbox 2893 5389 3159 5455; x_wconf 89' lang='lat' dir='ltr'>tempore</span> <span class='ocrx_word' id='word_1_778' title='bbox 3184 5387 3244 5438; x_wconf 91' lang='lat' dir='ltr'>et</span> <span class='ocrx_word' id='word_1_779' title='bbox 3272 5383 3512 5438; x_wconf 89' lang='lat' dir='ltr'>inomni</span> <span class='ocrx_word' id='word_1_780' title='bbox 3540 5386 3697 5449; x_wconf 89' lang='lat' dir='ltr'>loco,</span> 
     </span>
    </p>
   </div>
  </div>
