4094 6178
207 801 211 805 λ
304 776 461 850 quod
491 774 664 837 absit,
694 771 743 824 si
763 773 970 825 contra
987 769 1111 822 haec
1131 784 1260 839 quas
1281 766 1544 836 superius
1566 767 1765 819 notata
1782 765 1936 829 sunt,

315 383 462 449 1589
1553 365 1914 432 EPISTOLJE
1953 365 2040 429 ET
2074 358 2406 429 DECRETA
3539 371 3678 430 4590

309 514 410 570 ubi
433 508 598 567 vobis
619 521 856 562 necesse
885 503 1080 560 fuerit.
1117 504 1186 558 Et
1214 504 1337 558 haec
1366 501 1584 567 omnia,
1621 516 1748 573 quae
1776 499 1944 570 hujus
1967 501 2022 560 Α
2051 497 2289 552 detinen
2303 496 2442 550 dum
2483 496 2541 548 et
2571 489 2990 565 perfruendum
3029 487 3426 564 concedimus,
3476 494 3680 551 vestris

303 597 645 659 donationis
675 595 954 650 chartulae
972 592 1148 648 series
1172 595 1356 646 textus
1375 590 1690 662 eloquitur,
1709 587 1942 642 inviola-
2042 585 2316 658 precibus
2351 583 2631 651 inclinati,
2653 599 2686 637 a
2702 580 3333 654 prmsentiduodecima
3355 581 3680 640 indictione

304 689 498 746 biliter
525 698 873 740 conservare
901 683 1076 751 atque
1111 679 1432 750 adimplere
1465 675 1937 749 promitto.Nam,
2042 678 2243 730 nostra
2275 672 2624 727 auctoritate
2657 671 2836 725 libera
2867 673 3041 736 atque
3080 686 3280 724 secura
3307 669 3574 727 habeatis
3604 674 3676 729 ab

2042 762 2208 818 omni
2237 763 2516 815 extranea
2547 762 2854 830 potestate,
2889 759 2972 813 ita
3010 761 3074 813 ut
3103 760 3292 813 nullus
3333 759 3470 827 dux,
3515 762 3677 832 prin-

305 849 392 921 vel
415 862 665 933 ascripta
690 859 985 930 leguntur,
1046 872 1220 928 agere
1263 852 1826 925 praesumpserimus,
1881 852 1940 904 et
2039 867 2198 922 ceps,
2227 865 2446 915 comes,
2478 853 2578 903 aut
2619 849 2962 914 vicecomes,
3006 849 3093 902 vel
3120 864 3339 919 magna
3385 865 3679 922 parvaque

307 956 517 1010 cuncta
548 966 670 1005 non
700 944 1221 1008 observaverimus,
1244 947 1381 997 tunc
1405 943 1640 997 daturos
1668 957 1772 995 nos
1802 955 1935 1011 pro-
2039 954 2316 1011 persona,
2368 940 2718 1009 potestatem
2757 937 2836 991 ibi
2883 940 3149 992 exerceat
3187 936 3274 990 vel
3329 936 3448 991 vim
3490 938 3680 994 facere

307 1041 598 1098 mittimus
618 1036 784 1093 vobis
812 1037 946 1090 ante
970 1033 1164 1089 omnis
1204 1031 1316 1086 litis
1347 1030 1577 1084 initium
1612 1047 1797 1102 prensa
1829 1046 1937 1083 no-
2037 1027 2265 1081 ibidem
2298 1029 2636 1095 praesumat,
2669 1026 2749 1079 ita
2778 1042 2918 1080 sane
2971 1028 3034 1080 ut
3083 1025 3322 1096 singulis
3355 1027 3682 1100 quibusque

306 1130 466 1186 mine
497 1127 623 1182 auri
637 1123 845 1197 optimi
873 1123 1050 1176 libras
1087 1121 1252 1186 duas;
1287 1123 1345 1173 et
1377 1122 1508 1188 post
1539 1119 1790 1173 solutam
1817 1133 1933 1188 poe-
2041 1111 2103 1168 in
2137 1112 2564 1168 indictionibus
2594 1114 2936 1184 pensionem
2965 1113 3304 1169 auctionarii
3337 1120 3553 1171 sancte:
3576 1133 3683 1171 no-

309 1234 446 1274 nam
463 1216 633 1286 hujus
657 1210 992 1268 donationis
1009 1209 1284 1263 chartula:
1311 1205 1485 1260 series
1515 1206 1574 1259 in
1609 1221 1714 1258 sua
1732 1204 1942 1258 nihilo-
2049 1205 2186 1256 strae
2217 1203 2498 1255 Romanae
2527 1202 2790 1257 Ecclesiae
2825 1203 2968 1258 duos
3015 1221 3220 1258 aureos
3262 1205 3480 1260 solidos
3533 1205 3685 1260 difﬂ-

306 1307 502 1362 minus
541 1305 745 1359 manet
781 1298 1080 1353 firmitate.
1109 1297 1290 1360 Quam
1315 1293 1688 1348 scribendam
1723 1291 1952 1363 rogavit
2053 1292 2275 1346 cultate
2305 1290 2626 1360 postposita
2679 1292 3039 1362 persolvetis.
3102 1291 3438 1348 Statuentes
3494 1295 3688 1366 itaque

314 1395 684 1458 Roccionem,
726 1387 1098 1445 scriniarium
1129 1387 1342 1438 sanctae
1381 1384 1666 1436 Romanae
1686 1380 1954 1435 Ecclesiae

309 1487 377 1540 Et
397 1501 528 1556 ego,
558 1480 656 1554 qui
695 1495 868 1551 supra
919 1476 1171 1546 scriptus
1203 1489 1380 1526 manu
1414 1469 1658 1559 propria
1711 1469 1958 1559 subseri:

309 1574 416 1646 psi,
445 1575 501 1627 et
531 1573 706 1626 testes
737 1567 834 1639 qui
855 1562 1306 1625 subscriberent,
1334 1557 1560 1646 rogavi,
1595 1557 1660 1610 et
1673 1556 1960 1646 vobis,qui

311 1643 506 1734 supra,
529 1655 857 1714 contradidi
879 1653 938 1707 in
970 1666 1173 1706 mense
1198 1651 1256 1702 et
1285 1644 1609 1701 indictione
1647 1643 1960 1714 suprascri-

312 1756 413 1824 pta
437 1769 510 1805 xl.

2059 1375 2381 1450 apostolica
2413 1379 2764 1433 auctoritate
2799 1380 2902 1434 sub
2925 1380 3100 1434 divini
3121 1381 3324 1451 judicii
3352 1383 3690 1438 obtestatio-

2061 1484 2135 1522 ne
2159 1469 2217 1520 et
2239 1465 2624 1521 anathematis
2672 1468 3080 1524 interdictione
3136 1473 3199 1524 ut
3251 1472 3401 1526 nulli
3433 1489 3694 1544 unquam

2061 1569 2457 1611 successorum
2516 1560 2850 1612 nostrorum
2906 1558 3268 1630 pontificum,
3322 1562 3417 1615 vel
3477 1578 3697 1634 magna

2060 1657 2353 1717 parvaque
2383 1657 2652 1711 persona,
2680 1645 2844 1700 sicuti
2870 1663 3044 1716 supra
3071 1648 3358 1718 scriptum
3393 1653 3498 1716 est,
3551 1665 3693 1705 con-

2057 1738 2149 1786 tra
2175 1731 2285 1784 hoc
2314 1734 2578 1787 nostrum
2609 1733 2973 1804 privilegium
3005 1736 3203 1790 venire
3231 1736 3542 1791 audeat.Si
3571 1739 3698 1810 quis

391 1832 464 1903 θ
489 1831 531 1885 Τ
559 1831 600 1884 h
630 1829 669 1882 F
699 1829 743 1881 K
771 1825 852 1880 1h
876 1823 918 1878 C
945 1823 990 1876 Τ
1022 1822 1064 1875 x
1103 1820 1164 1886 C,
1213 1816 1309 1896 qui
1347 1819 1406 1870 et
1436 1811 1784 1870 Benedictus
1832 1813 1956 1883 epi-
1981 1834 2033 1892 B
2056 1825 2282 1881 autem,
2308 1820 2464 1890 quod
2497 1839 2616 1876 non
2642 1827 2931 1894 optamus,
2963 1825 3282 1880 temerario
3325 1841 3465 1880 ausu
3491 1831 3695 1884 contra

313 1937 522 1991 scopus
552 1933 750 1972 servus
773 1926 1075 1991 servorum
1089 1907 1228 1991 Dei.

385 1985 459 2072 ὢ
486 1996 824 2068 Hilperinus
849 1992 1008 2046 ﬁlius
1042 1985 1335 2059 Hilperini.

391 2088 464 2158 ὢ
494 2087 716 2140 Franco
741 2081 888 2135 illius
911 2075 1176 2134 Duranti.

390 2175 464 2247 θ
486 2176 761 2236 Joannes,
784 2167 881 2240 qui
914 2169 1218 2236 Paparone
1244 2164 1499 2214 vocatur.

393 2264 465 2333 03
492 2259 836 2317 Octavianus
857 2255 1006 2309 filius
1037 2251 1226 2322 Sergii
1257 2250 1327 2304 de
1357 2247 1797 2302 Transtiberim.

386 2352 460 2424 ᾧ
483 2346 846 2405 Crescentius
867 2343 1017 2397 ﬁlius
1037 2338 1274 2395 Joannis
1304 2337 1374 2391 de
1407 2337 1692 2390 Lottecar.

396 2422 464 2511 ὢ
487 2441 606 2509 Ego
641 2433 851 2489 Boccio
873 2428 1206 2485 scriniarius
1236 2428 1449 2480 sancta:
1469 2425 1748 2478 Romanae
1772 2422 1957 2511 EccleT

327 2506 447 2594 sive,
481 2506 580 2598 qui
609 2538 788 2593 supra
817 2518 1071 2592 scriptor
1115 2515 1285 2586 hujus
1338 2514 1613 2568 chartulae
1669 2506 1954 2582 complevi

322 2620 386 2672 et
414 2613 652 2670 absolvi.

1089 2677 1199 2730 VII.

325 2773 492 2828 Bulla
545 2769 827 2826 Benedicti
850 2781 1011 2836 papa
1067 2762 1211 2836 VIII
1247 2779 1356 2836 pf?
1388 2766 1715 2836 monasterio
1767 2760 1961 2816 Sancti

757 2833 1004 2908 Sep—ulcri
1044 2837 1100 2888 in
1141 2833 1518 2890 locoiNociati.

639 2921 835 2990 (Anno
865 2921 1022 2983 1013,
1056 2931 1254 2969 mense
1281 2911 1633 2981 Decembri.)

328 3005 911 3084 [MmARELLx,Annal.
942 3002 1273 3064 0amaldul.,
1306 3003 1346 3067 Ι,
1369 2999 1617 3070 Apend.,
1643 3016 1708 3070 p.
1731 3005 1854 3069 212,
1888 3018 1956 3055 ex

546 3097 912 3169 autographo
949 3091 1286 3148 monasterii
1317 3089 1704 3159 Fontisboni.]

409 3192 742 3244 BENBDICTUS
774 3184 1095 3256 episcopus,
1127 3197 1318 3235 servus
1353 3193 1650 3233 servorum
1715 3179 1836 3245 Dei,
1870 3176 1955 3231 di-

331 3281 479 3334 lecto
512 3276 571 3330 in
601 3274 823 3331 Christo
857 3270 973 3325 ﬁlio
1007 3271 1309 3333 Rom-mmo,
1348 3266 1444 3338 qui
1491 3267 1735 3322 Bomzzo
1766 3263 1958 3322 vocari

331 3368 576 3432 videtur,
607 3362 802 3419 abbati
832 3357 1170 3414 monasterii
1209 3356 1403 3411 Sancti
1441 3354 1702 3425 Sepulcri
1729 3373 1793 3410 ac
1825 3371 1959 3410 san-

334 3458 562 3509 ctorum
587 3452 846 3516 Quatuor
878 3446 1396 3517 Evangelistarum,
1436 3443 1590 3515 quod
1637 3443 1812 3498 situm
1873 3446 1958 3497 est

336 3545 395 3597 in
424 3545 610 3597 castro
642 3537 968 3602 Felicitatis,
1038 3536 1097 3589 in
1128 3536 1254 3589 loco
1301 3531 1540 3598 Nociati,
1573 3531 1800 3602 tuisque
1830 3548 1957 3585 suc-

337 3629 658 3685 cessoribus
682 3627 739 3680 in
763 3627 1129 3698 perpetuum.

408 3707 696 3772 Quoniam
722 3706 769 3760 si
802 3703 940 3776 quid
973 3703 1045 3757 ad
1077 3703 1360 3756 honorem
1403 3698 1500 3753 Dei
1543 3700 1602 3752 et
1630 3701 1828 3752 sancta
1855 3699 1955 3754 llei

337 3795 696 3852 monasteria
729 3792 1087 3857 ordinamus,
1109 3787 1438 3843 mercedem
1456 3786 1587 3840 inde
1604 3785 1663 3839 in
1692 3787 1953 3841 futurum

336 3901 370 3940 a
402 3885 520 3940 Deo
557 3898 661 3937 nos
695 3883 1028 3950 recepturos
1055 3894 1176 3932 esse
1204 3893 1318 3930 non
1351 3874 1680 3929 dubitamus
1705 3891 1717 3927 :
1742 3874 1952 3929 idcirco

337 3989 442 4027 nos
472 3971 678 4042 quibus
731 3967 1102 4022 ecclesiarum
1169 3964 1269 4018 Dei
1314 3979 1452 4018 cura
1502 3961 1811 4016 commissa
1869 3964 1954 4016 est

337 4059 638 4116 ecclesiam
671 4055 1009 4128 praedictam
1057 4053 1112 4106 in
1168 4055 1462 4124 posterum
1494 4049 1839 4121 provideatis
1881 4051 1952 4107 de

338 4149 508 4202 rebus
531 4150 744 4201 sancta!
776 4147 988 4198 nostrae
1012 4144 1288 4197 Romanae
1310 4137 1570 4193 Ecclesia:
1588 4137 1951 4210 privilegium

338 4239 551 4290 nostrae
601 4232 957 4288 auctoritatis
1010 4229 1359 4285 constituere
1395 4230 1586 4281 ratum
1637 4226 1948 4295 duximus;

338 4322 694 4377 arbitramur
723 4319 941 4374 etenim
1004 4317 1077 4372 ad
1109 4319 1315 4370 futuro:
1383 4313 1640 4369 utilitatis
1698 4314 1951 4368 fructum

334 4409 655 4481 plurimum
679 4409 867 4462 valere
893 4407 1051 4479 quod
1077 4409 1280 4459 contra
1319 4403 1724 4458 insectationes
1754 4408 1950 4473 tyran-

2054 1911 2180 1964 haec
2211 1908 2412 1962 venire
2444 1911 2832 1979 attentaverit,
2866 1915 2924 1966 et
2961 1913 3125 1968 sicuti
3150 1932 3189 1969 a
3234 1919 3434 1969 nostra
3462 1921 3692 1989 aposto-

2056 1999 2168 2052 lica
2226 1997 2568 2054 auctoritate
2613 2017 2952 2056 concessum
2998 2005 3056 2056 et
3108 2005 3540 2064 conﬁrmatum
3590 2015 3695 2082 est,

2057 2103 2406 2157 permanere
2456 2105 2576 2144 non
2631 2090 2937 2157 dimiserit,
2967 2091 3109 2146 sciat
3139 2110 3210 2148 se
3240 2099 3618 2161 maledictum
3646 2107 3704 2163 et

2055 2175 2693 2268 anathematisgvinculo
2735 2197 2769 2234 a
2821 2182 2991 2234 Patre
3040 2185 3098 2235 et
3154 2182 3308 2240 Filio
3377 2194 3435 2246 et
3494 2192 3705 2268 Spiritu

2055 2268 2258 2319 sancto
2290 2264 2660 2333 innodatum,
2691 2271 2748 2322 et
2771 2268 2829 2322 in
2863 2269 3098 2324 aeternis
3124 2270 3434 2336 incendiis
3459 2264 3589 2343 cum
3616 2289 3706 2347 Ju-

2057 2356 2131 2450 da
2155 2357 2435 2450 traditore
2467 2359 2701 2450 Domini
2719 2359 2903 2450 nostri
2927 2359 3057 2450 Jesu
3074 2361 3293 2418 Christi
3327 2369 3547 2431 habeat
3568 2397 3706 2450 por.-

2056 2443 2301 2499 tionem.
2331 2447 2402 2498 Αἰ
2427 2462 2565 2500 vero
2593 2446 2690 2516 qui
2721 2446 2817 2516 pio
2846 2447 3059 2502 intuitu
3087 2452 3282 2504 custos
3334 2463 3396 2512 et
3434 2443 3701 2524 observa-

2060 2535 2152 2586 tor
2190 2533 2360 2602 hujus
2393 2533 2573 2586 nostri
2598 2533 2900 2604 apostolici
2932 2535 3219 2606 privilegii
3254 2547 3562 2617 exstiterit,
3597 2555 3699 2608 be-

2059 2620 2404 2676 nedictionis
2454 2622 2705 2692 gratiam
2765 2639 2800 2675 a
2851 2622 3006 2693 justo
3038 2624 3240 2694 judice
3272 2629 3530 2691 Domino
3578 2641 3698 2691 Deo

2057 2713 2257 2763 nostro
2289 2709 2559 2780 consequi
2592 2713 2893 2764 mereatur
2929 2713 2986 2764 et
3016 2712 3193 2766 vitam
3233 2719 3523 2775 aeternam
3556 2738 3698 2793 par-

2055 2795 2238 2865 ticeps
2313 2796 2461 2849 efﬁci
2535 2799 2833 2851 mereatur
2907 2798 2964 2852 in
3031 2801 3241 2856 saecula
3315 2809 3692 2859 saeculorum.

2055 2886 2262 2938 Amen.

2129 2970 2419 3043 Scriptum
2451 2986 2555 3040 per
2586 2987 2792 3026 manus
2852 2971 3038 3044 Sergii
3090 2977 3303 3033 notarii
3361 2972 3696 3049 regionarii

2056 3064 2268 3115 sanctae
2302 3062 2576 3114 Romanae
2606 3061 2873 3116 Ecclesiae
2906 3062 2963 3116 in
2995 3080 3196 3119 mense
3257 3069 3314 3121 et
3365 3061 3698 3120 indictione

1990 3179 2037 3237 Ο
2059 3148 2441 3237 suprascripta
2470 3147 2840 3237 duodecima,

2127 3236 2199 3308 ΑΒ
2227 3238 2378 3290 Bene
2403 3237 2604 3290 valete.
2633 3235 2731 3292 SS.

2130 3328 2192 3380 In
2244 3325 2478 3379 nomine
2509 3326 2740 3380 Domini
2795 3327 2993 3383 datum
3046 3346 3151 3400 per
3203 3348 3429 3386 manus
3490 3340 3695 3399 Azzoni

2059 3415 2308 3486 episcopi
2341 3418 2552 3468 sanctae
2581 3416 2854 3471 Ostiensis
2905 3418 3166 3474 Ecclesiae
3212 3424 3271 3474 et
3295 3420 3691 3491 bibliotheca-

2055 3503 2358 3558 riisanctaa
2381 3502 2708 3573 apostolica:
2759 3505 2928 3573 sedis,
2989 3524 3168 3574 anno,
3227 3509 3346 3564 Deo
3404 3522 3685 3592 propitio,

2057 3591 2256 3646 domni
2307 3591 2600 3646 Benedicti
2631 3595 2844 3648 summi
2871 3595 3164 3665 pontiﬁcis
3222 3601 3281 3652 et
3340 3591 3684 3667 universalis

2057 3679 2237 3734 octavi
2269 3696 2430 3750 papae
2459 3679 2516 3732 in
2548 3681 2934 3736 sacratissima
2955 3683 3091 3737 sede
3124 3685 3278 3738 beati
3300 3687 3458 3744 Petri
3483 3711 3684 3752 secun-

2057 3767 2151 3832 do,
2181 3768 2239 3822 in
2268 3784 2465 3822 mense
2509 3768 2871 3835 Decembrio,
2915 3769 3230 3826 indictione
3285 3783 3681 3853 suprascripta

2056 3855 2418 3911 duodecima.

2779 3946 2920 4001 VIII.

2055 4052 2372 4124 Benedictus
2404 4050 2546 4124 VIII
2574 4051 2831 4106 Heinrico
2854 4057 3163 4124 imperatori
3183 4055 3349 4110 tradit
3378 4074 3545 4115 certes
3568 4064 3672 4116 tres

2125 4127 2179 4177 in
2205 4123 2401 4197 ducatu
2431 4123 2688 4178 Bavaria:
2716 4126 2848 4178 sitas
2871 4123 2970 4196 pro
3004 4127 3195 4197 quibus
3237 4126 3385 4182 Colle
3433 4129 3671 4188 Calvum

2126 4194 2356 4264 regalem
2384 4202 2586 4249 curtem
2624 4197 2840 4266 accipit.

2659 4302 2844 4373 (Anno
2881 4305 3057 4375 1014).

2456 4398 2671 4469 [ΜΑΝει,
2703 4397 2912 4455 Concil.
2936 4401 3070 4467 XIX,
3103 4405 3255 4466 329].

338 4462 548 4551 norum
583 4499 641 4551 et
671 4462 1064 4568 quorumlibet
1100 4508 1408 4564 pravorum
1432 4489 1575 4545 vires
1595 4489 1819 4544 videtur
1847 4492 1952 4545 ha—
1974 4462 2027 4520 D
2122 4486 2454 4542 BENEDIC‘I‘US
2480 4486 2799 4559 episcopus,
2833 4505 3027 4543 servus
3078 4506 3376 4544 servorum
3421 4491 3542 4559 Dei,
3581 4493 3664 4547 di-

334 4585 494 4640 bere.
545 4583 900 4638 Auctoritate
955 4582 1133 4653 igitur
1197 4579 1510 4650 apostolica
1551 4578 1952 4634 constituimus

336 4671 701 4744 privilegium
724 4672 794 4725 de
814 4688 882 4724 ea
899 4688 1027 4742 quae
1043 4668 1281 4723 inferius
1295 4669 1555 4722 continet
1568 4683 1673 4737 pro
1691 4669 1950 4722 remedio

335 4761 547 4815 animae
573 4763 786 4814 nostra:
817 4763 1268 4828 nostrorumque
1296 4772 1685 4810 successorum
1719 4757 1950 4826 pontiﬁ-

334 4865 466 4902 cum
498 4851 556 4901 et
581 4863 684 4918 pro
721 4845 1143 4900 sustentatione
1184 4844 1432 4897 fratrum
1485 4847 1543 4898 et
1591 4844 1951 4915 susceptione

334 4935 573 5005 inopum
607 4936 663 4988 et
698 4932 1139 5004 peregrinorum
1168 4934 1225 4984 et
1255 4930 1621 5001 congregatis
1661 4930 1714 4984 in
1745 4931 1953 4987 Christi

334 5022 617 5088 laudibus,
643 5021 776 5092 quia
800 5020 1133 5074 mercedem
1193 5019 1249 5072 in
1297 5020 1554 5072 futurum
1611 5035 1645 5072 a
1700 5021 1816 5074 Deo
1849 5037 1954 5074 nos

336 5114 669 5180 recepturos
689 5126 806 5163 non
841 5108 1200 5172 dubitamus;
1233 5108 1478 5176 proinde
1517 5108 1770 5162 concedo
1798 5107 1953 5163 vobis

335 5198 649 5269 vestrisque
673 5195 1088 5250 successoribus
1116 5195 1173 5248 in
1210 5198 1578 5266 perpetuum,
1603 5195 1658 5249 id
1677 5199 1762 5249 est
1784 5195 1951 5250 Corte

337 5303 463 5357 quae
491 5284 987 5340 Constantiorum.
1045 5286 1101 5336 et
1145 5283 1488 5354 Sargonina,
1541 5287 1599 5338 et
1645 5283 1862 5337 Nobule
1896 5286 1954 5337 et

339 5373 581 5438 Balzolo,
608 5375 667 5426 et
692 5388 897 5442 campo
931 5370 1236 5426 Dominico
1265 5373 1322 5424 et
1352 5387 1555 5441 campo
1591 5371 1661 5424 de
1688 5373 1864 5425 Puzzo
1895 5375 1954 5427 et

338 5463 578 5516 Flavelle
601 5465 789 5516 totum
846 5461 903 5514 in
955 5476 1286 5526 numerum,
1316 5459 1476 5513 sicuti
1508 5463 1718 5514 sanctae
1742 5465 1952 5516 nostrae

339 5551 613 5606 Romana:
627 5549 890 5604 Ecclesia:
922 5549 1008 5603 cui
1041 5549 1157 5603 Deo
1191 5551 1425 5603 auctore
1463 5548 1814 5603 deservimus
1851 5551 1950 5604 Ec-

374 5638 549 5708 lesiw,
582 5637 742 5694 vobis
771 5636 1082 5709 vestrisque
1103 5635 1947 5710 successoribusinperpetuum

2051 4575 2357 4631 lectissimo
2391 4575 2448 4628 in
2481 4576 2724 4630 Domino
2757 4576 3035 4647 spirituali
3060 4577 3177 4632 filio
3210 4578 3666 4635 H.invictissimo

2053 4682 2118 4720 ac
2137 4664 2544 4736 triumphatori
2575 4668 2854 4737 Augusto.

2126 4753 2467 4826 Quanquam
2490 4755 2571 4808 rei
2594 4754 2974 4809 commutatio
3004 4772 3070 4808 ex
3096 4755 3220 4826 ipsa
3247 4757 3536 4829 corporali
3559 4760 3668 4812 tra-

2054 4841 2272 4896 ditione
2289 4843 2467 4913 possit
2491 4844 2659 4896 ﬁrma
2679 4843 3016 4909 consistere,
3039 4845 3127 4897 vel
3151 4861 3219 4899 ea
3250 4863 3378 4918 qua:
3406 4846 3667 4918 legaliter

2053 4933 2334 5000 geruntur
2373 4932 2530 4984 nulla
2555 4932 2784 4984 valeant
2828 4931 3219 5003 refragatione
3271 4935 3535 5001 convelli,
3592 4950 3666 4991 ne

2055 5035 2181 5088 quae
2202 5021 2397 5072 tamen
2418 5019 2598 5089 possit
2616 5037 2735 5072 esse
2756 5021 3139 5075 contradendi
3160 5022 3664 5089 dubietas,uostrze

2055 5108 2229 5162 debet
2255 5107 2602 5162 intervenire
2625 5108 2980 5163 auctoritatis
3011 5109 3263 5166 adnisus.
3289 5113 3358 5168 Et
3385 5110 3663 5182 quoniam

2054 5200 2240 5249 curtes
2260 5199 2374 5250 tres
2403 5211 2534 5250 cum
2567 5195 2837 5251 omnibus
2888 5213 3088 5252 earum
3127 5197 3512 5270 pcrtinentiis,
3545 5215 3662 5254 ser-

2053 5299 2148 5337 vos
2177 5283 2426 5354 denique
2473 5286 2531 5338 et
2561 5284 2817 5352 ancillas,
2877 5287 3111 5342 colonos
3155 5301 3287 5339 cum
3351 5285 3666 5342 colonabus

2053 5372 2345 5443 utriusque
2376 5389 2540 5426 sexus
2569 5373 2784 5428 ibidem
2818 5372 3219 5441 residentibus,
3267 5374 3343 5428 sic
3391 5374 3667 5430 hactenus

2053 5465 2250 5514 nostra
2277 5462 2589 5532 apostolica
2637 5462 2800 5518 sedes
2854 5460 3100 5515 detinuit
3148 5460 3208 5514 in
3246 5463 3396 5533 jura:
3452 5467 3664 5518 sanctae

2051 5550 2353 5617 Romanae,
2375 5549 2485 5618 cui,
2518 5552 2634 5606 Deo
2661 5553 2914 5617 auctore,
2967 5549 3321 5607 deservimus
3380 5551 3664 5620 Ecclesia,

2054 5637 2302 5695 charitas
2331 5642 2529 5696 nostra
2555 5638 2741 5711 poscit
2776 5642 2836 5695 et
2862 5636 3149 5695 desiderat
3173 5643 3567 5710 commutare;
3597 5639 3673 5698 ad
