4094 6178
446 335 578 411 1591
605 347 612 350 ’

1723 341 2089 406 BENEDICTI
2120 345 2242 406 VIII
2279 347 2492 410 PAPJE

3640 373 3791 432 1592

454 466 624 555 cujus,
643 464 825 555 vicem
872 465 1428 538 recompensationis
1463 470 1788 542 recepimus
1841 489 1966 540 nos,
2025 491 2060 529 η
2083 479 2137 539 Α
2171 474 2478 547 delegavit,
2510 495 2765 554 quasque
2795 485 3102 555 praedictus
3128 489 3475 548 Adamn-tus
3517 496 3786 552 mal-chio

441 553 610 623 vobis
639 554 695 610 in
726 555 985 621 sanctam
1038 558 1295 612 nostram
1341 559 1666 614 Romanam
1724 561 2053 629 Ecclesiam,

446 643 652 700 dilecte
673 641 752 697 ﬁli
807 644 872 706 ll,
905 642 1225 715 imperator
1253 648 1524 718 Auguste,
1554 652 1776 705 curtem
1798 652 2056 721 regalem

441 749 572 799 qua;
601 731 810 786 dicitur
831 733 895 787 N.
920 749 1051 799 cum
1072 735 1234 790 omni
1256 753 1357 791 sua
1378 737 1749 809 pertinentia,
1781 740 2055 794 constitu-

441 823 502 874 ta
524 818 684 882 infra
712 821 1054 879 comitatum
1089 824 1475 895 Spolitanum,
1520 843 1647 898 quae
1701 827 1775 881 ad
1803 830 2056 883 vestrum

437 903 664 975 videtur
688 910 981 981 pertinere
1010 911 1345 984 imperium,
1390 915 1550 969 vobis
1606 915 1664 970 in
1711 920 2056 987 perpetuum

427 994 556 1066 jam
587 999 768 1060 dictas
803 1002 920 1056 tres
951 1004 1142 1057 curtes
1171 1002 1452 1058 tradimus
1499 1006 1671 1075 atque
1731 1009 2058 1060 commuta-

437 1101 591 1154 mus,
650 1091 716 1153 ut
773 1105 808 1143 a
844 1089 1116 1160 praesenti
1165 1090 1257 1146 die
1296 1091 1420 1146 illas
1458 1092 1737 1160 habeatis,
1789 1094 2052 1161 teneatis,

439 1175 799 1246 possideatis,
828 1180 886 1232 et
915 1178 974 1232 in
1011 1181 1264 1234 vestrum
1289 1180 1384 1250 jus
1413 1182 1472 1234 et
1492 1180 1816 1236 dominium
1846 1197 2057 1252 perpe-

438 1264 674 1333 tualiter
702 1266 1019 1334 vindicetis,
1047 1267 1128 1322 ita
1148 1271 1212 1322 ut
1235 1268 1422 1323 nullus
1441 1285 1698 1340 unquam
1721 1273 2053 1324 nostrorum

441 1345 840 1412 successorum
868 1357 1170 1429 pontiﬁcii,
1220 1358 1306 1412 vel
1358 1359 1629 1430 quaslibet
1681 1360 1795 1413 alia
1839 1376 2056 1432 magna

436 1444 529 1507 vel
561 1460 739 1514 parva
755 1461 1022 1516 persona,
1055 1445 1206 1518 ipsas
1243 1449 1358 1501 tres
1384 1446 1688 1518 praedictas
1713 1451 1900 1502 curtes
1921 1464 2053 1504 cum

437 1531 708 1588 omnibus
743 1549 944 1588 earum
968 1533 1333 1604 pertinentiis
1375 1552 1409 1590 a
1433 1538 1717 1606 potestate
1747 1539 1806 1589 et
1834 1535 2053 1591 ditione

439 1623 628 1676 vestra
663 1622 888 1678 auferre
926 1625 1025 1676 aut
1048 1622 1300 1678 alienare
1325 1624 1536 1678 audeat
1567 1641 1580 1678 :
1611 1624 1710 1678 sed
1748 1623 1918 1679 liceat
1956 1641 2054 1680 vos

444 1706 504 1770 in
536 1713 881 1783 perpetuum
934 1711 1093 1765 omni
1125 1715 1391 1782 tempore
1412 1728 1446 1765 a
1475 1715 1674 1768 nostra
1701 1711 1758 1768 S.
1787 1714 1852 1767 R.
1882 1713 1942 1767 Ε.
1967 1729 2054 1768 re-

449 1801 646 1868 ceptas
677 1801 876 1853 tenere
899 1801 958 1854 et
984 1799 1298 1871 possidere.
1333 1800 1497 1864 Quod
1539 1801 1585 1855 si
1642 1801 1768 1872 quis
1806 1801 1915 1856 hoc
1944 1819 2049 1858 no-

440 1890 625 1942 strum
689 1887 1070 1958 apostolicum
1124 1891 1502 1961 praeceptum,
1535 1889 1689 1960 quod
1725 1906 1841 1943 non
1874 1890 2053 1945 credi-

439 1991 588 2043 mus,
621 1974 941 2047 infringere
964 1975 1294 2043 tentaverit,
1315 1976 1457 2031 sciat
1484 1993 1542 2031 se
1571 1976 1731 2032 vobis
1761 1979 2050 2048 composi-

434 2066 634 2130 turum
660 2063 788 2118 auri
816 2063 1105 2136 purissimi
1130 2064 1306 2120 libras
1322 2068 1550 2120 centum
1580 2083 1594 2132 ;
1635 2069 1693 2120 et
1721 2065 1870 2120 hanc
1890 2082 2049 2121 com-

440 2151 831 2216 mutationum
878 2151 1155 2225 paginam
1216 2152 1276 2208 in
1332 2169 1434 2209 sua
1489 2169 1728 2208 manere
1773 2154 2049 2209 ﬁrmitate

439 2233 871 2313 perpetualiter.

1197 2331 1285 2386 1X.

430 2415 750 2474 Benedictus
786 2415 938 2474 VIII
970 2419 1280 2473 monasterii
1306 2417 1378 2472 Β.
1406 2417 1563 2475 Petri
1585 2417 1937 2473 Bremetensz’s
1975 2419 2045 2474 li-

676 2488 926 2556 bertatem
954 2495 1003 2542 et
1021 2491 1366 2560 possessiones
1394 2490 1674 2558 conﬁrmat
1705 2488 1804 2559 (3).

1034 2576 1223 2649 (Anno
1259 2577 1436 2638 1014i.

521 2736 525 2744 1
713 2650 998 2744 [Uarium],
1047 2665 1215 2722 Italia
1243 2683 1418 2730 sacra,
1454 2667 1542 2730 IV,
1577 2667 1752 2739 1024].

501 2741 854 2828 Bausnicrus,
878 2758 1014 2822 etc.,
1028 2754 1235 2810 dilecto
1248 2754 1365 2810 ﬁlio
1379 2755 1716 2810 Gomrasno
1740 2756 1934 2811 abbati
1952 2774 2042 2811 ve-

433 2844 676 2901 nerabili
717 2842 1054 2900 monasterii
1110 2845 1170 2898 Β.
1223 2844 1377 2899 Petri
1408 2846 1802 2916 apostolorum
1827 2845 2042 2916 princi-

425 2933 534 3013 pis,
563 2933 790 2990 fundati
819 2932 881 2989 in
926 2933 1282 2989 Bremetensi
1309 2933 1600 2989 territorio
1638 2933 1789 2988 inter
1821 2935 2040 2989 Padum

2072 1762 2124 1821 B

2170 584 2301 623 cum
2336 587 2509 626 uxore
2541 590 2644 627 sua
2662 575 2933 648 deinceps
2957 579 3109 648 apud
3139 581 3500 650 Bermetum,
3533 584 3782 641 transla-

2166 658 2293 714 tum
2326 658 2579 714 donavit.
2613 663 2924 719 Ecclesiam
2951 684 3106 733 vero,
3138 685 3266 740 qua:
3322 675 3413 726 est
3448 678 3787 731 constructa

2157 744 2218 799 in
2243 746 2528 802 honorem
2557 748 2614 806 S.
2643 752 2744 806 Dei
2775 753 3074 810 Genitricis
3105 758 3549 828 virginisMarise
3575 762 3636 817 in
3657 765 3789 818 Pol-

2159 831 2334 890 licino
2364 852 2493 890 cum
2521 839 2794 896 omnibus
2821 842 2934 897 suis
2961 845 3355 914 pertinentiis,
3383 849 3595 905 cellam
3643 869 3788 922 quo-

2156 939 2270 993 que
2323 926 2596 982 vocabulo
2655 929 2712 984 S.
2759 932 3002 988 Andreas
3042 933 3101 989 in
3155 936 3385 992 civitate
3438 939 3785 996 Taurinensi

2155 1025 2294 1065 cum
2317 1014 2586 1070 omnibus
2605 1017 2720 1073 suis
2741 1021 3102 1091 pertinentiis
3122 1025 3400 1094 praedicto
3421 1029 3786 1084 monasterio

2156 1100 2592 1172 conﬁrmamus,
2618 1110 2727 1165 etc.
2756 1110 2996 1181 Insuper
3023 1113 3223 1167 cellam
3253 1131 3431 1185 quam
3465 1132 3500 1169 a
3531 1118 3786 1187 Paganis

2153 1192 2385 1255 vocant,
2413 1207 2545 1246 cum
2575 1195 2847 1251 omnibus
2893 1199 3006 1252 suis
3060 1201 3447 1272 pertinentiis,
3500 1203 3647 1258 sicut
3677 1222 3788 1277 per

2155 1282 2443 1348 pracepta
2459 1281 2510 1334 ei
2535 1281 2866 1354 delegatum
2884 1289 2988 1354 est;
3008 1288 3146 1360 quin
3183 1289 3362 1344 etiam
3376 1291 3622 1346 Gabiani
3659 1309 3787 1348 cor-

2155 1365 2276 1418 tem
2299 1381 2431 1422 cum
2452 1369 2717 1425 universo
2751 1374 3060 1441 territorio,
3105 1393 3234 1448 quae
3265 1381 3352 1432 est
3374 1379 3435 1433 in
3460 1379 3781 1450 Stupunico

2159 1452 2462 1522 Vallicella,
2489 1458 2826 1531 Maridiago,
2852 1463 3385 1532 Loretto,Roxaria,
3414 1472 3474 1521 et
3503 1468 3780 1523 Abrusia-

2152 1541 2247 1594 teo
2281 1547 2696 1603 monasteriolo
2723 1550 3164 1625 Gorgiano,quaa
3185 1555 3390 1610 omnia
3403 1572 3540 1610 cum
3568 1557 3781 1629 praedi-

2152 1632 2245 1684 cta
2268 1636 2427 1687 corte
2455 1651 2521 1689 ac
2551 1636 2664 1691 suis
2688 1639 3053 1708 pertinentiis
3073 1643 3199 1712 jam
3232 1643 3384 1698 dicto
3417 1647 3779 1701 monasterio

2151 1735 2257 1790 per
2286 1727 2638 1794 praeceptum
2671 1743 3005 1783 concessum
3025 1733 3126 1785 est.
3159 1733 3516 1786 Pollentium
3545 1750 3779 1805 quoque

2151 1809 2515 1882 cellam,quae
2534 1814 2606 1868 ab
2628 1815 2887 1884 ejusdem
2903 1819 3236 1873 monasterii
3250 1821 3529 1875 fratribus
3552 1823 3779 1877 noviter

2152 1900 2480 1954 constructa
2521 1903 2626 1968 est,
2677 1907 2735 1956 et
2771 1906 3000 1960 colonia
3028 1911 3274 1976 cortem,
3320 1912 3380 1962 et
3402 1910 3775 1966 Mancianum

2152 1989 2404 2041 castrum
2436 2004 2568 2043 cum
2592 1992 2862 2047 omnibus
2891 1994 3004 2048 suis
3033 1996 3423 2066 pertinentiis,
3449 2014 3582 2069 quae
3612 1999 3774 2055 Oddo

2150 2076 2410 2131 marchio
2468 2095 2575 2149 pro
2608 2082 2870 2138 remedio
2901 2084 3107 2139 animus
3162 2102 3278 2140 suae
3340 2089 3550 2142 matris
3582 2089 3775 2145 eidem

2150 2165 2504 2221 monasterio
2520 2183 2650 2221 cum
2673 2186 2775 2224 sua
2786 2173 3031 2242 conjuge
3045 2189 3149 2244 per
3159 2175 3424 2229 chartam
3445 2176 3776 2232 oﬂ‘ersionis

2149 2253 2458 2319 concessit;
2490 2255 2866 2311 Cavallarium
2891 2259 3064 2314 etiam
3095 2278 3228 2315 cum
3261 2265 3421 2317 corte
3447 2279 3687 2335 magna,
3717 2268 3775 2320 et

2149 2342 2419 2398 omnibus
2474 2345 2598 2399 aliis
2630 2346 2744 2400 suis
2775 2348 3142 2418 appenditiis,
3197 2349 3342 2403 sicut
3386 2350 3462 2403 ab
3510 2350 3771 2406 Arduino

2145 2431 2486 2487 marchione
2515 2443 2620 2507 pro
2661 2435 2921 2490 remedio
2948 2435 3159 2491 animae
3191 2453 3306 2491 suae
3331 2438 3542 2493 matris
3578 2439 3772 2493 eidem

2146 2519 2410 2574 cmnobio
2442 2521 2717 2592 largitum
2753 2525 2856 2579 est.
2884 2524 3146 2578 Castrum
3167 2542 3302 2580 vero
3335 2527 3394 2582 S.
3428 2527 3683 2597 Georgii,
3715 2530 3774 2581 et

2150 2606 2364 2662 Casalis
2393 2612 2638 2676 curtem,
2674 2612 2937 2666 cellulam
2975 2630 3110 2667 vero
3155 2612 3213 2668 in
3241 2615 3534 2670 honorem
3567 2615 3625 2670 S.
3651 2617 3771 2670 Pe-

2141 2696 2215 2749 tri
2248 2700 2640 2752 constructam
2682 2699 2741 2753 in
2768 2701 2910 2753 valle
2952 2717 3080 2771 quze
3111 2701 3320 2756 dicitur
3372 2704 3608 2775 lgnaria
3633 2720 3770 2759 cum

2142 2783 2304 2837 omni
2333 2801 2435 2839 sua
2464 2785 2827 2857 integritate;
2854 2789 3059 2843 cellam
3082 2807 3314 2862 quoque
3345 2791 3402 2845 S.
3430 2793 3588 2847 Petri
3611 2793 3770 2862 prin-

2139 2871 2278 2942 cipis
2311 2874 2729 2942 apostolorum,
2755 2879 2811 2931 et
2836 2875 3188 2932 S.Michaelis
3207 2879 3568 2951 archangeli,
3587 2885 3644 2935 et
3669 2898 3767 2934 ec-

2139 2959 2372 3014 clesiam
2396 2961 2454 3015 in
2488 2962 2776 3018 honorem
2807 2965 2866 3019 S.
2901 2965 3180 3036 Stephani
3218 2971 3474 3022 sacratas
3503 2985 3634 3023 cum
3678 2986 3766 3023 ca-

423 3023 802 3118 etjicmum’
825 3022 1062 3118 Suisq‘ue.
1089 3022 1507 3118 Succéssof‘ibus
1555 3022 1611 3076 in
1641 3025 2034 3118 __PeI:Pe_u_‘“'_I_1°
2062 3041 2109 3099 C
2139 3048 2255 3100 stro
2283 3047 2438 3118 quod
2471 3054 2708 3104 vocatur
2740 3052 2918 3118 Rodo,
2962 3022 3022 3105 et
3061 3052 3217 3106 aliud
3267 3055 3510 3109 nomine
3567 3055 3765 3110 Virdu-

491 3111 551 3165 Si
588 3127 822 3185 semper
865 3114 1001 3166 sunt
1041 3110 1412 3166 concedenda
1437 3128 1565 3184 quae
1595 3110 1703 3182 piis
1748 3111 2040 3166 desideriis

424 3202 1001 3272 congruant,quanto
1023 3199 1388 3270 potissimum
1409 3216 1529 3254 non
1549 3203 1683 3255 sunt
1697 3199 2039 3271 deneganda

423 3304 494 3361 ea
535 3305 662 3363 quae
689 3305 794 3363 pro
827 3288 1004 3345 divini
1052 3289 1235 3344 cultus
1260 3289 1571 3344 stabilitate
1596 3292 1891 3359 petuntur,
1924 3292 2033 3344 etc.

436 3363 616 3454 Igitur
645 3379 778 3454 quia
797 3379 1291 3452 perintervental.
1316 3377 1634 3432 charissimi
1657 3378 2036 3446 nostri,Adal-

419 3466 572 3538 berti
605 3467 793 3540 gratia
823 3467 922 3522 Dei
956 3467 1307 3522 marchionis
1335 3465 1750 3536 gloriosissimi,
1779 3483 1844 3520 ac
1887 3467 2030 3540 imp.

423 3539 654 3629 Henrici
683 3555 990 3628 postulatio
1029 3556 1277 3610 fratrum
1337 3556 1596 3627 ejusdem
1652 3539 2034 3612 Bremetensis

420 3642 777 3716 monasterii.
824 3686 836 3698 .
882 3683 896 3697 .
942 3685 954 3698 .
1001 3685 1012 3698 .
1057 3646 1339 3715 quatenus
1377 3644 1450 3699 ad
1503 3644 1690 3716 ipsum
1735 3647 2030 3701 monaste-

417 3728 593 3802 rium,
625 3731 780 3808 quod
808 3730 964 3806 prius
1000 3733 1076 3787 ad
1104 3731 1205 3786 Dei
1233 3732 1520 3788 honorem
1552 3750 1616 3788 ac
1638 3733 1693 3788 S.
1723 3735 2025 3804 Petriapo-

417 3816 695 3875 stolorum
724 3819 998 3894 principis
1050 3823 1311 3893 tempore
1367 3820 1523 3893 regis
1566 3822 1900 3878 Theoderici
1953 3825 2026 3878 ab

419 3907 661 3964 Abbone
676 3909 911 3983 patritio
933 3908 1038 3964 fuit
1079 3925 1260 3983 prope
1292 3910 1463 3981 Alpes
1487 3910 1546 3965 in
1582 3912 1707 3966 loco
1730 3911 2024 3966 Novalesio

429 4000 762 4076 nuncupata
790 3997 1160 4067 aediﬁcatum,
1193 4001 1251 4053 et
1282 3998 1654 4071 postmodum
1683 3998 2027 4054 imminente

423 4071 876 4163 sarracenorum
921 4086 1323 4160 persecutione
1371 4086 1558 4143 studio
1589 4087 1881 4143 Adalberti
1910 4088 2025 4142 Deo

425 4176 618 4232 devoti
647 4175 1001 4232 marchionis
1023 4177 1368 4231 translatum
1388 4180 1494 4245 est,
1517 4177 1756 4232 collecta
1779 4193 2024 4248 congre-

415 4267 648 4338 gatione
666 4265 917 4321 fratrum
938 4264 1293 4353 regularium
1323 4266 1397 4321 ad
1423 4265 1699 4339 Oppidum
1721 4267 1874 4338 quod
1895 4267 2022 4323 Bre.
2047 4292 2103 4353 D

414 4357 639 4410 metum
655 4353 866 4410 dicitur
881 4352 1195 4425 privilegiis
1216 4357 1427 4408 nostrae
1450 4353 1507 4407 S.
1532 4353 1682 4408 sedis
1697 4356 2025 4426 apostolicae

415 4443 778 4520 roboratum.
810 4441 1068 4506 Quorum
1124 4439 1231 4512 piis
1283 4439 1580 4496 desideriis
1635 4443 1892 4500 faventes
1919 4446 2023 4500 hac

415 4533 616 4606 nostra
637 4527 979 4586 auctoritate
1008 4528 1065 4585 id
1086 4528 1242 4602 quod
1266 4532 1617 4600 postulatum
1651 4535 1734 4585 est
1759 4535 2023 4589 concedi-

416 4635 563 4673 mus.
580 4617 648 4672 Et
669 4616 799 4672 ideo
823 4617 1092 4672 omnibus
1109 4617 1413 4690 cujuslibet
1441 4618 1691 4674 ecclesiae
1713 4621 2024 4677 sacerdoti-

415 4706 522 4780 bus
565 4704 885 4780 quamlibet
926 4705 1203 4761 ditionem
1232 4706 1470 4773 hahere,
1491 4707 1576 4761 vel
1600 4706 1903 4763 missarum
1933 4726 2022 4764 so-

415 4792 633 4859 lemnia
659 4791 876 4848 ibidem
907 4794 1200 4849 celebrare
1244 4793 1642 4865 prohibemus,
1681 4795 1788 4850 nisi
1820 4798 1891 4851 al)
1922 4797 2020 4850 ab-

421 4880 553 4934 bate
586 4879 760 4955 ipsius
805 4877 912 4936 loci
945 4881 1213 4936 invitatus
1242 4880 1435 4949 fuerit,
1488 4882 1587 4938 sed
1634 4900 1739 4938 nec
1767 4884 2018 4956 aliquam

416 4966 841 5026 ordinationem
873 4969 958 5024 vel
982 4970 1476 5025 consecrationem
1517 4971 1628 5025 illic
1665 4971 1852 5027 facere
1882 4988 2022 5043 prae-

412 5060 620 5115 sumat.
659 5044 1083 5114 Conﬁrmamus
1136 5056 1309 5112 etiam
1361 5057 1551 5112 eidem
1581 5060 1929 5115 monasterio
1958 5062 2016 5114 Β.

411 5131 566 5202 Petri
587 5145 834 5223 apostoli
864 5160 1066 5200 omnes
1120 5161 1211 5200 res
1266 5149 1324 5201 et
1356 5146 1743 5220 possessiones
1787 5165 1913 5220 quae
1949 5148 2020 5203 ab

413 5227 578 5306 initio
608 5232 968 5292 fundationis
983 5249 1098 5288 suae
1121 5233 1273 5308 apud
1292 5235 1652 5291 Novalesium
1665 5235 2020 5308 supradictus

409 5324 496 5394 vir
525 5321 1034 5394 excellentissimus
1064 5324 1124 5377 et
1171 5321 1684 5380 ChriStianissimus
1723 5325 1885 5380 Abbo
1916 5341 2020 5399 per

412 5410 751 5486 testamenti
775 5410 1076 5486 paginam,
1101 5409 1216 5468 sive
1243 5413 1388 5468 citra
1414 5411 1653 5467 viventis
1685 5411 1918 5468 tradidit
1962 5416 2019 5468 et

437 5599 458 5636 ..
481 5555 572 5635 g3)
595 5553 990 5636 Bsthmangus
1022 5553 1102 5636 .V.
1144 5555 1238 5636 D..,
1270 5554 1367 5629 qui
1417 5555 1570 5636 hanc
1595 5553 1814 5636 bullam
1833 5552 1894 5612 in
1923 5571 2016 5612 ar-

412 5624 605 5698 chiep.-
639 5624 848 5686 tabat.
869 5624 1498 5695 Taurinensitexbussit,
1555 5640 1689 5684 cum
1728 5625 1808 5683 sit.
1837 5642 2013 5686 manu

2140 3149 2281 3186 num
2321 3150 2450 3188 cum
2487 3136 2758 3192 omnibus
2808 3137 2919 3192 suis
2971 3138 3363 3210 pertinentiis,
3395 3155 3529 3195 cum
3558 3144 3760 3214 portis,

2137 3220 2411 3294 ripaticis,
2449 3225 2556 3278 etc.
2592 3224 2649 3279 Si
2681 3225 2804 3297 quis
2836 3230 3054 3293 autem,
3085 3230 3196 3281 etc.

2211 3308 2500 3383 Scriptum
2533 3328 2638 3382 per
2666 3330 2871 3368 manus
2903 3315 3107 3370 Leonis
3121 3315 3332 3370 notarii
3358 3316 3682 3387 regionarii
3705 3323 3759 3372 et

2135 3399 2400 3453 scrinarii
2429 3400 2487 3458 S.
2513 3401 2679 3468 R.E.,
2704 3403 2757 3457 in
2790 3420 2988 3458 mense
3019 3404 3330 3459 Februario
3360 3406 3419 3458 et
3443 3405 3754 3471 indict.xn,

2137 3503 2316 3554 anno,
2344 3488 2460 3543 Deo
2495 3491 2766 3562 propitio,
2796 3491 3162 3562 pontiﬁcatus
3194 3492 3418 3547 domini
3460 3494 3754 3549 Benedicti

2133 3575 2346 3630 summi
2375 3578 2665 3647 pontiﬁcis
2685 3583 2742 3633 et
2771 3579 3106 3634 universalis
3134 3580 3251 3634 Vlll
3282 3596 3451 3652 papae
3484 3580 3545 3634 in
3573 3599 3752 3636 sacra-

2131 3662 2351 3718 tissima
2399 3666 2531 3720 sede
2573 3669 2632 3721 Β.
2677 3667 2827 3722 Petri
2881 3668 3124 3739 apostoli
3179 3685 3240 3734 ιι,
3295 3667 3634 3739 imperante
3685 3673 3749 3725 D.

2129 3750 2396 3806 Heinrico
2425 3769 2458 3806 a
2481 3755 2596 3808 Deo
2626 3759 2900 3810 coronato
2923 3772 3137 3827 magno
3155 3755 3517 3827 imperatore
3537 3773 3748 3824 annox,

2126 3839 2188 3895 in
2213 3855 2411 3896 mense
2439 3845 2495 3894 et
2512 3842 2710 3897 indict.
2737 3845 3121 3917 suprascripta
3145 3861 3242 3900 xu.

2200 3929 2354 3984 Bene
2377 3931 2582 3987 valete.

2902 4023 2941 4076 X

2128 4104 2481 4178 Prioilegz'u-m
2532 4105 2829 4234 Βρηείίίειὲ
2875 4064 3033 4190 illi]
3049 4180 3060 4192 ⁸
3081 4127 3237 4183 papa:
3273 4129 3376 4183 pro
3423 4115 3742 4170 monasteria

2829 4196 3077 4234 asmensz.

2829 4196 3077 4236 αδιηθηει.

2729 4268 2922 4339 (Anno
2955 4269 3129 4338 1014).

2125 4355 2195 4423 [.Ι.
2244 4354 2422 4422 Τοετι,
2472 4355 2654 4410 διονιά
2694 4356 2831 4410 detla
2877 4357 3034 4411 badia
3083 4355 3298 4424 0mm,
3345 4363 3388 4413 t.
3425 4361 3468 4425 Ι,
3505 4379 3560 4431 p.
3600 4364 3744 4428 246].

2196 4443 2532 4498 BENEDICTL‘S
2558 4443 2875 4514 episcopus,
2908 4461 3100 4499 servus
3125 4462 3423 4501 servorum
3457 4449 3581 4514 Dei,
3616 4449 3741 4502 cha-

2125 4528 2350 4586 rissimo
2390 4531 2448 4585 in
2497 4532 2748 4586 Domino
2802 4533 2931 4585 Jesu
2964 4532 3186 4588 Christo
3239 4532 3356 4588 ﬁlio
3412 4537 3742 4591 Arnaxcnro

2127 4619 2439 4675 venerabili
2453 4619 2788 4689 etreligioso
2807 4618 2999 4674 abbati
3015 4620 3381 4676 sacratissimi
3400 4624 3737 4677 monasterii

2126 4707 2283 4762 Beati
2303 4707 2590 4762 Benedicti
2617 4708 2958 4761 confessoris
2987 4706 3217 4775 Christi,
3259 4710 3352 4764 siti
3405 4709 3465 4763 in
3529 4727 3740 4765 mona~

2124 4793 2296 4849 sterio
2322 4798 2565 4862 [monte]
2600 4794 2694 4865 qui
2733 4799 2972 4848 vocatur
3015 4795 3228 4862 Casini,
3264 4800 3497 4868 tumque
3526 4803 3737 4852 sancta).

2124 4882 2561 4953 congregationi
2591 4881 3120 4954 successoribusque
3147 4883 3258 4937 tuis
3279 4884 3339 4938 in
3364 4890 3732 4957 perpetuum.

2195 4969 2476 5025 Convenit
2501 4969 2813 5041 apostolico
2863 4970 3248 5025 moderamini
3294 4973 3390 5043 pia
3447 4973 3736 5044 religione

2123 5058 2471 5128 pollentibus
2509 5059 2787 5112 benevola
2843 5060 3240 5130 compassione
3280 5076 3638 5127 succurrere,
3681 5066 3736 5114 et

2124 5145 2483 5216 poscentium
2506 5145 2684 5200 animi
2701 5145 2870 5199 alacri
2887 5145 3190 5202 devotione
3214 5147 3518 5219 impertire
3539 5148 3736 5202 suffra-

2121 5234 2302 5303 gium.
2336 5235 2490 5288 Tunc
2533 5233 2691 5288 enim
2747 5233 2889 5288 lucri
2937 5233 3301 5305 potissimum
3357 5237 3670 5307 prazmium
3700 5254 3733 5290 a

2121 5323 2420 5379 conditore
2437 5323 2700 5379 omnium
2716 5322 2960 5378 Domino
2988 5323 3110 5378 sine
3133 5324 3311 5379 dubio
3325 5342 3734 5397 promeremur

2118 5411 2164 5465 si
2195 5411 2546 5468 venerabilia
2572 5414 2905 5467 sanctorum
2936 5413 3062 5467 loca
3091 5412 3310 5486 optime
3341 5413 3631 5481 ordinata,
3675 5417 3733 5467 et

2115 5570 2245 5612 sec.
2261 5571 2337 5612 xu
2368 5555 2621 5622 exarata,
2650 5569 2781 5627 eam
2806 5557 2907 5610 aut
2933 5554 3339 5627 transcriptam
3372 5560 3474 5609 aut
3501 5555 3734 5610 simula-

2115 5627 2238 5685 tam
2258 5642 2381 5684 esse
2408 5628 2624 5684 censet.
2653 5626 2848 5684 lure.
