4094 6178
330 406 478 482 ἰδύθ

1571 407 1940 471 EPISTOLIE
1972 406 2068 469 ET
2104 411 2426 472 DECRETA

3575 403 3714 496 {39;

327 544 404 600 ad
461 539 766 600 meliorem
821 534 1044 629 fuerint
1079 535 1217 629 sine
1271 534 1447 629 dubio
1500 538 1709 629 statum
1746 537 1970 629 postra
1994 536 2052 596 Α
2074 533 2200 605 ejus
2234 533 2499 629 erarnine
2528 519 2632 629 per
2666 536 2840 610 hujus
2866 514 3052 629 nostri
3088 516 3396 611 apostolici
3434 517 3717 629 privilegii

340 630 680 688 auctoritate
726 626 1020 700 perducta.
1079 626 1264 697 Igitur
1323 624 1461 696 quia
1505 627 1690 679 vestra
1731 621 1967 677 dilectio

327 722 525 776 nostro
547 714 888 789 apostolatui
919 714 1225 768 humiliter
1279 713 1610 784 postulastis
1667 729 1700 766 a
1771 709 1964 776 nobis,

327 812 610 882 quatenus
637 804 1082 861 concederemus
1111 806 1168 856 et
1220 802 1775 856 reconﬁrmaremus
1805 797 1967 852 vobis

331 895 723 971 supradictum
752 892 1171 948 monasterium
1205 890 1414 946 Christi
1447 889 1795 943 confessoris
1810 886 1966 942 beati

333 984 650 1050 Benedicti,
682 982 850 1036 situm
887 979 946 1034 in
973 980 1268 1034 territorio
1302 978 1638 1050 Aquinense
1666 978 1727 1031 in
1761 977 1966 1030 monte

331 1073 428 1146 qui
495 1075 731 1127 vocatur
792 1070 976 1124 castro
1040 1067 1270 1134 Casino,
1321 1067 1420 1121 ubi
1500 1063 1964 1119 sacratissimum

331 1177 537 1232 corpus
566 1159 690 1229 ejus
726 1158 1025 1211 humatum
1053 1172 1172 1209 esse
1220 1154 1466 1217 videtur,
1523 1167 1662 1206 cum
1690 1149 1969 1206 omnibus

336 1246 670 1320 adjacentiis
701 1245 812 1299 sive
842 1243 1223 1316 pertinentiis,
1255 1245 1375 1297 tam
1404 1239 1788 1294 monasteriis
1819 1237 1968 1290 viro-

331 1354 459 1392 rum
488 1350 783 1407 quamque
810 1335 865 1386 et
895 1331 1230 1386 ancillarum
1261 1329 1385 1395 Dei,
1444 1342 1684 1387 necnon
1714 1325 1878 1381 cellis
1907 1341 1971 1379 ac

331 1425 562 1498 praediis
617 1423 944 1494 ubicunque
1003 1421 1090 1475 vel
1155 1418 1643 1492 qualitercumque
1717 1416 1796 1471 ad
1841 1415 1976 1485 jura

329 1512 670 1570 monasterii
698 1511 887 1566 eidem
916 1508 1202 1582 pertinere
1241 1501 1633 1577 dignoscitur,
1675 1502 1885 1559 omnia
1915 1503 1974 1557 in

329 1603 558 1674 integro
589 1600 941 1656 monasteria
991 1594 1360 1652 venerabilia.
1395 1593 1464 1645 In
1491 1591 1704 1662 primis
1733 1591 1973 1648 Domini

333 1690 637 1746 Salvatoris
665 1690 916 1763 positum
945 1689 1018 1744 ad
1045 1687 1250 1760 pedem
1283 1682 1462 1754 ipsius
1486 1683 1733 1750 montis,
1800 1684 1974 1753 atque

335 1779 751 1834 monasterium
766 1781 976 1832 sanctae
993 1777 1095 1832 Dei
1117 1772 1416 1831 Genitricis
1434 1771 1489 1824 et
1513 1771 1760 1842 virginis
1776 1770 1968 1826 Marias

335 1866 433 1940 qui
465 1870 694 1921 vocatur
724 1867 1117 1921 Plombarola.
1152 1866 1407 1932 Itemque
1447 1861 1502 1913 et
1535 1859 1965 1915 monasterium

332 1957 556 2012 Sancta:
589 1955 779 2009 Maria:
803 1955 862 2008 in
895 1955 1124 2024 Cingla,
1175 1951 1272 2024 qui
1307 1965 1456 2002 nunc
1484 1947 1640 2003 infra
1669 1947 1963 2004 civitatem

332 2046 662 2116 Capuanam
692 2041 1044 2098 ludiﬁcatum
1078 2045 1189 2106 est;
1223 2036 1482 2092 similiter
1502 2035 1561 2090 in
1593 2037 1797 2091 eadem
1831 2037 1961 2091 civi-

333 2134 452 2186 tate
483 2131 754 2204 Capuana
781 2131 927 2185 cella
963 2129 1160 2184 Sancti
1189 2124 1499 2192 Benedicti,
1556 2127 1614 2178 et
1659 2128 1963 2180 monaste-

338 2221 489 2274 rium
505 2219 700 2275 Sancti
713 2217 950 2274 Joannis
965 2217 1314 2288 puellarum,
1329 2214 1445 2268 imo
1462 2215 1517 2266 et
1544 2214 1963 2268 monasterium

343 2307 565 2363 Sancta:
580 2307 830 2379 Sophiae,
849 2305 1010 2377 quod
1039 2301 1488 2357 infracivitatem
1502 2301 1966 2356 Beneventanam

344 2395 691 2452 aedificatum
720 2397 837 2460 est;
875 2409 1078 2446 verum
1108 2390 1282 2445 etiam
1307 2392 1362 2443 et
1381 2387 1796 2443 monasterium
1827 2390 1972 2447 Sana

340 2488 446 2540 etas
476 2482 881 2551 Mariae,situm
919 2479 981 2534 in
1033 2478 1246 2534 ﬁnibus
1303 2475 1685 2531 Beneventani
1743 2477 1802 2531 in
1842 2478 1968 2534 loco

335 2571 435 2646 qui
475 2571 683 2626 dicitur
710 2571 971 2626 Canneto
1012 2570 1178 2640 juxta
1219 2565 1454 2620 fluvium
1480 2563 1766 2632 Trinium;
1793 2583 1967 2637 porro

343 2662 404 2714 et
423 2658 838 2714 monasterium
874 2659 1101 2712 Sanctae
1117 2655 1309 2710 Mariae
1339 2651 1679 2707 ancillarum
1700 2652 1798 2707 Dei
1817 2653 1971 2709 intra

344 2748 634 2804 civitatem
665 2745 955 2802 Cosenciae
977 2787 988 2799 .
1009 2788 1021 2798 .
1047 2786 1059 2799 .
1079 2785 1092 2796 .
1114 2786 1126 2801 .
1159 2745 1244 2812 (se
1277 2757 1468 2812 guono
1496 2739 1512 2794 i
1543 2741 1702 2795 nomi
1726 2741 1782 2796 di
1812 2747 1966 2797 terre

347 2836 540 2892 cbiese
572 2835 642 2890 ed
675 2837 818 2889 altro
877 2834 1144 2903 suggette
1170 2847 1205 2885 a
1261 2831 1315 2884 la
1360 2829 1580 2895 Badia).
1643 2871 1655 2884 .
1681 2871 1693 2885 .
1721 2832 1830 2884 Pro
1854 2848 1967 2901 qua

338 2943 403 2981 re
433 2925 541 2997 piis
572 2924 869 2980 desideriis
918 2927 1195 2992 faventes,
1251 2941 1314 2978 ac
1372 2923 1567 2976 nostra
1627 2920 1965 2975 auctoritate

338 3011 398 3068 id
448 3014 602 3084 quod
648 3014 974 3086 exposcitur
1012 3013 1239 3068 effectui
1292 3009 1691 3081 mancipanus,
1745 3010 1800 3060 et
1835 3007 1964 3063 ideo

1995 1823 2049 1882 Β

2072 624 2368 679 constituti
2395 626 2684 681 sancimus
2706 629 2883 698 atque
2907 626 3305 701 decernimus,
3340 640 3405 691 ut
3433 640 3559 698 loca
3589 624 3718 720 quas

2073 711 2282 766 oblatae
2313 712 2914 786 cujuslibetquinobis
2943 713 3005 768 in
3029 717 3241 773 eodem
3271 711 3718 792 praefatimoba-

2071 800 2230 853 sterii
2277 805 2633 856 commutata
2657 803 2746 857 vel
2795 819 3075 859 concessa
3128 812 3288 878 sunt,
3345 831 3451 870 nec
3503 836 3621 875 non
3663 825 3720 879 et

2071 886 2213 940 alias
2244 889 2502 944 locorum
2535 891 2936 962 possessiones
2953 910 3082 965 quae
3105 898 3466 968 aregibusac
3480 907 3718 968 ducibus

2069 974 2157 1027 vel
2189 977 2489 1030 castaldeis
2520 980 2577 1031 et
2615 996 2649 1032 a
2710 979 2939 1034 caeteris
2999 981 3345 1042 Christianis
3391 992 3450 1046 in
3511 998 3716 1056 eodem

2071 1064 2420 1155 sanctoloco
2454 1065 2660 1136 largita
2687 1070 2868 1140 atque
2893 1067 3090 1125 oblata
3109 1077 3247 1129 sunt
3267 1083 3369 1134 aut
3388 1080 3446 1136 in
3458 1088 3718 1155 postmo-

2072 1149 2212 1246 dum
2257 1151 2371 1205 illic
2417 1167 2694 1246 concessa
2717 1156 2986 1246 fuerint,
3019 1159 3194 1216 firma
3232 1149 3544 1227 stabilitate
3584 1175 3718 1246 jure

2079 1237 2262 1308 ipsius
2288 1240 2510 1310 praefati
2541 1244 2886 1298 monasterii
2901 1245 3205 1305 existenda
3232 1257 3408 1328 atque
3435 1259 3494 1314 in
3517 1237 3722 1336 poi-pe-

2074 1329 2240 1421 tuum
2265 1332 2662 1421 permanenda
2691 1332 3026 1390 statuimus.
3076 1338 3191 1394 Nec
3249 1343 3483 1403 licentia
3517 1329 3642 1421 _sit,-
3656 1358 3722 1410 ut

2076 1414 2294 1470 dictum
2324 1420 2504 1485 est,ex
2520 1421 2642 1491 ejus
2661 1422 2748 1475 vel
2775 1423 3059 1478 omnibus
3088 1427 3354 1498 ejusdem
3381 1414 3717 1498 monasterii

2075 1504 2499 1597 pertinentibus
2529 1507 2800 1581 cuiquam
2850 1527 3077 1584 magna
3126 1534 3418 1594 parvaque
3461 1544 3594 1597 pars
3617 1548 3718 1587 au-

2075 1590 2247 1647 ferre.
2284 1596 2394 1647 Aut
2415 1597 2673 1666 profecto
2698 1598 2869 1667 juxta
2901 1600 2962 1654 id
2992 1605 3149 1675 quod
3198 1590 3478 1682 subj—cotis-
3507 1615 3718 1676 iisdem

2074 1682 2416 1776 venerabilis
2443 1685 2596 1776 locus
2627 1688 2962 1756 apostolicis
2981 1694 3278 1751 constituti
3302 1703 3472 1772 atque
3487 1706 3722 1776 privile-

2071 1770 2150 1841 gii
2173 1770 2433 1826 consistit
2461 1772 2802 1829 inconcusse
2817 1776 3110 1835 dotandus
3120 1770 3466 1853 permaneat
3478 1770 3716 1853 etliceat

2070 1859 2302 1913 eosdem
2317 1862 2721 1926 monachos,ut
2733 1863 2956 1919 dictum
2971 1869 3056 1921 est
3067 1868 3137 1924 de
3150 1889 3254 1926 sua
3266 1883 3717 1950 congregatione

2064 1947 2337 2002 abbatem
2370 1966 2600 2020 semper
2625 1951 2869 2021 eligere.
2909 1954 3100 2011 Etiam
3127 1947 3425 2020 licentiam
3449 1947 3610 2026 vobis
3641 1973 3716 2028 sit

2065 2052 2171 2107 pro
2200 2037 2562 2091 confectione
2607 2039 2905 2108 chrismaa,
2939 2045 3026 2098 vel
3057 2047 3356 2107 oblatione
3385 2058 3441 2109 et
3474 2059 3706 2116 ordina-

2065 2124 2225 2179 tione
2249 2127 2719 2197 presbyterorum
2750 2146 2855 2184 seu
2888 2130 3271 2195 diaconorum
3329 2146 3386 2197 et
3411 2147 3713 2206 subdiaco-

2067 2229 2299 2280 norum,
2332 2217 2389 2268 et
2415 2214 2662 2270 aliorum
2688 2221 3109 2278 consecranda.
3126 2225 3511 2289 Concedimus
3523 2237 3707 2295 etiam

2065 2302 2230 2356 vobis
2261 2303 2319 2356 in
2341 2304 2615 2374 praedicto
2662 2309 2989 2364 venerabili
3039 2319 3399 2374 monasterio
3432 2326 3706 2383 omnibus

2069 2391 2339 2462 subjectis
2366 2393 2616 2448 ecclesiis
2633 2393 2976 2457 Christianis
2998 2399 3160 2456 dotes
3171 2411 3710 2487 agere,episcopum

2070 2480 2305 2576 qualem
2325 2481 2485 2576 vobis
2506 2482 2790 2576 placuerit
2810 2480 3504 2576 invitandum,hymnum
3525 2480 3707 2576 ange-

2068 2566 2243 2620 licum
2275 2584 2380 2638 per
2409 2567 2530 2621 dies
2556 2585 2690 2623 vero
2747 2572 3087 2631 Dominicos
3147 2583 3207 2632 et
3250 2583 3486 2642 festibus
3543 2566 3708 2650 omni

2066 2657 2328 2726 tempore
2341 2655 2413 2710 ad
2426 2657 2731 2711 missarum
2744 2661 3148 2720 solemnitates
3171 2667 3483 2730 dicendum
3497 2693 3704 2736 conce-

2068 2741 2275 2808 dimus;
2336 2745 2393 2796 et
2438 2743 2605 2798 liceat
2654 2746 2818 2800 vobis
2877 2749 3111 2820 signum
3168 2758 3399 2826 pulsare
3456 2765 3578 2820 tam
3642 2769 3700 2825 in

2069 2827 2288 2914 diurnis
2330 2846 2503 2900 quam
2549 2830 2608 2884 in
2660 2836 2963 2889 nocturnis
3023 2839 3204 2908 horis,
3265 2849 3494 2914 quando
3541 2855 3703 2910 vobis

2067 2916 2365 2988 placuerit,
2395 2917 2449 2971 in
2476 2918 2600 2989 jam
2621 2918 2841 2976 dictum
2871 2927 3319 2997 monasterium,
3353 2950 3529 3003 quam
3560 2942 3618 2992 et
3637 2941 3698 2997 in

2067 3003 2458 3093 ullisejuszget
2515 3006 2702 3059 nullus
2761 3009 3062 3082 episcopus
3089 3015 3395 3084 prohibeat
3416 3025 3697 3093 populum

340 3117 580 3156 omnem
632 3102 937 3172 cujuslibet
991 3101 1243 3156 ecclesiae
1271 3099 1623 3154 sacerdotem
1654 3096 1710 3151 in
1739 3096 1965 3168 prazfati
2000 3104 2046 3163 α
2067 3092 2165 3146 Dei
2197 3091 2420 3162 ingredi
2443 3092 2501 3145 in
2527 3097 2896 3152 monasteriis
2927 3117 3105 3171 quam
3130 3105 3189 3156 et
3208 3103 3266 3157 in
3291 3106 3446 3160 cellis
3468 3091 3591 3179 ejus
3623 3114 3698 3168 ad

345 3187 685 3243 monasterii
711 3188 991 3243 ditionem
1020 3186 1589 3260 quamlibethabere,
1612 3185 1758 3239 hanc
1780 3186 1968 3238 aucto-

346 3275 604 3340 ritatem,
631 3279 845 3348 prazter
883 3277 1076 3332 sedem
1118 3274 1512 3347 apostolicam,
1568 3273 1961 3344 prohibemus.

341 3363 430 3418 Ita
457 3367 542 3432 ut,
577 3363 686 3418 nisi
718 3366 791 3419 ab
850 3366 1057 3420 abbate
1108 3363 1364 3436 ejusdem
1417 3360 1748 3416 monasterii
1794 3361 1967 3415 fuerit

340 3438 642 3519 invitatus,
669 3469 774 3507 nec
787 3452 1091 3507 missarum
1114 3453 1330 3507 ibidem
1357 3449 1636 3505 solemnia
1659 3452 1967 3521 praesumat

349 3539 629 3594 celebrari
661 3540 1021 3595 omnimodo.
1079 3540 1192 3594 Sed
1246 3556 1279 3593 a
1325 3536 1597 3611 praesenti
1625 3536 1965 3591 duodecima

331 3627 658 3684 indictione
707 3628 1158 3684 irrevocabiliter
1185 3629 1242 3681 in
1273 3629 1616 3700 perpetuum
1647 3624 1963 3680 stabilimus

343 3716 835 3792 permanendum,
878 3719 1092 3770 etcum
1145 3718 1245 3771 Dei
1298 3716 1508 3770 timore
1557 3714 1875 3785 regendum
1907 3721 1963 3771 et

337 3805 790 3877 gubernandum
816 3806 987 3876 atque
1020 3805 1468 3877 dispensandum
1499 3803 1964 3858 statuimus.Post

348 3910 482 3949 vero
508 3894 730 3948 obitum
772 3893 996 3953 abbatis
1027 3910 1198 3948 nemo
1232 3892 1310 3948 ibi
1339 3893 1606 3948 abbatem
1635 3889 1960 3956 constituat,

338 3980 450 4037 nisi
488 3997 661 4053 quem
691 3997 1004 4035 consensus
1021 3984 1077 4034 et
1105 3982 1363 4036 voluntas
1384 3977 1958 4036 communisfratrum

348 4087 416 4128 ex
433 4069 555 4143 ipsa
583 4069 1035 4141 congregatione
1050 4069 1275 4142 eligerit
1290 4088 1302 4138 ;
1319 4073 1373 4125 et
1395 4067 1732 4142 quialiunde
1747 4067 1963 4121 ibidem

337 4157 611 4214 abbatem
645 4156 1032 4212 intromittere
1064 4158 1305 4213 voluerit
1333 4158 1434 4212 sub
1465 4157 1835 4210 anathemate
1867 4153 1960 4207 sit.

338 4249 579 4319 Insuper
609 4245 922 4319 apostolica
952 4261 1191 4300 censura
1239 4245 1342 4299 sub
1405 4243 1581 4299 divini
1627 4241 1827 4314 judicii
1864 4244 1968 4297 ob‘

2066 3179 2419 3234 audiendum
2451 3181 2688 3236 verbum
2743 3185 2866 3240 Dei.
2901 3188 3142 3261 Insuper
3197 3190 3371 3246 etiam
3431 3197 3695 3256 volumus

2064 3270 2129 3322 ut
2157 3269 2344 3322 nullus
2375 3267 2674 3339 episcopus
2700 3279 3018 3341 praesumat
3049 3276 3109 3331 in
3131 3277 3258 3347 jam
3298 3278 3449 3335 dicto
3483 3298 3696 3341 mona-

2064 3356 2258 3422 sterio,
2292 3357 2377 3410 vel
2409 3356 2466 3410 in
2498 3357 2772 3428 subjectis
2794 3363 2909 3416 suis
2934 3365 3189 3420 ecclesiis
3205 3368 3565 3426 sacerdotem
3599 3390 3697 3428 ex-

2064 3444 2498 3500 cummunicare
2512 3447 2599 3499 vel
2631 3446 2701 3500 ad
2725 3451 3013 3519 synodum
3045 3471 3377 3527 provocare,
3409 3461 3507 3514 aut
3526 3459 3701 3517 abba-

2064 3536 2181 3588 tem
2194 3533 2276 3586 vel
2298 3533 2615 3587 monachos
2638 3535 2816 3605 quiin
2849 3538 2946 3594 illo
2965 3543 3231 3613 tempore
3256 3542 3488 3599 fuerint.
3504 3545 3701 3603 Liceat

2061 3620 2221 3675 vobis
2241 3619 2418 3675 etiam
2446 3622 2718 3677 clericum
2745 3642 2844 3680 seu
2867 3630 3356 3698 sacerdotem,vel
3382 3633 3694 3694 diaconum

2062 3709 2176 3765 sive
2207 3709 2644 3777 subdiaconum,
2673 3711 2742 3765 de
2767 3730 3114 3789 quocunque
3141 3718 3466 3791 episcopatu
3487 3722 3686 3793 fuerit,

2062 3797 2343 3870 suscipere
2374 3798 2448 3852 ad
2500 3798 2901 3870 habitandum,
2961 3807 3048 3858 vel
3084 3807 3490 3864 monachicum
3517 3810 3683 3866 habi-

2063 3890 2185 3940 tum
2216 3886 2611 3958 recipiendum
2655 3905 2789 3944 cum
2817 3892 2988 3946 rebus
3027 3891 3145 3949 suis
3178 3894 3394 3967 absque
3426 3899 3689 3968 prohibi-

2061 3974 2220 4028 tione
2252 3973 2514 4029 omnium
2546 3975 2982 4051 episcoporum:
3021 3984 3079 4036 et
3132 3980 3302 4037 liceat
3347 3985 3506 4040 vobis
3561 3989 3691 4043 tuo-

2065 4080 2308 4135 rumque
2347 4065 2645 4121 monachis
2676 4066 2897 4139 tibique
2951 4069 3221 4143 subjectis
3264 4072 3526 4144 judicare
3569 4078 3692 4135 tam

2066 4153 2513 4221 monasteria,et
2543 4156 2806 4212 coenobia
2833 4155 3158 4230 puellarum
3187 4161 3408 4234 absque
3424 4165 3687 4233 saeculari

2067 4245 2371 4314 potestate,
2401 4248 2457 4299 et
2511 4246 2905 4318 prohibitione
2957 4249 3264 4320 cujuslibet
3309 4251 3583 4327 episcopi.
3630 4255 3690 4311 Si

341 4333 670 4400 testatione,
705 4333 804 4387 sed
835 4335 890 4387 et
917 4332 1117 4388 validis
1174 4335 1344 4404 atque
1403 4329 1781 4385 atrocioribus
1831 4346 1965 4384 ana-
1989 4348 2043 4406 D
2071 4331 2196 4404 quis
2222 4337 2435 4400 autem,
2464 4333 2618 4407 quod
2642 4352 2760 4390 non
2783 4338 3070 4408 optamus,
3112 4337 3335 4394 nefario
3361 4357 3501 4398 ausu
3538 4359 3688 4416 prie-

341 4419 613 4475 thematis
674 4419 920 4492 (pomis),
980 4418 1394 4484 interdicimus,
1442 4418 1504 4471 ut
1558 4432 1744 4488 neque
1824 4417 1971 4476 ullus

341 4523 600 4580 unquam
631 4509 940 4580 praesumat
956 4506 1239 4578 quispiam
1256 4505 1506 4578 qualiscu
1521 4521 1672 4577 nque
1685 4503 1757 4559 sit
1779 4504 1969 4577 digni-

340 4595 477 4650 tatis
530 4595 801 4667 praeditus
867 4595 1183 4667 potestatis,
1245 4596 1328 4649 vel
1383 4594 1557 4648 etiam
1629 4611 1970 4665 quacunque

344 4697 561 4755 magna
587 4699 872 4756 parvaque
895 4699 1142 4754 persona
1175 4684 1231 4737 in
1262 4683 1466 4737 eodem
1487 4682 1859 4748 monasterio,
1879 4684 1965 4738 vel

337 4773 463 4841 ejus
491 4771 672 4825 causis
704 4771 1060 4837 incumbere,
1110 4774 1206 4825 aut
1232 4771 1301 4825 de
1358 4770 1528 4824 rebus
1572 4773 1628 4822 et
1658 4769 1964 4841 possessio-

342 4857 530 4925 nibus,
553 4859 638 4913 vel
665 4857 916 4913 ecclesiis
939 4858 1045 4913 sibi
1077 4858 1362 4929 subjectis,
1410 4858 1496 4912 vel
1558 4857 1838 4930 quidquid
1893 4857 1962 4912 de

337 4946 430 5000 his
481 4962 607 5017 quas
656 4947 705 5000 ei
763 4946 1055 5019 pertinere
1115 4947 1376 5001 videntur
1439 4946 1960 5020 quomodocunque

338 5035 567 5088 auferre
594 5038 691 5088 aut
719 5035 1220 5102 alienare,sednec
1258 5036 1580 5106 quamlibet
1598 5034 1834 5088 malitiae
1865 5038 1964 5088 aut

332 5121 574 5192 jactura
596 5122 940 5190 molestiam,
956 5124 1170 5178 ibidem
1184 5123 1295 5178 sive
1308 5124 1482 5196 pacis,
1504 5123 1616 5178 sive
1651 5122 1961 5178 barbaricis

337 5210 698 5282 temporibus
744 5213 1152 5283 quoquomodo
1206 5211 1450 5266 inferre:
1510 5212 1645 5266 dum
1701 5211 1959 5284 profecto

337 5313 473 5353 eum
503 5299 852 5369 perenniter,
885 5303 947 5354 ut
971 5299 1186 5354 dictum
1209 5302 1312 5366 est,
1343 5299 1496 5371 pacis
1515 5316 1691 5372 quam
1710 5298 1962 5357 barbari.

336 5383 416 5438 cis
446 5387 800 5456 temporibus
825 5386 991 5440 ﬁrma
1042 5385 1354 5441 stabilitate
1413 5403 1534 5441 esse
1594 5385 1962 5442 decernimus

338 5473 444 5528 sub
476 5473 874 5547 jurisdictione
928 5478 1139 5530 sanctae
1192 5478 1403 5530 nostra:
1439 5475 1700 5529 Ecclesiae
1729 5491 1958 5550 perma~

337 5558 618 5622 nendum.
644 5566 1083 5639 Promulgantes
1110 5584 1343 5640 nempe,
1359 5570 1417 5644 et
1441 5567 1780 5624 auctoritate
1802 5567 1956 5624 beati

336 5648 496 5713 Petri
526 5653 915 5729 apostolorum
943 5654 1217 5732 principis
1241 5653 1444 5714 coram:
1468 5655 1584 5716 Deo
1619 5657 1687 5713 "et
1711 5652 1956 5714 terribili

2071 4423 2380 4494 sumpserit
2427 4424 2549 4478 haec
2604 4440 2731 4495 qua
2776 4442 2809 4479 a
2868 4425 3036 4482 nobis
3065 4425 3139 4483 ad
3167 4427 3400 4486 laudem
3454 4431 3557 4487 Dei
3582 4449 3688 4504 pro

2073 4509 2385 4566 stabilitate
2393 4513 2516 4585 jam
2531 4511 2664 4567 dicti
2679 4514 3014 4571 monasterii
3027 4518 3240 4572 statuta
3251 4520 3692 4592 suntrefragare

2071 4603 2169 4655 aut
2198 4599 2257 4654 in
2293 4619 2586 4674 quoquam
2609 4603 3114 4675 transgredi,sciat
3140 4605 3686 4682 se,nisiresipuerit,

2070 4688 2456 4743 anathematis
2492 4690 2732 4745 vinculis
2792 4691 3168 4760 innodatum,
3221 4697 3281 4750 et
3314 4712 3350 4750 a
3397 4713 3582 4770 regno
3614 4700 3696 4755 De

2069 4776 2347 4843 alienum,
2371 4780 2428 4832 et
2458 4793 2591 4832 cum
2623 4779 2854 4834 diabolo
2874 4783 2932 4834 et
2961 4780 3085 4851 ejus
3115 4773 3490 4841 atrocissimis
3516 4803 3684 4857 pom-

2064 4863 2172 4934 pis,
2206 4866 2380 4936 atque
2403 4866 2547 4920 Juda
2581 4867 2857 4922 traditore
2889 4868 3125 4925 Domini
3155 4872 3340 4927 nostri
3368 4874 3499 4930 Jesu
3531 4875 3688 4931 Chri-

2063 4952 2157 5018 sti,
2189 4953 2388 5007 mterni
2439 4953 2690 5008 incendii
2720 4956 3011 5026 suppliciis
3058 4962 3558 5016 concremandum
3612 4962 3686 5016 sit

2063 5039 2390 5111 deputatus.
2417 5043 2499 5095 At
2529 5058 2656 5097 vero
2689 5042 2784 5113 qui
2808 5043 2903 5115 pio
2933 5044 3146 5100 intuitu
3175 5047 3526 5115 observator,
3545 5047 3680 5102 etin

2063 5127 2334 5200 omnibus
2365 5128 2641 5184 exstiterit
2665 5131 2995 5188 custodiens
3023 5133 3193 5206 hujus
3216 5134 3399 5189 nostri
3445 5137 3678 5207 aposto-

2061 5217 2153 5271 lici
2203 5217 2516 5285 constituti,
2575 5221 2634 5272 et
2681 5219 2753 5273 ad
2801 5221 3020 5276 cultum
3067 5220 3170 5276 Dei
3218 5220 3676 5292 respicientibus,

2061 5305 2473 5361 benedictionis
2493 5305 2679 5378 gratia
2694 5323 2728 5361 a
2747 5306 3280 5364 misericordissimo
3298 5309 3547 5367 Domino
3560 5312 3678 5367 Deo

2061 5395 2258 5448 nostro
2289 5410 2393 5466 per
2424 5394 2898 5450 intercessionem
2955 5393 3106 5450 beati
3163 5394 3455 5453 Benedicti
3483 5397 3677 5454 multi-

2058 5480 2283 5553 pliciter
2302 5485 2708 5555 consequatur,
2741 5485 2799 5538 et
2827 5481 2954 5536 vita;
2983 5483 3216 5536 aeternae
3264 5483 3550 5559 particeps
3591 5487 3674 5544 ef-

2059 5567 2495 5640 ﬁcimeruatur.
2814 5645 2816 5648 ν
2939 5633 2943 5638 ,
2996 5639 3002 5649 λ
3193 5633 3195 5636 ,
3494 5628 3581 5648 ηπ,

2126 5655 2420 5737 Scriptum
2433 5655 2788 5733 permanum
2804 5642 3080 5732 Stephani
3098 5642 3340 5728 notarii,
3351 5642 3651 5740 regioneri'
