4094 6178
410 372 432 430 1
443 373 546 432 395

1669 372 1802 431 BEN
1809 373 2030 430 EDICTI
2067 373 2187 428 VIII
2229 373 2433 432 ΡΑΡᾸΞ

3609 378 3751 438 1596

403 495 464 547 et
493 491 792 550 scriniarii.
822 493 969 549 Data
996 493 1166 551 tertio
1213 495 1345 550 ldus
1389 494 1573 551 Martii
1614 512 1720 568 per
1766 510 2005 550 manum
2029 497 2084 557 Α
2113 494 2346 550 Domini
2366 493 2547 550 nostri
2562 495 2690 550 Iesu
2714 490 2941 562 Christi,
2965 496 3180 550 aterno
3197 491 3335 567 igne
3357 509 3741 553 concreman-

405 579 605 637 domni
638 583 1040 638 Grambosonis
1070 583 1320 654 episcopi
1350 588 1405 638 et
1431 584 1848 640 bibliothecarii
1879 601 2012 638 san-

401 671 508 723 cta
520 670 841 740 apostolica
854 670 1022 738 sedis,
1037 688 1217 735 anno,
1230 674 1346 726 Deo
1359 673 1633 744 propitio,
1649 673 2013 746 pontiﬁcatus

403 755 605 810 domni
637 756 928 812 Benedicti
959 760 1301 814 sanctissimi
1332 760 1514 815 octavi
1547 778 1731 832 papa,
1777 760 2011 814 sedente

403 858 557 897 anno
594 846 866 914 secundo,
899 845 1214 904 indictione
1245 849 1588 905 duodecima
1603 865 1802 904 mense
1830 847 2011 903 Martii

403 930 495 985 die
527 931 888 993 duodecima.

504 1108 789 1171 Benedicti
824 1116 968 1172 V111
1000 1135 1158 1191 papa
1178 1119 1526 1190 privilegium
1544 1134 1648 1190 pro
1675 1115 1916 1172 Ecclesia

1001 1191 1446 1246 Paderbornensi.

1004 1281 1191 1344 (Anno
1223 1280 1402 1351 1014).

511 1362 804 1433 (Scaurus,
835 1365 1041 1420 Annal.
1073 1366 1400 1423 Paderborn.
1435 1371 1579 1422 tom.
1613 1367 1656 1434 Ι,
1688 1383 1746 1438 p.
1769 1366 1918 1436 407.]

475 1449 808 1506 Bamamcrus
837 1454 1155 1526 episcopus,
1205 1471 1398 1508 servus
1452 1471 1747 1510 servorum
1775 1453 1896 1519 Dei,
1929 1453 2014 1508 di-

405 1535 553 1591 lecto
584 1538 644 1594 in
677 1540 922 1596 Domino
950 1541 1066 1596 ﬁlio
1085 1543 1386 1597 meaaoo
1412 1543 1723 1597 venerabili
1749 1541 2015 1613 episcopo

411 1625 969 1684 Patherbrunnensis
1007 1630 1289 1698 Ecclesia,
1333 1631 1561 1704 suisque
1600 1632 2016 1687 successoribus

408 1711 466 1767 in
491 1719 856 1785 perpetuum.

480 1802 861 1872 Desiderium,
885 1807 1040 1877 quod
1075 1809 1148 1863 ad
1179 1807 1514 1881 religiosum
1545 1809 1927 1881 propositum,
1961 1810 2017 1863 et
2037 1818 2087 1876 Β

410 1893 742 1947 sanctorum
799 1894 1062 1950 locorum
1090 1897 1460 1952 stabilitatem
1500 1897 1790 1969 pertinere
1822 1913 2019 1951 mons-

413 1979 619 2045 tratur,
663 1980 785 2035 sine
813 1982 1004 2054 aliqua
1029 1987 1246 2049 nostra,
1293 1987 1406 2040 Deo
1449 1989 1702 2052 auctore,
1744 1985 2018 2039 dilatione

406 2066 846 2137 perﬁciendum,
898 2074 955 2124 et
994 2072 1217 2144 quoties
1246 2072 1305 2127 in
1352 2073 1694 2144 quibusdam
1725 2075 1847 2145 ejus
1869 2073 2016 2127 utili-

402 2153 616 2209 tatibus
676 2161 938 2213 nostrum
993 2176 1287 2216 assensum
1340 2164 1398 2216 et
1445 2162 1625 2216 solitae
1692 2163 2018 2233 apostolica

406 2243 764 2301 auctoritatis
813 2249 1065 2318 exposcit
1084 2250 1437 2320 prasidium,
1456 2250 1514 2304 id
1533 2254 1742 2305 nostra
1758 2249 2021 2321 benigni-

405 2333 537 2388 tatis
579 2331 790 2388 intuitu
821 2353 926 2391 nos
972 2337 1238 2392 convenit
1297 2339 1619 2405 subvenire,
1679 2341 1738 2393 et
1775 2339 1883 2393 rati
1915 2355 2020 2409 pro

406 2418 636 2492 integra
663 2423 968 2478 securitate
999 2441 1064 2478 ex
1090 2425 1315 2479 ratione
1362 2426 1628 2492 solidare,
1683 2431 1746 2480 ut
1803 2444 1871 2481 ex
1914 2427 2025 2480 hoc

407 2506 542 2576 ipsis
581 2510 1002 2563 venerabilibus
1047 2512 1184 2565 locis
1236 2513 1384 2565 salus
1413 2516 1470 2566 et
1513 2512 1863 2566 indemnitas
1889 2530 2022 2584 pro-

410 2593 660 2665 ﬂigetur,
679 2599 736 2649 et
753 2597 918 2651 nobis
936 2614 1164 2670 quoque
1186 2600 1326 2653 lucri
1343 2601 1700 2670 potissimum
1715 2601 2024 2672 pramium

411 2697 446 2736 a
476 2682 787 2738 Conditore
819 2685 1082 2740 omnium
1115 2688 1230 2741 Deo
1261 2687 1320 2741 in
1354 2689 1586 2743 sidereis
1627 2689 1851 2744 arcibus
1875 2706 2023 2762 pra-

419 2769 718 2826 scribatur.
753 2772 932 2844 Igitur
969 2775 1102 2847 quia
1131 2776 1458 2846 postulastis
1485 2792 1518 2830 a
1549 2776 1716 2831 nobis
1745 2781 2026 2848 quatenus

412 2858 895 2916 conﬁrmaremus
919 2865 976 2916 et
1025 2864 1336 2935 apostolica
1386 2865 1726 2919 auctoritate
1752 2867 2025 2921 corrobo-

411 2963 675 3003 raremus
704 2952 816 3004 tua
848 2951 1110 3007 Ecclesiae
1135 2953 1356 3024 tibique
1372 2956 1430 3007 et
1471 2954 1888 3009 successoribus
1915 2955 2026 3008 tuis

413 3051 657 3108 quaque
696 3054 800 3108 pro
841 3040 1242 3112 redemptione
1292 3041 1621 3096 animarum
1671 3059 1903 3097 suarum
1954 3045 2026 3098 ab

2114 584 2273 638 dum.
2292 583 2589 655 Simulque
2612 587 2667 638 et
2691 584 2750 638 in
2769 585 3044 655 voragine
3059 587 3428 656 tartareoque
3448 587 3628 640 chaos
3651 587 3746 641 de-

2112 689 2334 726 mersus
2364 689 2496 726 cum
2530 672 2721 743 impiis
2747 671 2996 726 deﬁciat.
3057 672 3160 736 Qui
3215 689 3348 727 vero
3401 674 3500 744 pio
3529 673 3749 729 intuitu

2113 761 2395 825 custodes,
2418 763 2476 814 et
2505 761 2899 815 observatores
2947 761 3116 830 hujus
3168 763 3381 815 nostra
3427 761 3746 817 salutifera

2111 849 2515 919 praeceptionis
2546 848 2889 916 exstiterint,
2920 848 3341 903 benedictionis
3366 849 3623 919 gratiam
3638 866 3748 904 ca-

2111 936 2381 1008 lestisque
2412 936 2832 1002 retributionis,
2865 953 2931 991 ac
2970 939 3186 991 aterna
3231 936 3446 1007 gaudia
3493 937 3570 990 ab
3617 936 3743 1008 ipso

2106 1025 2298 1095 judice
2330 1025 2578 1080 Domino
2611 1026 2727 1079 Deo
2768 1028 2967 1080 nostro
2999 1024 3270 1095 consequi
3302 1028 3668 1080 mereantur.

2185 1112 2478 1185 Scriptum
2504 1128 2608 1183 per
2639 1128 2846 1167 manus
2876 1111 3164 1167 Benedicti
3191 1111 3396 1166 notarii
3426 1115 3483 1166 et
3502 1112 3746 1168 scrinia-

2113 1203 2188 1258 rii
2211 1204 2424 1256 sancta
2456 1202 2729 1258 Romanae
2762 1200 3026 1256 Ecclesia
3046 1200 3105 1256 in
3122 1217 3321 1258 mense
3339 1199 3570 1267 Martio,
3598 1199 3747 1255 indi-

2120 1291 2309 1346 ctione
2338 1308 2436 1346 xu.

2189 1381 2341 1434 Bene
2371 1379 2575 1434 valete.

2874 1468 2985 1523 XII.

2116 1556 2439 1612 Benedictus
2457 1574 2606 1628 papa
2645 1555 2804 1612 VIII
2821 1556 3090 1610 castellum
3122 1553 3535 1610 Buccinianum
3570 1571 3742 1626 nuper

2184 1663 2216 1698 a
2241 1662 2294 1699 se
2318 1650 2684 1716 recuperatum
2708 1645 3022 1698 monasterio
3060 1643 3318 1713 Far/ensi
3352 1644 3665 1712 conﬁrmat.

2717 1733 2910 1802 (Anno
2943 1730 3125 1802 1014.)

2366 1824 2694 1893 [Μωυσοη
2733 1821 2934 1891 Script.
2962 1820 3116 1887 Ital.,
3148 1821 3299 1887 11,11,
3332 1821 3484 1880 5l8.]

2192 1913 2528 1967 Benenrcws
2557 1911 2875 1982 episcopus,
2907 1925 3096 1963 servus
3134 1926 3434 1964 servorum
3466 1911 3590 1966 Dei.

2191 2001 2471 2056 Convenit
2504 1997 2816 2070 apostolico
2843 1997 3266 2064 moderamine,
3289 2002 3396 2052 etc.
3424 1999 3609 2068 Igitur
3636 2015 3744 2054 no-

2118 2092 2244 2143 tum
2275 2105 2396 2142 esse
2450 2089 2710 2141 volumus
2758 2085 3025 2140 omnibus
3067 2085 3334 2140 ﬁdelibus
3393 2090 3610 2141 sancta
3643 2087 3747 2142 Dei

2119 2177 2404 2245 Ecclesiae,
2427 2175 2806 2249 prasentibus
2848 2174 3060 2228 scilicet
3089 2176 3261 2243 atque
3292 2175 3522 2238 futuris,
3561 2177 3749 2246 quali-

2120 2268 2210 2319 ter
2262 2281 2367 2319 nos
2415 2263 2607 2318 divino
2657 2279 2855 2317 amore
2916 2262 3179 2316 illustrati
3229 2263 3302 2316 ob
3354 2263 3751 2318 reverentiam

2121 2356 2334 2421 sancta
2363 2352 2462 2406 Dei
2491 2351 2789 2406 Genitricis
2818 2367 3160 2421 semperque
3191 2350 3430 2420 virginis
3453 2352 3669 2418 Maria,
3694 2357 3755 2406 et

2122 2418 2461 2511 petitionem
2485 2439 2882 2510 gloriosissimi
2904 2438 3004 2492 ﬁlii
3025 2439 3204 2492 nostri
3220 2439 3589 2509 imperatoris
3603 2441 3757 2494 Hen-

2122 2529 2226 2582 rici
2255 2527 2474 2582 domini
2508 2528 2708 2594 nostri,
2741 2527 2990 2581 domina
3038 2526 3333 2580 Genitricis
3363 2527 3604 2598 virginis
3640 2529 3756 2582 Ma-

2124 2615 2224 2670 ria
2268 2615 2644 2684 monasterio,
2695 2615 2848 2687 quod
2897 2614 3104 2668 dicitur
3129 2614 3187 2668 in
3222 2615 3511 2686 Pharpha,
3545 2617 3756 2669 castel-

2125 2706 2248 2759 lum
2279 2703 2708 2769 Buccinianum,
2741 2703 2894 2774 quod
2925 2719 3110 2774 nuper
3149 2702 3441 2772 perditum
3472 2703 3752 2768 habebat,

2125 2791 2595 2862 reacquisivimus
2624 2791 2698 2844 ad
2728 2806 2867 2861 opus
2896 2793 2954 2843 et
2979 2790 3294 2844 utilitatem
3326 2789 3590 2861 pradicti
3621 2807 3756 2845 mo-

2125 2879 2360 2934 nasterii
2382 2879 2790 2950 perpetualiter
2817 2893 3284 2948 permansurum,
3307 2877 3484 2932 situm
3502 2877 3564 2931 in
3583 2877 3751 2934 Sabi-

2125 2968 2290 3021 nensi
2314 2967 2590 3021 comitatu
2627 2965 2841 3020 Deinde
2867 2964 3124 3036 praedicti
3150 2965 3486 3020 monasterii
3511 2981 3760 3021 venera-

2124 3055 2255 3110 bilis
2286 3056 2446 3125 Hugo
2477 3055 2654 3109 abbas
2666 3056 2922 3108 nostram
2946 3053 3086 3106 adiit
3105 3053 3508 3120 clementiam,
3532 3053 3755 3109 instan-

412 3122 879 3195 imperatoribus.
911 3128 1026 3182 Sive
1079 3129 1330 3201 P8811305,
1382 3131 1638 3198 dUCibUS,
1697 3132 2025 3196 comitibus;
2055 3129 2102 3187 Ο
2127 3143 2358 3196 tissimis
2375 3122 2638 3212 precibus
2660 3141 2970 3211 deposcens
2989 3143 3271 3210 quatenus
3290 3157 3395 3211 pro
3421 3141 3523 3194 Dei
3545 3157 3753 3196 amore

414 3213 503 3266 vel
536 3213 606 3268 ab
632 3216 904 3271 omnibus
931 3218 1157 3288 magnis
1205 3218 1506 3290 parvisque
1546 3219 1804 3292 personis
1835 3221 2029 3275 oblata

415 3304 568 3368 sunt,
600 3302 715 3358 sive
740 3309 1119 3368 commutata,
1171 3325 1270 3362 seu
1318 3308 1516 3364 omnia
1569 3325 1697 3380 qua
1727 3313 1790 3363 tu
1828 3309 2029 3364 ductus

413 3405 614 3445 amore
645 3393 745 3446 Dei
794 3393 864 3447 de
908 3396 1156 3465 propriis
1201 3396 1312 3449 tuis
1361 3397 1795 3452 hareditatibus
1836 3398 2027 3452 eidem

417 3479 732 3533 venerabili
788 3498 1011 3552 sponsa
1063 3486 1178 3537 tua
1225 3485 1514 3538 contulisti
1565 3487 1977 3557 perpetualiter
2013 3505 2069 3556 ;.

417 3563 678 3620 inclinati
716 3569 979 3638 precibus
1022 3570 1153 3636 tuis,
1185 3585 1289 3640 per
1317 3571 1484 3643 hujus
1515 3574 1794 3646 privilegii
1819 3575 2030 3630 seriem

420 3652 834 3711 conﬁrmamus
851 3661 909 3712 et
927 3660 1299 3714 corroboram
1309 3678 1370 3714 us
1386 3663 1644 3717 Ecclesia
1658 3667 1792 3731 tua,
1805 3664 2030 3735 tuisque

414 3744 832 3800 successoribus
853 3745 913 3800 in
934 3751 1302 3818 perpetuum,
1318 3752 1517 3806 omnia
1539 3752 1755 3822 pradia
1772 3753 1924 3806 culta
1943 3754 2030 3808 vel

419 3829 655 3899 inculta,
685 3849 791 3888 nec
816 3851 933 3890 non
985 3837 1186 3891 omnia
1216 3855 1342 3909 qua
1390 3839 1442 3892 ei
1493 3856 1598 3912 pro
1629 3840 2030 3913 redemptione

413 3919 743 3976 animarum
771 3939 1006 3978 suarum
1047 3923 1118 3978 ab
1168 3923 1615 3997 imperatoribus
1665 3927 2030 3999 maximeque

413 4022 448 4060 a
479 4006 964 4066 Christianissimo
1005 4014 1065 4066 et
1113 4013 1477 4069 serenissimo
1508 4015 1860 4086 imperatore
1886 4018 2032 4072 Hen-

411 4094 530 4151 rico
573 4098 767 4153 oblata
815 4103 968 4168 sunt,
1018 4100 1131 4156 sive
1195 4103 1254 4158 in
1312 4104 1701 4172 comitatibus,
1759 4122 1859 4159 seu
1912 4107 2036 4160 ubi-

412 4197 638 4256 cunque
677 4185 913 4255 fuerint,
964 4205 1072 4244 nec
1114 4207 1232 4245 non
1285 4193 1483 4247 omnia
1525 4211 1653 4266 qua
1697 4211 1732 4249 a
1775 4195 2030 4266 regibus,

415 4270 669 4340 ducibus,
725 4275 1052 4345 comitibus,
1106 4281 1336 4350 magnis
1416 4283 1716 4355 parvisque
1772 4285 2033 4354 personis

408 4360 704 4432 jamdicta
751 4364 1014 4421 Ecclesia
1061 4366 1256 4422 oblata
1305 4371 1456 4423 sunt.
1514 4369 1813 4443 Similique
1855 4375 2030 4428 modo

2128 3230 2453 3284 etremedio
2475 3229 2734 3300 ejusdem
2750 3228 3090 3282 venerabilis
3102 3229 3439 3283 monasterii
3460 3245 3528 3283 ex
3553 3234 3757 3285 nostra.

2128 3319 2715 3391 apostolicalargitate
2729 3316 3044 3371 concedere
3071 3317 3450 3387 dignaremur
3470 3319 3756 3389 placitum

2129 3410 2188 3460 et
2212 3407 2530 3460 districtum
2578 3405 2647 3459 de
2679 3421 2865 3458 massa
2917 3403 3262 3471 Bucciniani,
3319 3421 3449 3475 qua
3497 3409 3586 3459 est
3613 3408 3758 3460 ante

2131 3492 2288 3548 idem
2316 3493 2632 3558 castellum,
2683 3508 2813 3546 cum
2864 3491 3134 3545 omnibus
3165 3490 3535 3561 pertinentiis
3562 3492 3757 3548 eidem

2132 3598 2336 3636 massa
2362 3579 2783 3652 pertinentibus
2813 3581 2899 3632 vel
2921 3578 3336 3649 adjacentibus.
3368 3579 3546 3650 Cujus
3575 3581 3760 3651 preci-

2131 3670 2237 3723 bus
2257 3672 2600 3734 annuentes,
2625 3667 2814 3722 eidem
2837 3666 3145 3724 venerabili
3164 3667 3544 3734 monasterio,
3563 3685 3760 3739 supra-

2131 3757 2398 3829 dictoque
2430 3755 2646 3821 abbati,
2679 3755 2903 3826 suisque
2932 3756 3372 3821 successoribus,
3433 3772 3667 3810 necnon
3701 3760 3760 3811 et

2131 3848 2340 3899 sancta
2370 3842 2808 3914 congregationi
2830 3857 3124 3896 servorum
3156 3842 3256 3896 Dei
3287 3842 3508 3898 ibidem
3532 3845 3756 3915 degen-

2130 3933 2300 3999 tium,
2325 3933 2615 4004 pradicta
2636 3947 2835 3985 massa
2858 3930 3187 3984 Bucciniani
3207 3924 3536 3986 districtum
3559 3938 3618 3987 et
3632 3934 3756 4003 pla-

2129 4022 2307 4077 citum
2330 4037 2462 4076 cum
2494 4019 2762 4075 omnibus
2783 4018 2894 4072 suis
2909 4017 3270 4089 pertinentiis
3292 4019 3378 4072 vel
3413 4020 3758 4089 adjacentiis

2131 4126 2198 4164 ex
2225 4109 2489 4179 largitate
2515 4107 2664 4162 beati
2701 4106 2853 4160 Petri
2911 4104 3184 4176 principis
3242 4106 3668 4176 apostolorum,
3698 4111 3757 4161 et

2131 4201 2343 4252 sanctae
2371 4195 2698 4266 apostolica
2719 4194 2885 4258 sedis,
2908 4194 3067 4264 cujus
3090 4193 3184 4263 jus
3214 4208 3337 4246 esse
3369 4193 3753 4264 dignoscitur,

2133 4289 2441 4355 nostraque
2464 4282 2774 4355 apostolica
2802 4280 3142 4334 auctoritate
3173 4279 3550 4335 concedimus
3575 4286 3754 4354 atque

2132 4372 2545 4426 conﬁrmamus
2572 4367 2982 4442 perpetualiter
3013 4383 3374 4433 mansurum,
3427 4369 3647 4423 scilicet
3693 4373 3757 4423 ut

409 4452 824 4507 confirmamus
845 4468 914 4507 ea
944 4453 1141 4508 omnia
1171 4455 1297 4510 loca
1327 4472 1454 4526 qua
1504 4461 1568 4513 tu
1617 4458 1738 4530 ipse
1791 4476 1896 4532 pro
1945 4479 2032 4517 re-
2051 4478 2105 4538 D
2132 4459 2403 4515 monachi
2424 4458 2683 4530 pradicti
2714 4455 3048 4510 monasterii
3076 4454 3236 4508 omni
3267 4455 3326 4508 in
3352 4459 3617 4527 tempore
3645 4473 3753 4527 pro

411 4537 744 4610 demptione
774 4539 982 4595 anima
1014 4544 1127 4597 tua
1158 4545 1216 4598 et
1259 4547 1567 4616 parentum
1624 4549 1857 4604 tuorum
1903 4550 2029 4619 jam

410 4624 576 4681 dicta
601 4629 713 4680 tua
739 4643 962 4699 sponsa
1003 4628 1076 4683 de
1128 4631 1376 4701 propriis
1427 4633 1857 4691 hareditatibus
1899 4654 2032 4694 con-

411 4714 624 4783 tulisti;
652 4733 758 4771 nec
787 4734 904 4773 non
953 4734 1022 4772 ea
1051 4735 1180 4791 qua
1220 4721 1292 4774 ab
1350 4719 1634 4791 aliquibus
1670 4730 2028 4782 commutata

410 4808 563 4860 sunt.
606 4805 930 4862 Statuentes
978 4808 1292 4879 apostolica
1342 4824 1583 4865 censura
1630 4811 1733 4866 sub
1783 4815 2022 4868 anathe-

411 4893 581 4949 matis
605 4893 1031 4962 interdictione,
1065 4897 1127 4949 ut
1155 4895 1294 4950 nulli
1323 4914 1579 4970 unquam
1611 4915 1842 4970 magna
1893 4919 2027 4973 par-

411 4998 611 5056 vaque
637 4999 899 5054 persona
929 4984 1098 5038 liceat
1154 4988 1355 5041 contra
1405 4987 1515 5042 hoc
1571 4991 1831 5043 nostrum
1887 5007 2028 5062 apo-

413 5072 680 5129 stolicum
725 5076 1079 5144 praceptum
1133 5073 1427 5145 insurgere
1477 5077 1562 5132 vel
1615 5078 1926 5137 contraire.
1969 5078 2029 5132 Si

414 5161 538 5235 quis
559 5165 780 5227 autem,
795 5159 951 5234 quod
964 5176 1080 5215 non
1098 5163 1383 5230 optamus,
1407 5163 1716 5219 temerario
1739 5180 1878 5220 ausu
1891 5182 2032 5220 con-

412 5250 503 5304 tra
524 5249 696 5322 hujus
721 5251 929 5305 nostra
949 5249 1352 5320 praceptionis
1367 5253 1696 5323 apostolica
1707 5253 1918 5308 seriem
1935 5254 2030 5326 pie

415 5350 450 5390 a
473 5336 638 5392 nobis
669 5336 1095 5407 promulgatam
1137 5337 1332 5394 venire
1383 5355 1448 5392 ac
1502 5353 1675 5407 agere
1702 5340 2029 5408 tentaverit,

415 5422 556 5478 sciat
583 5440 644 5479 se
669 5423 900 5478 Domini
927 5423 1108 5479 nostri
1139 5425 1530 5496 apostolorum
1560 5425 1835 5497 principis
1878 5428 2031 5483 Petri

415 5510 804 5565 anathematis
832 5511 1055 5566 vinculo
1094 5512 1437 5568 innodatum
1468 5517 1526 5566 et
1553 5529 1685 5567 cum
1716 5513 1944 5569 diabolo
1970 5519 2028 5572 et

2130 4548 2296 4604 nobis
2325 4548 2610 4602 delectent
2639 4545 2710 4599 ad
2741 4545 2921 4597 Deum
2945 4543 3182 4596 fundere
3206 4558 3422 4612 preces,
3453 4547 3511 4597 et
3540 4544 3760 4614 glorio-

2127 4637 2350 4691 sissima
2376 4636 2538 4707 virgo
2569 4632 2764 4696 Maria,
2807 4635 2937 4696 etc.,
2965 4630 3104 4684 sciat
3131 4646 3190 4682 se
3209 4631 3603 4686 anathematis
3627 4631 3754 4685 vin-

2127 4727 2252 4780 culo
2279 4724 2620 4779 innodatum
2645 4737 2786 4787 esse,
2807 4723 2912 4774 eta
2937 4734 3120 4788 regno
3154 4717 3253 4772 Dei
3272 4717 3552 4773 alienum.
3590 4721 3758 4774 Insu-

2122 4830 2226 4884 per
2246 4816 2302 4866 et
2323 4811 2777 4882 compositurum
2800 4824 2859 4860 se
2881 4806 3021 4859 sciat
3044 4805 3169 4860 auri
3192 4805 3396 4876 optimi
3419 4806 3598 4861 libras
3615 4823 3755 4862 cen-

2125 4904 2270 4967 tum,
2303 4899 2675 4953 medietatem
2705 4896 2764 4950 in
2797 4895 3154 4948 sacrosancto
3184 4893 3560 4949 Lateranensi
3592 4896 3756 4966 pala-

2129 4987 2232 5055 tio,
2266 4990 2323 5041 et
2339 4987 2712 5041 medietatem
2744 4983 2800 5036 in
2827 4980 3150 5052 supradicto
3183 4983 3564 5036 monasterio.

2203 5076 2492 5145 Scriptum
2522 5090 2624 5146 per
2658 5087 2862 5126 manus
2887 5069 3039 5124 Petri
3085 5069 3389 5137 scriniarii,
3424 5071 3638 5125 notarii
3666 5075 3756 5125 at-

2132 5181 2243 5236 que
2273 5161 2587 5234 regionarii
2613 5163 2826 5216 sancta
2852 5159 3132 5212 Romana
3155 5157 3439 5224 Ecclesia,
3475 5158 3535 5212 in
3559 5159 3757 5214 Mense

2132 5253 2395 5324 Augusti,
2431 5249 2629 5305 indict.
2662 5266 2758 5304 xu.

2207 5342 2358 5394 Bene
2387 5340 2591 5394 valete.

2207 5430 2331 5484 Dat.
2366 5444 2431 5480 xv
2472 5425 2592 5481 Kal.
2628 5423 2862 5495 Augusti
2888 5440 2993 5495 per
3038 5439 3281 5477 manum
3308 5421 3533 5477 domini
3559 5425 3752 5494 gratia

2133 5515 2368 5572 Bosonis
2393 5511 2642 5585 episcopi
2662 5516 2719 5566 et
2735 5511 3158 5566 bibliothecarii
3177 5513 3387 5565 sancta
3413 5512 3748 5580 apostolica

417 5597 540 5668 ejus
560 5597 926 5656 atrocissimis
949 5599 1199 5673 pompis,
1221 5603 1392 5672 atque
1417 5616 1548 5655 cum
1564 5601 1711 5656 Juda
1729 5602 2023 5673 proditore
2111 5605 2282 5667 sedis.
2305 5606 2496 5671 Anno,
2513 5603 2630 5658 Deo
2652 5600 2924 5674 propitio,
2952 5600 3322 5673 pontiﬁcatus
3343 5598 3743 5656 domuiBene-
