4094 6178
306 339 328 396 i
341 338 450 396 597

1544 325 1911 388 EPISTOLE
1944 325 2036 386 ΕΤ
2082 329 2176 388 DE
2184 332 2408 394 CRETA

3547 346 3685 409 I598

302 459 442 516 dicti
469 455 685 515 summi
715 454 1004 529 pontificis
1034 457 1094 512 et
1123 454 1463 512 universalis
1480 471 1645 528 papa
1675 453 1863 511 octavi
1881 451 1941 507 in
1960 450 2018 508 A
2049 453 2675 532 ritatem,honorisque
2693 455 3094 524 honestatem,
3113 454 3226 531 ipsi
3255 459 3689 528 Fructuariensi

309 549 702 604 sacratissima
731 547 864 602 sede
890 546 1047 600 beati
1081 546 1234 601 Petri
1267 545 1513 616 apostoli
1540 545 1939 614 tertio.lmpe-

302 641 474 693 rante
506 639 725 692 domno
753 635 995 690 Henrico
1017 636 1186 690 aDeo
1209 637 1492 690 coronato
1516 651 1729 706 magno
1758 638 1819 690 et
1837 649 1939 704 pa-

304 727 470 783 cifico
502 727 875 798 imperatore,
910 742 1066 779 anno
1094 726 1219 795 ejus
1252 723 1470 796 primo.

1045 815 1179 868 XIII.

300 901 553 974 Synodus
577 903 826 980 Romana
1179 898 1357 980 ⁸γΙζΙ,
1389 901 1444 952 in
1470 917 1606 980 “qua
1659 899 1937 954 Fructua-

590 975 779 1028 riensis
803 972 1021 1026 canobii
1037 972 1390 1045 privilegium
1418 970 1642 1026 editum.

907 1082 1097 1148 (Anno
1142 1079 1323 1148 1015.)

702 1172 919 1242 [MANsx,
970 1167 1174 1225 Concil.
1214 1167 1343 1231 XIX,
1377 1165 1530 1234 361.]

375 1264 437 1316 In
453 1261 697 1316 nomine
711 1261 920 1313 sancta
933 1261 990 1312 et
1002 1255 1307 1310 individua
1317 1252 1829 1309 Trinitatis.Anno
1846 1254 1944 1324 qui

308 1353 679 1423 computatur
729 1349 800 1403 ab
841 1345 1235 1402 incarnatione
1290 1339 1534 1397 Domini
1574 1346 1736 1410 1015,
1788 1341 1947 1396 indi-

309 1438 497 1494 ctione
528 1455 631 1504 xu,
663 1435 948 1491 residente
974 1433 1031 1488 in
1061 1429 1278 1502 synodo
1311 1424 1565 1482 domino
1607 1432 1664 1482 et
1688 1427 1947 1498 glorioso

307 1543 457 1598 papa
468 1525 781 1580 Benedicto
796 1524 946 1577 intra
958 1521 1248 1576 basilicam
1264 1515 1954 1582 Lateranensem,adfuit

311 1613 544 1687 quidem
579 1613 755 1667 abbas
775 1610 1041 1665 Willelmi
1070 1607 1327 1671 nomine,
1350 1600 1641 1676 quiddam
1667 1606 1952 1675 praestan-

315 1704 454 1758 dum
483 1702 764 1772 valdeque
795 1699 930 1754 utile
961 1717 995 1754 a
1016 1701 1282 1752 materno
1313 1692 1658 1748 universalis
1673 1693 1946 1748 Ecclesia

301 1793 439 1847 sinu
467 1790 801 1861 suppliciter
828 1803 1166 1859 exposcens,
1191 1782 1454 1837 videlicet
1481 1783 1546 1834 ut
1579 1781 1942 1837 monasterio

2046 548 2428 614 monasterio,
2471 548 2698 621 suisque
2748 546 3076 602 rectoribus
3107 564 3214 619 per
3258 553 3430 608 tanta
3458 574 3523 612 ac
3551 560 3695 616 talia

2044 647 2320 689 concessa
2343 640 2476 690 sunt
2505 639 2881 692 testamenta.
2908 635 3046 699 Qua
3065 636 3407 713 quicunque
3427 661 3695 704 servave-

2042 719 2186 783 rint,
2215 722 2523 778 dilexerint
2542 729 2600 780 et
2622 724 3074 796 magnificantes
3093 727 3694 802 auxerint,gaudeant

2043 823 2178 864 cum
2213 811 2296 865 eis
2326 830 2574 884 quorum
2608 813 2858 869 nomina
2887 812 3103 884 scripta
3129 819 3269 869 sunt
3295 818 3357 872 in
3380 823 3522 876 calo
3550 838 3562 876 :
3592 824 3692 896 qui

2045 901 2245 954 autem
2269 903 2751 974 contempserint,
2772 901 3164 973 corruperint,
3190 907 3250 958 et
3272 921 3381 976 pro
3413 925 3577 980 posse
3595 911 3691 966 de-

2043 985 2310 1056 leverint,
2339 995 2598 1059 caveant,
2632 1008 2706 1046 ne
2752 994 2812 1045 et
2843 990 2959 1062 ipsi
2988 991 3302 1048 deleantur
3331 995 3403 1051 de
3431 999 3579 1055 libro
3605 1001 3686 1057 vi-

2043 1076 2329 1144 ventium,
2358 1082 2416 1132 et
2441 1095 2573 1133 cum
2613 1079 2785 1150 justis
2823 1095 2950 1133 non
2993 1080 3328 1138 scribantur
3361 1101 3374 1140 :
3408 1088 3687 1158 quoniam

2044 1163 2157 1218 nisi
2190 1166 2538 1238 resipuerint
2567 1169 2641 1223 ab
2673 1169 2783 1222 hac
2814 1167 3102 1238 nequitia,
3126 1187 3161 1224 a
3185 1173 3412 1229 cunctis
3429 1177 3605 1233 etiam
3626 1197 3686 1236 se

2047 1253 2317 1307 noverint
2336 1256 2892 1310 excommunicatos.
2929 1255 3193 1320 Quorum
3209 1260 3305 1316 hic
3329 1263 3526 1322 subter
3553 1268 3686 1323 scri-

2047 1343 2147 1411 pta
2174 1344 2307 1395 sunt
2334 1343 2596 1398 nomina.

2122 1429 2243 1499 Ego
2272 1430 2610 1486 Benedictus
2636 1431 2694 1487 S.
2729 1432 3020 1487 Romana
3053 1434 3320 1493 Ecclesia
3341 1445 3570 1511 prasul.

2123 1518 2242 1588 Ego
2288 1518 2580 1574 Eribertus
2609 1523 2726 1592 [qui
2761 1529 2813 1575 et
2858 1521 3168 1579 Aribertus
3215 1535 3454 1594 vocatus]
3483 1533 3542 1589 S.
3574 1536 3681 1592 Me-

2051 1603 2400 1660 diolanensis
2425 1608 2918 1680 archiepiscopus.

2121 1695 2238 1764 Ego
2270 1695 2503 1750 Michael
2535 1696 3026 1768 archiepiscopus.

2116 1782 2234 1852 Ego
2275 1782 2635 1836 Theobaldus
2680 1786 2904 1839 sancta
2952 1787 3364 1846 Veliternensis
3413 1796 3674 1855 Ecclesia

312 1841 754 1943 Fructudrriensi,
775 1876 930 1948 quod
948 1875 1007 1929 in
1030 1875 1317 1929 honorem
1338 1869 1459 1935 Dei,
1483 1872 1539 1923 et
1559 1869 1803 1925 Domini
1835 1888 1941 1926 no-
1967 1841 2020 1901 B
2038 1868 2361 1942 episcopus.

310 1968 416 2022 stri
444 1967 570 2021 Jesu
605 1964 838 2030 Christi,
875 1964 1115 2033 ejusque
1138 1960 1496 2014 intemerata
1527 1958 1851 2022 Genitricis,
1875 1960 1934 2014 in

301 2059 546 2129 paterno
567 2054 687 2108 solo
710 2053 1133 2115 construxerat,
1153 2045 1467 2118 apostolica
1489 2045 1930 2117 dignitasliber-

301 2142 437 2198 tatis
453 2141 793 2212 suffragium
813 2139 1134 2193 exhiberet.
1161 2135 1334 2204 Cujus
1360 2133 1623 2206 petitioni
1646 2135 1929 2188 Romana

302 2230 455 2286 sedis
473 2246 588 2284 non
609 2227 1043 2284 contemnenda
1064 2223 1388 2280 sublimitas
1403 2238 1693 2276 assensum
1712 2222 1925 2278 idcirco

296 2322 422 2373 tam
449 2317 720 2372 facillime
741 2316 1014 2386 prabuit,
1034 2314 1169 2384 quia
1185 2311 1488 2383 prafatum
1510 2310 1924 2365 monasterium

304 2407 367 2460 in
396 2407 619 2461 deserto
652 2407 800 2469 loco,
831 2404 990 2458 unde
1022 2403 1211 2456 nullus
1242 2416 1496 2470 unquam
1517 2398 1812 2469 episcopus
1829 2399 1928 2453 ali-
1957 2419 1962 2422 ’

301 2495 467 2564 cujus
496 2495 584 2548 vel
608 2493 847 2547 decima
874 2490 1170 2545 redditum
1204 2488 1456 2543 noscitur
1487 2487 1770 2552 habuisse,
1794 2488 1928 2540 fun-

304 2583 486 2648 davit,
519 2585 576 2636 et
603 2580 919 2651 apostolica
963 2578 1206 2650 regalia,
1240 2593 1466 2630 necnon
1505 2579 1562 2628 et
1606 2575 1930 2645 imperialia

315 2672 670 2724 testamenta
687 2666 1008 2738 acquisivit,
1026 2667 1248 2736 justum
1271 2669 1465 2718 votum
1481 2663 1817 2733 justumque
1847 2665 1927 2717 la-

315 2759 522 2812 borem
565 2756 657 2827 pie
688 2755 906 2809 cunctis
927 2753 1287 2825 juvantibus.
1315 2753 1599 2805 haterea
1624 2750 1778 2806 idem
1810 2752 1932 2821 ipse

320 2842 713 2897 Warmundus
776 2842 1078 2912 episcopus
1133 2837 1522 2908 Hipporiensis
1582 2840 1692 2909 [qui
1745 2840 1933 2898 melius

315 2930 743 3003 Eporediensis.
802 2929 910 2984 Sed
963 2944 1074 2984 avo
1132 2928 1220 2980 illo
1273 2929 1346 2980 ita
1402 2927 1603 2992 locuti],
1655 2926 1714 2980 in
1770 2929 1931 2998 cujus

305 3018 584 3092 episcopii
643 3017 827 3072 limite
884 3016 1042 3071 idem
1097 3017 1253 3069 locus
1301 3014 1438 3068 situs
1495 3031 1615 3068 esse
1679 3015 1926 3084 videtur,

2109 1958 2227 2027 Ego
2259 1959 2461 2012 Petrus
2492 1961 2705 2014 sancta.
2739 1962 3228 2021 Pranestinensis
3258 1968 3518 2027 Ecclesia
3548 1973 3670 2046 epi-

2033 2062 2257 2117 scopus.
3605 2067 3610 2072 ι

2104 2135 2225 2206 Ego
2250 2134 2408 2189 Cono
2439 2135 2730 2192 Perusina
2763 2137 3092 2210 episcopus.

2102 2223 2222 2293 Ego
2250 2222 2544 2277 Arduinus
2569 2224 3102 2284 Monteferetranus
3128 2232 3451 2309 episcopus.

2102 2311 2222 2380 Ego
2247 2313 2448 2364 Petrus
2481 2311 2844 2366 Castellanus
2871 2315 3199 2390 episcopus.

2103 2399 2221 2467 Ego
2256 2397 2462 2452 Emino
2494 2398 2805 2470 episcopus
2840 2404 3270 2462 Asculanensis.

2099 2486 2219 2555 Ego
2246 2486 2595 2540 Adelbertus
2626 2487 2936 2560 episc0pus
2965 2491 3339 2562 Spoletanus.

2102 2573 2221 2644 Ego
2247 2573 2589 2628 Lambertus
2615 2574 2927 2648 episcopus
2961 2581 3436 2649 Polimartiensis.

2102 2661 2219 2731 Ego
2243 2662 2494 2715 Joannes
2512 2662 2813 2732 episcopus
2847 2667 3370 2741 Balneoregiensis.

2103 2749 2221 2818 Ego
2251 2749 2563 2802 Deusdedit
2605 2753 2821 2806 sancta
2872 2754 3138 2812 Ecclesia
3193 2761 3484 2818 Amerina
3534 2769 3657 2838 epi-

2029 2851 2252 2905 scopus.

2104 2925 2221 2993 Ego
2250 2919 2587 2980 Benedictus
2616 2927 2940 2999 episcopus.

2103 3013 2222 3083 Ego
2247 3013 2496 3069 Joannes
2524 3013 2902 3077 Quiesthomo
2935 3018 3254 3091 episcopus.

304 3124 486 3163 manu
537 3106 772 3178 propria
815 3105 1089 3169 ﬁrmavit,
1131 3105 1436 3174 pluresque
1484 3103 1718 3156 firmare
1755 3120 1926 3175 roga-
1963 3121 2010 3180 α
2104 3102 2220 3171 Ego
2253 3101 2578 3172 Stephanus
2601 3103 2934 3160 Narniensis
2968 3107 3231 3163 Ecclesia
3257 3109 3572 3183 episcopus.

301 3196 388 3250 vit
419 3196 722 3268 episc0pos
742 3196 1180 3258 testamentum,
1199 3191 1292 3245 ubi
1315 3191 1927 3248 excommunicationis

305 3285 522 3338 nostra
549 3281 874 3336 minamine
905 3277 1569 3352 prohibeturtemeraria
1586 3282 1925 3333 cunctorum

306 3368 623 3424 hominum
644 3366 905 3432 audacia,
925 3365 1189 3419 videlicet
1206 3381 1277 3418 ne
1298 3381 1411 3436 qua
1426 3365 1609 3434 regia,
1629 3365 1928 3436 episcopa-

295 3457 391 3520 lis,
426 3457 516 3510 vel
548 3454 871 3526 cujuspiam
905 3453 1289 3508 mundanivel
1321 3452 1682 3507 ecclesiastici
1711 3454 1926 3508 ordinis

303 3544 568 3617 dignitas
592 3545 800 3610 valeat,
824 3543 928 3596 sub
961 3542 1346 3612 qualicunque
1368 3541 1664 3596 occasione
1695 3545 1928 3597 sacula—

295 3631 378 3687 ris
404 3630 680 3695 ambitus,
700 3630 786 3684 vel
816 3629 1213 3684 ecclesiastica
1231 3628 1528 3699 religionis
1548 3627 1807 3691 obtentu,
1830 3631 1927 3684 ha-

302 3719 592 3775 bitatores
617 3717 772 3772 illius
801 3717 910 3771 loci
938 3718 1054 3771 ullo
1085 3717 1260 3770 modo
1292 3715 1925 3787 inquietare.Undedo-

298 3806 504 3862 minus
534 3804 782 3860 Benedic
797 3807 888 3858 tus
913 3803 1247 3858 universalis
1268 3804 1523 3876 pontifex
1541 3803 1614 3858 ad
1640 3804 1921 3860 confirma

291 3896 524 3952 tionem
551 3896 1043 3949 testamentorum
1067 3892 1330 3946 omnium
1352 3892 1504 3946 unde
1525 3892 1903 3948 corroboratu

296 3989 387 4040 est
404 3986 564 4040 locus
586 3983 710 4055 ipse
734 3980 1205 4047 Fructuariensis,
1230 3996 1390 4035 sacro
1425 3996 1528 4034 suo
1554 3997 1686 4035 eum
1712 3982 1903 4038 dotari

291 4073 599 4148 privilegio
642 4089 654 4125 :
687 4070 925 4142 insuper
952 4070 1082 4136 hoc,
1106 4068 1194 4123 cui
1227 4068 1416 4123 omnis
1436 4069 1558 4123 hac
1578 4073 1774 4125 sancta
1799 4089 1900 4142 syn

293 4161 488 4216 nodus
518 4161 716 4214 favens
745 4157 1150 4225 subscriberet,
1172 4174 1411 4212 exarare
1440 4158 1720 4230 pracepit
1737 4159 1929 4214 decre-

291 4252 453 4303 tum.
487 4245 855 4302 Unanimiter
871 4262 1011 4316 ergo
1028 4246 1173 4300 tanti
1203 4245 1405 4312 Patris,
1437 4247 1767 4316 summique
1784 4264 1928 4319 pon-

291 4336 468 4390 tificis
499 4334 882 4390 libentissime
915 4335 1184 4406 parentes
1211 4332 1474 4405 imperio,
1518 4334 1902 4390 saluberrimo

292 4441 411 4498 que
452 4424 574 4494 ejus
597 4423 960 4494 subjacentes
978 4421 1262 4476 desiderio
1287 4422 1350 4491 [χ’.
1386 4421 1527 4475 deest
1557 4422 1600 4476 si
1634 4422 1773 4493 qui],
1799 4439 1924 4477 cor-

288 4529 571 4584 rumpere
589 4512 854 4566 nituntur
883 4513 1059 4564 tanta
1095 4509 1449 4564 auctoritatis
1476 4509 1797 4581 privilegia,
1841 4515 1927 4566 at-

291 4619 411 4675 que
443 4601 656 4656 violare
688 4601 808 4667 illa,
845 4615 1202 4671 quacunque
1233 4599 1318 4652 vel
1349 4615 1382 4651 a
1413 4599 1776 4654 Guntardole
1805 4599 1924 4688 via,

288 4691 386 4744 vel
420 4689 492 4744 ab
524 4688 826 4761 episcopis,
857 4691 954 4742 aut
978 4704 1012 4741 a
1045 4687 1276 4759 regibus
1304 4686 1411 4757 ipsi
1432 4691 1628 4740 sancto
1650 4686 1925 4743 Fructual

290 4777 476 4834 riensi
525 4776 787 4832 canobio
839 4777 1068 4839 collata,
1110 4777 1198 4829 vel
1245 4774 1461 4828 fuerint
1513 4778 1862 4831 testamenta
1906 4791 1920 4828 :

289 4867 455 4940 ipsos
475 4865 836 4920 conﬁdenter
868 4866 990 4918 hac
1021 4867 1217 4918 sancta
1238 4864 1487 4934 synodus
1517 4864 1755 4918 ecclesia
1793 4881 1926 4935 per-

287 4954 512 5010 cutitin
530 4955 744 5025 gladio,
767 4956 964 5024 utpote
983 4951 1584 5021 contradicentesjura
1607 4953 1922 5022 majorum,

289 5046 657 5112 Petrumque
689 5042 949 5095 instituta
971 5044 1412 5095 contemnentes
1440 5044 1801 5109 sanctorum,
1825 5043 1924 5114 qui

289 5133 515 5185 sancta
539 5131 816 5184 Romana
835 5129 1094 5184 Ecclesia
1119 5129 1188 5182 ab
1221 5129 1340 5200 ipso
1365 5130 1760 5198 apostolorum
1781 5132 1927 5184 tem-

299 5233 450 5290 pore
481 5233 720 5271 omnem
744 5215 1133 5270 obedientiam
1157 5233 1190 5268 a
1215 5217 1432 5269 cunctis
1449 5215 1749 5270 ordinibus
1769 5217 1924 5271 exhi-

299 5305 559 5361 bendam
583 5305 707 5360 fore
738 5305 1135 5358 decreverunt.
1153 5303 1489 5373 Hujusmodi
1513 5303 1916 5361 armisinstru-

295 5394 400 5460 cti,
430 5391 1246 5460 excommunicationisjacula
1279 5391 1336 5444 in
1369 5408 1466 5446 eos
1487 5395 1909 5464 retorquentes,

291 5480 598 5536 neminem
625 5495 1023 5553 perversorum
1044 5478 1436 5552 permittimus
1465 5480 1794 5548 immutare,
1819 5482 1906 5536 vel

289 5569 617 5642 infringere
648 5568 927 5641 quidquid
958 5569 1031 5623 ad
1069 5567 1347 5639 quietem,
1374 5567 1722 5637 libertatem,
1756 5585 1908 5625 secu-

2099 3189 2216 3259 Ego
2247 3189 2552 3260 Gregorius
2573 3191 2874 3262 episcopus
2899 3195 2964 3248 N.

2097 3277 2218 3347 Ego
2241 3278 2490 3330 Joannes
2512 3282 2723 3332 sancta
2753 3280 2973 3337 Alinxa
3000 3283 3321 3355 episcopus.

2096 3365 2216 3436 Ego
2247 3364 2496 3419 Joannes
2525 3369 2736 3421 sancta
2759 3367 3088 3426 Tudertina
3128 3371 3382 3428 ecclesia
3419 3376 3640 3446 episco-

2105 3470 2151 3505 8.

2025 3469 2216 3610 puEgo
2245 3538 2603 3595 Crescentius
2645 3546 2859 3599 sancta
2888 3545 3277 3603 Phalaritana
3307 3549 3398 3620 [/.,
3441 3551 3644 3608 Calau-

2024 3627 2247 3689 ritana]
2279 3627 2537 3683 Ecclesia
2570 3629 2888 3702 episcopus.

2097 3717 2215 3787 Ego
2238 3714 2498 3771 Domnus
2524 3720 2735 3772 sancta
2767 3718 3117 3778 Sutrinensis
3142 3723 3404 3780 Ecclesia
3432 3727 3646 3798 episco-

2064 3822 2150 3860 IIS.

2064 3823 2150 3860 us.

2023 3823 2060 3878 Ρ
2099 3893 2217 3964 Ego
2244 3895 2442 3948 Petrus
2473 3895 2983 3954 Centumcellensis
3013 3899 3276 3956 Ecclesia
3318 3900 3638 3974 episcopus.

2105 3982 2222 4052 Ego
2251 3981 2504 4038 Joannes
2530 3988 2740 4041 sancta
2771 3985 3082 4042 Suanensis
3120 3988 3383 4044 Ecclesia
3426 3989 3641 4063 episco-

2109 4087 2152 4124 8.

2027 4085 2218 4228 puEgo
2248 4158 2575 4214 Heldericus
2596 4161 2984 4218 Urbevetanus
3011 4163 3330 4237 episcopus.

2099 4246 2216 4316 Ego
2248 4247 2388 4302 Boto
2420 4249 2734 4321 episcopus.

2107 4335 2226 4404 Ego
2252 4335 2528 4392 Henricus
2559 4337 2997 4410 Populoniensis
3029 4340 3348 4412 episcopus.

2099 4423 2220 4493 Ego
2250 4423 2526 4495 Georgius
2555 4426 2982 4482 Assisinatensis
3010 4428 3328 4500 episcopus.

2098 4511 2218 4581 Ego
2246 4511 2606 4568 Theobaldus
2628 4519 2840 4570 sancta
2866 4516 3206 4572 Albanensis
3228 4516 3492 4574 Ecclesia
3523 4517 3638 4590 epi-

2027 4615 2249 4672 scopus.

2099 4689 2215 4760 Ego
2246 4689 2560 4759 Baynerius
2583 4690 2907 4746 Roselensis
2935 4691 3196 4747 Ecclesia
3224 4693 3542 4767 episcopus.

2096 4777 2217 4846 Ego
2245 4776 2582 4833 Lambertus
2611 4778 2994 4850 Lingonensis
3019 4781 3280 4836 Ecclesia
3311 4783 3630 4855 episcopus.

2096 4865 2215 4935 Ego
2257 4865 2592 4920 Benedictus
2622 4870 2833 4922 sancta
2866 4867 3202 4924 Castriensis
3231 4871 3492 4928 Ecclesia
3517 4872 3635 4944 epi-

2025 4967 2246 5006 SCODUS.

2095 4969 2118 5006 ο
2165 4969 2246 5006 us.

2095 4969 2214 5112 ΕΡεο
2245 5042 2444 5097 Petrus
2471 5047 2680 5099 sancta
2711 5044 3078 5117 Pipernensis
3119 5048 3382 5102 Ecclesia
3412 5046 3629 5118 episco-

2024 5144 2214 5288 puEgo
2243 5215 2582 5289 Lintulphus
2621 5222 2834 5275 sancta
2875 5219 3156 5276 Triveusis
3201 5215 3463 5272 Ecclesia
3505 5216 3628 5290 epi-

2020 5320 2243 5377 scopus.

2088 5395 2208 5463 Ego
2245 5394 2580 5448 Benedictus
2601 5395 2861 5450 Cerensis
2888 5391 3146 5448 Ecclesia
3178 5390 3498 5462 episcopus.

2097 5482 2217 5552 Ego
2251 5480 2606 5536 Crescentius
2635 5482 2930 5556 Nepesina
2956 5477 3215 5533 Ecclesia
3238 5479 3555 5551 episcopus.

2083 5568 2203 5638 Ego
2227 5568 2478 5623 Joannes
2510 5567 2840 5624 Sabineusis
2866 5563 3129 5622 Ecclesia
3155 5565 3477 5638 episcopus.
