4028 6186
322 417 457 474 1605

1546 401 1905 461 EPISTOLE
1947 399 2032 459 ET
2060 399 2379 460 DECRETA

3501 419 3637 476 16οὕ

314 540 404 596 vel
432 536 620 594 simile
652 550 794 606 opus
819 533 1089 588 timentes
1119 530 1432 586 Dominum
1453 532 1651 584 nostra
1667 530 1933 584 exhorta-
1954 532 2010 592 Α
2031 527 2379 584 Portuensis.
2412 527 2662 583 Joannes
2687 527 2984 601 episcopus
3033 528 3322 588 Fundanee
3353 535 3638 595 Ecclesiae.

314 628 476 683 tione
504 625 805 691 inclinare,
835 639 954 678 non
989 620 1380 675 desiderantes
1407 621 1512 674 hos
1542 620 1629 673 vel
1654 618 1871 672 similes
1897 634 1932 671 a

312 733 415 771 suo
444 717 602 771 bono
632 711 926 786 proposito
955 725 1272 776 removere,
1303 724 1504 763 eorum
1536 706 1930 762 sacratissimis

311 803 688 875 petitionibus
706 798 991 855 contraire
1013 797 1318 867 indignum
1335 796 1724 863 duximus,sed
1740 796 1929 866 potius

309 909 515 948 eorum
559 888 856 945 desideriis
885 890 1207 942 annuentes
1238 887 1298 940 in
1328 901 1444 940 uno
1476 901 1543 940 ex
1568 884 1750 938 tribus
1779 901 1927 955 prae-

309 980 478 1036 dictis
499 979 658 1045 locis,
681 993 827 1049 quos
867 975 972 1030 sibi
1015 975 1202 1046 magis
1227 973 1502 1046 placuerit
1530 973 1926 1046 episcopatum

306 1068 458 1137 ﬂeri,
499 1071 557 1122 et
581 1065 751 1122 ditari
781 1064 1156 1130 decrevimus,
1180 1067 1237 1118 et
1264 1062 1324 1117 in
1351 1066 1696 1135 perpetuum
1716 1063 1928 1134 episco-

307 1160 512 1229 patum
540 1172 659 1211 esse
687 1169 1008 1219 censemus,
1039 1155 1212 1224 teque
1240 1150 1573 1205 Guifredum
1595 1151 1927 1222 episc0pum

313 1244 378 1299 in
398 1244 606 1299 eadem
625 1257 826 1297 eorum
841 1240 1117 1312 petitione
1133 1240 1611 1307 consecravimus,
1627 1255 1694 1293 eo
1715 1239 1929 1293 scilicet

309 1332 515 1388 ordine
537 1334 599 1386 ut
619 1329 915 1386 licentiam
946 1332 1004 1383 et
1031 1330 1378 1400 potestatem
1410 1327 1621 1382 habeas
1643 1331 1702 1381 tu
1729 1327 1927 1399 tuique

307 1435 658 1475 successores
690 1417 940 1490 episcopi
972 1433 1074 1488 per
1103 1419 1288 1470 totam
1312 1415 1473 1470 illam
1502 1419 1719 1470 terram
1751 1431 1927 1486 quam

309 1507 572 1580 praedicti
619 1507 824 1561 fratres
875 1504 1188 1558 venerabili
1229 1503 1577 1575 episcopatui
1609 1502 1928 1558 obtulerint

310 1598 400 1651 vel
426 1595 640 1650 habere
669 1594 895 1648 videtur
919 1609 984 1647 ex
1007 1591 1240 1663 proprio
1266 1592 1440 1658 dono,
1464 1591 1820 1658 haereditate,
1839 1592 1923 1646 vel

314 1684 410 1739 alii
442 1682 750 1738 Christiani
781 1682 838 1736 in
880 1685 1175 1752 posterum
1232 1697 1337 1751 pro
1376 1679 1778 1751 redemptione
1809 1695 1924 1734 sua}

313 1772 526 1826 animae
555 1770 740 1825 daturi
770 1772 904 1825 sunt
923 1768 1284 1824 consecranti
1337 1768 1624 1836 ecclesias,
1648 1771 1705 1822 et
1737 1768 1925 1822 consi-

2102 617 2311 672 Datum
2342 633 2418 671 v11
2449 617 2692 671 Kalend.
2731 617 3020 672 Februarii
3058 635 3162 690 per
3193 637 3434 679 manum
3475 627 3642 683 Boso-

2031 703 2119 758 nis
2146 705 2252 759 Dei
2304 704 2492 776 gratia
2546 705 2798 776 episcopi
2857 709 2915 760 et
2968 707 3386 766 bibliothecarii
3433 719 3645 771 sancta:

2031 791 2353 863 apostolicae
2385 793 2558 852 sedis.

2748 864 2932 920 XVIII.

2030 948 2355 1006 Benedictus
2391 951 2536 1006 V111
2566 968 2714 1023 papa
2745 954 3017 1010 ecclesiam
3055 952 3506 1015 Bisuldunemem
3539 981 3642 1018 nu-

2095 1040 2192 1096 per
2227 1027 2583 1096 constructam
2635 1042 2666 1096 ᾳ
2705 1023 2983 1079 Bernardo
3037 1029 3226 1080 comite
3277 1027 3648 1096 Bisuldinemi

2098 1094 2193 1148 sub
2209 1094 2539 1164 proiectione
2569 1095 2703 1149 sedis
2727 1096 3026 1165 apostolicae
3051 1099 3258 1169 recipit.

2635 1183 2828 1252 (Anno
2866 1187 3043 1247 1017.)

2366 1252 2787 1321 [COCQUELINES,
2819 1258 2962 1309 tom.
2997 1256 3040 1323 Ι,
3068 1273 3125 1328 p.
3155 1260 3308 1322 326.]

2098 1341 2438 1395 BENEDICTUS
2466 1340 2784 1412 episcopus,
2817 1358 3011 1397 servus
3065 1360 3364 1403 servorum
3404 1349 3525 1418 Dei,
3560 1350 3645 1407 di-

2026 1428 2345 1483 lectissimo
2377 1429 2436 1484 in
2468 1429 2691 1484 Christo
2728 1430 2846 1484 ﬁlio
2870 1432 3199 1486 ADALBERTO
3239 1435 3298 1489 S.
3333 1436 3644 1494 Salvatoris

2028 1519 2084 1571 et
2108 1516 2168 1571 S.
2194 1517 2423 1572 Genesii
2445 1534 2510 1571 ac
2533 1518 2595 1573 S.
2623 1517 2911 1573 Michaelis
2940 1520 3169 1587 rectori,
3192 1538 3439 1592 quorum
3471 1527 3646 1582 eccle-

2025 1604 2109 1659 sia
2140 1609 2225 1659 est
2253 1605 2534 1660 aediﬁcata
2557 1607 2722 1676 juxta
2751 1611 3002 1661 castrum
3034 1607 3353 1678 Bisulduni,
3383 1610 3489 1666 tibi
3513 1613 3647 1669 tuis-

2025 1710 2136 1765 que
2174 1694 2591 1748 successoribus
2616 1694 2835 1748 cunctis
2867 1695 2926 1749 in
2959 1699 3328 1766 perpetuum.

2096 1781 2453 1836 Desiderium
2504 1782 2656 1853 quod
2691 1781 2766 1836 ad
2822 1782 3159 1853 religiosum
3198 1787 3560 1858 propositum
3587 1793 3647 1847 et

327 1859 547 1932 gnandi
578 1859 849 1922 infantes,
873 1858 1108 1911 clericos
1124 1860 1181 1910 et
1193 1857 1515 1911 sacerdotes
1544 1856 1922 1913 benedicendi
1947 1861 1996 1922 Β
2025 1871 2628 1925 sanctorumlocorum
2646 1869 3018 1925 stabilitatem
3040 1856 3336 1942 pertineré
3355 1881 3644 1934 monstra-

313 1951 557 2002 etomne
570 1946 888 2018 episcopale
909 1962 1050 2016 opus
1064 1944 1402 2016 peragendi.
1419 1944 1924 1999 Consecrationem

312 2051 447 2090 vero
460 2049 851 2089 successorum
875 2037 1105 2088 tuorum
1128 2032 1294 2086 nobis
1313 2031 1634 2102 nostrisque
1647 2049 1926 2088 successo-

324 2123 482 2178 ribus
502 2139 860 2177 reservamus
879 2122 936 2175 in
951 2123 1312 2193 perpetuum,
1335 2137 1439 2192 pro
1473 2137 1586 2192 qua
1603 2121 1922 2176 sacratione

313 2211 483 2266 nobis
501 2214 557 2266 et
579 2210 995 2266 successoribus
1010 2209 1216 2264 nostris
1238 2226 1271 2263 a
1285 2209 1702 2263 successoribus
1727 2208 1924 2263 vestris

319 2300 464 2354 nihil
497 2299 690 2355 oﬁ'erri
714 2299 1042 2371 judicamus
1070 2300 1279 2352 statuta
1326 2300 1652 2351 sanctorum
1688 2298 1923 2351 Patrum

312 2392 638 2461 sequentes.
671 2388 782 2442 Sed
805 2403 877 2441 ne
902 2389 1180 2458 appareat
1203 2385 1264 2440 in
1296 2389 1602 2457 conspectu
1626 2389 1822 2441 nostro
1840 2377 1926 2440 vel

313 2492 705 2531 successorum
741 2478 1072 2529 nostrorum
1119 2490 1343 2541 vacuus,
1376 2473 1473 2545 qui
1505 2474 1926 2528 consecrandus

327 2565 458 2632 erit,
493 2581 611 2619 non
643 2580 747 2634 pro
801 2561 1252 2626 consecratione,
1292 2565 1356 2615 ut
1384 2561 1652 2630 diximus,
1685 2561 1785 2615 sed
1821 2577 1925 2632 pro

317 2653 511 2708 debita
529 2651 880 2718 obedientia,
895 2654 951 2704 et
975 2651 1370 2721 utsubjectum
1389 2667 1447 2703 se
1465 2667 1694 2721 semper
1718 2654 1927 2704 nostra:

316 2742 582 2797 Ecclesiae
633 2739 916 2805 ostendat,
943 2742 1071 2810 post
1122 2738 1505 2793 sacrationem
1555 2755 1718 2793 suam
1751 2755 1926 2793 unam

318 2831 528 2885 libram
555 2831 675 2884 auri
698 2829 889 2884 oﬁ'erri
905 2829 1196 2900 jubemus.
1224 2827 1523 2899 Similique
1544 2828 1717 2882 modo
1735 2828 1929 2898 princi-

317 2920 512 2992 pimus
564 2922 627 2972 ut
673 2921 875 2972 contra
915 2917 1265 2971 Christianos
1308 2933 1472 2970 arma
1513 2933 1745 2970 movere
1775 2917 1932 2970 nulla

318 3009 548 3064 ratione
577 3023 916 3079 praesumas,
931 3022 1035 3059 nec
1057 3005 1250 3076 aliqua
1271 3021 1488 3075 magna
1510 3006 1594 3058 vel
1616 3022 1792 3076 parva
1807 3021 1934 3076 per-

319 3114 464 3152 sona
483 3098 556 3152 ad
573 3098 679 3151 hoc
695 3113 796 3150 vos
815 3110 1023 3164 cogere
1043 3097 1242 3148 tentet.
1258 3094 1586 3148 Statuentes
1617 3093 1934 3164 apostolica

2027 1958 2141 2024 tur,
2157 1956 2281 2011 sine
2299 1957 2510 2029 aliqua,
2534 1959 2651 2012 Deo
2675 1960 2926 2025 auctore,
2944 1957 3363 2029 perﬁciendum
3385 1967 3471 2018 est
3502 1965 3644 2021 dila-

2023 2043 2212 2099 tione:
2237 2047 2296 2098 et
2315 2044 2540 2116 quoties
2566 2045 2625 2098 in
2647 2045 2944 2116 cujusdam
2961 2047 3084 2116 ejus
3103 2047 3366 2104 utilitatis
3388 2067 3646 2108 commo-

2025 2132 2163 2187 dum
2187 2137 2446 2187 nostrum
2471 2149 2769 2188 assensum
2788 2137 2844 2188 et
2868 2138 3083 2189 sancta:
3105 2138 3418 2207 apostolice
3443 2145 3642 2197 aucto-

2023 2220 2208 2276 ritatis
2223 2221 2545 2293 exposcitur
2557 2221 3067 2292 praesidium,ultro
3082 2223 3458 2297 benignitatis
3475 2229 3647 2285 intui-

2025 2312 2087 2362 tu
2107 2325 2211 2363 nos
2228 2309 2499 2363 convenit
2522 2310 2920 2364 subvenire....
2948 2326 3054 2381 pro
3078 2310 3307 2384 integra
3335 2318 3644 2374 securitate

2026 2413 2093 2451 ex
2105 2397 2330 2451 ratione
2350 2398 2616 2464 solidare,
2631 2401 2773 2451 utex
2793 2398 3051 2468 hocipsis
3067 2402 3644 2461 venerabilibuslocis

2027 2486 2195 2551 salus,
2220 2489 2277 2539 et
2311 2485 2664 2539 indemnitas
2689 2485 3100 2556 proﬁciscatur,
3133 2491 3191 2541 et
3218 2490 3385 2544 nobis
3414 2510 3644 2566 quoque

2028 2574 2166 2627 lucri
2183 2573 2544 2644 potissimum
2560 2573 2869 2643 praemium
2881 2590 2915 2627 a
2931 2574 3228 2630 conditore
3243 2578 3510 2634 omnium
3526 2581 3644 2638 Deo

2029 2661 2089 2716 in
2121 2661 2353 2716 sidereis
2381 2662 2608 2716 arcibus
2637 2661 3356 2735 ascribatur.Quapropter
3376 2669 3649 2725 omnibus

2030 2748 2363 2803 hominibus
2406 2753 2610 2803 notum
2655 2765 2774 2803 esse
2819 2749 3079 2807 volumus
3110 2755 3229 2805 tam
3267 2757 3647 2824 praesentibus

2032 2853 2203 2907 quam
2228 2836 2433 2890 futuris
2455 2837 2732 2908 quoniam
2755 2836 2992 2890 dilectus
3025 2837 3174 2890 ﬁlius
3203 2843 3399 2894 noster
3420 2842 3647 2900 inclitus

2033 2925 2461 2980 Bisuldunensis
2531 2941 2727 2980 comes
2779 2926 3102 2979 Bernardus
3159 2942 3291 2981 cum
3356 2930 3474 2986 ﬁlio
3540 2950 3643 2988 suo

2031 3014 2332 3068 Guillelmo
2382 3013 2540 3067 ﬂexis
2577 3013 2820 3084 genibus
2854 3013 3030 3084 pedes
3079 3018 3306 3070 nostros
3335 3020 3644 3076 osculando

2033 3105 2290 3156 sanctam
2310 3103 2634 3156 Romanam
2654 3101 2874 3154 curiam
2892 3101 3229 3172 deprecatus
3243 3109 3348 3173 est,
3363 3111 3424 3161 ut
3448 3109 3648 3172 praefa-

318 3203 582 3253 censura,
613 3185 718 3239 Stlb
754 3183 929 3238 diVini
956 3182 1156 3254 ,ἱιιάίείί
1206 3182 1588 3237 οῢῐθεῐᾶὶίοηθ
1609 3187 1668 3236 0t
1695 3183 1936 3236 anathe-
1957 3161 2006 3224 Ο
2037 3196 2157 3248 tam
2180 3192 2477 3247 ecclesiam
2515 3190 2708 3246 Sancti
2731 3190 3060 3257 Salvatoris,
3083 3207 3148 3244 ac
3169 3192 3364 3248 Sancti
3396 3195 3643 3268 Genesii,

323 3275 495 3330 matis
516 3272 1014 3339 interdictione,ut
1026 3269 1168 3324 nulli
1189 3286 1444 3341 unquam
1468 3276 1797 3325 nostrorum
1820 3288 1940 3325 suc-

318 3379 611 3418 cessorum
634 3360 973 3432 pontiﬁcum
1003 3359 1089 3414 vel
1113 3358 1208 3413 alii
1229 3358 1462 3414 cuilibet
1486 3376 1716 3431 magna:
1729 3377 1940 3432 parva:-

316 3469 430 3524 que
461 3466 722 3524 personae
774 3449 894 3503 haec
939 3464 1068 3520 qua:
1121 3465 1155 3502 a
1207 3447 1373 3502 nobis
1406 3450 1580 3504 modo
1626 3450 1854 3504 decreta
1883 3453 1941 3505 et

314 3540 626 3596 constituta
650 3541 805 3604 sunt,
837 3537 898 3590 in
931 3552 1223 3608 quoquam
1255 3539 1578 3592 convellere
1617 3539 1717 3593 sed
1748 3539 1938 3610 potius

317 3629 490 3683 ﬁrma
538 3626 848 3682 stabilitate
896 3625 1227 3679 inconvulsa
1262 3625 1551 3696 perpetuis
1591 3643 1937 3698 permanere

315 3715 676 3788 temporibus
692 3713 1089 3769 deﬁnimus.Si
1105 3713 1232 3784 quis
1253 3716 1450 3767 autem
1472 3715 1780 3768 temerario
1797 3731 1938 3769 ausu

320 3809 524 3861 contra
540 3804 712 3874 hujus
734 3806 943 3857 nostrae
961 3801 1286 3873 apostolicae
1309 3801 1711 3873 prmceptionis
1725 3802 1938 3858 seriem

318 3895 414 3968 pie
443 3912 478 3949 a
507 3893 671 3949 nobis
699 3893 1148 3963 promulgatam,
1172 3891 1391 3958 venire,
1415 3907 1609 3962 agere,
1631 3893 1718 3946 vel
1752 3891 1931 3948 effrin.

323 3997 463 4054 gere
511 3979 844 4047 tentaverit,
878 3978 1018 4033 sciat
1066 3996 1145 4046 se,
1204 3978 1313 4032 nisi
1362 3978 1684 4050 resipuerit,
1717 3979 1944 4034 domini

323 4069 506 4125 nostri
537 4072 593 4124 et
621 4069 1017 4140 apostolorum
1054 4067 1330 4138 principis
1361 4067 1513 4121 Petri
1552 4068 1942 4123 anathematis

323 4159 550 4214 vinculo
582 4155 948 4222 innodatum,
979 4158 1036 4210 et
1063 4172 1195 4210 cum
1217 4155 1444 4210 diabolo
1486 4159 1542 4210 et
1571 4157 1693 4228 ejus
1713 4156 1942 4212 atrocis-

323 4247 488 4304 simis
517 4245 745 4319 pompis
769 4248 939 4315 atque
969 4260 1102 4297 cum
1130 4244 1275 4297 Juda
1300 4245 1575 4299 traditore
1602 4246 1704 4300 Dei
1732 4250 1788 4301 et
1817 4247 1937 4301 Sal-

323 4335 535 4390 vatoris
561 4333 740 4388 nostri
778 4333 909 4386 Jesu
933 4331 1135 4385 Christi
1162 4331 1221 4384 in
1261 4335 1543 4386 mternum
1577 4333 1774 4405 ignem
1800 4350 1938 4388 con-

2040 3297 2146 3336 nec
2159 3297 2276 3334 non
2294 3279 2488 3335 Sancti
2499 3278 2787 3334 Michaelis
2797 3279 3130 3349 archangeli
3145 3280 3249 3335 sub
3269 3283 3390 3337 sola
3401 3285 3644 3342 tuitione

2038 3386 2104 3424 ac
2147 3367 2482 3423 defensione
2528 3366 2682 3422 beati
2735 3367 2888 3421 Petri
2927 3367 3190 3438 apostoli,
3226 3369 3428 3442 suique
3453 3373 3648 3430 vicarii

2035 3457 2442 3528 reciperemus,
2467 3458 2524 3509 et
2542 3458 2752 3508 nostrae
2773 3453 3097 3525 apostolicae
3109 3455 3651 3529 conﬁrmationis,et

2037 3544 2389 3600 auctoritatis
2410 3543 2710 3615 privilegio
2757 3542 3139 3598 muniremus.
3163 3545 3242 3598 Ea
3273 3551 3531 3619 propter,
3564 3549 3649 3606 di-

2037 3633 2181 3688 lecte
2211 3630 2748 3699 ﬁliAdalberte,tibi
2770 3631 2997 3703 tuisque
3021 3633 3440 3690 successoribus
3452 3636 3652 3694 decer-

2039 3721 2230 3776 nimus
2241 3720 2409 3790 hujus
2429 3718 2754 3791 apostolicaa
2776 3719 3130 3773 auctoritatis
3146 3720 3447 3792 privilegio
3460 3742 3494 3778 a
3508 3743 3653 3798 prta-

2041 3811 2188 3866 senti
2211 3810 2432 3864 decima
2451 3809 2652 3880 quinta
2683 3808 3019 3876 indictione,
3043 3809 3334 3865 sancimus
3355 3813 3428 3867 ob
3464 3814 3651 3870 hono-

2042 3917 2168 3956 rem
2190 3900 2362 3972 ipsius
2384 3901 2441 3954 S.
2458 3898 2784 3965 Salvatoris,
2801 3901 2858 3951 et
2875 3896 2931 3951 S.
2955 3897 3180 3952 Genesii
3202 3915 3267 3953 ac
3283 3900 3341 3955 S.
3366 3900 3656 3960 Michaelis

2043 3989 2396 4060 archangeli,
2421 3993 2478 4044 et
2505 3987 2876 4042 stabilitatem
2899 3987 3158 4059 ejusdem
3184 3988 3315 4056 loci,
3336 4007 3511 4063 quem
3533 3993 3654 4064 ipse

2041 4079 2344 4152 praedictus
2363 4094 2558 4132 comes
2578 4075 2902 4131 Bernardus
2940 4093 3072 4130 cum
3110 4079 3388 4134 avunculo
3419 4097 3519 4135 suo
3550 4081 3655 4138 Mi-

2040 4184 2184 4222 vone
2207 4182 2310 4240 pro
2333 4166 2751 4240 omnipotentis
2771 4165 2872 4220 Dei
2895 4181 3116 4234 amore,
3140 4166 3519 4242 mercedeque
3534 4171 3660 4228 ani-

2039 4272 2152 4310 mae
2177 4273 2293 4310 sua:
2319 4256 2389 4310 de
2419 4272 2519 4310 suo
2542 4254 2778 4327 pr0prio
2817 4255 3092 4308 comitatu
3127 4255 3410 4312 moderno
3424 4259 3543 4330 juri
3567 4260 3658 4316 vel

2040 4343 2244 4398 ditioni
2275 4343 2473 4398 subsit.
2500 4343 2776 4414 Inprimis
2810 4343 3113 4398 ecclesiam
3147 4343 3342 4400 Sancti
3371 4345 3655 4405 Vincentii

325 4423 729 4489 cremandum,
760 4420 1047 4523 simplque
1079 4422 1136 4474 et
1171 4419 1242 4518 οίη
1274 4421 1548 4523 ιξῼΓεβίξὶεξ
1574 4425 1937 4494 tartareaqu
1962 4462 2016 4523 Β
2037 4449 2169 4487 cum
2191 4432 2427 4486 decimis
2452 4435 2510 4486 et
2550 4431 2841 4503 primitiis,
2874 4434 2933 4486 et
2950 4431 3262 4487 cimeteriis
3282 4433 3398 4489 suis
3428 4435 3507 4490 cis
3537 4441 3659 4492 tor-

328 4513 501 4566 chaos
531 4509 958 4581 demergendus
988 4525 1120 4563 cum
1168 4507 1362 4580 impiis
1388 4509 1633 4564 deﬁciat.
1669 4510 1775 4574 Qui
1804 4527 1936 4565 vero

326 4599 424 4672 pio
455 4600 667 4654 intuitu
703 4601 890 4654 custos
941 4600 999 4651 et
1049 4597 1347 4665 obediens,
1398 4601 1570 4670 atque
1609 4600 1939 4654 observator

327 4689 499 4760 hujus
531 4691 740 4743 nostrae
766 4686 1072 4742 salutifera:
1102 4686 1504 4757 praeceptionis
1525 4687 1821 4754 exstiterit,
1845 4688 1939 4742 be-

331 4777 677 4832 nedictionis
707 4775 952 4847 gratiam
975 4778 1030 4828 et
1049 4774 1290 4829 caelestis
1311 4775 1705 4830 retributionis
1725 4780 1941 4832 interna

335 4865 549 4938 gaudia
578 4882 611 4920 a
635 4865 788 4936 justo
805 4863 998 4935 judice
1018 4862 1266 4916 Domino
1296 4864 1411 4918 Deo
1435 4867 1632 4919 nostro
1663 4866 1939 4936 consequi

333 4958 626 5010 mereatur
653 4954 712 5008 in
739 4953 946 5007 saecula
975 4953 1342 5006 saeculorum.
1372 4955 1581 5007 Amen.

407 5043 694 5115 Scriptum
725 5059 828 5113 per
855 5057 1094 5095 manum
1127 5040 1414 5094 Benedicti
1448 5043 1941 5115 notariiregiona-

332 5133 405 5190 rii
435 5138 493 5189 et
510 5132 791 5188 scriniarii
816 5136 1024 5185 sanctae
1056 5131 1331 5186 Romanae
1352 5132 1639 5201 Ecclesiae,
1659 5133 1719 5188 in
1743 5151 1944 5191 mense

331 5223 626 5291 Januario,
649 5222 964 5277 indictione
1005 5219 1205 5291 quinta
1225 5221 1466 5277 decima.

406 5315 607 5369 Petrus
651 5310 910 5366 Ecclesiae
940 5309 1188 5364 Sutrina:
1238 5310 1632 5382 episcopushis
1677 5312 1946 5367 omnibus

337 5401 701 5458 consensitet
720 5397 1072 5468 subscripsit.
1101 5397 1357 5453 Linoltus
1380 5401 1696 5472 epiSCOpus.
1731 5403 1945 5456 Robor-

341 5497 430 5548 tus
460 5492 776 5563 episc0pus.
794 5489 1044 5542 Joannes
1077 5487 1360 5541 Hortanus
1406 5489 1724 5561 episcopus.
1769 5493 1945 5546 Bene-

343 5581 524 5636 dictus
545 5577 807 5635 Carensis
836 5577 1152 5647 episcopus.
1178 5577 1377 5631 Petrus
1407 5579 1705 5650 episcopus
1736 5584 1947 5635 sanctae

343 5667 701 5748 Pipemensis
751 5664 1036 5723 Ecclesiae.
1080 5666 1202 5739 Ego
1251 5666 1591 5726 Benedictus
1649 5665 1951 5744 episcopus

2037 4524 2263 4576 rentem
2289 4523 2347 4575 et
2368 4520 2519 4574 ultra
2571 4522 2914 4588 torrentem,
2965 4537 3064 4574 seu
3097 4537 3231 4575 cum
3262 4521 3660 4582 oblationibus

2039 4610 2176 4671 suis,
2201 4611 2258 4663 et
2293 4625 2425 4663 cum
2472 4608 2725 4662 ecclesiis
2780 4608 2896 4662 suis
2949 4607 3348 4680 suﬁ'raganeis,
3397 4611 3662 4671 videlicet

2040 4697 2232 4753 Sancti
2272 4696 2500 4752 Martini
2551 4696 2622 4750 de
2663 4695 2991 4764 Juviniano,
3015 4700 3072 4750 et
3115 4697 3340 4754 Sanctae
3367 4700 3558 4758 Mariae
3587 4703 3657 4759 de

2042 4785 2223 4853 Faxis,
2248 4789 2304 4839 et
2325 4783 2522 4839 Sancti
2572 4784 2864 4838 Fructuosi
2897 4785 2967 4838 de
3018 4785 3346 4853 Ursiniano,
3378 4791 3435 4844 et
3464 4790 3660 4846 Sancti

2043 4873 2310 4944 Sylvestri
2332 4872 2402 4926 de
2418 4873 2558 4938 Mor,
2580 4872 2725 4926 sicut
2744 4872 3010 4927 terminis
3031 4874 3408 4942 assignantur
3435 4877 3496 4932 in
3525 4878 3658 4933 dote

2043 4960 2488 5018 consecrationis
2509 4961 2631 5031 ejus
2663 4977 2836 5032 quam
2869 4962 3197 5036 conspectui
3224 4967 3420 5019 nostro
3453 4965 3661 5020 obtulit

2045 5049 2366 5104 Bcrnardus
2379 5049 2648 5120 spiritalis
2665 5049 2813 5103 ﬁlius
2843 5055 3036 5106 noster
3055 5053 3180 5123 jam
3211 5053 3409 5108 dictus.
3432 5053 3658 5107 Primus

2045 5137 2326 5192 terminus
2357 5141 2441 5192 est
2457 5137 2753 5208 jamdictae
2804 5137 2860 5194 S.
2912 5140 3194 5196 Vincentii
3241 5139 3492 5194 ecclesiae
3523 5156 3656 5196 cum

2045 5224 2424 5295 suﬁraganeis
2444 5225 2558 5278 suis
2573 5227 2645 5280 ab
2669 5226 2890 5281 oriente
2937 5227 2996 5281 in
3015 5227 3285 5291 Portello,
3319 5227 3390 5279 de
3411 5226 3655 5282 meridie

2046 5313 2107 5368 in
2131 5313 2371 5366 ﬂumine
2402 5312 2471 5367 de
2495 5314 2668 5368 Tezer
2717 5319 2774 5369 et
2823 5316 2881 5369 in
2911 5317 3121 5381 Turno,
3156 5314 3225 5367 de
3269 5313 3562 5369 occidente
3593 5314 3655 5370 in

2048 5400 2343 5467 Lidercha,
2369 5404 2424 5455 et
2445 5401 2504 5455 in
2526 5407 2725 5457 monte
2748 5402 3085 5472 Augustino,
3102 5401 3172 5454 de
3195 5401 3376 5456 Circio
3400 5401 3460 5455 in
3480 5401 3654 5472 podio

2047 5489 2249 5560 regali,
2290 5493 2346 5544 et
2377 5490 2435 5544 in
2483 5496 2684 5546 monte
2715 5488 2943 5560 Frigido
2966 5505 3136 5560 super
3177 5490 3478 5556 Paleriam,
3507 5493 3566 5545 et
3594 5490 3655 5545 in

2047 5582 2246 5635 monte
2261 5579 2428 5634 Calvo
2441 5596 2613 5651 super
2626 5578 3420 5650 Ligordanum.Etecclesiam
3432 5580 3658 5636 Sanctae

2047 5664 2264 5741 Mariae,
2289 5670 2350 5726 et
2394 5667 2592 5727 Sancti
2629 5665 2868 5726 Joannis
2893 5682 3030 5728 cum
3055 5666 3332 5728 omnibus
3364 5667 3571 5728 alodiis
3601 5671 3662 5728 et.
