4028 6186
404 351 541 412 1607

1686 337 2048 419 esttamen
2084 337 2198 398 Vm
2237 337 2445 396 mea;

3592 343 3729 401 ίωε

403 431 847 546 proprietatibus
865 457 1001 533 suis,
1027 479 1154 538 qua:
1177 465 1263 521 est
1280 463 1341 520 in
1362 478 1542 537 prope
1579 463 1796 519 moenia
1829 461 2007 519 Bisul-
2036 467 2087 526 Α
2110 461 2266 519 Petri
2293 455 2680 518 anathematis
2711 457 2933 517 vinculo
2965 455 3332 528 innodatum,
3359 465 3580 517 etcum
3611 461 3733 517 dia-

406 557 546 614 duni
566 574 682 612 una
703 571 833 609 cum
854 553 979 626 ipsa
999 553 1353 627 proprietate
1377 569 1552 625 quam
1578 552 1816 623 prazfata
1840 553 2013 607 eccle-

407 648 490 703 sia
511 645 701 702 Sancti
729 642 1037 698 Salvatoris
1082 645 1139 697 et
1183 641 1375 698 Sancti
1429 640 1674 707 Genesii,
1705 657 1769 694 ac
1821 639 2014 695 Sancti

410 732 698 789 Michaelis
726 733 941 786 habere
971 730 1197 785 videtur
1219 730 1279 784 in
1307 731 1489 799 burgo
1525 727 1841 795 Bisulduni,
1873 731 1931 782 et
1955 727 2014 781 in

404 821 665 888 circuitu,
705 823 762 874 et
790 820 850 874 in
878 819 1149 874 omnibus
1175 818 1300 874 aliis
1325 818 1480 872 locis.
1513 819 1620 872 llas
1649 833 1780 870 vero
1809 831 2016 886 supra-

407 910 604 978 dictas,
637 926 842 964 omnes
888 907 1155 964 ecclesias
1210 923 1344 961 cum
1401 907 1669 962 omnibus
1706 904 1928 971 alodiis,
1955 907 2016 959 et

407 998 859 1074 proprietatibus
889 996 1024 1063 suis,
1048 995 1193 1050 sicut
1235 996 1382 1049 fatus
1412 993 1732 1048 Bernardus
1767 993 1888 1065 ipse
1917 1009 2011 1048 co-

407 1103 531 1142 mes
560 1086 791 1141 donavit
815 1102 946 1140 cum
977 1084 1257 1138 avunculo
1274 1101 1375 1138 suo
1407 1083 1624 1138 Mirone
1645 1082 1704 1136 in
1740 1080 2014 1154 prmdicta

405 1175 668 1244 ecclesia,
685 1177 773 1230 vel
795 1173 1054 1242 donabit,
1078 1176 1133 1228 et
1153 1175 1360 1228 caetera
1381 1189 1508 1245 quae
1528 1171 1741 1243 ubique
1764 1170 2012 1237 donavit,

408 1270 507 1322 aut
535 1264 797 1333 donabit,
829 1263 943 1318 sive
981 1262 1144 1330 casis,
1195 1261 1494 1328 casalibus,
1542 1259 1735 1328 curtis,
1776 1259 2013 1328 mansis,

410 1353 685 1421 ecclesiis,
717 1351 929 1420 fundis,
953 1350 1141 1419 terris,
1164 1367 1261 1404 seu
1303 1349 1503 1416 vineis,
1544 1348 1740 1422 pratis,
1770 1347 2014 1420 pascuis,

407 1446 463 1499 et
479 1461 610 1498 cum
628 1441 897 1496 omnibus
914 1439 986 1494 ad
999 1440 1091 1510 jus
1105 1437 1355 1494 ecclesiae
1371 1441 1581 1493 notatae
1594 1435 2017 1509 pertinentibus

404 1534 619 1587 salvam
646 1534 704 1585 et
732 1530 792 1584 in
819 1527 1036 1583 cunctis
1069 1527 1323 1600 quietam
1345 1525 1653 1581 consistere
1675 1524 1778 1580 sub
1807 1527 2016 1580 nostra:

405 1618 736 1692 apostolicae
759 1616 906 1671 sedis
927 1615 1192 1682 tuitione,
1217 1615 1295 1669 ita
1324 1614 1732 1669 conﬁrmantes
1761 1612 2017 1668 decerni-

408 1724 556 1774 mus,
579 1708 642 1760 ut
658 1703 1298 1776 nullusimperatorum,
1326 1703 1413 1756 vel
1432 1719 1664 1774 regum,
1691 1719 1878 1774 neque
1900 1701 2017 1756 ulla

408 1810 658 1868 persona
687 1792 965 1847 clericalis
993 1792 1080 1845 vel
1110 1791 1345 1858 laicalis,
1368 1808 1542 1864 parva
1589 1794 1687 1845 aut
1710 1807 1927 1862 magna
1954 1789 2014 1843 in

406 1882 661 1957 praefatis
693 1880 964 1948 ecclesiis,
999 1897 1185 1952 neque
1217 1879 1275 1934 in
1306 1879 1668 1952 parochianis
1689 1897 1888 1934 earum
1910 1894 2013 1952 pro

407 1989 568 2047 pace,
597 1975 655 2026 et
683 1972 908 2042 tregua,
932 1986 1029 2023 seu
1051 1985 1154 2040 pro
1202 1985 1264 2022 re
1302 1969 1696 2038 ecclesiastica,
1726 1968 1870 2022 sicut
1890 1969 2014 2039 jam

409 2059 546 2116 dicti
569 2059 803 2115 termini
820 2058 1204 2130 assignantur,
1221 2057 1473 2128 aliquam
1500 2057 1778 2112 ditionem
1802 2058 2015 2111 habere

405 2151 739 2224 praesumat,
763 2149 865 2203 sed
895 2165 1020 2202 rem
1050 2164 1152 2220 per
1192 2146 1472 2217 judicium
1531 2146 1822 2202 Adalberti
1865 2148 2013 2218 ejus-

407 2238 540 2293 dem
573 2237 681 2292 loci
711 2236 947 2292 rectoris
970 2236 1055 2289 vel
1089 2251 1496 2302 successorum,
1522 2234 1617 2306 qui
1647 2235 1706 2288 in
1724 2235 1848 2305 jam
1866 2234 2015 2288 dicta

409 2325 645 2382 ecclesia
689 2324 882 2380 Sancti
943 2323 1250 2379 Salvatoris
1279 2339 1343 2377 ac
1397 2323 1586 2378 Sancti
1645 2322 1866 2377 Genesii
1914 2339 2011 2376 seu

408 2413 600 2470 Sancti
631 2412 915 2468 Michaelis
943 2411 1118 2465 modo
1149 2414 1206 2464 et
1241 2410 1299 2463 in
1326 2410 1516 2465 futuro
1562 2409 1622 2462 in
1667 2413 2012 2482 perpetuum

406 2495 1283 2568 commorabuntur,dijudiccnt,
1298 2501 1353 2550 et
1364 2497 1774 2564 discernant,et
1785 2513 2012 2568 semper

407 2587 468 2641 in
491 2603 692 2642 eorum
717 2585 988 2640 consistat
1005 2584 1297 2638 voluntate
1320 2586 1376 2637 et
1401 2587 1698 2657 potestate.
1713 2583 1901 2646 Liceat
1916 2601 2014 2639 eos

410 2674 599 2749 quiete
621 2678 678 2729 et
695 2672 928 2746 pacifice
951 2672 1136 2727 vivere
1157 2674 1274 2726 tam
1297 2671 1441 2741 illos,
1475 2691 1644 2746 quam
1671 2674 2014 2745 sacerdotes,

410 2779 511 2819 seu
535 2762 792 2830 clericos,
821 2763 991 2834 atque
1020 2760 1193 2815 laicos
1223 2777 1447 2828 eorum,
1467 2765 1523 2815 et
1551 2761 1665 2815 sint
1684 2778 1886 2817 omnes
1912 2762 2017 2816 im-

414 2868 643 2918 munes,
699 2853 757 2904 et
808 2848 982 2904 alieni
1014 2849 1087 2904 ab
1119 2848 1276 2904 omni
1317 2848 1546 2922 publica
1580 2849 1878 2904 functione
1929 2852 2015 2905 vel

405 2940 561 3014 turpi
598 2939 848 3008 servitio,
879 2939 959 2993 ita
987 2943 1050 2993 ut
1078 2939 1268 2993 nullus
1313 2939 1522 2992 audeat
1562 2955 1658 2993 eos
1688 2939 2015 3007 molestare,

403 3032 502 3085 aut
523 3029 865 3102 inquietare,
895 3025 1004 3082 nisi
1034 3027 1398 3082 solummodo
1429 3026 1598 3081 binos
1623 3028 1833 3083 solidos
1859 3027 2019 3083 omni

2111 550 2245 604 bolo
2277 553 2335 604 et
2363 549 2484 621 ejus
2515 549 2884 605 atrocissimis
2914 549 3164 622 pompis,
3215 554 3386 623 atque
3421 566 3559 604 cum
3589 550 3728 605 Iuda

2114 637 2391 694 traditore
2418 639 2476 692 in
2509 643 2796 694 aeternum
2823 639 3020 711 ignem
3046 641 3510 706 concrematum,
3527 639 3732 692 simul-

2115 743 2226 799 que
2256 727 2313 780 in
2345 726 2620 799 voragine
2651 744 2783 783 cum
2814 727 3010 801 impiis
3045 728 3290 783 deﬁciat.
3323 727 3432 791 Qui
3464 744 3600 782 vero
3625 744 3729 799 pro

2114 813 2327 869 intuitu
2355 818 2543 870 custos
2567 819 2625 870 et
2651 816 2949 885 obediens,
2984 822 3156 889 atque
3187 817 3528 871 observator
3554 816 3725 885 hujus

2116 906 2327 958 nostra;
2357 904 2664 959 salutifera:
2695 905 3096 976 praeceptionis
3117 905 3418 970 exstiterit,
3450 902 3724 958 benedic-

2113 991 2286 1048 tionis
2333 993 2605 1063 gratiam,
2658 997 2716 1048 et
2757 993 3000 1050 caelestis
3055 991 3454 1049 retributionis
3512 994 3731 1058 eterna

2115 1080 2327 1152 gaudia
2356 1098 2390 1134 a
2413 1084 2568 1152 justo
2589 1081 2780 1153 judice
2808 1081 3056 1138 Domino
3088 1083 3207 1138 Deo
3231 1085 3430 1138 nostro
3457 1080 3732 1152 consequi

2115 1171 2408 1224 mereatur
2429 1170 2489 1224 in
2523 1171 2730 1225 saecula
2752 1172 3114 1226 saeculorum.
3140 1173 3351 1228 Amen.

2190 1255 2479 1327 Scriptum
2518 1274 2624 1329 per
2671 1275 2914 1314 manum
2971 1257 3263 1314 Benedicti
3292 1256 3506 1313 notarii
3539 1255 3734 1329 regio-

2117 1345 2264 1401 narii
2317 1350 2374 1400 et
2429 1345 2689 1402 scrinarii
2739 1351 2951 1403 sanctas
3021 1349 3297 1403 Romanae
3351 1345 3618 1402 Ecclesia
3673 1346 3734 1400 in

2117 1451 2315 1489 mense
2342 1436 2636 1504 Januario,
2665 1436 2981 1492 indictione
3011 1437 3216 1510 quinta
3242 1435 3496 1491 decima.

2190 1524 2386 1578 Petrus
2433 1524 2684 1580 ecclesia:
2717 1525 2963 1582 Sutrinae
3005 1524 3304 1597 episcopus
3334 1524 3424 1579 his
3456 1523 3732 1580 omnibus

2115 1613 2403 1666 consentit
2427 1617 2484 1667 et
2508 1614 2861 1685 subscripsit.

2185 1701 2467 1755 Robertus
2494 1703 2813 1774 episc0pus.

2184 1788 2434 1843 Joannes
2463 1790 2746 1845 Hortanus
2776 1791 3075 1864 episcopus
3091 1791 3442 1864 subscripsit.

2188 1877 2525 1932 Benedictus
2549 1880 2780 1933 Arensis
2809 1880 3128 1951 episcopus.

2187 1967 2387 2020 Petrus
2418 1968 2715 2039 episcopus
2742 1971 2954 2024 sanctae
2985 1969 3338 2040 Pipemensis
3364 1970 3655 2026 Ecclesiae.

2188 2055 2305 2125 Ego
2341 2056 2678 2111 Benedictus
2716 2059 3043 2112 Portuensis
3065 2058 3383 2130 episcopus.

2187 2145 2396 2199 Datum
2425 2161 2502 2200 vn
2532 2146 2655 2200 Kal.
2712 2145 3003 2200 Februarii
3053 2163 3154 2216 per
3190 2163 3435 2202 manum
3488 2148 3734 2204 Bosonis

2113 2236 2216 2291 Dei
2246 2233 2435 2306 gratia
2459 2234 2730 2306 episcopi,
2771 2239 2829 2290 et
2854 2234 3273 2291 bibliothecarii
3318 2239 3530 2292 sancta:
3559 2253 3737 2308 apos-

2112 2325 2299 2380 tolica:
2329 2324 2497 2379 sedis.

2183 2413 2337 2468 Bene
2361 2413 2564 2467 valete.

2864 2501 2976 2554 XIX

2112 2588 2433 2646 Benedictus
2487 2586 2638 2642 VIII
2677 2605 2826 2659 papa
2882 2589 3161 2658 conﬁrmat
3222 2589 3354 2645 bona
3421 2590 3743 2645 monasterii

2186 2677 2249 2734 S.
2281 2677 2544 2748 Stephani
2573 2675 2936 2732 Balneolensis
2973 2676 3383 2734 Bibuldunensis
3407 2677 3663 2736 diccesis.

2721 2767 2908 2837 (Anno
2943 2766 3124 2838 1017.)

2427 2855 2843 2928 [CocouaLmas,
2873 2855 2966 2908 ubi
2988 2872 3172 2926 supra,
3201 2857 3244 2919 Ι,
3269 2856 3420 2927 323.]

2191 2944 2522 2999 BENEDICTUS
2553 2943 2874 3017 episcopus,
2905 2961 3096 2999 servus
3143 2961 3441 3000 servorum
3487 2943 3614 3013 Dei,
3645 2943 3742 2999 di-

2119 3033 2266 3087 lecto
2297 3031 2358 3086 in
2392 3032 2630 3087 domino
2663 3033 2941 3087 BONISILIO
2990 3031 3258 3104 religioso
3299 3033 3637 3104 presbytero
3681 3037 3742 3087 et

407 3135 563 3175 anno
580 3117 652 3173 ad
672 3118 852 3172 altare
874 3115 1068 3171 Sancti
1089 3114 1239 3170 Petri
1259 3132 1364 3187 pro
1379 3117 1657 3187 pensione
1673 3117 2016 3188 persolvant,
2044 3138 2090 3196 ρ
2120 3122 2429 3188 monacho,
2462 3125 2634 3193 atque
2665 3121 2996 3192 evangelico
3018 3121 3212 3176 abbati
3237 3121 3584 3176 venerabilis
3606 3137 3739 3176 mo-

405 3211 463 3262 et
487 3205 695 3263 Mironi
745 3203 1102 3261 Gerundensi
1152 3203 1446 3277 episc0po,
1473 3207 1530 3258 et
1579 3203 1846 3258 omnibus
1900 3204 2021 3276 ejus

406 3293 826 3349 successoribus
846 3291 1163 3366 hospitium
1196 3292 1496 3346 annuatim
1519 3292 1587 3346 de
1608 3296 1829 3364 septem
1859 3291 2019 3364 equi-

409 3381 632 3450 taturis,
667 3383 722 3436 et
751 3380 995 3438 totidem
1041 3380 1207 3436 sociis
1238 3382 1484 3434 tantum.
1508 3382 1577 3434 Et
1613 3380 1732 3453 ipse
1771 3378 1931 3447 Miro,
1964 3384 2021 3434 et

411 3487 615 3527 omnes
659 3485 1008 3524 successores
1067 3467 1188 3538 ejus
1233 3468 1482 3540 episcopi
1537 3467 1673 3522 dent
1711 3468 1837 3539 jam
1867 3468 2016 3524 dicto

409 3558 741 3623 Adelberto,
765 3559 823 3610 et
845 3554 1258 3610 successoribus
1284 3555 1404 3626 ejus
1431 3555 1490 3608 in
1521 3557 1762 3628 praefata
1781 3557 2018 3612 ecclesia

412 3641 607 3700 Sancti
629 3642 958 3708 Salvatoris,
993 3647 1050 3697 et
1093 3641 1287 3698 Sancti
1323 3643 1570 3712 Genesii,
1596 3662 1660 3699 ac
1691 3645 1884 3700 Sancti
1913 3646 2016 3700 Mi-

409 3733 621 3788 chaelis
650 3731 1165 3800 commorantibus,
1195 3731 1446 3787 chrisma
1475 3732 1596 3787 sine
1628 3734 1820 3806 aliquo
1851 3734 2019 3789 servi-

410 3821 514 3891 tio,
545 3825 604 3876 et
638 3820 991 3876 habitatores
1021 3821 1279 3892 ejusdem
1329 3821 1580 3877 ecclesias
1631 3823 1851 3877 donent
1879 3821 2021 3876 illud

410 3908 472 3968 S.
511 3909 834 3977 Vincentio,
883 3913 943 3964 et
997 3909 1121 3964 aliis
1177 3910 1426 3966 ecclesiis
1481 3910 1588 3965 sibi
1640 3910 1900 3965 subditis.
1956 3911 2021 3966 In

410 3998 710 4073 prmcipuis
733 4015 961 4072 quoque
999 3998 1414 4067 festivitatibus,
1444 3999 1662 4054 Pascha
1679 3998 1943 4054 videlicet
1967 4001 2025 4052 et

407 4089 765 4149 Pentecoste.
817 4091 875 4141 et
917 4086 1097 4142 sancti
1146 4085 1390 4155 Genesii,
1418 4103 1484 4141 ac
1529 4086 1708 4141 sancti
1738 4085 2025 4141 Michaelis

410 4175 764 4249 archangeli,
814 4178 872 4230 et
924 4173 1186 4230 omnium
1225 4178 1556 4230 sanctorum
1593 4178 1763 4248 atque
1816 4175 2025 4230 Natalis

311 4320 314 4321 ν
407 4263 665 4332 Domini,
693 4281 896 4320 omnes
925 4263 1116 4319 clerici
1169 4263 1227 4320 S.
1261 4263 1540 4319 Vincentii
1572 4281 1703 4318 cum
1749 4263 2023 4319 universis

410 4351 778 4428 parochianis
798 4353 913 4408 suis
933 4351 1167 4408 veniant
1184 4353 1515 4425 plenissime
1548 4353 1620 4407 ad
1647 4352 1882 4408 missam
1905 4370 2024 4408 ma-

404 4444 592 4513 jorem
622 4443 695 4498 ad
727 4441 1033 4497 ecclesiam
1073 4441 1131 4497 S.
1185 4441 1494 4497 Salvatoris
1526 4458 1590 4496 ac
1617 4441 1810 4496 Sancti
1838 4441 2020 4497 Gene-

411 4530 500 4600 sii,
529 4534 701 4604 atque
729 4531 924 4586 Sancti
968 4529 1260 4586 Michaelis
1288 4529 1348 4584 in
1373 4534 1717 4604 perpetuum
1762 4547 1894 4585 cum
1924 4548 2021 4586 eo-

409 4635 540 4674 rum
586 4619 996 4677 oblationibus.
1023 4619 1373 4686 Statuentes,
1408 4618 1723 4691 apostolica
1759 4635 2019 4696 censura,

409 4706 514 4761 sub
538 4706 711 4762 divini
733 4708 934 4779 judicii
959 4708 1362 4776 obtestatione,
1378 4711 1435 4761 et
1451 4708 1832 4763 anathematis
1852 4707 2024 4763 inter-

411 4794 685 4864 dictione,
710 4799 770 4850 ut
799 4796 943 4851 nulli
984 4814 1243 4868 unquam
1271 4800 1606 4852 nostrorum
1629 4813 2020 4852 successorum

408 4883 770 4959 pontificum,
804 4886 891 4940 vel
920 4885 1045 4941 aliae
1068 4886 1543 4957 cuilibetmagnaa
1569 4901 1872 4958 parveeque
1892 4901 2022 4957 per-

408 4991 586 5042 sonae,
609 4973 733 5028 haec
763 4990 890 5046 quae
923 4990 956 5028 a
984 4974 1149 5030 nobis
1194 4974 1369 5030 modo
1396 4974 1631 5029 decreta
1667 4976 1820 5041 sunt,
1849 4976 2022 5046 atque

407 5063 720 5118 constituta
748 5063 1082 5137 quempiam
1110 5062 1169 5118 in
1196 5079 1537 5135 quocunque
1559 5063 1902 5127 convellere,
1925 5063 2024 5118 sed

408 5153 599 5226 potius
625 5151 797 5207 firma
827 5151 1139 5207 stabilitate
1175 5151 1512 5205 inconvulsa
1553 5150 1844 5224 perpetuis
1875 5154 2021 5206 tem-

407 5240 644 5313 poribus
688 5256 1036 5312 permanere
1076 5238 1406 5294 deﬁnimus.
1454 5238 1510 5294 Si
1543 5239 1670 5312 quis
1700 5242 1894 5294 autem
1935 5244 2024 5295 te-

410 5328 661 5383 merario
693 5346 831 5383 ausu
862 5331 1064 5383 contra
1083 5327 1414 5398 hujusmodi
1439 5332 1654 5382 nostra:
1693 5328 2022 5400 apostolicae

410 5415 814 5490 prazceptionis
830 5417 1037 5472 seriem
1050 5416 1143 5490 pie
1160 5433 1194 5471 a
1205 5415 1370 5470 nobis
1385 5416 1816 5488 promulgatam
1828 5417 2021 5473 venire

414 5520 588 5577 agere
644 5507 730 5560 vel
797 5505 1119 5579 infringere
1178 5506 1505 5574 tentaverit,
1561 5505 1703 5560 sciat
1763 5523 1844 5575 se,
1912 5507 2023 5563 nisi

407 5593 730 5671 resipuerit,
750 5595 986 5654 Domini
1012 5595 1194 5655 nostri
1221 5599 1281 5654 et
1307 5594 1708 5673 apostolorum
1733 5596 2019 5674 principis

2049 4404 2101 4465 D

2121 3209 2355 3265 nasterii
2411 3208 2602 3264 Sancti
2661 3208 2868 3264 Christi
2924 3210 3368 3282 protomartyris
3427 3209 3740 3281 Stephani,

2121 3297 2277 3370 quod
2318 3297 2492 3352 situm
2523 3300 2608 3352 est
2639 3297 2698 3352 in
2735 3296 3013 3352 comitatu
3050 3297 3464 3352 Bisuldunense
3493 3298 3557 3351 in
3588 3298 3742 3352 valle

2121 3383 2339 3440 Sterria
2384 3385 2444 3439 in
2510 3385 2697 3455 capite
2753 3384 2928 3456 ipsius
2979 3385 3186 3456 stagni,
3220 3386 3344 3440 loco
3373 3384 3474 3457 qui
3526 3384 3745 3439 dicitur

2119 3473 2441 3540 Balneolus,
2500 3473 2606 3527 tibi
2652 3475 2958 3544 tecumque
3011 3473 3400 3540 manentibus,
3435 3477 3495 3528 et
3544 3489 3652 3545 per
3682 3476 3741 3526 te

2116 3559 2340 3632 tuisque
2384 3561 2730 3632 illorumque
2779 3561 3213 3629 successoribus,
3243 3563 3393 3616 salus
3421 3565 3480 3615 et
3509 3578 3646 3633 pax,
3682 3564 3745 3614 et

2118 3647 2430 3720 apostolica
2455 3648 2781 3704 benedictio
2813 3649 3005 3720 quoad
3035 3650 3286 3704 mundus
3315 3654 3650 3722 permanet.

2193 3736 2336 3791 Cum
2368 3740 2593 3793 constet
2621 3736 2934 3792 Dominum
2954 3738 3139 3792 Deum
3159 3739 3424 3792 nostrum
3447 3737 3740 3794 honorem

2121 3830 2332 3882 sancta:
2362 3825 2699 3881 universalis
2731 3826 2991 3880 Ecclesia:
3020 3825 3372 3881 incessanter
3397 3842 3433 3880 a
3455 3841 3743 3898 propaga-

2122 3915 2340 3971 toribus
2369 3914 2550 3969 beatae
2572 3913 2705 3968 ﬁdei
2734 3917 3134 3985 augmentare,
3154 3929 3382 3968 necesse
3400 3913 3738 3984 accipienti-

2121 4003 2228 4058 bus
2244 4002 2423 4058 abillo
2442 4002 2616 4056 totius
2625 4001 2648 4073 j
2659 4019 2760 4056 ura
2770 4001 3149 4074 regiminis,ei
3163 4001 3482 4056 concedere
3496 4017 3741 4056 censura

2115 4091 2257 4164 justi
2273 4090 2690 4146 moderaminis
2713 4090 2946 4145 firmam
2965 4090 3395 4156 liberalitatem,
3413 4091 3741 4146 malorum-

2124 4197 2234 4252 que
2247 4181 2444 4251 procul
2457 4179 2528 4234 ab
2544 4195 2613 4233 ea
2623 4179 2837 4250 pellere
2858 4177 3413 4249 pervasionem.Quo
3433 4178 3588 4234 circa
3600 4195 3743 4250 quo-

2124 4269 2283 4322 niam
2296 4265 2900 4338 convenitapostolicm
2919 4265 3122 4337 pietati
3138 4265 3392 4337 benigna
3404 4267 3740 4338 petentibus

2123 4371 2454 4411 succurrere
2471 4353 2887 4426 compassione,
2907 4354 3036 4409 ideo
3060 4371 3164 4409 nos
3181 4353 3290 4408 tuis
3298 4354 3470 4424 justis
3484 4355 3566 4426 (et
3579 4355 3742 4409 enim

2122 4443 2201 4500 sic
2217 4446 2350 4498 sunt
2369 4461 2402 4498 a
2418 4442 2583 4498 nobis
2604 4443 2696 4514 adj
2706 4441 2969 4505 udicataa,
2983 4459 3119 4497 nam
3127 4441 3150 4512 j
3164 4444 3284 4498 uste
3296 4441 3462 4514 fiunt}
3480 4458 3743 4497 annuen-

2119 4536 2207 4588 tes
2226 4532 2511 4604 precibus,
2543 4547 2746 4586 omnes
2775 4531 3157 4602 proprietates
3183 4530 3297 4584 sive
3342 4531 3738 4602 possessiones

2121 4621 2296 4695 ipsius
2325 4619 2454 4688 loci,
2488 4619 2629 4674 ﬁnes
2647 4620 2734 4675 vel
2750 4618 2983 4686 limites,
3002 4635 3135 4674 cum
3160 4618 3500 4690 adjacentiis
3520 4621 3738 4690 preci-

2123 4725 2372 4781 puorum
2393 4708 2768 4780 praediorum,
2801 4723 2933 4762 cum
2964 4708 3230 4764 omnibus
3257 4707 3530 4776 ecclesiis,
3562 4725 3744 4781 paro-

2124 4798 2284 4860 chiis,
2315 4797 2477 4865 villis,
2506 4796 2723 4876 fundis,
2765 4795 2929 4864 casis,
2968 4797 3268 4864 casalibus,
3305 4795 3505 4864 terris,
3532 4797 3742 4864 vineis,

2124 4887 2361 4958 campis,
2395 4885 2592 4957 pratis,
2628 4885 2874 4957 pascuis,
2914 4885 3082 4953 silvis,
3124 4884 3382 4955 garricis,
3412 4886 3588 4952 arcis,
3621 4890 3744 4941 tor-

2126 4977 2386 5043 culareis,
2414 4974 2596 5046 aquis,
2618 4991 2900 5046 aquarum
2923 4975 3202 5042 ductibus,
3226 4972 3406 5027 vineis
3440 4974 3743 5030 molendi-

2127 5066 2214 5120 nis
2244 5081 2374 5119 cum
2402 5063 2514 5119 suis
2538 5064 2895 5137 caputaquis,
2928 5067 2986 5119 et
3005 5062 3116 5118 suis
3150 5062 3488 5135 piscatoriis,
3513 5064 3742 5119 cultum

2123 5155 2208 5209 v’el
2235 5153 2536 5219 incultum,
2562 5156 2620 5206 et
2642 5168 2995 5224 quaecunque
3026 5151 3196 5206 beato
3233 5152 3656 5223 protomartyri
3687 5158 3744 5207 et

2121 5243 2309 5297 levitae
2343 5241 2634 5311 Stephano
2658 5258 2724 5295 ex
2752 5241 3154 5296 collationibus
3168 5256 3372 5312 regum
3387 5240 3742 5296 olimincoe-

2123 5329 2298 5385 nobio
2320 5330 2616 5384 Balneolas
2641 5329 2891 5384 retinere
2920 5329 3165 5391 videtur,
3188 5332 3383 5382 nostro
3407 5330 3738 5399 apostolico

2121 5420 2533 5475 confirmamus
2545 5416 2840 5491 privilegio
2851 5417 3241 5476 .Concedimus
3253 5416 3446 5490 itaque
3459 5419 3738 5490 praedicto

2120 5507 2495 5571 monasterio,
2510 5507 2666 5579 quod
2700 5507 2760 5562 in
2783 5506 3022 5562 circuitu
3041 5507 3162 5577 ejus
3181 5505 3449 5576 habetur,
3471 5506 3736 5562 videlicet

2117 5593 3732 5676 quantumhaberedignosciturincomitatuBisuldinensi;
