4028 6186
293 397 430 454 1609

1501 393 1856 453 EPISTOLE
1887 395 1970 452 ET
1990 395 2334 453 DECRETA.

3481 406 3619 461 1610

291 517 566 591 parochia
593 518 787 570 autem
841 515 910 570 de
960 515 1081 586 ipsa
1128 516 1289 583 valle,
1344 516 1639 572 ecclesiam
1687 518 1908 573 Sanctae
1929 524 1984 583 Α
2006 517 2458 586 incultum,cum
2482 515 3161 589 terminisetadjacentiis
3177 520 3309 576 suis.
3330 523 3391 577 In
3415 522 3626 596 Logor-

292 605 505 671 Marias,
535 609 590 658 et
610 604 803 659 Sancti
832 604 1117 658 Benedicti
1145 621 1275 658 cum
1299 604 1535 659 decimis
1556 609 1611 658 et
1640 606 1908 677 primitiis

291 696 506 767 absque
527 695 740 748 tributo
766 710 878 747 una
897 710 1028 747 cum
1062 693 1449 748 oblationibus
1475 695 1752 761 fidelium,
1771 711 1902 749 cum

290 783 558 840 terminis
589 787 646 836 et
675 782 1010 853 adjacentiis
1066 799 1288 836 eorum.
1351 783 1656 837 Ecclesiam
1715 783 1906 838 Sancti

291 873 443 928 Petri
478 888 610 925 cum
642 871 764 942 ipsa
792 871 923 924 villa
951 872 1188 940 Agema]
1215 889 1344 925 cum
1379 873 1640 926 terminis
1669 876 1728 927 et
1753 872 1906 926 deci-

293 961 405 1014 mis
435 966 606 1031 atque
638 959 906 1032 primitiis
926 959 1072 1027 suis;
1107 961 1402 1014 ecclesiam
1435 961 1627 1015 Sancti
1661 961 1906 1016 Romani

291 1065 425 1103 cum
456 1050 576 1120 ipso
606 1048 928 1115 cimeterio,
982 1066 1112 1102 cum
1157 1049 1393 1103 decimis
1445 1052 1501 1102 et
1527 1049 1816 1120 primitiis,
1850 1052 1908 1103 et

292 1138 618 1192 oblationes
645 1137 924 1203 fidelium,
959 1141 1016 1191 et
1045 1138 1226 1208 ipsam
1256 1138 1629 1192 medietatem
1659 1138 1730 1192 de
1757 1139 1908 1210 ipsas

293 1227 598 1297 primitias,
633 1230 688 1280 et
708 1226 779 1280 de
807 1226 930 1296 ipsa
948 1227 1280 1298 Salisparsa,
1305 1230 1362 1280 et
1381 1227 1455 1281 de
1479 1228 1836 1295 Ermetanos,
1852 1231 1910 1282 et

294 1315 367 1369 de
392 1318 665 1386 Agelaga,
697 1332 827 1368 cum
861 1315 1250 1386 ipsasdomos,
1275 1319 1454 1369 terras
1486 1319 1542 1369 et
1562 1315 1911 1382 vineas,mo-

294 1405 565 1470 lendinis,
597 1421 724 1475 qua:
751 1404 807 1457 in
841 1404 962 1474 ipsa
990 1404 1262 1474 parochia
1281 1407 1414 1457 sunt
1435 1408 1491 1458 et
1512 1405 1595 1458 vel
1629 1404 1702 1458 ad
1723 1404 1908 1475 ipsum

293 1493 623 1548 emnobium
645 1493 962 1564 pertinent:
983 1493 1176 1547 villam
1199 1493 1448 1547 Leonem
1471 1509 1602 1547 cum
1625 1491 1909 1559 temiinis,

295 1583 636 1654 adjacentiis
648 1583 763 1636 suis
779 1600 790 1636 :
809 1581 1218 1637 Savarrescum
1235 1582 1498 1637 terminis
1511 1581 1912 1652 etadjacentiis

296 1671 440 1735 suis;
466 1670 689 1725 Starola
702 1674 758 1724 et
789 1670 1090 1741 Figerolas,
1115 1686 1246 1724 cum
1281 1670 1544 1725 terminis
1564 1674 1622 1724 et
1642 1670 1913 1740 adjacen-

303 1759 396 1813 tiis
417 1759 560 1813 suis:
604 1760 1036 1824 Erementanos,
1069 1761 1127 1813 et
1146 1761 1398 1830 Agelaga
1426 1775 1558 1813 cum
1578 1757 1840 1813 terminis
1858 1760 1916 1812 et

2007 605 2160 660 dano
2212 609 2268 659 et
2306 605 2365 659 in
2414 606 2634 660 Malano
2675 608 2876 674 terras,
2908 622 3039 660 cum
3069 607 3344 676 Oliberes,
3391 614 3449 665 et
3476 611 3625 684 ipsas

2007 695 2383 750 condaminas
2401 695 2470 748 de
2493 695 2818 762 Boscholos,
2836 699 2895 749 et
2914 696 3036 767 ipsa
3048 696 3216 752 vinea
3236 698 3306 753 de
3328 699 3623 760 Vallealta.

2008 785 2068 838 In
2093 784 2310 852 Bruger
2336 783 2458 854 ipso
2481 799 2683 838 manso
2706 784 2803 856 qui
2824 784 2931 838 fuit
2951 785 3021 839 de
3049 785 3389 842 Seniofredo
3406 788 3627 844 Marbot

2006 888 2140 925 cum
2176 874 2358 926 terras
2388 872 2569 926 cultas
2593 873 2680 926 vel
2713 872 2976 929 incultas.
3017 875 3079 928 In
3109 875 3370 931 Morzano
3395 877 3622 944 domos,

2009 965 2189 1015 terras
2217 961 2396 1014 cultas
2440 962 2522 1015 vel
2576 961 2837 1029 incultas,
2889 965 2946 1016 et
2980 963 3175 1018 vineas
3197 981 3330 1020 cum
3362 965 3624 1022 terminis

2009 1066 2230 1104 earum.
2260 1051 2321 1102 In
2351 1049 2686 1118 Cisteriano,
2729 1067 2856 1122 qua:
2888 1051 3085 1107 dicunt
3115 1053 3398 1124 Villavert,
3444 1056 3622 1110 eccle-

2009 1138 2093 1192 sia
2120 1140 2329 1192 sancur
2361 1138 2550 1193 Mariae
2581 1155 2712 1193 cum
2742 1139 2864 1210 ipsa
2888 1141 3180 1211 parochia,
3220 1158 3352 1197 cum
3382 1143 3626 1198 decimis

2011 1232 2067 1282 et
2096 1227 2364 1298 primitiis
2396 1228 2530 1294 suis,
2573 1231 2631 1282 et
2659 1245 2790 1283 cum
2831 1230 3153 1285 oblationes
3180 1232 3458 1296 ﬁdelium.
3491 1250 3625 1289 cum

2011 1316 2234 1380 domos,
2269 1319 2451 1370 terras
2482 1319 2539 1370 et
2559 1316 2772 1383 vineas,
2805 1319 2985 1372 cultas
3013 1321 3099 1374 vel
3123 1319 3382 1389 incultas,
3424 1324 3626 1376 etcum

2010 1404 2147 1474 ipsis
2174 1403 2428 1471 molinis,
2469 1420 2602 1458 cum
2634 1405 2900 1458 terminis
2949 1410 3005 1460 et
3040 1407 3376 1478 adjacentiis
3414 1410 3528 1464 suis
3553 1410 3625 1465 de

2012 1493 2134 1563 ipsa
2156 1492 2450 1564 parochia.
2475 1493 2536 1547 In
2557 1491 2688 1547 villa
2711 1493 2882 1561 Oller,
2913 1495 2999 1548 vel
3047 1494 3107 1550 in
3136 1496 3267 1551 villa
3286 1497 3358 1551 de
3377 1496 3624 1566 Amelio,

2012 1584 2070 1636 et
2101 1581 2157 1635 iu
2185 1581 2316 1635 villa
2345 1581 2589 1648 Vendut,
2614 1582 2838 1650 domos,
2859 1586 3061 1651 terras,
3084 1584 3299 1652 vineas,
3332 1586 3550 1640 cultum
3571 1589 3631 1642 et

2013 1668 2314 1724 incultum.
2340 1671 2401 1722 In
2416 1669 2642 1737 Turres,
2665 1670 2889 1737 domos,
2913 1675 3095 1727 terras
3113 1676 3171 1726 et
3182 1673 3628 1741 vineas,cultum

2015 1761 2074 1810 et
2091 1774 2375 1812 eremum.
2406 1759 2466 1812 lu
2489 1757 2620 1812 villa
2639 1757 2710 1812 de
2731 1758 2996 1824 Almires,
3014 1762 3100 1814 vel
3122 1761 3273 1814 infra
3291 1761 3413 1832 ejus
3436 1761 3632 1816 termi-

297 1847 635 1918 adjacentiis
664 1848 799 1914 suis,
841 1850 898 1901 et
923 1863 1054 1902 cum
1081 1847 1235 1918 ipsos
1263 1849 1493 1913 boscos;
1544 1849 1812 1918 Neserga,
1862 1838 1990 1900 etB
2018 1862 2142 1913 nos,
2168 1845 2392 1913 domos,
2419 1850 2623 1917 terras,
2650 1846 2862 1913 vineas,
2894 1849 3109 1902 cultum
3140 1852 3196 1903 et
3225 1865 3509 1916 eremum,
3532 1849 3628 1904 sil-

299 1937 618 1991 Frescaned
651 1953 781 1991 cum
833 1936 1096 1991 terminis
1125 1939 1183 1989 et
1212 1936 1552 2007 adjacentiis
1603 1935 1748 1989 suis:
1783 1933 1919 1988 villa

293 2025 485 2079 Jat'are
511 2028 568 2078 et
595 2025 790 2079 villare
813 2024 1042 2079 Paterni
1060 2041 1191 2079 cum
1208 2024 1561 2087 terminis,et
1579 2022 1918 2094 adjacentiis

297 2115 444 2168 suis:
479 2115 718 2185 Agemal
739 2119 797 2168 et
824 2115 1134 2169 Millanicas
1147 2117 1319 2185 atque
1332 2113 1463 2167 villa
1492 2113 1635 2166 Alba
1652 2128 1784 2166 cum
1807 2114 1920 2165 ter-

301 2204 478 2258 minis
491 2207 545 2257 et
566 2203 904 2274 adjacentiis
924 2203 1056 2257 suis.
1109 2205 1169 2257 In
1200 2202 1473 2274 parochia
1503 2202 1572 2256 de
1602 2202 1918 2273 Porqueres

302 2294 528 2357 domos,
553 2296 754 2360 terras,
781 2293 972 2346 vineas
993 2308 1124 2346 cum
1151 2308 1352 2346 eorum
1370 2291 1633 2346 terminis
1654 2291 1739 2344 vel
1757 2290 1916 2361 adja-

301 2382 506 2436 centiis
535 2383 667 2451 suis,
699 2386 756 2435 et
780 2399 909 2436 cum
944 2381 1094 2454 ipsas
1115 2381 1362 2436 decimas
1385 2397 1513 2452 quae
1545 2383 1772 2434 sanctus
1799 2379 1919 2434 Ste-

301 2472 454 2543 phan
464 2489 526 2525 us
539 2471 615 2525 ibi
631 2475 806 2525 tenet.
822 2471 1133 2524 Vallemala
1145 2486 1271 2541 quae
1286 2470 1484 2524 dicunt
1498 2469 1916 2535 Merdant,cum

304 2560 624 2628 decimis,et
639 2559 1135 2625 ﬁnibus,terminis
1146 2559 1280 2613 suis.
1297 2558 1547 2613 Solerols
1563 2574 1693 2612 cum
1715 2557 1919 2612 termi-

305 2649 393 2702 nis
418 2652 474 2702 et
523 2648 878 2719 adjacentiis,
913 2650 969 2701 et
998 2664 1129 2701 cum
1161 2664 1362 2702 eorum
1389 2647 1645 2701 decimis.
1682 2648 1743 2700 In
1785 2646 1917 2700 villa

302 2755 431 2810 quae
471 2738 678 2793 dicitur
705 2737 992 2803 Adiliano,
1027 2739 1084 2790 et
1105 2735 1374 2791 Sirinano
1401 2739 1459 2790 et
1482 2735 1820 2802 Albuciano,
1861 2737 1919 2788 et

300 2827 535 2893 casales,
560 2825 782 2891 domos,
815 2829 1016 2892 terras,
1049 2824 1263 2891 vineas,
1295 2824 1474 2877 cultas
1504 2827 1562 2877 et
1592 2823 1920 2890 incultas,et

304 2916 505 2970 boscos
539 2918 598 2968 et
626 2913 876 2968 molinis.
918 2913 1046 2967 Usal
1068 2929 1198 2966 cum
1250 2912 1400 2983 ipsos
1421 2913 1622 2966 boscos
1643 2927 1774 2964 cum
1805 2913 1918 2964 ter-

306 3005 477 3058 minis
506 3007 564 3057 et
591 3001 926 3074 adjacentiis
953 3001 1086 3054 suis.
1139 3003 1196 3054 ln
1249 3001 1378 3055 villa
1421 2999 1646 3054 Vendut
1694 2999 1919 3064 domos,

2019 1952 2136 2003 vas,
2163 1940 2220 1990 et
2251 1936 2540 1992 olibarias.
2573 1937 2634 1990 In
2667 1936 2914 1991 Contens
2938 1937 3162 2006 domos,
3185 1941 3386 2004 terras,
3413 1937 3628 2006 vineas,

2018 2025 2232 2078 cultum
2258 2026 2316 2078 et
2342 2040 2625 2091 eremum,
2649 2028 2707 2079 et
2734 2025 3022 2080 olibarias.
3057 2027 3120 2081 In
3149 2027 3330 2081 sancti
3360 2026 3528 2082 Felici
3559 2027 3630 2082 de

2022 2111 2260 2166 Ledono
2288 2112 2511 2179 domos,
2537 2115 2738 2180 terras,
2769 2112 2984 2181 vineas,
3019 2115 3234 2169 cultum
3263 2117 3322 2168 et
3342 2131 3628 2170 eremum.

2019 2201 2080 2255 In
2105 2200 2376 2271 parochia
2400 2201 2472 2255 de
2499 2200 2707 2256 Sancta
2747 2202 3046 2270 Columba,
3069 2203 3293 2270 domos,
3315 2207 3518 2271 terras,
3549 2203 3631 2259 vi-

2018 2307 2176 2357 neas,
2201 2290 2419 2344 cultum
2442 2294 2500 2345 et
2515 2306 2802 2345 eremum.
2818 2292 2880 2346 In
2902 2292 3381 2347 villaAbundanti
3403 2293 3632 2360 domos,

2017 2382 2219 2448 terras,
2273 2380 2358 2433 vel
2389 2379 2541 2434 infra
2570 2381 2692 2450 ejus
2728 2380 3027 2448 terminos,
3059 2381 3282 2448 domos,
3314 2385 3519 2449 terras,
3550 2381 3633 2436 vi-

2018 2485 2174 2535 neas,
2208 2468 2498 2534 olibarias,
2520 2471 2736 2523 cultum
2759 2473 2815 2523 et
2843 2485 3125 2524 eremum.
3155 2471 3216 2523 In
3245 2470 3376 2525 villa
3396 2471 3632 2526 Fedanti

2017 2557 2184 2611 vinea
2213 2573 2348 2610 una.
2372 2557 2435 2610 In
2465 2556 2707 2611 Orfanos
2751 2557 2837 2611 vel
2885 2557 3034 2611 infra
3067 2558 3189 2628 ejus
3213 2559 3513 2627 terminos,
3537 2559 3638 2614 do-

2017 2661 2164 2711 mos,
2197 2648 2397 2709 terras,
2421 2645 2637 2713 vineas,
2669 2647 2883 2700 cultum
2907 2649 2964 2700 et
2996 2662 3281 2715 eremum,
3314 2647 3548 2702 molinis
3578 2650 3638 2702 et

2019 2733 2340 2788 molinariis
2365 2751 2495 2788 eum
2540 2735 2894 2805 caputaquis,
2934 2735 3115 2789 hortis
3162 2736 3481 2790 hortatibus
3503 2753 3637 2791 cum

2019 2819 2271 2875 olibariis
2290 2824 2349 2875 et
2379 2820 2499 2891 ipso
2529 2821 2695 2874 alode
2739 2837 2870 2874 cum
2914 2821 3065 2892 ipsos
3112 2823 3380 2889 molinos,
3415 2827 3474 2877 et
3502 2839 3635 2877 cum

2021 2909 2172 2980 ipsos
2191 2909 2524 2980 caputaquis
2541 2925 2670 2963 cum
2693 2925 2894 2963 eorum
2917 2908 3183 2963 terminis
3200 2912 3408 2965 etcum
3431 2926 3637 2966 eorum

2025 2996 2483 3062 att'rontationes,
2515 2996 2670 3067 quod
2701 2995 2969 3050 Bonﬁlius
3001 2993 3184 3063 dedit,
3235 2996 3378 3051 sicut
3405 2997 3465 3052 in
3504 2997 3641 3052 scri-

310 3095 509 3156 terras,
538 3091 752 3159 vineas,
783 3093 981 3156 cultas,
1013 3094 1069 3143 et
1098 3089 1361 3144 incultas.
1399 3091 1460 3143 In
1484 3090 1628 3142 valle
1659 3086 1928 3142 Miliarias
1951 3082 2000 3144 C
2028 3083 2209 3154 pturis
2239 3084 2296 3137 S.
2331 3083 2606 3154 Stephani
2630 3086 2877 3137 resonat.
2913 3083 2972 3136 ln
3003 3082 3135 3137 villa
3164 3082 3520 3140 Galdiuarios
3541 3084 3646 3139 do-

310 3181 548 3236 ecclesia
575 3180 752 3235 sancti
781 3180 954 3246 Petri,
995 3179 1064 3233 de
1086 3182 1283 3234 sancta
1323 3177 1498 3233 Maria
1538 3178 1607 3231 de
1634 3175 1926 3243 Romzilia,

310 3275 368 3325 et
392 3270 571 3324 sancti
603 3270 844 3324 Andreas
872 3269 930 3324 in
960 3269 1228 3334 Rovilias,
1262 3284 1394 3322 cum
1423 3265 1697 3332 decimas,
1733 3268 1788 3319 et
1812 3264 1926 3336 pri-

305 3361 520 3428 mitias,
540 3359 926 3415 etoblationes
939 3359 1216 3423 ﬁdelium,
1241 3358 1300 3412 in
1320 3373 1524 3412 eorum
1550 3354 1812 3409 videlicet
1831 3369 1929 3425 pa-

305 3450 502 3504 rochia
529 3449 753 3515 domos,
775 3451 975 3515 terras,
1008 3447 1220 3513 vineas,
1249 3445 1416 3500 silvas
1435 3461 1564 3499 cum
1595 3459 1797 3498 eorum
1817 3444 1926 3496 ter-

310 3539 502 3604 minis,
539 3541 595 3592 et
623 3536 958 3608 adjacentiis
1003 3535 1135 3591 suis.
1173 3537 1234 3590 ln
1271 3536 1562 3606 Falgons,-
1596 3532 1679 3586 vel
1713 3531 1771 3585 in
1800 3531 1921 3602 ejus

307 3627 569 3681 terminis
589 3624 1216 3693 domos,terras,vineas
1229 3628 1285 3678 et
1298 3625 1554 3687 boschos,
1571 3641 1596 3676 c
1607 3637 1700 3675 um
1716 3635 1919 3675 eorum

305 3714 570 3768 terminis
586 3718 643 3768 et
661 3714 995 3785 adjacentiis
1016 3714 1148 3767 suis.
1173 3715 1233 3766 In
1256 3711 1446 3767 Sancti
1462 3709 1677 3764 Nazarii
1693 3709 1916 3771 domos,

303 3807 506 3869 terras,
539 3803 752 3870 vincas,
783 3803 948 3856 silvas
965 3819 1096 3856 cum
1120 3818 1322 3857 eorum
1349 3798 1613 3855 terminis
1653 3799 1739 3851 vel
1761 3797 1919 3867 adja-

303 3891 510 3946 centiis
538 3892 674 3946 suis.
706 3894 767 3946 ln
793 3892 1023 3963 Biserga
1043 3891 1267 3957 domos,
1293 3893 1492 3955 terras,
1516 3887 1731 3954 vincas,
1755 3886 1921 3940 silvas

303 3997 436 4036 cum
465 3998 665 4036 eorum
709 3981 974 4036 terminis
1031 3985 1087 4034 et
1137 3979 1470 4050 adjacentiis
1507 3976 1642 4032 suis.
1675 3977 1738 4030 In
1769 3990 1921 4046 pago

303 4070 537 4125 Arivilfo
561 4071 783 4137 domos,
816 4075 1017 4138 terras,
1048 4069 1262 4136 vineas,
1295 4068 1480 4133 silvas,
1514 4068 1728 4120 cultum
1758 4067 1814 4118 et
1835 4063 1925 4117 in-

303 4161 544 4227 cultum,
567 4164 623 4215 et
643 4173 1072 4226 eremum,'cum
1098 4176 1299 4214 eorum
1315 4156 1578 4212 terminis
1596 4155 1928 4225 etadjacen-

302 4249 398 4304 tiis
417 4249 550 4304 suis.
584 4251 646 4304 In
679 4249 894 4317 Calvas,
921 4253 1100 4303 terras
1122 4248 1298 4302 cultas
1329 4249 1385 4300 et
1405 4245 1665 4299 incultas.
1684 4245 1746 4296 In
1777 4242 1923 4296 valle

2030 3187 2176 3237 mos,
2203 3174 2379 3224 terras
2402 3175 2458 3224 et
2474 3170 2686 3236 vineas,
2704 3171 2791 3224 vel
2812 3170 2962 3225 infra
2982 3171 3104 3242 ejus
3126 3170 3405 3226 terminos
3427 3173 3645 3228 cultum

2030 3261 2088 3312 et
2115 3275 2399 3312 eremum.
2434 3260 2496 3313 In
2529 3258 2741 3313 Pareds
2764 3261 2966 3325 terras,
3001 3261 3057 3312 et
3081 3257 3311 3324 vineas;
3355 3258 3412 3313 in
3444 3259 3648 3316 Ordios

2029 3345 2254 3410 domos,
2287 3351 2486 3413 terras,
2513 3347 2728 3411 vineas,
2754 3346 2973 3400 cultum
2997 3349 3054 3399 et
3073 3348 3464 3414 eremum,vel
3496 3347 3650 3404 infra

2027 3434 2149 3505 ejus
2177 3436 2484 3503 terminos;
2504 3435 2562 3490 in
2586 3450 2737 3506 pago
2756 3436 2896 3501 alto,
2919 3451 3094 3507 quem
3116 3434 3316 3490 dicunt
3336 3435 3644 3504 Murriano,

2023 3525 2252 3589 domos,
2284 3528 2483 3593 terras,
2511 3523 2726 3592 vineas,
2763 3524 2950 3591 silvas,
2973 3525 3190 3579 cultum
3213 3527 3270 3579 et
3285 3526 3649 3582 eremum.]n

2019 3614 2294 3668 comitatu
2324 3613 2694 3668 Gerundense
2751 3613 2808 3669 in
2865 3614 3194 3680 Matamors,
3225 3615 3312 3668 vel
3343 3614 3496 3670 infra
3527 3615 3651 3687 ejus

2018 3701 2321 3769 terminos,
2347 3702 2574 3767 domos,
2597 3703 3020 3768 terras,vineas,
3047 3702 3263 3756 cultum
3282 3705 3341 3756 et
3360 3719 3646 3772 eremum,

2021 3791 2254 3845 molinis
2284 3794 2341 3845 et
2374 3790 2708 3857 molinariis,
2739 3790 2892 3844 silvis
2923 3793 2978 3843 et
3006 3790 3128 3860 ipso
3175 3793 3382 3861 stagno
3413 3801 3545 3846 cum
3567 3791 3658 3862 ip-

2023 3878 2096 3934 sis
2127 3879 2320 3951 pratis.
2352 3880 2413 3932 ln
2445 3879 2794 3933 Gerundella
2821 3881 3024 3944 terras,
3067 3878 3247 3932 cultas
3266 3879 3352 3932 vel
3384 3877 3650 3947 incultas,

2024 3971 2081 4022 et
2106 3967 2365 4022 boscbos.
2400 3968 2462 4021 In
2497 3968 2666 4022 Costa
2694 3966 2933 4033 Rabida,
2954 3969 3013 4020 et
3044 3965 3102 4020 in
3125 3967 3443 4021 Bonecurto
3466 3969 3652 4023 terras

2025 4055 2238 4123 vincas,
2272 4059 2330 4110 et
2358 4056 2619 4123 boschos,
2654 4059 2712 4109 et
2740 4055 2905 4110 vinea
2937 4055 3007 4110 de
3038 4054 3215 4110 Cona.
3271 4055 3332 4108 ln
3383 4053 3536 4110 Biert
3558 4056 3647 4111 vel

2029 4148 2083 4201 in
2117 4146 2440 4200 Gralloners
2470 4145 2695 4210 domos,
2729 4147 2931 4210 terras,
2987 4143 3184 4198 vineas
3235 4145 3293 4197 et
3341 4142 3526 4199 silvas.
3581 4145 3644 4199 In

2025 4237 2211 4291 Monte
2243 4234 2439 4301 Calbo,
2479 4234 2564 4288 vel
2616 4233 2674 4288 in
2712 4233 2994 4299 Canneto,
3031 4231 3258 4300 domos,
3287 4235 3489 4300 terras,
3524 4232 3646 4287 cul-

305 4343 515 4394 sanetze
562 4341 736 4406 Pataa,
781 4339 837 4393 in
879 4341 1091 4403 locum,
1121 4353 1294 4408 quem
1327 4335 1525 4389 dicunt
1552 4334 1609 4388 S.
1639 4329 1923 4386 Vincentii
1947 4359 2002 4419 D
2025 4327 2149 4419 tum
2182 4327 2524 4419 eteremum
2547 4322 2642 4419 “In
2675 4321 3040 4419 Borgoniano
3068 4323 3125 4374 et
3145 4321 3220 4419 in.
3235 4323 3449 4419 curtes,
3463 4321 3549 4376 vel
3580 4320 3641 4376 in

306 4427 379 4482 de
401 4427 652 4496 Salente,
688 4429 776 4484 vel
809 4429 869 4482 in
908 4430 1034 4482 loco
1066 4443 1241 4498 quem
1259 4425 1459 4479 dicunt
1479 4423 1716 4488 Corbos,
1740 4419 1922 4475 eccle-

304 4517 449 4572 siam
481 4517 660 4573 sancti
685 4517 991 4582 Vincentii,
1022 4519 1193 4588 atque
1225 4512 1496 4586 parochia
1524 4527 1656 4565 cum
1683 4507 1925 4564 decimis

307 4609 366 4660 et
388 4606 680 4677 primitiis,
724 4609 782 4660 et
828 4604 1150 4660 oblationes
1191 4603 1472 4669 ﬁdelium,
1515 4617 1647 4655 cum
1698 4599 1922 4663 domos,

307 4696 512 4761 terras,
533 4694 746 4761 vineas,
769 4691 1316 4760 molendinis,silvas
1332 4706 1463 4745 cum
1496 4690 1618 4760 ejus
1639 4685 1922 4741 terminis.

306 4784 395 4837 vel
416 4783 561 4838 ﬁnes
589 4783 658 4838 de
681 4783 798 4856 ipsa
822 4782 1114 4855 parochia.
1150 4779 1376 4836 Mercati
1407 4795 1539 4833 vero
1566 4776 1787 4850 praefati
1821 4775 1925 4830 loci

307 4874 625 4940 teloneum,
658 4877 714 4927 et
735 4889 972 4928 omnem
983 4869 1269 4942 justitiam
1289 4868 1507 4924 ibidem
1529 4867 1925 4940 peragendam

309 4963 384 5018 ab
416 4962 642 5033 integro
661 4961 1047 5017 concedimus.
1066 4961 1129 5015 In
1151 4960 1359 5015 Somer
1373 4957 1597 5023 domos,
1618 4959 1820 5022 terras,
1845 4955 1924 5010 vi-

311 5069 472 5120 neas,
501 5054 717 5108 cultum
746 5052 831 5105 vel
857 5051 1158 5118 incultum,
1186 5051 1244 5102 et
1273 5064 1402 5102 cum
1450 5046 1571 5117 ejus
1608 5044 1773 5100 silvas
1795 5060 1924 5098 cum

309 5140 577 5196 terminis
605 5144 663 5194 et
687 5138 1139 5194 affrontationes.
1164 5138 1226 5191 In
1267 5138 1465 5189 monte
1497 5133 1689 5188 Sancti
1717 5131 1926 5187 Juliani

312 5231 438 5304 ipsa
457 5229 716 5295 ecclesia,
739 5245 869 5284 cum
885 5227 1136 5282 decimas
1163 5229 1220 5280 et
1235 5224 1517 5296 primitias
1538 5225 1593 5276 et
1607 5221 1926 5278 oblationes

313 5321 594 5386 fidelium,
625 5335 757 5374 cum
798 5318 1022 5380 domos,
1077 5319 1277 5381 terras,
1310 5313 1504 5367 vineas
1525 5315 1582 5366 et
1609 5312 1768 5366 silvas
1795 5326 1925 5364 cum

313 5426 516 5466 eorum
547 5408 809 5464 terminis
837 5409 922 5461 vel
953 5404 1289 5476 adjacentiis
1317 5404 1449 5457 suis.
1506 5403 1567 5455 ln
1601 5399 1926 5456 Camedello

316 5500 544 5567 domosl
568 5502 770 5563 terras,
796 5496 1010 5561 vincas,
1044 5496 1222 5548 cultas
1247 5499 1303 5546 et
1326 5492 1565 5546 incultas
1591 5493 1646 5544 et
1676 5489 1932 5544 molena-

316 5587 436 5643 riis.
461 5589 520 5642 lu
544 5588 682 5642 Baso
705 5587 932 5651 domos,
957 5589 1156 5645 terras,
1177 5586 1234 5636 et
1255 5581 1374 5652 ipsa
1387 5579 1682 5634 ecclesiola
1702 5577 1927 5632 Herma.

317 5675 382 5734 in
411 5677 693 5751 Agelager
720 5674 948 5742 domos,
969 5675 1170 5737 terras,
1193 5670 1408 5739 vineas,
1436 5667 1622 5735 silvas,
1637 5666 1857 5726 cultam
1875 5667 1934 5724 et

748 5774 985 5835 Pamon.
1017 5767 1269 5828 CXXXIX.

2027 4411 2348 4479 Cannellas,
2367 4410 2454 4465 vel
2478 4410 2629 4464 infra
2649 4424 2853 4464 eorum
2871 4407 3174 4475 terminos,
3188 4408 3413 4475 domos,
3435 4412 3639 4476 terras,

2025 4500 2239 4567 vineas,
2263 4500 2480 4554 cultum
2511 4500 2568 4552 et
2597 4513 2881 4565 eremum,
2912 4496 3162 4551 molinos
3211 4500 3270 4551 et
3293 4496 3638 4566 molinariis,

2026 4607 2156 4644 cum
2183 4588 2538 4660 caputaquis.
2570 4589 2632 4641 1n
2662 4586 2894 4641 Parazol
2921 4587 2979 4639 et
3028 4584 3088 4638 in
3141 4585 3369 4656 Pulgaz,
3411 4585 3638 4655 domos,

2026 4682 2229 4744 terras,
2257 4676 2470 4742 vineas,
2506 4676 2589 4728 vel
2621 4674 2773 4728 infra
2821 4689 3023 4728 eorum
3066 4672 3368 4728 terminos.
3417 4674 3479 4728 In
3506 4673 3641 4730 villa

2026 4765 2259 4826 Trader,
2291 4765 2377 4819 vel
2407 4763 2560 4817 infra
2587 4762 2709 4832 ejus
2738 4760 3048 4816 terminos:
3080 4759 3138 4814 in
3163 4761 3528 4834 Leudenago,
3551 4762 3638 4817 vel

2029 4854 2180 4909 infra
2199 4853 2320 4923 ejus
2342 4851 2638 4916 terminos,
2658 4853 2715 4904 et
2739 4849 2859 4921 ipso
2883 4865 3085 4904 manso
3109 4849 3438 4919 Biancbeto,
3461 4866 3638 4923 quem

2029 4942 2260 4997 donan't
2290 4941 2362 4996 ad
2393 4941 2450 4995 S.
2484 4939 2798 5010 Stephano,
2827 4937 3051 5005 domos,
3074 4941 3275 5008 terras,
3297 4939 3512 5002 vineas,
3525 4939 3638 4994 cul-

2026 5036 2152 5089 tum
2183 5036 2240 5086 et
2267 5046 2548 5086 eremum.
2574 5029 2636 5081 In
2655 5027 2932 5094 Tomedo,
2955 5031 3013 5082 et
3042 5026 3101 5082 in
3128 5028 3473 5093 Mediniano,
3498 5029 3556 5081 et
3576 5025 3636 5079 in

2028 5123 2293 5187 Exchers,
2324 5124 2380 5174 et
2410 5118 2468 5172 in
2499 5117 2584 5171 rio
2613 5116 2682 5170 de
2739 5115 2948 5182 Llutos,
3003 5117 3088 5170 vel
3121 5115 3176 5169 in
3211 5116 3332 5186 ipsa
3364 5115 3520 5181 Cros,
3548 5116 3637 5170 vel

2026 5212 2178 5267 infra
2193 5224 2396 5264 eorum
2415 5205 2714 5272 terminos,
2731 5205 2957 5268 domos,
2993 5208 3173 5258 terras
3186 5204 3400 5269 vineas,
3415 5203 3634 5260 cultum

2026 5306 2085 5357 et
2110 5315 2391 5363 eremum,
2426 5299 2482 5351 et
2509 5295 2777 5361 molinos,
2812 5298 2869 5349 et
2892 5291 3229 5348 molinarios
3257 5307 3390 5346 cum
3438 5297 3638 5365 caput-

2029 5390 2210 5463 aquis.
2233 5390 2292 5442 ln
2318 5387 2612 5451 Cclrrano,
2635 5385 2692 5438 in
2718 5384 2976 5448 Bibiano,
3000 5381 3058 5435 in
3073 5380 3348 5448 Riurano,
3378 5381 3436 5436 in
3457 5383 3641 5438 Pubol

2029 5481 2112 5534 vel
2145 5477 2295 5531 infra
2317 5491 2516 5530 eorum
2546 5472 2845 5537 terminos,
2896 5469 3117 5535 domos,
3173 5470 3376 5537 terras,
3423 5470 3641 5542 vineas,

2029 5569 2244 5623 cultum
2275 5571 2332 5620 et
2357 5563 2658 5630 incultum,
2709 5574 2994 5626 eremum,
3026 5561 3082 5610 et
3108 5556 3260 5628 ipsas
3287 5559 3484 5615 vineas
3512 5576 3642 5632 qua

2029 5655 2368 5717 Seridredus
2387 5655 2458 5712 de
2472 5651 2761 5728 Aquaviva
2780 5646 3014 5705 donavit
3024 5646 3099 5704 ad
3111 5647 3390 5706 Sanctum
3404 5649 3649 5726 Stepha.

3333 5750 3396 5808 εί
