4094 6178
458 372 589 436 mn
1728 362 2092 431 'BENEDICTI
2117 362 2239 430 Vm
2263 363 2472 429 pltsz
3650 372 3805 430 κη

458 516 622 555 num.
638 497 902 551 Inlocum
921 506 1097 566 quem
1118 491 1620 560 dicuntMazamet,
1638 492 1825 566 ipsum
1839 494 2068 550 alodem
2090 497 2146 558 Α
2169 510 2530 567 quaecunque
2554 493 2823 561 diximus,
2854 491 2943 548 vel
2972 506 3098 566 qua:
3127 509 3246 548 non
3273 491 3547 561 diximus,
3578 495 3806 566 praedia

459 588 557 661 qui
572 587 759 641 fuitde
770 582 1325 654 Aurichiojudice.ln
1342 583 1615 638 comitatu
1628 585 2067 651 Barcinonense,
2170 584 2450 656 acquisita
2470 584 2557 639 vel
2576 583 2949 655 acquirenda,
2971 600 3035 637 ac
3056 582 3248 639 Sancti
3273 586 3727 656 protomartyris
3742 587 3807 640 et

457 677 516 732 in
554 677 725 731 valles
778 673 929 744 ipsos
960 672 1174 739 alodes,
1207 688 1333 743 quas
1361 673 1514 727 Bella
1543 673 1763 728 femina
1793 673 2011 728 dimisit
2038 689 2073 726 a
2169 674 2355 728 levilte
2377 673 2652 744 Stephani
2680 672 3028 738 ccenobium,
3053 673 3114 725 in
3144 673 3290 727 valle
3319 671 3542 728 Sterria
3594 673 3803 740 situm,

457 766 666 820 Sancto
699 762 993 832 Stephano
1018 760 1163 814 sicut
1210 760 1265 815 in
1327 777 1428 814 suo
1473 761 1692 831 judicio
1722 765 1973 816 resonat.
2007 763 2070 815 In
2171 762 2542 834 pertinentia,
2577 762 2919 816 auctoritate
2943 761 3019 815 illi
3044 761 3353 815 ﬁrmantur
3399 778 3434 815 a
3459 762 3634 816 nobis
3664 779 3809 835 apo-

453 852 730 925 parochia
755 852 824 906 de
853 849 1060 904 Sancto
1106 849 1309 916 Felice,
1328 867 1501 921 quem
1524 850 1725 905 dicunt
1755 851 1825 905 de
1858 850 2069 916 Buada,
2170 850 2362 905 tolica.
2391 850 2705 905 Statuimus
2755 854 2951 904 autem
3000 854 3081 916 ut,
3140 850 3375 920 quando
3407 850 3593 905 abbas
3621 851 3806 922 ipsius

457 941 709 997 velinfra
720 941 844 1010 ejus
856 938 1425 1005 terminos,inlocum
1441 957 1611 1012 quem
1630 939 2073 993 dicuntTorren-
2172 939 2509 993 monasterii
2532 938 2757 1004 obierit,
2784 954 2972 1009 neque
3000 955 3033 992 a
3053 938 3310 1009 regibus,
3334 954 3529 1009 neque
3550 955 3587 993 a
3617 940 3808 993 comi-

457 1030 604 1097 tilio,
632 1029 719 1082 vel
746 1027 898 1081 infra
920 1028 1042 1098 ejus
1064 1026 1363 1092 terminos,
1381 1026 1439 1079 in
1463 1029 1654 1082 locum
1678 1044 1848 1099 quem
1875 1027 2073 1080 dicunt
2170 1026 2343 1093 tibus,
2374 1043 2564 1098 neque
2590 1044 2624 1081 a
2643 1027 3027 1098 qualicunque
3059 1042 3310 1098 persona
3331 1043 3438 1099 pro
3465 1026 3805 1097 cupiditatis

454 1119 757 1179 'l‘orrente,
783 1117 869 1170 vel
894 1116 1047 1169 infra
1102 1114 1224 1183 ejus
1247 1116 1544 1182 terminos,
1575 1117 1724 1188 ipsas
1749 1118 2069 1170 commuta-
2171 1115 2432 1185 pecunim
2465 1132 2654 1182 causa,
2684 1132 2873 1187 neque
2889 1130 2993 1187 pro
3020 1114 3407 1186 qualicunque
3429 1115 3650 1169 favoris
3673 1115 3803 1169 ina-

458 1206 644 1261 tiones
669 1220 811 1276 quas
839 1203 1157 1259 Crustarius
1187 1204 1343 1258 fecit.
1383 1205 1550 1276 Apud
1596 1204 1813 1259 Ricolfo
1844 1204 2069 1271 domos,
2170 1202 2262 1255 nis
2307 1202 2494 1273 gloria
2543 1202 2758 1257 ibidem
2803 1202 3227 1257 constituantur
3280 1202 3552 1268 abbates;
3606 1202 3713 1256 sed
3768 1219 3806 1257 a

458 1297 643 1349 terras
665 1295 844 1348 cultas
869 1296 927 1347 et
947 1308 1193 1359 eremas,
1224 1293 1442 1347 clausas
1476 1293 1797 1359 arboribus,
1840 1296 1897 1347 et
1922 1292 2073 1362 ipsas
2170 1290 2389 1344 cunctis
2415 1289 2492 1343 ibi
2524 1290 2864 1360 degentibus
2894 1289 3068 1342 servis
3090 1287 3195 1343 Dei
3222 1288 3547 1343 secundum
3588 1290 3802 1354 Deum,

458 1382 652 1437 vineas
689 1398 816 1453 quae
862 1381 1103 1435 Sanctus
1151 1380 1474 1451 Stephanus
1520 1381 1692 1435 debet
1744 1381 1974 1435 habere.
2007 1381 2071 1434 In
2165 1376 2329 1448 juxta
2353 1376 2643 1431 Benedicti
2670 1376 2853 1430 Patris
2889 1377 3147 1448 regulam
3210 1376 3503 1446 eligantur
3531 1375 3803 1430 abbates.

461 1471 746 1542 Segalars,
779 1485 906 1541 quze
933 1468 1270 1523 Seniofredo
1300 1469 1445 1522 Wita
1472 1472 1652 1535 tenet,
1679 1472 1735 1523 et
1764 1468 1887 1539 ipsa
1910 1468 2074 1523 vinea
2174 1464 2385 1518 Damus
2414 1480 2647 1536 quoque
2678 1464 2973 1518 licentiam
3004 1463 3180 1534 ipsius
3197 1463 3310 1517 loci
3326 1463 3523 1517 abbati
3552 1463 3803 1517 ubicun-

463 1558 535 1613 de
566 1558 829 1612 Susanna
851 1573 980 1610 cum
1012 1572 1113 1610 suo
1139 1557 1408 1619 termino,
1429 1573 1557 1610 cum
1584 1573 1781 1610 eremo
1812 1560 1869 1610 et
1897 1558 2070 1623 culto,
2173 1567 2285 1623 que
2311 1552 2398 1605 vel
2431 1567 2465 1604 ἃ
2494 1551 2984 1622 qualibuscunque
3034 1548 3281 1605 voluerit
3333 1550 3619 1622 episcOpis
3665 1565 3807 1605 suos

461 1646 604 1701 sicut
631 1646 691 1699 in
718 1645 997 1716 scriptura
1037 1643 1232 1698 Sancti
1269 1643 1545 1715 Stephani
1596 1648 1849 1702 resonat.
1880 1646 1941 1698 ln
1969 1645 2072 1698 Pe-
2172 1639 2411 1694 clericos
2435 1639 2764 1706 ordinandi,
2793 1655 2829 1693 a
2859 1638 3243 1711 qualicunque
3272 1638 3410 1694 sede
3436 1638 3489 1693 ei
3516 1638 3807 1711 placuerit

462 1734 631 1788 tralta
676 1736 735 1788 et
761 1732 913 1786 infra
951 1732 1073 1803 ejus
1104 1731 1401 1800 terminos,
1448 1733 1507 1786 in
1553 1736 1707 1787 terra
1753 1732 1906 1787 infra
1952 1732 2074 1803 ejus
2173 1729 2424 1784 chrisma
2452 1728 2789 1800 accipiendi,
2824 1732 2881 1783 et
2909 1731 3024 1784 uta
3051 1729 3213 1783 nullo
3251 1727 3546 1801 episcopo,
3587 1744 3695 1783 nec
3724 1728 3806 1784 ab

459 1820 763 1887 terminos,
797 1819 856 1873 in
889 1819 1221 1875 Docuinano
1268 1821 1355 1873 vel
1407 1819 1557 1874 infra
1611 1821 1733 1890 ejus
1769 1819 2072 1886 terminos,
2102 1815 2289 1874 Bullo
2316 1819 2375 1872 in
2407 1820 2568 1889 cujus
2598 1820 2771 1873 situm
2796 1822 2883 1873 est
2908 1819 3329 1874 monasterium
3359 1818 3678 1891 episcopio,
3694 1833 3805 1872 nec

462 1908 607 1964 sicut
630 1908 689 1963 in
737 1907 1018 1978 scriptura
1064 1923 1238 1978 quam
1286 1908 1523 1961 Rannus
1574 1908 1812 1961 clericus
1857 1907 1994 1962 fecit
2040 1923 2075 1961 a
2174 1907 2369 1962 abalio
2392 1907 2573 1980 possit
2590 1907 3411 1981 e.xcommunicari,velaliqua
3430 1908 3505 1963 ad
3524 1907 3805 1963 eumdem

462 1995 673 2052 Sancto
701 1996 995 2067 Stephano
1032 1998 1287 2062 resonat,
1339 1994 1564 2062 domos,
1608 1998 1811 2062 terras,
1856 1995 2071 2063 vineas,
2174 1998 2598 2052 monasterium
2615 1998 2914 2070 pertinens
2932 1997 3187 2053 ecclesia.
3205 1997 3528 2053 Statuimus
3545 1997 3724 2051 etiam
3740 1999 3807 2050 ut

460 2085 680 2153 hortos,
709 2083 932 2139 cultum
962 2087 1021 2138 et
1050 2099 1335 2137 eremum.
1366 2085 1426 2137 In
1463 2082 1619 2137 Jafar
1648 2083 1733 2137 vel
1762 2084 1916 2138 infra
1953 2084 2074 2155 ejus
2174 2086 2951 2158 quispasnitensaliminibus
2966 2088 3223 2142 exclusus
3240 2087 3521 2151 ecclesiae,
3544 2086 3808 2158 quandiu

460 2173 777 2239 terminos;
812 2173 871 2226 in
900 2173 1177 2227 Tonnano
1207 2172 1290 2225 vel
1322 2171 1473 2225 infra
1533 2172 1653 2243 ejus
1681 2172 1981 2239 terminos,
2013 2173 2073 2225 in
2175 2174 2253 2228 ibi
2268 2175 3033 2241 steterit,habeatlicentiam
3056 2175 3395 2230 introeundi
3415 2175 3809 2230 etomneofﬁ‘

463 2261 712 2316 Ciurana
741 2261 829 2315 vel
857 2261 1010 2315 infra
1029 2261 1152 2330 ejus
1178 2259 1488 2325 terminos;
1543 2260 1599 2314 in
1632 2258 1762 2314 villa
1807 2260 1952 2327 Dud,
1988 2260 2074 2315 vel
2175 2262 2326 2316 cium
2355 2263 2615 2318 divinum
2638 2263 2927 2319 audiendi.
2955 2263 3337 2319 Concedimus
3354 2280 3592 2336 quoque
3605 2263 3805 2318 abbati

461 2349 614 2405 infra
644 2351 768 2420 ejus
795 2349 1105 2414 terminos;
1143 2350 1202 2400 ln
1248 2348 1571 2419 Ventajone
1621 2351 1708 2401 vel
1753 2347 1901 2402 intra
1953 2348 2075 2419 ejus
2175 2353 2266 2407 vel
2294 2352 2595 2407 monachis
2624 2356 2683 2408 et
2714 2353 2982 2407 omnibus
3024 2352 3247 2406 clericis
3273 2352 3350 2406 ad
3375 2351 3808 2406 monasterium

461 2437 763 2502 terminos,
778 2436 838 2489 in
851 2436 980 2489 villa
996 2437 1324 2501 Mocorono,
1344 2436 1430 2489 vel
1451 2436 1601 2489 infra
1621 2436 1741 2506 ejus
1764 2435 2072 2503 terminos;
2176 2439 2941 2511 pertinentibus,licentiam,
2958 2440 3064 2494 nisi
3077 2440 3367 2495 voluerint
3378 2443 3707 2512 spontanee
3717 2439 3809 2494 vel

460 2524 522 2580 in
533 2526 877 2578 Armentera
901 2524 981 2576 vel
1006 2523 1159 2575 infra
1178 2523 1299 2592 ejus
1322 2522 1618 2589 terminos,
1642 2522 2074 2591 domos,terras,
2176 2530 2386 2601 rogati,
2418 2530 2492 2584 ad
2519 2529 2805 2602 synodum
2826 2546 2945 2584 non
2960 2528 3157 2584 eundi.
3180 2528 3809 2599 Conﬁrmamusigitur

458 2612 658 2667 vineas
682 2626 812 2664 cum
845 2609 1100 2682 garricis,
1118 2610 1318 2681 pratis,
1345 2610 1588 2680 pascuis,
1620 2611 1873 2679 molinis,
1906 2612 2073 2668 moli-
2178 2621 2238 2672 et
2263 2618 2585 2673 stabilimus
2604 2618 2815 2672 amodo
2837 2622 2901 2671 ut
2922 2618 3106 2672 nullus
3122 2633 3247 2683 rex,
3280 2617 3478 2671 nullus
3510 2616 3806 2688 princeps,

461 2701 636 2755 nariis
683 2716 815 2755 cum
868 2698 1223 2770 caputaquis,
1279 2699 1496 2754 cultum
1546 2702 1604 2754 et
1663 2716 1949 2759 eremum.
2011 2702 2075 2756 In
2179 2706 2369 2760 nullus
2401 2706 2683 2768 marchio,
2713 2706 2902 2760 nullus
2931 2722 3146 2773 comes,
3178 2705 3372 2759 nullus
3383 2704 3592 2776 judex,
3613 2704 3811 2760 nullus

460 2788 803 2845 Castellione
834 2788 1059 2856 domos,
1106 2792 1307 2854 terras,
1363 2789 1542 2842 cultas
1594 2790 1681 2843 vel
1716 2790 1977 2844 incultas.
2011 2791 2074 2844 In
2178 2793 2480 2865 episcopus
2508 2809 2697 2865 neque
2736 2795 2850 2848 ulla
2874 2809 3089 2865 magna
3103 2808 3399 2865 parvaque
3415 2809 3677 2864 persona
3703 2792 3813 2847 ali-

459 2878 817 2941 Fontanedo,
832 2894 1008 2950 quem
1020 2877 1219 2932 dicunt
1231 2877 1871 2945 Vallemala,ecclesiam
1882 2879 2077 2934 Sancti
2177 2899 2355 2955 quam
2385 2883 2495 2937 vim
2521 2884 2606 2937 vel
2627 2883 2981 2938 invasionem
3003 2882 3063 2937 in
3086 2881 3294 2937 eodem
3311 2881 3606 2950 ccenobio,
3628 2880 3811 2936 autin

455 2967 685 3023 Martini
712 2983 843 3021 cum
875 2966 999 3037 ipsa
1034 2966 1231 3033 rocha,
1278 2982 1412 3020 cum
1435 2966 1672 3021 decimis
1697 2970 1754 3022 et
1781 2967 2073 3038 primitiis,
2176 2970 2294 3025 suis
2321 2971 2689 3043 pertinentiis
2713 2972 2902 3026 facere
2933 2973 3267 3042 praesumat.
3318 2971 3432 3025 Pro
3463 2986 3582 3042 quo
3616 2974 3680 3025 et
3703 2969 3812 3024 sub

456 3073 589 3112 cum
615 3056 1003 3111 oblationibus
1028 3055 1306 3121 ﬁdelium,
1335 3071 1467 3109 cum
1497 3056 1702 3111 domos
1732 3059 1790 3111 et
1810 3060 1990 3111 terras
2021 3059 2077 3110 et
2095 3104 2145 3166 Ο
2178 3059 2353 3115 divini
2377 3059 2578 3131 judicii
2631 3059 3010 3114 obtestatione
3053 3063 3114 3114 et
3140 3058 3535 3113 anathematis
3561 3057 3811 3112 interdi-

459 3145 677 3213 vineas,
708 3146 926 3199 cultum
957 3147 1014 3199 et
1043 3160 1330 3211 eremum,
1364 3148 1421 3197 et
1446 3161 1577 3199 cum
1618 3144 1770 3215 ipsos
1797 3145 2039 3200 boschos
2059 3161 2072 3200 :
2095 3144 2145 3166 ν
2178 3148 2370 3203 ctione
2395 3148 2831 3220 promulgantes
2858 3146 3222 3202 decernimus
3240 3149 3305 3199 ut
3330 3147 3525 3201 nullus
3545 3160 3811 3218 unquam

463 3237 522 3289 et
549 3234 822 3289 atfrontat
866 3234 988 3304 ipse
1036 3233 1236 3288 alodus
1283 3233 1354 3287 de
1397 3237 1559 3303 parte
1600 3233 1839 3289 orientis
1860 3234 1919 3289 in
1953 3235 2074 3306 ipso
2178 3241 2511 3293 nostrorum
2566 3252 2955 3291 successorum
2984 3235 3352 3309 pontiﬁcum,
3384 3252 3579 3308 neque
3610 3236 3813 3308 aliqua

463 3324 631 3392 Cher,
662 3324 776 3378 sive
805 3323 865 3377 in
886 3322 1053 3377 alode
1084 3321 1182 3393 qui
1210 3322 1318 3376 fuit
1345 3321 1415 3376 de
1446 3322 1708 3377 Suniario
1757 3323 1990 3392 comite,
2020 3326 2077 3378 et
2177 3341 2411 3397 magna,
2457 3325 2603 3379 sicut
2648 3324 2913 3391 diximus,
2950 3340 3239 3396 parvaque
3284 3340 3539 3395 persona
3591 3324 3812 3379 audeat

460 3412 723 3484 pervenit
752 3429 856 3484 per
901 3411 1204 3467 cacumina
1248 3411 1561 3479 montium,
1603 3428 1705 3466 seu
1742 3411 1800 3465 in
1827 3414 1971 3466 collo
2004 3412 2075 3466 de
2175 3415 2261 3469 vel
2292 3417 2605 3486 praesumat
2635 3417 2838 3468 contra
2856 3414 2965 3469 hoc
2994 3417 3260 3469 nostrum
3280 3414 3669 3485 apostolicum
3688 3413 3808 3484 pri-

463 3502 639 3569 Gode,
672 3505 729 3555 et
748 3500 1009 3572 pervenit
1037 3500 1094 3553 in
1123 3500 1290 3554 alode
1329 3500 1400 3554 de
1447 3500 1569 3570 ipso
1599 3500 1715 3563 feo,
1743 3503 1801 3555 et
1821 3500 2079 3573 pervenit
2176 3502 2448 3573 vilegium
2470 3503 2529 3557 in
2545 3502 3012 3574 aliquibusagere
3034 3501 3268 3573 injuste,
3284 3518 3477 3574 neque
3491 3502 3621 3573 quis
3642 3502 3807 3556 illum

463 3590 539 3645 ad
566 3590 755 3645 alodia
785 3589 855 3643 de
883 3590 1121 3644 Betlono
1161 3589 1512 3657 Malachana,
1541 3593 1599 3643 et
1636 3590 1706 3644 de
1734 3590 1975 3645 meridie
2014 3590 2075 3644 in
2176 3591 2446 3663 frangere
2474 3594 2678 3646 tentet.
2710 3590 2767 3645 Si
2799 3591 2927 3663 quis
2954 3590 3344 3662 autem,quod
3357 3589 3810 3658 noncredimus,

462 3677 588 3751 ipsa
617 3694 776 3733 sorra
803 3679 876 3733 ad
904 3678 1128 3733 fontem
1151 3678 1221 3732 de
1248 3678 1379 3745 Ilar,
1404 3678 1521 3734 sive
1549 3679 1610 3733 in
1632 3695 1830 3733 eremo
1863 3680 1935 3734 de
1958 3680 2078 3733 Bet-
2178 3696 2286 3735 nec
2315 3680 2530 3734 timens
2550 3681 2753 3746 Deum,
2770 3682 2827 3733 et
2847 3683 3108 3735 nostrum
3127 3678 3557 3750 parvipendens
3573 3678 3809 3750 privile-

460 3767 618 3837 lole,
648 3768 737 3822 vel
758 3767 816 3821 in
847 3767 1014 3821 alode
1046 3766 1144 3838 qui
1175 3765 1281 3820 fuit
1322 3767 1392 3821 de
1439 3768 1546 3839 Ajo
1607 3767 1846 3835 femina,
1878 3784 1979 3821 seu
2016 3767 2076 3821 in
2178 3769 2339 3841 gium
2370 3769 2527 3840 quod
2555 3768 2944 3836 concedimus,
2976 3767 3152 3823 verbo
3189 3767 3413 3822 factove
3439 3767 3808 3839 disrumpere

462 3856 589 3929 ipsa
608 3857 803 3926 rocha,
828 3856 899 3911 ab
931 3855 1190 3923 occiduo,
1222 3856 1280 3909 in
1311 3856 1395 3910 rio
1426 3873 1602 3928 quem
1624 3856 1823 3912 dicunt
1840 3857 2076 3928 Budiga,
2178 3857 2505 3921 tentaverit,
2533 3859 2707 3925 hunc,
2739 3857 2993 3930 quisquis
3035 3857 3130 3911 ille
3172 3856 3367 3922 fuerit,
3406 3856 3479 3911 de
3504 3860 3674 3928 parte
3702 3855 3807 3911 Dei

464 3947 549 4000 vel
582 3947 641 4000 in
667 3946 861 4001 villare
893 3945 963 4001 de
1007 3945 1324 4013 Melandre;
1367 3948 1424 4000 et
1472 3945 1543 4000 de
1574 3946 1720 4001 Circi
1746 3946 1805 4000 in
1837 3945 1960 4018 ipso
1991 3945 2080 3999 rio
2182 3945 2620 4019 omnipotentis,
2666 3945 2849 4001 sancti
2892 3946 3134 4017 apostoli
3161 3946 3283 4017 ejus
3312 3946 3469 4002 Petri
3499 3949 3560 4000 et
3581 3949 3805 4011 nostra,

467 4035 564 4107 qui
590 4035 857 4090 discurrit
877 4035 948 4091 de
973 4035 1124 4106 ipsas
1152 4027 1359 4101 fontes,
1389 4038 1446 4089 et
1475 4034 1743 4090 inlaterat
1762 4051 1865 4107 per
1894 4035 2081 4106 ipsum
2183 4035 2281 4107 qui
2295 4036 2415 4107 ejus
2432 4034 2733 4106 fungimur
2745 4034 3309 4105 vice,perpetuis,nisi
3325 4034 3806 4107 resipuerit,ana-

467 4125 699 4192 saltum,
730 4129 788 4179 et
805 4123 1068 4195 pervenit
1095 4140 1198 4195 per
1215 4124 1576 4192 Moloculino,
1603 4124 1719 4178 sive
1741 4125 1800 4178 in
1820 4124 1988 4178 alode
2011 4124 2082 4179 de
2183 4123 2700 4178 thematisvinculis
2712 4122 3035 4193 obligamus
3049 4140 3063 4191 ;
3078 4123 3262 4195 sitque
3274 4123 3470 4194 portio
3488 4124 3613 4194 ejus
3629 4122 3811 4176 infer-

466 4214 689 4269 Joanne
711 4214 1066 4286 presbytero,
1100 4216 1159 4267 et
1211 4212 1473 4285 pervenit
1514 4230 1694 4285 usque
1738 4213 1797 4267 in
1828 4214 1974 4268 collo
2010 4214 2083 4269 de
2183 4212 2635 4279 nus,haareditas
2654 4211 2806 4266 illius
2821 4210 3100 4279 diabolus,
3121 4227 3256 4283 pars
3271 4215 3331 4266 et
3347 4212 3812 4282 consolatioejus

467 4304 685 4359 colaria
712 4303 829 4357 sive
858 4303 917 4357 in
947 4303 1071 4374 ipsa
1100 4318 1250 4357 arca.
1292 4303 1361 4356 Et
1388 4302 1499 4357 alio
1526 4302 1717 4371 alode,
1743 4303 1841 4375 qui
1867 4303 1977 4357 fuit
2011 4304 2083 4358 de
2182 4300 2281 4356 ubi
2312 4316 2613 4374 nunquam
2637 4300 2854 4367 laetitia,
2877 4300 2976 4355 sed
2995 4315 3226 4371 semper
3242 4303 3331 4355 est
3347 4300 3545 4357 ﬂetus:
3579 4301 3811 4356 veniat-

471 4391 827 4447 Seximundo
853 4392 1186 4463 presbytero
1207 4390 1322 4445 sive
1343 4391 1483 4446 alias
1506 4390 1700 4445 vineas
1726 4408 1855 4463 qua:
1875 4391 1935 4446 in
1960 4391 2086 4448 aliis
2105 4397 2159 4457 D
2185 4406 2317 4462 que,
2335 4389 2465 4457 nisi,
2482 4391 2543 4443 ut
2554 4388 3325 4460 diximus,resipuerit,super
3342 4389 3511 4445 illum
3523 4389 3810 4462 quidquid

469 4478 608 4534 locis
626 4483 780 4534 sunt.
815 4479 882 4533 Et
908 4479 965 4533 in
998 4479 1191 4533 Sancti
1219 4478 1487 4550 Sylvestri
1508 4495 1710 4534 manso
1740 4496 1868 4534 cum
1903 4482 2086 4536 terras
2186 4478 2605 4533 maledictionis
2620 4477 3441 4549 excogitariveldicipotesLSi
3461 4479 3591 4550 quis
3607 4482 3808 4533 autem

472 4570 532 4621 et
553 4567 765 4635 vineas,
799 4571 855 4621 et
881 4585 1010 4622 cum
1045 4568 1197 4639 ipsos
1225 4584 1471 4635 eremos,
1496 4570 1553 4622 et
1573 4584 1705 4622 cum
1735 4568 1988 4623 decimas
2012 4568 2085 4624 de
2184 4568 2353 4639 hujus
2383 4568 2561 4622 sancti
2582 4566 2827 4622 coenobii
2855 4565 3082 4637 adjutor
3112 4566 3363 4622 existens
3387 4568 3574 4634 illum,
3602 4567 3664 4623 in
3691 4585 3809 4640 quo

472 4653 596 4724 ipso
622 4672 848 4711 manso.
880 4656 948 4710 Et
975 4656 1033 4711 in
1056 4656 1403 4711 Deredeldos
1432 4671 1634 4711 manso
1661 4672 1795 4710 cum
1824 4660 2007 4711 terras
2029 4662 2089 4712 et
2186 4654 2458 4727 potuerit,
2477 4656 2717 4727 elegerit
2738 4658 2796 4709 et
2809 4654 3108 4721 amaverit,
3128 4654 3220 4709 hic
3250 4656 3353 4710 Dei
3384 4656 3812 4729 omnipotentis

473 4742 692 4808 vin'cas,
714 4748 927 4799 etcum
971 4745 1121 4816 ipsos
1167 4760 1396 4799 eremos
1444 4743 1542 4816 qui
1590 4742 1806 4799 ibidem
1837 4748 1989 4798 sunt.
2020 4747 2083 4800 In
2187 4744 2512 4799 interventu
2527 4743 3101 4814 apostolicarepletus
3116 4742 3525 4798 benedictione
3546 4759 3813 4800 crescere

474 4830 751 4885 comitatu
774 4832 1157 4886 Cerdaniense
1178 4849 1380 4887 manso
1406 4848 1523 4886 uno
1557 4848 1687 4886 cum
1711 4834 1909 4887 terras.
1938 4833 2005 4887 Et
2024 4834 2085 4888 in
2186 4849 2246 4887 se
2277 4833 2527 4903 gaudeat
2551 4831 2610 4885 in
2624 4831 2893 4886 virtutem
2909 4831 2980 4886 de
2998 4831 3240 4898 virtute;
3270 4831 3457 4904 sitque
3469 4831 3662 4903 portio
3689 4833 3816 4904 ejus

471 4918 832 4974 Purermano
876 4935 1035 4973 maso
1084 4936 1200 4975 uno
1246 4937 1377 4975 cum
1407 4924 1608 4975 terras.
1632 4919 1700 4973 Et
1746 4920 1806 4974 in
1840 4920 2083 4976 Arriano
2185 4922 2504 4992 paradisus,
2525 4920 2831 4975 haereditas
2846 4919 2997 4973 illius
3012 4919 3578 4987 DominusChristus,
3596 4936 3737 4992 pars
3755 4924 3815 4975 et

471 5006 700 5073 domos,
729 5010 912 5061 terras
931 5007 1200 5063 etvineas
1221 5024 1354 5063 cum
1378 5008 1642 5063 terminis
1664 5011 1722 5062 et
1750 5008 2085 5080 adjacentiis
2185 5010 2502 5066 consolatio
2533 5009 2655 5081 ejus
2711 5009 2811 5064 ubi
2859 5024 3089 5080 semper
3137 5008 3415 5080 gaudium
3443 5012 3503 5064 et
3531 5008 3706 5064 dolor
3730 5013 3818 5064 est

467 5096 602 5152 suis.
638 5096 703 5149 Et
729 5095 787 5150 in
816 5096 973 5150 Bulla
995 5094 1223 5164 domos,
1259 5100 1439 5151 terras
1465 5101 1523 5151 et
1547 5096 1763 5165 vineas,
1791 5102 1846 5152 et
1877 5097 1936 5151 in
1960 5098 2084 5170 ipso
2186 5100 2394 5155 nullus.
2427 5097 2829 5153 lnterdicimus
2871 5098 3049 5152 etiam
3097 5096 3346 5152 universi
3376 5097 3613 5169 generis
3638 5100 3814 5169 pote-

468 5201 818 5242 mansocum
836 5185 985 5257 ipsas
1008 5188 1185 5239 terras
1206 5185 1426 5256 etipsas
1446 5186 1661 5253 vineas,
1680 5186 1834 5257 quod
1853 5186 2089 5241 Landri-
2186 5188 2425 5244 statibus
2456 5191 2519 5242 ut
2566 5187 2707 5242 nulli
2752 5187 2920 5241 liceat
2974 5204 3043 5242 ex
3081 5187 3207 5259 jam
3256 5186 3409 5241 dicto
3450 5187 3814 5242 monasterio

465 5291 564 5331 cus
594 5292 725 5330 cum
765 5292 941 5330 uxore
970 5292 1073 5329 sua
1104 5274 1263 5329 dedit
1305 5275 1374 5329 ad
1400 5274 1674 5329 Sanctum
1700 5274 2081 5347 Stephanum,
2187 5278 2444 5351 accipere
2473 5276 2818 5349 pascuarios,
2870 5276 2959 5331 vel
3019 5276 3247 5347 exigere
3276 5274 3557 5347 traginas,
3594 5280 3699 5331 aut
3729 5275 3820 5330 di-

463 5380 598 5420 cum
629 5364 894 5419 terminis
923 5368 983 5419 et
1019 5364 1359 5435 adjacentiis
1388 5364 1522 5418 suis.
1552 5366 1612 5418 In
1647 5363 1877 5419 Olmera
1905 5368 2085 5420 terras
2185 5367 2471 5439 stringere
2492 5368 2729 5439 placitos
2753 5368 2919 5422 ullius
2955 5365 3211 5421 hominis
3259 5365 3335 5421 ad
3382 5366 3814 5422 monasterium

462 5454 643 5507 cultas
666 5454 753 5507 vel
784 5453 1025 5507 incultas
1069 5455 1137 5507 Et
1164 5454 1222 5507 in
1257 5455 1543 5523 Lampage
1586 5469 1791 5524 campo
1824 5470 1962 5509 uno.
2017 5454 2085 5508 Et
2184 5456 2549 5529 pertinentis,
2581 5457 2969 5528 cujuscunque
3024 5455 3096 5510 sit
3122 5456 3327 5527 culpae,
3378 5454 3425 5509 si
3470 5454 3813 5529 supradictis

461 5541 521 5596 in
546 5544 747 5613 Bages,
776 5545 833 5596 et
860 5543 920 5596 in
950 5544 1197 5599 Merresa
1222 5547 1403 5598 terras
1441 5546 1499 5597 et
1539 5541 1753 5610 vineas,
1778 5545 1995 5598 cultum
2026 5546 2085 5598 et
2185 5544 2684 5601 maledictionibus
2714 5562 2833 5602 non
2859 5545 2975 5600 vult
3003 5544 3321 5616 subjacere,
3345 5560 3491 5616 quas
3508 5541 3664 5601 Deus
3676 5560 3809 5599 om.

459 5647 894 5701 eremum,cum
908 5631 1239 5689 terminiset
1252 5630 1589 5708 adjacentiis
1608 5629 1888 5689 suismet:
1901 5632 2082 5707 igitur
2182 5633 2451 5712 nipotens
2505 5638 2566 5691 et
2609 5634 2682 5692 ab
2710 5633 3070 5710 adiutoribus
3094 5633 3267 5709 huius
3293 5633 3481 5693 nostri
3521 5631 3815 5711 privilegii
