4028 6186
346 418 483 477 ἶ613
1551 404 1903 463 EPISTOL/E
1929 404 2017 461 ET
2050 401 2390 466 DECRETA.
3430 416 3431 421 ‘
3522 416 3662 474 16H.

349 554 584 610 semper
613 538 855 602 avertat,
886 536 946 588 et
969 530 1331 601 disrumpere
1370 527 1669 600 cupientes
1720 541 1945 582 severus
1965 529 2023 589 Α
2044 525 2281 595 boscno,
2336 531 2396 581 et
2422 528 2652 584 alodem
2685 545 2861 601 quem
2892 528 3093 586 dicunt
3148 531 3347 601 Oliba;
3406 537 3466 590 et
3502 538 3660 593 malo

344 626 602 683 inducat.
2046 620 2279 685 pertuso
2311 633 2443 672 cum
2498 617 2764 673 terminis
2817 622 2875 673 et
2929 619 3267 691 adjacentiis
3297 622 3556 684 illorum.
3591 627 3664 682 Et

414 714 712 785 Scriptum
745 729 851 785 per
871 726 1079 766 manus
1111 704 1401 764 Benedicti
1439 703 1649 759 notarii
1680 702 1943 775 regiona-
2048 704 2276 760 alodem
2336 723 2508 777 quem
2567 706 2764 761 dicunt
2792 708 3096 776 Genebrel,
3147 712 3207 765 et
3242 712 3579 784 Aquabella,
3602 721 3662 772 et

338 803 407 859 rii
436 807 496 858 et
517 800 796 857 scriniarii
829 802 1041 855 sanctae
1068 799 1345 853 Romanas
1374 793 1635 849 Ecclesia:
1664 793 1723 847 in
1742 808 1941 847 mense
2045 792 2370 862 Prunarias,
2403 797 2461 849 et
2490 795 2849 864 Habinarios,
2878 800 2936 852 et
2962 791 3193 854 alodem
3247 816 3423 871 quem
3463 802 3661 859 dicunt

330 892 628 958 Januario,
662 889 977 944 indictione
1002 885 1207 958 quinta
1230 883 1474 939 decima.
2045 879 2304 950 Carrera,
2339 899 2471 939 cum
2502 884 2769 940 terminis
2825 889 2884 941 et
2924 885 3264 956 adjacentiis
3289 888 3543 947 illorum.
3592 895 3662 948 Et

404 983 558 1035 Bene
583 980 784 1033 valete.
2044 970 2273 1026 alodem
2298 972 2394 1043 qui
2426 976 2511 1027 est
2560 973 2619 1028 in
2650 974 2925 1047 parochia
2954 976 3024 1030 de
3052 976 3424 1047 Tortelliano,
3484 984 3544 1036 et
3596 981 3657 1038 in

1085 1063 1193 1117 XX.
2041 1060 2317 1132 parochia
2342 1061 2411 1115 de
2441 1063 2745 1134 Agelager,
2773 1079 2906 1119 cum
2941 1066 3204 1121 terminis
3233 1070 3292 1122 et
3319 1067 3658 1140 adjacentiis

330 1176 688 1246 Privilegmm
736 1171 1019 1247 Repedieu
1060 1168 1422 1247 Vl-papa,‘
1460 1182 1558 1237 pro
1610 1165 1935 1247 ,ηρηᾳεεθζέο
2036 1148 2172 1247 suis.
2188 1150 2495 1247 Etalodem
2518 1152 2617 1247 qui
2647 1152 2812 1247 estin
2838 1154 3656 1247 parochiadeMonteacuton

399 1237 596 1305 Sancti
612 1246 766 1302 Petri
795 1240 1203 1314 Campz'rolundi
1232 1237 1288 1293 ἰὴ
1323 1237 1505 1293 eodem
1533 1239 1788 1292 comitatu
1830 1237 1935 1292 ,Βί-
2037 1242 2126 1293 est
2154 1238 2389 1310 palatio,
2417 1256 2549 1293 cum
2579 1239 2701 1311 ipso
2733 1241 2946 1298 boscho
2983 1246 3042 1298 et
3076 1246 3285 1301 Molino
3308 1247 3555 1303 Beteret.
3588 1249 3657 1303 Et

393 1320 720 1377 suldunensi.
926 1368 935 1375 .
966 1402 973 1405 Α
1154 1404 1160 1405 γ
1188 1403 1195 1405 Α
1224 1402 1232 1405 Α
1306 1398 1316 1405 ι
2035 1327 2268 1381 alodem
2298 1343 2473 1398 quem
2504 1328 2702 1383 dicunt
2720 1331 2966 1386 Artisces
2988 1349 3119 1387 cum
3151 1333 3273 1405 ipso
3312 1336 3548 1404 boseho,
3597 1339 3657 1392 et

928 1402 1116 1495 (Man
1144 1398 1324 1495 ίοίῖο)
1445 1485 1467 1495 -
1614 1486 1713 1495 “ﬂ
1742 1492 1759 1495 _
2034 1416 2096 1471 in
2128 1416 2375 1488 Capriol,
2405 1420 2464 1472 et
2484 1416 2519 1471 il

2061 1432 2096 1470 n
2128 1416 2375 1488 Capriol,
2405 1416 2543 1472 etin
2564 1418 2795 1486 Mauro,‘
2818 1422 2877 1474 et
2904 1420 2965 1475 in
2990 1398 3204 1492 palatio
3243 1424 3397 1495 ipsos
3423 1398 3651 1481 molen-

493 1494 895 1566 [COCOUELINES
928 1488 1022 1543 υθέ
1050 1503 1236 1558 supra:
1269 1490 1413 1543 ῐοω·
1445 1485 1489 1553 Ῑν
1520 1500 1579 1555 P-
1614 1486 1760 1554 325ο]
2035 1485 2225 1573 dines,
2246 1506 2381 1560 etin
2410 1506 2623 1562 Molino
2660 1485 2884 1576 Vetere,
2930 1485 3009 1564 et-
3041 1510 3101 1566 in
3149 1485 3487 1569 Wadomalo
3516 1530 3651 1571 cum

394 1603 726 1657 BENEDICTUS
755 1597 1076 1670 episcopus,
1105 1608 1296 1648 servus
1320 1607 1617 1646 servorum
1647 1590 1770 1659 Dei,
1793 1590 1928 1646 dile-
2032 1609 2134 1648 suo
2160 1594 2521 1667 caputaquis,
2554 1599 2613 1650 et
2640 1612 2771 1650 cum
2798 1614 2901 1652 suo
2932 1597 3192 1667 decurso,
3218 1605 3277 1656 et
3299 1618 3434 1657 suos
3452 1619 3653 1675 super-

320 1695 411 1746 cto
444 1690 503 1744 in
536 1688 783 1744 Domino
830 1688 1092 1741 BONFILIO
1123 1683 1393 1754 religioso
1414 1680 1606 1736 abbati
1633 1681 1926 1736 venerabi-
2029 1682 2271 1754 positos.
2303 1684 2371 1738 Et
2402 1683 2461 1738 in
2501 1684 2742 1756 ipso.....
2772 1703 2974 1742 manso
2992 1704 3121 1742 cum
3154 1690 3439 1759 terminis,
3462 1695 3522 1747 et
3547 1693 3646 1748 ad-

316 1780 385 1833 lis
441 1775 779 1832 monasterii
834 1772 1026 1828 Sancti
1058 1771 1210 1826 Petri
1235 1770 1436 1841 Campi
1464 1769 1736 1836 Rotundi,
1767 1769 1921 1840 quod
1956 1847 1983 1849 μ
2020 1771 2289 1844 jacentiis
2348 1772 2483 1827 suis.
2530 1773 2599 1828 Et
2628 1773 2687 1828 in
2728 1775 2952 1831 Boscols
3008 1776 3198 1849 ipsum
3252 1778 3483 1835 alodem
3513 1797 3645 1837 cum

318 1870 403 1921 est
426 1866 600 1921 situm
635 1864 695 1919 in
749 1862 1029 1918 comitatu
1070 1859 1494 1926 Bisuldunensi,
1526 1857 1584 1912 in
1609 1859 1752 1913 valle
1776 1858 1917 1913 Lau-
1946 1847 1999 1906 Β
2023 1862 2292 1917 terminis
2307 1866 2366 1917 et
2379 1862 2715 1933 adjacentiis
2730 1863 2939 1919 suis.Et
2957 1865 3015 1919 in
3031 1847 3310 1938 parochia
3322 1868 3516 1924 Sancti
3548 1870 3646 1926 Fe-

316 1956 581 2023 darense,
620 1953 774 2007 inter
793 1952 906 2007 duo
933 1949 1197 2017 flumina,
1215 1947 1642 2018 tibitecumque
1674 1963 1915 2001 manen-
2016 1950 2148 2005 licis
2180 1950 2239 2006 in
2271 1952 2494 2007 Lutuno
2545 1951 2671 2022 ipsa
2699 1953 2831 2009 villa
2858 1971 2991 2009 cum
3022 1955 3146 2028 ipso
3177 1956 3347 2012 alode
3403 1956 3475 2012 de
3536 1958 3641 2014 Lu-

314 2044 486 2110 tibus,
512 2047 570 2097 et
593 2058 696 2112 per
726 2045 782 2094 te
818 2039 930 2094 tuis
973 2038 1321 2108 illorumque
1359 2034 1793 2102 successoribus,
1822 2052 1911 2090 sa-
2017 2039 2169 2107 ders,
2204 2044 2263 2095 et
2291 2041 2363 2095 de
2390 2041 2697 2097 Selvatella
2715 2058 2845 2097 cum
2882 2043 3004 2115 ipso
3037 2045 3277 2115 boscho,
3301 2049 3361 2101 et
3386 2063 3519 2102 cum
3549 2047 3637 2121 ip-

310 2136 398 2190 lus
435 2136 494 2188 et
523 2148 629 2203 pax
657 2134 715 2184 et
739 2128 1051 2201 apostolica
1104 2125 1452 2193 benedictio,
1507 2124 1699 2196 quoad
1739 2141 1910 2179 mun-
2016 2144 2108 2183 sos
2138 2129 2430 2198 olibarios,
2464 2146 2596 2185 cum
2641 2130 2904 2185 terminis
2933 2135 2990 2187 et
3011 2133 3350 2204 adjacentiis
3380 2134 3637 2195 illorum.

311 2225 417 2279 dus
440 2221 765 2292 permanet.
789 2221 1000 2273 Amen.
2016 2217 2084 2270 Et
2106 2216 2165 2270 in
2197 2218 2470 2289 parochia
2498 2218 2692 2273 Sancti
2720 2220 2988 2287 Mattbaai,
3023 2222 3254 2278 alodem
3293 2223 3392 2295 qui
3442 2227 3531 2280 est
3573 2224 3633 2280 in

383 2312 526 2366 Cum
552 2311 776 2364 constet
804 2305 1117 2360 Dominum
1144 2305 1322 2358 Deum
1346 2304 1605 2356 nostrum
1626 2302 1912 2356 honorem
2014 2303 2147 2359 villa
2178 2307 2456 2373 Damires,
2506 2310 2565 2362 et
2620 2306 2681 2361 in
2728 2309 2894 2363 stella
2929 2326 3062 2364 cum
3092 2310 3356 2367 terminis
3384 2315 3442 2367 et
3471 2313 3636 2385 adja—

309 2403 522 2455 sanetee
551 2394 887 2452 universalis
913 2392 1172 2447 Ecclesiae
1193 2392 1548 2445 incessanter
1569 2406 1603 2443 a
1631 2406 1900 2461 propaga.

2040 2393 2217 2448 :entiis
2246 2394 2500 2462 illorum,
2534 2399 2593 2450 et
2623 2396 2745 2468 ipsa
2785 2397 2933 2452 valle
2983 2400 3043 2453 et
3087 2400 3451 2457 Romaniano
3499 2418 3631 2459 cum

309 2489 529 2546 toribus
558 2488 743 2542 beatae
774 2484 910 2538 ﬁdei
950 2485 1350 2553 augmentare,
1371 2486 1621 2533 ‘necesse
1654 2482 1738 2533 est
1764 2478 1911 2533 acci—
2015 2481 2138 2551 ejus
2173 2482 2362 2550 alode,
2391 2488 2449 2537 et
2477 2500 2609 2538 cum
2664 2484 2787 2555 ipsa
2845 2485 3080 2541 ecclesia
3128 2503 3260 2542 cum
3308 2488 3548 2545 decimis
3574 2495 3635 2547 ει

310 2577 600 2652 pieutibus
628 2575 700 2630 ab
729 2573 826 2627 illo
858 2571 1031 2627 totius
1054 2571 1186 2640 jura
1201 2567 1502 2640 regiminis
1521 2567 1572 2621 ei
1595 2568 1911 2622 concedere
2017 2570 2307 2641 primitiis,
2338 2574 2396 2625 et
2422 2572 2747 2627 oblationes
2794 2572 3051 2628 ﬁdelium
3105 2591 3238 2630 cum
3281 2577 3544 2633 terminis
3575 2581 3635 2633 et

310 2682 553 2721 censura
573 2662 714 2736 justi
757 2658 1173 2743 moderaminis
1216 2657 1448 2711 firmam
1477 2656 1908 2723 liberalitatem,
2012 2660 2350 2729 adjacentiis
2372 2660 2604 2716 illorum
2637 2662 2851 2733 absque
2880 2662 3116 2718 tributo.
3151 2665 3224 2720 Et
3269 2664 3328 2719 in
3376 2667 3635 2724 Pontons

307 2757 719 2825 malorumque
750 2751 948 2824 procul
994 2749 1067 2803 ab
1121 2763 1190 2801 ea
1218 2746 1434 2817 pellere
1486 2744 1908 2818 pervasionem.
2012 2748 2203 2818 ipsum
2230 2749 2461 2804 alodem
2486 2766 2618 2804 cum
2641 2750 2908 2805 terminis
2938 2756 2997 2805 et
3026 2752 3364 2823 adjacentiis
3398 2756 3632 2813 illorum

311 2844 590 2909 Quocirca
619 2839 896 2913 quoniam
917 2833 1525 2907 convenitapostolicte
1537 2833 1737 2906 pietati
1752 2834 1915 2889 beni-
2014 2837 2083 2891 Et
2110 2836 2171 2891 in
2201 2836 2455 2892 Parietes
2484 2837 2674 2908 ipsum
2705 2838 2936 2893 alodem
2958 2856 3088 2894 cum
3112 2842 3376 2897 terminis
3396 2847 3454 2898 et
3478 2846 3636 2916 adja-

310 2950 430 3006 gna
456 2930 783 3003 petentibus
838 2941 1168 2981 succurrere
1193 2921 1615 2993 eompassione,
1648 2922 1776 2977 ideo
1810 2940 1914 2977 nos
2015 2925 2220 2981 centiis
2244 2925 3633 3005 illorum.EtiuS.Eulaliaipsosmansoscumejus

310 3022 422 3077 tuis
441 3019 631 3091 justis,
665 3016 882 3073 etenim
914 3015 992 3069 sic
1014 3017 1150 3068 sunt
1174 3030 1209 3067 a
1228 3010 1393 3066 nobis
1406 3010 1913 3080 adjudicatazmam
2017 3014 2235 3082 alodes,
2264 3030 2395 3069 cum
2423 3014 2687 3070 terminis
2735 3019 2796 3070 et
2823 3016 3161 3087 adjacentiis
3188 3017 3441 3075 illorum.
3478 3022 3546 3077 Et
3568 3023 3629 3078 in

299 3111 456 3181 juste
482 3109 649 3174 ﬁunt,
674 3107 996 3161 annuentes
1019 3101 1517 3174 precibus,omues
1534 3100 1914 3171 proprietates
1934 3144 1981 3203 α
2013 3103 2160 3157 valle
2189 3103 2392 3158 Biania
2432 3103 2585 3175 ipsos
2614 3103 2855 3161 solarios
2906 3121 3035 3160 cum
3093 3107 3216 3177 ejus
3261 3109 3521 3180 ecclesia,
3574 3115 3633 3167 et

309 3178 426 3255 sive
442 3191 1433 3271 possessionesipsiusloci,ﬁnes,vel
1451 3189 1804 3245 limitescum
1818 3190 1915 3246 ad-
1935 3178 1981 3203 “⁴
2013 3208 2148 3246 cum
2180 3192 2419 3247 decimis
2448 3196 2506 3247 et
2535 3193 2826 3263 primitiis,
2859 3197 2919 3249 et
2948 3210 3081 3249 cum
3095 3195 3217 3266 ejus
3235 3178 3541 3268 cimiterio,
3572 3204 3633 3256 et

300 3288 576 3361 jacentiis
624 3285 1047 3359 praecipuorum
1065 3279 1443 3352 prmdiorum,
1475 3294 1609 3332 cum
1643 3279 1913 3334 omnibus
2016 3281 2340 3337 oblationes
2366 3282 2626 3337 ﬁdelium
2654 3283 2875 3355 absque
2901 3283 3140 3339 tributo.
3172 3285 3241 3339 Et
3257 3284 3316 3340 in
3345 3287 3628 3345 cubilisco

306 3375 583 3443 ecclesiis,
616 3372 924 3447 paiochiis,
951 3370 1120 3437 villis,
1152 3368 1361 3436 fundis,
1405 3367 1708 3435 easalibus,
1746 3367 1910 3435 casis,
2011 3370 2103 3424 vel
2131 3370 2191 3426 in
2217 3372 2363 3426 valle
2398 3371 2596 3427 Biania
2628 3371 2781 3443 ipsos
2830 3388 3028 3428 masos
3069 3389 3206 3429 cum
3247 3375 3371 3446 ejus
3399 3377 3633 3447 alodem

306 3465 501 3532 terris,
534 3462 737 3530 vineis,
758 3459 999 3531 campis,
1025 3456 1229 3530 pratis,
1260 3457 1503 3529 pascuis,
1532 3456 1703 3523 silvis,
1735 3454 1913 3525 garri-
2013 3476 2147 3515 eum
2170 3460 2435 3516 terminis
2462 3465 2519 3516 et
2547 3461 2892 3532 adjacentiis
2943 3462 3199 3521 illorum.
3252 3465 3322 3519 Et
3368 3464 3432 3521 in
3480 3466 3635 3540 Bago

303 3554 409 3622 eis,
442 3552 609 3618 areis,
642 3549 985 3616 torculariis,
1008 3547 1478 3619 aquis,aquarum
1497 3543 1907 3612 ductibus,viis,
2010 3550 2098 3604 vel
2124 3549 2183 3604 in
2207 3548 2379 3605 Serra
2401 3550 2554 3621 ipsos
2583 3566 2816 3607 mansos
2856 3567 2989 3607 cum
3047 3552 3171 3623 ejus
3223 3554 3392 3610 alode
3420 3559 3637 3612 etcum

301 3639 656 3697 molendinis
682 3654 815 3694 cum
847 3636 959 3691 suis
982 3632 1318 3705 caputaquis
1349 3636 1408 3687 et
1433 3632 1547 3687 suis
1569 3630 1907 3705 piscatoriis,
2012 3637 2134 3708 ejus
2158 3638 2416 3694 decimis.
2446 3640 2515 3693 Et
2546 3638 2606 3693 in
2649 3640 2934 3696 comitatu
2974 3640 3420 3712 Rossolionensi,
3450 3646 3539 3700 vel
3576 3644 3637 3701 in

302 3731 525 3784 cultum
549 3732 609 3783 et
636 3727 940 3791 incultum,
973 3726 1031 3778 et
1060 3736 1417 3795 quaecunque
1447 3721 1649 3775 beatus
1678 3724 1908 3791 aposto-
2009 3728 2157 3781 valle
2184 3727 2410 3807 Asperi,
2442 3728 2530 3782 vel
2561 3727 2619 3781 in
2652 3729 2966 3784 Palaldano
3019 3730 3172 3800 ipsos
3219 3748 3452 3787 mansos
3501 3750 3636 3790 cum

300 3819 390 3874 lus
430 3818 634 3871 Petrus
680 3830 752 3869 ex
786 3809 1188 3868 collationibus
1234 3807 1492 3863 ﬁdelium
1540 3807 1600 3862 in
1647 3808 1909 3863 cceuobio
2011 3816 2135 3887 ejus
2177 3815 2367 3883 alode,
2405 3831 2537 3870 cum
2587 3816 2853 3870 terminis
2914 3820 2974 3871 et
3003 3818 3341 3889 adjacentiis
3378 3819 3631 3878 illorum,

305 3904 507 3977 Campi
535 3902 785 3959 Rotundi
812 3900 1068 3955 retinere
1094 3897 1339 3964 videtur,
1388 3899 1587 3951 nostro
1644 3896 1896 3967 apostoli-

2040 3905 2081 3958 ξι
2111 3904 2171 3959 in
2199 3903 2447 3959 Miralias
2474 3904 2597 3976 ipsa
2616 3904 2749 3959 villa
2777 3921 2907 3961 cum
2939 3906 3063 3977 ejus
3092 3907 3258 3963 alode
3288 3911 3347 3963 et
3384 3925 3515 3964 cum
3544 3910 3631 3982 ip-

304 4009 372 4049 co
420 3992 837 4048 conﬁrmamus
897 3986 1226 4061 privilegio.
1287 3985 1669 4040 Concedimus
1715 3985 1908 4057 itaque
2010 4010 2105 4049 sos
2125 3993 2389 4061 boschos,
2424 4008 2555 4047 cum
2586 3993 2851 4048 terminis
2880 3997 2937 4049 et
2990 3995 3328 4067 adjacentiis
3373 3997 3630 4067 illorum,

302 4081 580 4155 prtrdicto
604 4078 958 4135 monasterio
988 4075 1210 4131 alodem
1244 4075 1399 4146 quod
1435 4074 1494 4128 in
1521 4073 1758 4128 circuitu
1787 4074 1910 4145 ejus
2012 4085 2069 4137 et
2096 4081 2222 4152 ipsa
2252 4082 2385 4136 villa
2413 4082 2486 4136 de
2514 4082 2933 4138 Avellanotello
2990 4100 3123 4139 cum
3183 4085 3306 4155 ejus
3352 4085 3540 4155 alode,
3572 4091 3632 4143 et

301 4172 552 4229 habetur
572 4172 662 4224 vel
686 4169 902 4223 habere
930 4162 1654 4237 dignoscitur,piscationes
1676 4179 1907 4235 quoque
2012 4188 2144 4225 cum
2174 4171 2297 4241 ejus
2338 4170 2596 4225 decimis.
2646 4172 2714 4225 Et
2760 4171 2823 4225 in
2867 4174 3146 4228 comitatu
3192 4173 3629 4231 Rossolianense

307 4275 590 4332 aquarum
621 4258 804 4312 Tezen
833 4256 903 4311 de
931 4257 1152 4326 septem
1189 4268 1346 4307 casas
1401 4268 1579 4323 usque
1627 4252 1702 4307 ad
1753 4251 1905 4323 iPSOS
2010 4261 2101 4316 vel
2132 4260 2193 4314 in
2225 4259 2359 4314 villa
2381 4260 2692 4327 Malleolas,
2722 4260 2875 4332 ipsos
2902 4278 3137 4317 mansos
3178 4278 3310 4318 cum
3346 4264 3470 4335 ejus
3505 4264 3627 4320 alo-

303 4350 566 4416 Kalkers,
593 4347 723 4401 etin
747 4345 869 4399 rivo
892 4346 1046 4398 torto
1059 4342 1129 4396 de
1148 4341 1416 4397 Mullione
1438 4356 1617 4413 usque
1634 4340 1693 4394 in
1714 4341 1904 4397 'l‘ezer.
1932 4401 1978 4420 ἢ
2010 4349 2100 4416 de,
2132 4365 2264 4404 cum
2290 4348 2560 4403 terminis
2578 4352 2637 4403 et
2658 4348 2994 4420 adjacentiis
3020 4351 3276 4407 illorum.
3303 4353 3373 4407 Et
3400 4352 3461 4408 in
3492 4352 3629 4409 villa

301 4437 677 4493 Parrochiam
698 4437 892 4490 autem
913 4432 984 4487 de
1009 4431 1134 4503 ipsa
1154 4430 1298 4485 valle
1320 4447 1335 4499 ;
1367 4430 1668 4485 ecclesiam
1683 4428 1892 4483 Sancta

2587 4401 2634 4403 --
2663 4401 2991 4420 hrum---
3020 4401 3276 4407 --_-____-
3303 4401 3370 4407 _-
3400 4401 3461 4408 -._
3504 4401 3625 4409 ...._

2034 4438 2276 4493 ,‘orrilias
2303 4437 2455 4509 ipsas
2479 4437 2711 4506 salinas,
2752 4454 2884 4494 cum
2939 4438 3095 4510 ipsas
3138 4439 3355 4510 vineas,
3406 4444 3625 4499 etcum

299 4526 491 4583 Marias
512 4540 644 4580 cum
667 4522 903 4578 decimis
932 4523 1104 4592 atque
1116 4517 1409 4591 primitiis,
1439 4519 1498 4573 et
1520 4516 1890 4572 oblationibu:

2036 4527 2132 4598 jus
2156 4526 2324 4581 alode
2353 4543 2485 4581 cum
2518 4526 2781 4582 terminis
2801 4531 2860 4582 et
2889 4528 3226 4599 adjacentiis
3263 4529 3519 4586 illorum.
3556 4532 3627 4587 Et

299 4614 561 4671 ﬁdelium
587 4613 801 4684 absque
823 4611 1062 4668 tributo.
1094 4607 1432 4664 Paroehiam
1483 4609 1677 4661 autem
1711 4605 1906 4663 Sancti
2006 4615 2066 4671 in
2092 4615 2371 4671 comitatu
2418 4616 2825 4671 Petralatensis
2883 4616 3036 4687 ipsos
3089 4634 3323 4675 mansos
3376 4619 3448 4675 de
3491 4620 3625 4677 villa

302 4704 702 4779 ChristOphori
733 4698 1110 4759 Crescentarii
1138 4714 1271 4753 cum
1299 4696 1423 4770 ipso
1455 4697 1642 4765 alode,
1684 4699 1743 4751 et
1772 4713 1905 4752 cum
2006 4704 2178 4760 Sacas
2203 4707 2261 4759 et
2290 4704 2349 4758 in
2380 4703 2569 4759 Olibes
2608 4704 2761 4776 ipsos
2807 4722 3040 4761 mansos
3085 4722 3214 4762 cum
3267 4725 3472 4766 eorum
3499 4713 3621 4768 alo-

300 4798 426 4872 ipso
453 4793 776 4861 είηιθιθνίο,
807 4808 941 4847 cum
973 4787 1212 4845 ἀθοίῐηίδ
1237 4790 1295 4841 et
1324 4786 1615 4859 Ρτίωίῐίίεν
1646 4788 1706 4840 θῐ
1742 4786 1905 4841 Obla-
2005 4794 2125 4859 des,
2159 4795 2218 4849 et
2244 4793 2304 4848 in
2327 4793 2564 4848 Terrers
2592 4793 2742 4865 ipsas
2771 4794 2969 4850 vineas
2996 4812 3131 4851 eum
3153 4798 3417 4855 terminis
3442 4803 3618 4859 etad-

297 4888 487 4943 tiones
512 4883 771 4940 ﬁdelium
792 4881 1007 4951 absque
1033 4876 1269 4931 tributo.
1299 4875 1539 4931 Alodem
1571 4874 1729 4947 quod
1758 4874 1901 4930 diei-
1996 4881 2269 4953 jacentiis
2298 4881 2550 4939 illorum.
2581 4883 2650 4936 Et
2674 4882 2733 4936 in
2764 4882 3042 4939 comitatu
3070 4885 3441 4945 Gerundense
3463 4890 3617 4963 ipsos

295 4979 395 5031 tur
420 4972 745 5039 “nanda”:
775 4972 834 5025 et
861 4967 1092 5024 διυάθω
1122 4965 1195 5020 de
1219 4964 1543 5031 Frescanet’
1571 4967 1629 5018 et
1668 4963 1898 5019 δίοάθηι
2001 4989 2236 5028 mansos
2266 4973 2337 5027 de
2359 4972 2627 5027 Flassano
2658 4987 2787 5026 cum
2816 4973 2938 5045 ejus
2964 4975 3153 5047 alode,
3180 4993 3314 5033 cum
3350 4979 3615 5035 terminis

298 5068 371 5125 de
399 5063 719 5130 Paradella,
751 5063 810 5115 et
840 5058 911 5114 de
937 5057 1161 5121 Rescat,
1183 5056 1242 5108 et
1270 5053 1330 5108 in
1359 5053 1721 5127 Villa-longa,
1754 5059 1813 5110 et
1841 5056 1901 5111 iu
2006 5066 2064 5118 et
2088 5061 2429 5133 adjacentiis
2467 5061 2721 5117 illorum.
2772 5063 2838 5117 Et
2880 5063 2941 5119 in
2992 5066 3273 5123 comitatu
3327 5067 3614 5137 Bergada-

297 5157 622 5221 Castellars,
654 5166 787 5207 eum
818 5144 1103 5212 terminis,
1142 5147 1201 5198 et
1240 5141 1601 5214 adjacentiis.
1652 5145 1896 5202 Alodem
2002 5150 2167 5206 nensi
2197 5150 2350 5223 ipsos
2373 5166 2608 5205 mansos
2639 5167 2782 5223 quos
2810 5152 2972 5209 dedit
2998 5155 3282 5210 Wifredus
3314 5170 3529 5223 comes,
3558 5159 3618 5212 et

296 5262 472 5323 quem
501 5242 700 5299 dicunt
725 5239 926 5308 Pugna
946 5235 1338 5323 Francorum,
1366 5233 1431 5323 et
1459 5231 1689 5323 alodem
1720 5251 1895 5307 quem
1999 5240 2177 5295 alium
2208 5255 2382 5311 quem
2416 5238 2574 5294 dedit
2605 5238 2769 5296 Oliba
2820 5258 3034 5310 comes,
3094 5246 3152 5297 et
3207 5241 3384 5297 alium
3440 5259 3615 5316 quem

296 5319 497 5391 dicunt
524 5329 734 5396 Grado,
763 5328 822 5381 et
849 5322 1080 5379 alodem
1101 5321 1199 5394 qui
1220 5323 1306 5375 est
1324 5319 1384 5374 in
1406 5320 1661 5389 Borloso,
1690 5326 1749 5377 et
1776 5326 1887 5380 alo-

2022 5327 2161 5383 ledit
2191 5326 2486 5396 Bonﬁlius,
2519 5327 2614 5401 qui
2646 5328 2755 5383 fuit
2783 5330 3099 5401 quondam.
3137 5332 3284 5385 Item
3312 5329 3372 5385 in
3406 5331 3613 5406 Corpe,

295 5424 432 5481 dem
461 5419 559 5493 qui
592 5420 677 5473 est
703 5415 764 5470 in
806 5416 971 5479 Arza,
1002 5426 1134 5466 cum
1164 5408 1430 5464 terminis
1473 5412 1530 5464 et
1560 5409 1899 5481 adjacentiis
1999 5419 2058 5471 et
2085 5415 2144 5470 in
2168 5416 2405 5471 Ardariz
2433 5420 2490 5472 et
2519 5416 2577 5470 in
2612 5417 2932 5480 Gardilanz,
2986 5433 3118 5472 cum
3159 5433 3361 5474 eorum
3417 5421 3615 5479 alodes

292 5512 431 5579 suis,
462 5512 519 5565 et
539 5505 767 5563 alodem
794 5517 970 5575 quem
991 5500 1189 5555 dicunt
1210 5499 1392 5568 Reget
1410 5498 1681 5571 eumipsa
1697 5500 1900 5556 Massa-
2001 5520 2134 5560 eum
2165 5504 2428 5559 terminis
2453 5507 2512 5560 et
2539 5504 2875 5576 adjacentiis
2919 5504 3172 5562 illorum.
3231 5508 3301 5562 Et
3346 5508 3406 5563 in
3433 5510 3615 5567 comi-

294 5616 395 5670 na,
422 5601 481 5655 et
514 5595 746 5652 alodem
795 5606 972 5664 quem
1023 5588 1221 5645 dicunt
1265 5586 1547 5655 Vallestir,
1580 5590 1639 5643 et
1666 5588 1896 5645 alodem
2000 5596 2125 5648 tatu
2149 5591 2456 5661 Cerdania,
2486 5594 2574 5648 vel
2603 5592 2664 5648 in
2696 5592 2825 5648 villa
2851 5592 3053 5664 Alone,
3100 5597 3188 5652 vel
3238 5596 3299 5654 in
3328 5598 3613 5672 Volpella-

295 5703 471 5762 “nam
491 5685 690 5749 dicunt
710 5682 881 5742 Amet
902 5695 1036 5739 cum
1089 5678 1216 5756 ipso,
1269 5693 1441 5755 aqua,
1489 5681 1548 5737 et
1592 5693 1729 5738 cum
1773 5679 1898 5759 ipso
2002 5698 2097 5760 ge,
2124 5682 2215 5742 vel
2245 5680 2307 5743 in
2335 5683 2474 5743 Ezer
2499 5681 2654 5759 ipsos
2681 5696 2918 5741 mansos
2942 5697 3079 5743 eum
3108 5685 3327 5765 alodes,
3379 5692 3440 5750 et
3483 5705 3619 5755 cum
