4094 6178
435 400 573 456 1615

1706 388 2079 457 BENEDICTI
2101 390 2223 458 VIII
2245 396 2453 462 PAPJE

3635 408 3780 465 κισ

435 522 564 594 ejus
586 521 805 589 furnos,
843 537 975 576 cum
1007 518 1271 576 terminis
1320 524 1379 577 et
1411 520 1752 593 adjacentiis
1797 521 2047 577 illorum.
2070 526 2127 585 Α
2148 524 2352 581 solatio
2380 543 2507 598 ejus
2529 528 2626 584 ubi
2655 543 2958 600 nunquam
3000 525 3218 598 laetitia,
3271 529 3375 585 sed
3404 544 3646 600 semper
3695 533 3786 584 est

445 610 515 666 Et
539 611 598 666 in
619 609 895 666 comitatu
913 609 1471 680 Rossolionense,vel
1487 611 1545 666 in
1565 612 1710 666 valle
1728 609 2053 666 conﬂuente

436 696 563 771 ipsa
591 699 725 754 villa
746 698 817 754 de
853 698 990 770 pino
1025 699 1308 770 eumipsa
1346 700 1613 767 Ecclesia,
1671 703 1729 754 et
1770 714 1903 753 cum
1931 699 2053 769 ejus

437 788 626 853 alode,
660 791 719 842 et
747 802 874 842 cum
905 787 954 857 ej
967 803 1028 841 us
1042 786 1351 856 cimiterio,
1372 792 1575 843 etcum
1603 788 1842 843 decimis
1859 790 1918 842 et
1940 785 2053 858 pri-

434 876 632 944 mitiis,
673 878 731 930 et
777 874 1100 931 oblationes
1130 876 1389 932 ﬁdelium
1420 893 1552 931 cum
1584 876 1850 931 terminis
1870 878 1927 929 et
1950 874 2050 929 ad-

428 965 697 1038 jacentiis
714 964 1041 1019 illorum.Et
1061 963 1120 1018 in
1139 964 1272 1020 villa
1287 965 1582 1027 Saorra,et
1594 964 1650 1019 in
1664 963 2051 1018 villaTrolano

434 1058 495 1109 et
516 1053 575 1108 in
602 1053 735 1108 villa
753 1052 985 1120 Vernet,
1018 1054 1077 1106 et
1118 1051 1178 1106 in
1209 1053 1345 1108 villa
1372 1052 1699 1119 Vhitefano,
1729 1051 1865 1107 etin
1881 1054 2052 1107 Asca-

431 1145 592 1216 jone,
630 1146 689 1196 et
710 1140 769 1195 in
801 1140 1193 1207 Parcinianos,
1258 1143 1316 1195 et
1367 1141 1425 1195 in
1478 1141 1676 1208 Evulo,
1705 1142 1763 1195 et
1795 1139 1853 1193 in
1885 1140 2054 1194 Mari—

436 1248 679 1305 gnanos,
703 1235 761 1286 et
789 1231 849 1286 in
884 1230 1274 1303 Campestres,
1306 1230 1460 1301 ipsos
1489 1246 1678 1285 masos
1699 1246 1830 1283 cum
1852 1245 2055 1285 eorum

436 1322 716 1389 alodes,et
749 1337 881 1376 cum
913 1336 1117 1375 eorum
1144 1319 1341 1374 vineas
1383 1335 1513 1373 cum
1544 1319 1874 1374 terminiset
1894 1319 2053 1389 adja-

434 1411 637 1467 centiis
661 1411 913 1466 illorum.
945 1411 1015 1464 Et
1053 1409 1112 1463 in
1160 1409 1477 1463 Massaneto
1517 1408 1640 1480 ipsa
1695 1409 1829 1463 villa
1856 1409 1925 1463 de
1950 1410 2056 1463 No-

436 1501 642 1568 vories,
670 1503 728 1554 et
754 1499 877 1569 ipsa
907 1499 1039 1553 villa
1080 1498 1150 1552 de
1190 1498 1667 1568 Malaconjuncta,
1701 1502 1919 1552 etcum
1966 1497 2051 1569 ip-

436 1605 526 1645 sas
559 1604 715 1643 casas
730 1587 802 1642 de
841 1586 1091 1656 Lavajol,
1124 1589 1183 1639 et
1226 1585 1285 1640 in
1320 1586 1517 1640 villare
1545 1587 1797 1652 Bellone,
1848 1588 1906 1640 et
1932 1585 2055 1657 ipsa

435 1676 571 1732 villa
596 1675 667 1730 de
690 1675 911 1729 Olibeta
934 1690 1063 1728 cum
1097 1673 1217 1744 ejus
1246 1673 1485 1728 ecclesia
1542 1690 1675 1728 cum
1721 1672 1961 1727 decimis
1998 1676 2055 1726 et

436 1762 724 1837 primitiis,
753 1766 811 1817 et
833 1761 1156 1817 oblationes
1170 1761 1428 1815 ﬁdelium
1456 1777 1587 1815 cum
1615 1777 1820 1816 eorum
1835 1760 2052 1826 alodes,

2155 609 2358 681 ﬂetus;
2387 613 2711 687 veniatque,
2744 615 2875 683 nisi,
2908 618 2971 670 ut
2990 615 3254 684 diximus,
3285 617 3651 688 pmnituerit,
3688 633 3787 670 su-

2156 712 2262 768 per
2315 699 2479 754 illum
2535 702 2814 774 quidquid
2852 702 3281 758 maledictionis
3330 703 3654 775 excogitari
3694 703 3786 758 vel

2154 783 2263 838 dici
2290 790 2498 856 potest.
2524 788 2581 842 Si
2609 788 2735 860 quis
2763 793 2958 844 autem
2988 790 3155 861 hujus
3183 790 3369 845 sancti
3398 789 3660 846 ca'nobii
3684 790 3791 844 ad-

2147 871 2308 942 jutor
2337 873 2602 942 existens,
2649 875 2816 930 illum
2875 876 2937 931 in
2993 892 3105 949 quo
3160 876 3420 949 potuerit
3449 875 3699 948 elegerit
3726 878 3790 930 et

2154 960 2457 1027 amaverit,
2487 960 2579 1016 hic
2608 961 2710 1016 Dei
2741 962 3156 1035 omnipotentis
3184 964 3518 1019 interventu
3551 965 3791 1033 aposto-

2152 1044 2262 1099 lica
2293 1048 2547 1117 repletus
2574 1047 2981 1105 benedictione
3009 1066 3262 1105 crescere
3307 1066 3370 1105 se
3417 1048 3679 1123 gaudeat
3721 1048 3787 1103 in

2152 1132 2427 1189 virtutem
2458 1135 2529 1190 de
2562 1136 2792 1204 virtute,
2836 1137 3023 1209 sitque
3079 1138 3201 1209 ejus
3229 1137 3424 1209 portio
3455 1137 3787 1210 paradisus,

2153 1222 2460 1277 haereditas
2511 1223 2663 1279 illius
2694 1226 2974 1280 Dominus
3004 1226 3279 1294 Christus,
3311 1243 3449 1299 pars
3476 1230 3538 1281 et
3575 1241 3791 1281 conso-

2153 1310 2293 1364 latio
2315 1311 2438 1380 ejus
2463 1311 2560 1365 ubi
2584 1328 2817 1382 semper
2865 1314 3139 1385 gaudium
3164 1318 3223 1369 et
3250 1314 3421 1370 dolor
3448 1317 3539 1369 est
3569 1315 3785 1369 nullus.

2154 1398 2554 1453 lnterdicimus
2579 1400 2757 1455 etiam
2799 1401 3052 1457 universi
3106 1402 3340 1473 generis
3373 1402 3788 1475 potestatibus,

2154 1489 2219 1540 ut
2239 1486 2377 1540 nulli
2405 1486 2576 1541 liceat
2599 1504 2664 1542 ex
2685 1489 2809 1559 jam
2842 1488 2992 1543 dicto
3014 1490 3372 1545 monasterio
3394 1490 3662 1561 accipere
3682 1505 3792 1561 pa-

2153 1568 2422 1642 scuarios,
2477 1576 2565 1631 vel
2635 1576 2865 1648 exigere
2934 1577 3215 1649 traginas,
3271 1581 3374 1634 aut
3429 1578 3790 1649 distringere

2152 1662 2394 1734 placitos
2424 1663 2591 1718 ullius
2610 1663 2871 1719 hominis
2907 1665 2981 1720 ad
3021 1666 3445 1722 monasterium
3479 1666 3789 1739 pertinen-

2154 1751 2249 1819 tis,
2271 1752 2660 1825 cujuscunque
2686 1752 2761 1807 sit
2796 1755 2999 1826 culpas,
3056 1754 3101 1809 si
3146 1754 3491 1828 supradictis
3544 1754 3792 1810 maledi-

439 1852 577 1908 etin
604 1851 806 1923 Tapies
824 1867 955 1905 cum
976 1850 1130 1921 ipsos
1149 1850 1352 1904 boscos
1368 1866 1498 1903 cum
1518 1849 1782 1904 terminis
1810 1852 1869 1903 et
1892 1847 2052 1919 adja-
2074 1843 2126 1901 B
2155 1840 2442 1895 CtiOnibus
2476 1847 2638 1910 [000,
2685 1843 2748 1897 Ε·
2780 1844 2871 1905 Ρ.]
2917 1844 3035 1897 vult
3075 1843 3407 1916 subjacere;
3446 1860 3592 1916 quas
3636 1843 3795 1899 Deus

439 1941 639 1997 centiis
694 1941 943 1995 illorum.
1003 1937 1132 1993 Haec
1189 1937 1367 2009 igitur
1402 1953 1757 2009 quaecunque
1788 1937 2053 2003 diximus,

438 2032 525 2086 vel
549 2046 677 2103 quae
704 2046 820 2084 non
854 2028 1102 2083 diximus
1158 2026 1380 2098 prmdia
1433 2026 1709 2099 acquisita
1733 2028 1817 2081 vel
1861 2025 2057 2097 acqui-

440 2119 624 2174 renda
651 2117 725 2173 ad
753 2117 949 2172 Sancti
1002 2115 1155 2170 Petri
1198 2115 1444 2187 apostoli
1472 2115 1799 2171 crenobium
1833 2114 2058 2185 Campi-

440 2207 675 2262 rotundi
704 2206 879 2260 situm
907 2204 1283 2275 pertinentia,
1328 2202 1668 2259 auctoritate
1699 2203 1781 2258 illi
1816 2203 2055 2257 ﬁrman-

443 2299 538 2351 tur
558 2312 593 2351 a
622 2294 788 2350 nobis
818 2293 1149 2367 apostolica.
1189 2291 1506 2347 Statuimus
1534 2295 1728 2348 autem
1761 2294 1842 2359 ut,
1875 2309 2057 2364 quan-

443 2384 517 2439 do
542 2384 721 2439 abbas
742 2382 918 2455 ipsius
949 2381 1285 2437 monasterii
1317 2380 2057 2452 obierit,nequearegibus,

444 2488 634 2543 neque
656 2489 691 2526 a
726 2470 1052 2535 comitibus,
1092 2485 1280 2539 neque
1325 2485 1359 2521 a
1386 2468 1770 2540 qualicunque
1813 2485 2062 2540 persona

444 2576 550 2630 pro
592 2556 920 2629 cupiditatis
950 2556 1208 2627 pecuniae
1262 2571 1451 2621 causa,
1494 2572 1683 2627 neque
1725 2572 1829 2627 pro
1876 2556 2061 2628 quali-

451 2661 676 2718 cunque
698 2643 909 2699 favoris
941 2643 1128 2698 inanis
1170 2643 1354 2714 gloria
1382 2643 1601 2698 ibidem
1640 2644 2062 2699 constituantur

453 2735 688 2789 abbates
716 2750 730 2801 ;
761 2733 862 2787 sed
901 2749 935 2786 a
958 2731 1176 2786 cunctis
1226 2731 1307 2786 ibi
1347 2731 1692 2802 degentibus
1739 2732 1913 2787 servis
1958 2734 2059 2788 Dei

447 2822 763 2877 secundum
798 2823 979 2877 Deum
1026 2821 1191 2892 juxta
1241 2820 1532 2875 Benedicti
1562 2822 1741 2892 patris
1795 2822 2058 2893 regulam

446 2912 734 2983 eligantur
789 2909 1044 2964 abbates.
1105 2911 1323 2964 Damus
1363 2926 1592 2981 quoque
1627 2910 1918 2964 licentiam
1978 2911 2059 2982 ip-

446 3000 562 3055 sius
598 2999 706 3055 loci
735 2997 951 3065 abbati,
990 2997 1316 3068 ubicunque
1364 2998 1450 3052 vel
1498 3014 1534 3052 a
1562 2998 1945 3071 qualicunque
1963 3014 2059 3053 vo-

449 3089 619 3144 luerit
642 3088 830 3159 episco
840 3102 914 3158 po
943 3103 1074 3141 suos
1097 3087 1332 3140 clcricos
1364 3086 1691 3154 ordinandi,
1715 3104 1750 3141 a
1766 3088 2059 3159 qualicun-

2157 1929 2527 2000 omnipotens
2557 1934 2615 1986 et
2644 1932 2716 1988 ab
2736 1932 3095 2003 adjutoribus
3120 1932 3302 1987 nostri
3321 1932 3613 2004 privilegii
3637 1947 3798 1986 sem-

2157 2034 2262 2090 per
2286 2022 2527 2087 avertat,
2553 2023 2612 2075 et
2644 2037 2818 2093 super
2857 2021 3217 2091 disrumpere
3274 2021 3577 2095 cupientes
3622 2036 3791 2074 seveo

2158 2123 2255 2161 rus
2278 2106 2534 2163 inducat.

2231 2195 2519 2268 Scriptum
2547 2213 2654 2269 per
2688 2214 2896 2253 manus
2927 2198 3219 2255 Benedicti
3270 2197 3483 2254 notarii
3513 2196 3795 2269 regiona-

2159 2284 2230 2339 rii
2257 2289 2315 2339 et
2332 2285 2617 2341 scriniarii
2637 2290 2850 2342 sancta
2880 2289 3155 2343 Romamn
3179 2287 3468 2355 Ecclesiae,
3491 2287 3555 2342 in
3578 2303 3792 2341 mense

2158 2372 2451 2442 Januario,
2477 2374 2679 2433 indict.
2702 2376 2906 2448 quinta
2928 2375 3174 2431 decima.

2685 2471 2695 2482 '
2908 2466 3041 2519 XXI.

2161 2549 2440 2607 Benedicti
2495 2552 2639 2607 VIII
2672 2571 2834 2625 papas
2882 2553 3021 2609 bulla
3068 2568 3177 2626 qua
3234 2552 3498 2624 Far/ensi
3556 2552 3796 2609 mobio

2231 2641 2464 2695 comedit
2492 2644 2871 2696 monasterium
2925 2641 3118 2698 Sancti
3158 2641 3445 2697 Laurentii
3489 2644 3551 2696 in
3591 2641 3797 2698 Macri

2231 2731 2486 2787 comitatu
2518 2729 2873 2802 Campanino.
3642 2732 3645 2735 ’

2763 2822 2955 2892 (Anno
2996 2821 3173 2891 l0l7.)

2408 2911 2735 2979 (Memnoni,
2781 2908 2979 2980 Scnpt.
3018 2909 3151 2965 Ital.
3185 2909 3252 2976 ll,
3291 2926 3351 2977 ιι,
3378 2913 3534 2976 52L]

2228 2998 2573 3052 Bsnnmcrus
2609 2997 2930 3068 episcopus,
2975 3013 3167 3051 servus
3210 3013 3507 3053 servorum
3540 2997 3671 3064 Dei,
3705 2997 3799 3052 di-

2156 3092 2303 3156 lecto
2331 3088 2390 3142 in
2422 3088 2646 3143 Christo
2671 3086 2788 3141 ﬁlio
2822 3088 3035 3141 Hucom
3056 3086 3327 3158 religioso
3359 3087 3709 3159 presbytero
3737 3092 3804 3142 et

449 3194 561 3248 que
593 3177 728 3231 sede
754 3176 806 3230 ei
832 3175 1113 3248 placuerit
1155 3174 1404 3229 chrisma
1459 3174 1800 3246 accipiendi,
1838 3179 1896 3230 et
1933 3179 1997 3231 ut
2024 3192 2059 3230 a
2088 3176 2135 3235 C
2159 3178 2468 3245 monacho,
2493 3181 2663 3249 atque
2684 3175 3175 3248 spiritualiabbati
3202 3177 3554 3233 venerabilis
3576 3193 3795 3232 mona-

449 3266 607 3321 nullo
635 3265 923 3336 episcopo,
976 3280 1082 3319 nec
1109 3264 1181 3318 ab
1209 3264 1306 3318 illo
1338 3263 1397 3316 in
1449 3265 1607 3335 cujus
1634 3264 1803 3318 situm
1827 3268 1911 3319 est
1939 3280 2062 3319 mo-

451 3355 762 3409 nasterium
798 3353 1112 3426 episcOpio.
1144 3368 1250 3407 nec
1273 3353 1345 3406 ab
1374 3352 1486 3407 alio
1523 3353 1702 3424 possit
1730 3369 2062 3408 excommu-

454 3442 635 3497 nicari
665 3441 857 3513 aliqua
895 3441 967 3495 ad
1020 3441 1271 3495 eundem
1312 3439 1730 3494 monasterium
1771 3441 2067 3512 pertinens

455 3530 713 3585 ecclesia.
742 3528 1057 3583 Statuimus
1087 3527 1263 3582 etiam
1294 3531 1357 3582 ut
1382 3528 1509 3600 quis
1532 3529 1819 3600 paenitens
1854 3546 1889 3583 a
1923 3528 2071 3584 limi-

455 3618 625 3672 nibus
655 3617 911 3670 exclusus
937 3616 1216 3685 Ecclesiae,
1245 3616 1502 3689 quandiu
1552 3616 1633 3671 ibi
1682 3618 1922 3685 steterit,
1973 3619 2071 3673 ha-

455 3708 591 3763 beat
618 3706 908 3761 licentiam
945 3705 1300 3773 introeundi,
1354 3710 1413 3761 et
1468 3722 1643 3761 omne
1674 3706 1928 3786 divinum
1949 3708 2073 3763 ofﬂ-

454 3797 607 3853 cium
636 3796 933 3852 audiendi.
966 3794 1346 3850 Concedimus
1364 3811 1592 3867 quoque
1614 3795 1810 3851 abbati
1835 3797 1920 3851 vel
1942 3812 2069 3851 mo-

457 3887 654 3942 nachis
676 3889 735 3940 et
762 3884 1032 3940 omnibus
1063 3884 1281 3938 clericis
1332 3885 1407 3939 ad
1437 3884 1858 3939 monasterium
1891 3885 2069 3957 perti-

458 3976 731 4031 nentibus
759 3973 1076 4044 licentiam,
1137 3973 1243 4026 nisi
1304 3973 1592 4028 voluerint
1634 3977 1951 4045 spontanee
1982 3975 2069 4029 vel

457 4065 670 4138 rogati,
695 4064 769 4118 ad
787 4063 1069 4134 synodum
1091 4078 1205 4117 non
1229 4062 2064 4133 eundi.Conﬁrmamusigitur,

463 4158 522 4209 et
536 4153 855 4208 stabilimus
875 4151 1088 4207 amodo
1118 4154 1179 4205 ut
1207 4152 1394 4204 nullus
1418 4167 1539 4218 rex,
1564 4151 1750 4205 nullus
1776 4152 2062 4223 princeps,

465 4244 653 4298 nullus
671 4240 950 4306 marchio,
981 4239 1169 4293 nullus
1204 4254 1418 4305 comes,
1450 4239 1637 4292 nullus
1651 4239 1847 4310 judex,
1880 4241 2068 4296 nullus

463 4332 786 4403 episcopus,
834 4344 1024 4399 neque
1073 4327 1189 4381 ulla
1237 4343 1455 4399 magna
1482 4343 1770 4399 parvaque
1800 4346 2064 4401 persona,

2161 3267 2318 3322 sterii
2348 3268 2573 3322 Sanctae
2610 3264 2708 3320 Dei
2745 3263 3051 3320 Genitricis
3072 3281 3303 3336 semper
3328 3265 3574 3337 virginis
3590 3267 3796 3320 Mariae

2165 3354 2427 3412 Dominae
2458 3357 2691 3422 nostrai,
2723 3353 2879 3408 sitia
2917 3355 3097 3408 latere
3144 3354 3361 3409 montis
3410 3354 3512 3426 qui
3562 3371 3799 3410 nuncuo

2167 3448 2338 3517 patur
2360 3444 2687 3509 Acutianus,
2711 3458 2885 3513 super
2904 3442 3142 3497 ﬂuvium
3164 3442 3263 3514 qui
3288 3441 3497 3497 dicitur
3516 3443 3801 3516 Pharpha

2169 3532 2395 3603 tuisque
2423 3531 2841 3587 successoribus
2869 3530 3213 3598 abbatibius,
3252 3533 3575 3603 vestraeque
3620 3532 3798 3587 alma

2141 3618 2145 3627 ’
2172 3619 2610 3692 congregationi
2640 3618 2975 3691 perenniter
3001 3620 3137 3676 etin
3166 3623 3538 3690 perpetuum.

2246 3707 2483 3773 Quoties
2509 3709 2606 3763 illa
2634 3725 2669 3763 a
2696 3708 2862 3763 nobis
2881 3708 3058 3762 tribui
3084 3711 3394 3779 sperantur
3417 3724 3550 3779 quae
3574 3708 3799 3765 rationi

2170 3797 2575 3852 incunctanter
2593 3797 2964 3865 conveniunt,
2995 3797 3191 3852 animo
3223 3812 3330 3851 nos
3372 3797 3542 3852 decet
3585 3798 3801 3853 libenti

2169 3886 2567 3955 concedere,et
2582 3887 2904 3958 petentium
2923 3885 3218 3941 desideriis
3235 3902 3564 3958 congruum
3576 3887 3800 3961 imper-

2166 3975 2263 4029 tiri
2292 3976 2650 4048 suﬁ'ragium.
2681 3978 2867 4047 Atque
2895 3975 3022 4030 ideo
3078 3975 3213 4047 quia
3265 3975 3493 4046 petistis
3544 3992 3582 4031 a
3622 3978 3795 4033 nobis

2167 4068 2451 4134 quatenus
2474 4064 2887 4136 omnipotentis
2910 4063 3144 4118 Domini
3161 4065 3793 4137 amore,mercedeque

2167 4153 2378 4209 animas
2406 4152 3092 4222 nostrae,concederemus
3103 4156 3162 4207 et
3179 4153 3673 4210 conﬁrmaremus
3690 4149 3801 4210 tibi

2167 4242 2393 4315 tuisque
2413 4241 2829 4298 successoribus
2875 4240 2936 4295 in
2985 4245 3330 4312 perpetuum
3361 4242 3793 4299 monasterium

2170 4333 2325 4406 quod
2338 4336 2424 4388 est
2443 4330 2500 4386 in
2519 4332 2741 4386 honore
2753 4328 2934 4384 sancti
2968 4329 3240 4400 martyris
3257 4330 3444 4385 levita
3468 4332 3796 4399 Laurentii,

464 4421 719 4491 aliquam
744 4417 855 4471 vim
879 4418 967 4471 vel
994 4415 1354 4471 invasionem
1376 4416 1438 4470 in
1460 4416 1667 4470 eodem
1688 4418 1951 4473 omnobio
1973 4422 2072 4473 aut
2094 4435 2148 4495 D
2175 4422 2350 4478 situm
2394 4422 2453 4476 in
2504 4420 2676 4475 Macri
2720 4418 2999 4474 comitatu
3044 4416 3434 4491 Campanino,
3459 4437 3595 4476 cum
3628 4423 3799 4489 casis,

468 4508 526 4562 in
559 4507 675 4562 suis
700 4504 1067 4578 pertinentiis
1114 4504 1305 4559 facere
1336 4507 1668 4576 praesumat.
1716 4506 1826 4561 Pro
1856 4522 1990 4577 quo,
2021 4510 2080 4562 et

468 4598 571 4651 sub
595 4594 768 4650 divini
809 4592 1011 4665 judicii
1065 4592 1448 4648 obtestatione
1491 4596 1550 4647 et
1586 4594 1968 4649 anathematis
1997 4594 2082 4650 in-

469 4682 1274 4753 terdictione,prmnulgautes
1293 4681 1742 4737 decernimusut
1767 4683 1955 4737 nullus
1981 4700 2083 4738 un-

469 4788 643 4845 quam
673 4775 1004 4825 nostrorum
1038 4786 1431 4825 successorum
1486 4770 1847 4841 pontiﬁcum,
1892 4787 2081 4842 neque

470 4861 662 4933 aliqua
690 4875 927 4930 magna,
955 4858 1097 4914 sicut
1120 4859 1386 4927 diximus,
1410 4875 1698 4931 parvaque
1715 4876 1965 4932 persona
1988 4876 2080 4914 au-

469 4951 602 5006 deat
621 4950 707 5004 vel
726 4950 1034 5021 praasumat
1054 4951 1258 5002 contra
1272 4949 1379 5003 hoc
1398 4952 1659 5003 nostrum
1702 4949 2080 5021 apostolicum

466 5038 832 5113 privilegium
860 5037 919 5091 in
951 5036 1235 5108 aliquibus
1276 5053 1449 5108 agere
1478 5037 1712 5107 injuste,
1740 5054 1930 5110 neque
1956 5037 2082 5110 quis

466 5128 628 5183 illum
660 5128 933 5197 frangere
958 5127 1163 5179 tentet.
1185 5125 1241 5179 Si
1269 5124 1396 5195 quis
1417 5127 1634 5192 autem,
1651 5126 1937 5197 quodnon
1955 5142 2084 5181 cre-

464 5216 870 5287 dimus,neque
890 5212 1103 5267 timens
1119 5213 1325 5279 Deum,
1356 5214 1413 5266 et
1444 5212 1624 5267 nostri
1657 5214 2081 5286 parvipendens

465 5304 824 5378 privilegium
849 5300 1005 5373 quod
1017 5299 1587 5367 conccdimus,verbo
1601 5301 1824 5356 factove
1837 5302 2079 5358 disrum-

463 5409 600 5464 pere
636 5391 965 5457 tentaverit,
996 5390 1168 5457 hunc,
1213 5388 1468 5459 quisquis
1494 5389 1589 5443 ille
1610 5390 1804 5458 fuerit,
1826 5391 1895 5445 de
1913 5402 2075 5463 parte

463 5482 563 5537 Dei
596 5478 1032 5551 omnipotentis,
1066 5478 1361 5549 sanctique
1389 5477 1512 5549 ejus
1538 5479 1779 5549 apostoli
1824 5479 1975 5534 Petri
2019 5483 2077 5534 et

462 5568 785 5639 nostra,qui
807 5568 928 5638 ejus
946 5568 1242 5638 iungimus
1257 5566 1799 5638 vice,perpctui,nisi
1818 5569 2070 5640 resipue-

459 5659 556 5727 rit,
589 5655 974 5713 anathematis
1002 5655 1240 5710 vinculis
1267 5656 1631 5728 obligemus;
1670 5654 1857 5727 sitque
1881 5656 2070 5728 portio

460 5747 583 5821 ejus
596 5744 879 5816 infernus,
901 5743 1208 5803 haereditas
1230 5742 1383 5801 illius
1414 5742 1696 5815 diabolus,
1709 5758 1845 5823 pars
1864 5747 1923 5801 et
1936 5760 2070 5803 con-

2177 4510 2583 4579 hortis,vineis,
2607 4508 2796 4577 terris,
2824 4508 3063 4581 campis,
3092 4507 3526 4582 pratis,pascuis
3545 4515 3602 4565 et
3617 4511 3800 4581 silvis,

2181 4600 2327 4655 sicut
2350 4597 2754 4653 ﬁnesinferius
2783 4597 3079 4653 continere
3117 4598 3409 4669 videntur,
3449 4599 3720 4656 videlicet
3766 4616 3804 4655 a

2181 4683 2371 4754 primo
2399 4681 2577 4734 latere
2607 4678 2699 4733 via
2723 4695 2849 4751 quas
2879 4680 3036 4735 venit
3060 4696 3095 4734 a
3122 4679 3366 4735 fontana
3400 4682 3734 4750 Palumbe;
3764 4697 3802 4735 ι

2181 4770 2434 4824 secundo
2456 4770 2636 4823 latere
2667 4767 2960 4838 rigagines
2990 4784 3117 4839 qua:
3156 4771 3411 4840 pergunt
3430 4769 3491 4823 in
3512 4769 3666 4824 viam
3691 4786 3802 4842 pu-

2183 4857 2479 4923 blicam,et
2494 4856 2567 4911 ad
2583 4856 3201 4922 Cerrumlannarium;
3234 4873 3269 4911 a
3296 4857 3474 4913 tertio
3486 4859 3672 4914 latere
3687 4859 3801 4914 alia

2181 4946 2271 5001 via
2282 4945 2509 5018 publica
2528 4962 2656 5018 quae
2670 4944 2907 5000 ducitad
2923 4946 3199 5000 Balneum
3222 4946 3448 5001 Novum
3474 4963 3488 5015 ;
3512 4963 3547 5002 a
3586 4951 3799 5019 quarto

2180 5035 2362 5090 latere
2393 5034 2504 5089 alia
2532 5034 2625 5088 via
2662 5037 2719 5088 et
2746 5032 3041 5105 rigagines
3067 5050 3195 5105 qua:
3222 5034 3445 5090 vadunt
3471 5035 3545 5090 ad
3571 5035 3801 5091 Acrite—

2178 5122 2629 5191 lium,etexinde
2649 5125 2903 5194 pergunt
2931 5121 2991 5177 in
3016 5122 3309 5191 Arciones,
3358 5126 3419 5176 et
3464 5123 3711 5179 veniunt
3738 5123 3796 5178 in

2179 5211 2330 5266 viam
2361 5210 2671 5283 supradicti
2722 5209 2900 5265 fontis
2952 5210 3265 5277 Palumbte,
3310 5210 3413 5282 qui
3454 5215 3544 5265 est
3572 5210 3800 5283 primus

2178 5299 2331 5367 ﬁnis,
2362 5316 2461 5354 seu
2486 5302 2543 5354 et
2570 5303 2779 5354 caetera
2808 5298 2921 5354 alia
2954 5302 3402 5371 quantacunque
3423 5316 3531 5372 per
3569 5299 3796 5356 diversa

2179 5389 2387 5455 loca,et
2407 5387 2731 5458 ubicunque
2748 5402 2928 5459 prepe
2941 5390 2999 5441 et
3021 5388 3192 5458 longe
3214 5387 3502 5443 Petiolum
3514 5389 3790 5459 rejacere,

2177 5481 2234 5531 et
2262 5476 2334 5531 ad
2364 5475 2751 5547 supradictum
2766 5474 3185 5530 monasterium
3198 5476 3491 5546 pertinere
3504 5476 3793 5532 Videntur:

2173 5567 2368 5622 omnia
2381 5566 2528 5637 juris
2552 5568 2762 5620 sanctae
2798 5568 3008 5620 nostra
3045 5565 3345 5634 Romanae,
3395 5567 3489 5621 cui
3538 5567 3657 5622 Deo
3696 5583 3794 5622 διι-

2171 5659 2329 5711 ctore
2371 5653 2742 5723 deservimus,
2782 5654 3067 5721 Ecclesiae,
3118 5654 3280 5711 vobis
3318 5653 3394 5710 ad
3446 5656 3792 5725 tenendum,

2170 5743 2380 5804 emissa
2401 5741 3133 5821 pmceptione,concedere
3153 5744 3214 5802 et
3237 5743 3590 5807 conﬁrmare
3611 5743 3789 5803 debe-
