4028 6186
349 395 479 457 ιω

1596 392 1988 453 BENEDICTII
2020 391 2115 453 νη
2138 390 2362 457 PAPE.

3531 402 3553 459 i
3563 403 3671 464 622

360 537 716 580 successores
733 519 948 594 eligere
965 520 1260 579 volueritis
1274 521 1344 578 de
1355 480 1493 596 ipsis
1508 522 1842 579 hominibus
1860 521 1959 597 qui
1987 524 2041 585 A
2070 526 2299 598 plebem
2324 528 2382 584 S.
2404 527 2591 586 Mariae
2606 526 2666 583 in
2688 527 3042 601 Apruniana,
3061 526 3150 585 vel
3181 544 3386 586 omnes
3403 529 3672 588 ecclesias

359 612 576 668 ibidem
601 611 925 667 fueriutaut
943 611 1202 667 invenire
1223 611 1956 687 potuerint.Yestra3itaque

2065 617 2297 689 exiguas
2326 619 2409 673 vel
2438 635 2682 689 magnas
2708 620 3012 690 cujuslibet
3037 619 3312 686 nominis,
3344 637 3471 692 quae
3517 620 3670 678 infra

364 701 723 773 religiositati
743 702 865 755 huic
890 701 1091 755 omnia
1130 700 1190 755 in
1217 704 1559 772 perpetuum
1588 696 1956 756 concedimus
2050 706 2179 777 jam
2202 708 2381 762 dictos
2393 707 2596 763 afﬁnes
2617 711 2748 762 sunt
2768 709 2854 763 vel
2876 725 2996 763 esse
3014 711 3270 780 possunt,
3295 710 3510 781 absque
3533 709 3664 779 illis,

347 792 406 844 et
426 790 841 845 conﬁrmamus
862 806 878 856 ;
904 789 1011 860 ipsi
1028 805 1280 861 namque
1297 789 1408 844 duo
1420 788 1749 860 piscatores,
1764 791 1821 843 et
1842 790 1953 845 duo

354 878 596 933 curiales
624 877 862 932 ulterius
900 877 1119 931 nullam
1168 876 1466 932 datiouem
1517 880 1616 931 aut
1660 876 1953 932 servitium

2060 812 2202 866 quas
2225 796 2349 867 jam
2397 796 3073 853 diximus‘Transtiberim
3113 797 3253 852 sitis.
3290 800 3517 854 Interea
3542 816 3668 855 san-

2059 882 2274 938 cientes
2296 886 2591 956 jubemus,
2623 885 2786 941 sicuti
2814 903 2849 940 a
2893 887 3104 941 nostris
3150 887 3668 958 praedecessoribus

346 965 579 1032 faciant,
608 982 713 1020 nec
753 965 828 1020 ad
859 965 1133 1037 placitum
1173 964 1590 1035 distringantur
1617 965 1690 1020 ab
1738 965 1950 1037 aliquo,
2050 972 2273 1043 jussum
2291 976 2394 1039 est,
2417 977 2480 1027 ut
2499 972 2559 1028 in
2573 974 2811 1029 ﬂumine
2828 977 2973 1042 toto,
2996 974 3089 1047 qui
3112 974 3278 1046 juxta
3298 976 3504 1033 urbem
3526 977 3664 1031 Por-

347 1053 444 1125 qui
471 1070 577 1125 pro
597 1058 858 1125 tempore
887 1053 947 1106 in
968 1053 1093 1125 ipsa
1120 1053 1347 1108 civitate
1377 1053 1673 1108 Portuensi
1696 1053 1957 1108 domina-

344 1145 474 1196 tum
507 1142 788 1209 tenuerit;
820 1141 1032 1195 scilicet
1058 1144 1171 1196 tua:
1196 1144 1542 1213 tuorumque
1567 1157 1955 1196 successorum

344 1231 474 1286 illos
494 1228 883 1284 submittimus
906 1229 1197 1299 potestati.
1214 1230 1357 1284 Item
1375 1230 1785 1284 conﬁrmamus
1799 1229 1958 1284 vobis

349 1317 665 1389 vestrisque
688 1317 1104 1372 successoribus
1129 1318 1313 1371 casale
1343 1334 1523 1371 unum
1544 1317 1604 1371 in
1640 1318 1954 1387 integrum,

353 1405 512 1479 quod
538 1408 769 1460 vocatur
787 1404 1195 1471 Genesianum,
1209 1408 1267 1460 et
1295 1405 1601 1460 Malianum
1619 1421 1750 1460 cum
1773 1405 1959 1460 insula

348 1495 580 1550 modica
598 1495 751 1548 ultra
768 1493 955 1548 rivum
981 1492 1042 1547 in
1064 1493 1184 1565 ipso
1203 1494 1328 1548 loco
1350 1494 1601 1564 positum
1621 1510 1752 1548 cum
1775 1493 1961 1549 omni-

350 1583 459 1638 bus
479 1582 587 1637 sibi
610 1582 1054 1654 pertinentibus,
1068 1581 1321 1654 positum
1354 1580 1445 1635 via
1466 1583 1778 1637 Portuense
1796 1582 1960 1653 juxta

350 1671 661 1727 Malianum
685 1669 832 1741 juris
871 1669 1208 1725 monasterii
1230 1670 1287 1724 8.
1316 1670 1636 1738 Pancratii;
1696 1670 1873 1725 etiam
1903 1673 1961 1724 et

350 1759 764 1816 conﬁrmamus
791 1757 955 1814 vobis
978 1757 1292 1830 vestrisque
1313 1757 1726 1813 successoribus
1745 1757 1807 1812 in
1835 1774 1961 1829 per-

2054 1064 2319 1115 tuensem
2337 1061 2607 1129 decurrit,
2624 1063 2810 1117 nullus
2822 1064 3029 1118 audeat
3042 1063 3398 1131 molendina,
3412 1066 3511 1118 aut
3525 1080 3664 1136 pon-

2057 1152 2179 1204 tem
2212 1153 2340 1220 post
2367 1150 2687 1220 jussionem
2710 1154 2886 1219 tuam,
2911 1152 2999 1206 vel
3020 1168 3410 1206 successorum
3429 1155 3664 1208 tuorum

2056 1237 2477 1309 episcoporum,
2478 1240 2643 1310 juxta
2655 1239 2900 1311 priscam
2921 1240 3397 1295 consuetudinem
3411 1258 3668 1313 quoquo-

2059 1327 2234 1382 modo
2260 1327 2631 1394 constituere,
2664 1330 2720 1381 et
2759 1344 2889 1381 cum
2917 1329 3059 1383 vela
3088 1328 3270 1395 vobis,
3302 1330 3390 1384 vel
3419 1329 3492 1383 ab
3515 1329 3663 1397 aliis,

2058 1414 2262 1487 quibus
2287 1418 2485 1469 tamen
2514 1432 2611 1471 vos
2639 1415 2968 1470 faciendum
2988 1417 3666 1487 injuuxeritis,constitu-

2058 1506 2182 1557 tum
2223 1506 2321 1557 aut
2367 1504 2581 1558 factum
2638 1504 2831 1572 fuerit,
2878 1505 2999 1576 ipsa
3042 1506 3380 1560 molendina
3408 1508 3495 1560 vel
3524 1524 3669 1578 pons

2060 1595 2246 1646 vestro
2261 1591 2499 1646 arbitrio
2515 1592 2939 1664 dispensentur;
2956 1611 3060 1665 per
3076 1597 3313 1665 pontem
3326 1610 3459 1649 vero
3480 1595 3672 1651 civita-

2061 1679 2131 1733 tis
2152 1679 2347 1751 ipsius,
2368 1679 2415 1734 si
2445 1680 2625 1735 factus
2644 1680 2837 1749 fuerit,
2873 1699 3006 1736 cum
3026 1683 3279 1753 plaustro
3303 1686 3509 1738 onusto
3535 1683 3670 1739 vino

2059 1769 2145 1822 vel
2166 1767 2315 1823 victu
2348 1785 2522 1824 nemo
2548 1769 2757 1824 audeat
2779 1786 2967 1841 neque
2998 1770 3131 1825 hinc
3161 1770 3300 1825 illud
3326 1788 3513 1842 neque
3536 1771 3670 1826 inde

352 1852 592 1923 petuum
633 1849 819 1902 totam
848 1847 1095 1902 insulam
1123 1864 1250 1919 quae
1280 1850 1515 1901 vocatur
1554 1847 1856 1919 Lycaonia,
1898 1846 1957 1900 in

2061 1857 2169 1911 huc
2200 1856 2428 1928 penitus
2474 1860 2850 1912 transmeare.
2887 1860 3102 1913 Iterum
3153 1859 3477 1914 sancientes
3500 1860 3670 1930 jube-

344 1954 460 2011 qua
510 1950 595 1993 est
653 1935 892 1991 ecclesia
938 1937 998 1991 Β.
1050 1937 1137 1990 Jo.
1192 1935 1476 2007 Baptistae,
1508 1939 1567 1991 et
1614 1935 1852 1991 ecclesia
1898 1934 1955 1991 S.

346 2026 787 2083 Adalberticum
816 2025 959 2080 casis
986 2026 1045 2079 et
1071 2024 1337 2079 oratoriis
1373 2024 1526 2079 infra
1544 2024 1748 2079 eadem
1778 2027 1957 2092 curte,

350 2131 483 2170 cum
511 2114 713 2181 hortis,
737 2116 796 2168 et
818 2110 1145 2186 aquimolis,
1178 2116 1236 2167 et
1258 2112 1626 2185 pertinentiis
1664 2113 1779 2167 suis
1808 2113 1962 2167 infra

350 2204 501 2258 hanc
518 2202 718 2257 urbem
735 2203 978 2257 Romam
998 2200 1190 2269 sitam,
1204 2200 1367 2256 sicuti
1392 2201 1724 2256 extenditur
1742 2200 1815 2256 ab
1840 2216 1958 2255 uno

344 2291 531 2364 capite
553 2308 731 2364 usque
748 2291 807 2346 in
829 2290 987 2345 aliud
1006 2289 1364 2362 caputipsius
1384 2290 1607 2358 insulae,
1623 2289 1719 2345 ubi
1740 2290 1959 2344 ﬂumen

350 2380 639 2437 dividitur.
674 2378 801 2434 Pari
850 2379 1026 2434 modo
1055 2378 1426 2433 concedimus
1455 2382 1513 2434 et
1548 2380 1961 2435 conﬁrmamus

347 2468 506 2524 vobis
528 2468 841 2541 vestrisque
860 2467 1277 2523 successoribus
1289 2466 1348 2521 in
1364 2470 1707 2541 perpetuum
1725 2484 1960 2523 omnem

357 2556 789 2613 ordinationem
840 2555 1246 2628 episcopalem,
1299 2558 1422 2609 tam
1493 2556 1562 2610 de
1616 2557 1962 2628 presbyteris

352 2662 526 2718 quam
550 2644 885 2700 diaconibus
904 2644 993 2698 vel
1013 2643 1367 2709 diaconissis,
1385 2644 1958 2711 seusubdiaconibus,

348 2732 600 2789 ecclesiis
618 2733 705 2786 vel
750 2732 1046 2799 altaribus,
1088 2749 1217 2803 quae
1242 2731 1303 2785 in
1332 2735 1454 2786 tota
1476 2732 1825 2787 Transtiberi
1856 2749 1960 2787 ne-

348 2820 595 2877 cessaria
638 2819 830 2886 fuerit,
872 2818 1221 2887 faciendam,
1252 2819 1362 2874 nisi
1393 2819 1700 2874 cardinalis
1744 2820 1955 2889 presb.,

349 2910 435 2965 vel
463 2908 772 2964 cardinalis
806 2908 1102 2972 diaconus,
1130 2908 1218 2963 vel
1247 2908 1525 2976 subdiac.,
1555 2909 1643 2963 vel
1662 2909 1959 2979 acolythus

350 2997 494 3054 sacri
520 2997 719 3070 palatii
752 2997 1156 3052 Laterauensis
1192 2998 1493 3053 efﬁciatur.
1518 2997 1743 3053 Scilicet
1761 2997 1961 3052 omnia

348 3088 453 3149 tibi
509 3087 734 3159 tuisque
785 3086 1223 3155 successoribus,
1255 3087 1341 3141 vel
1385 3086 1591 3159 quibus
1619 3086 1901 3159 episcopis
1925 3103 1961 3141 a

2061 1962 2190 2000 mus
2214 1948 2276 2000 ut
2305 1946 2494 2000 nullus
2517 1947 2816 2018 presbyter
2842 1948 2930 2001 vel
2973 1947 3278 2018 cujuslibet
3303 1946 3525 2002 ordinis
3553 1949 3669 2003 cle-

2058 2034 2209 2089 ricus
2233 2034 2439 2106 aliquis
2467 2035 2537 2089 de
2568 2037 2688 2090 toto
2717 2036 2957 2107 praefato
2984 2036 3326 2107 'episcopatu
3357 2036 3567 2091 audeat
3595 2037 3670 2091 ad

2058 2120 2333 2193 placitum
2389 2121 2807 2195 constringere,
2839 2126 2938 2178 aut
2993 2124 3067 2178 ad
3110 2123 3547 2180 contentionem
3602 2124 3671 2179 ﬁ-

2061 2209 2339 2265 niendam
2359 2212 2727 2283 compellere,
2755 2215 2855 2266 aut
2887 2211 3122 2284 aliquod
3148 2212 3445 2267 servitium
3484 2214 3557 2268 ab
3589 2211 3670 2268 eis

2059 2298 2385 2370 requirere;
2406 2302 2595 2371 potest
2620 2299 2918 2371 episcopus
2942 2299 3294 2368 Portueusis,
3309 2300 3369 2355 in
3390 2301 3552 2371 cujus
3568 2316 3673 2372 pa-

2058 2386 2259 2441 rochia
2277 2389 2427 2442 sunt.
2455 2387 2790 2461 Quicunque
2810 2404 2941 2443 vero
2966 2392 3367 2460 praesumptor,
3389 2388 3503 2444 sive
3534 2390 3668 2458 dux,

2060 2473 2175 2530 sive
2203 2491 2417 2536 comes,
2445 2476 2530 2529 vel
2558 2476 2895 2542 vicecomes,
2929 2480 3026 2530 aut
3068 2476 3471 2546 cubicularius,
3505 2479 3598 2533 'vel
3636 2495 3673 2533 a

2064 2568 2260 2618 nostra
2283 2563 2596 2635 apostolica
2614 2562 2749 2618 sede
2770 2563 2996 2629 missus,
3020 2567 3120 2619 aut
3139 2564 3551 2636 qualiscunque
3590 2566 3672 2619 in-

2060 2651 2387 2706 terveniens
2415 2654 2688 2723 potestas,
2718 2667 2846 2723 quae
2868 2651 2939 2706 de
2964 2652 3087 2722 ipsa
3105 2652 3331 2707 civitate
3354 2654 3673 2708 Portuense

2058 2740 2420 2794 dominatum
2444 2739 2713 2804 tenuerit,
2738 2738 2808 2793 de
2828 2756 3172 2811 quocunque
3200 2740 3419 2795 fuerint
3443 2742 3668 2810 ordine,

2059 2826 2333 2896 praedicta
2352 2827 2550 2881 omnia
2568 2826 2893 2880 immobilia
2912 2827 3055 2892 loca,
3071 2830 3170 2880 aut
3178 2828 3671 2897 praenominatum

2059 2915 2516 2977 castaldaticum,
2537 2915 2624 2968 vel
2645 2915 2787 2969 duos
2808 2915 3120 2985 piscatores
3141 2917 3199 2968 et
3240 2915 3381 2969 duos
3405 2915 3667 2983 curiales,

2058 3005 2147 3059 vel
2177 3020 2380 3058 omnes
2399 3003 2700 3075 praedictos
2722 3002 2956 3057 clericos
2977 3019 3011 3057 a
3034 3004 3165 3074 jure
3194 3006 3252 3058 et
3279 3006 3562 3075 potestate
3582 3007 3668 3059 at-

2062 3109 2172 3165 que
2204 3091 2418 3147 ditione
2456 3092 2680 3163 praefati
2724 3091 2973 3163 episcopi
2998 3091 3246 3159 auferre,
3286 3093 3375 3147 vel
3402 3092 3668 3148 minuere

348 3177 510 3232 vobis
540 3154 762 3231 invitati
791 3175 1026 3243 fuerint,
1046 3154 1378 3243 ordinandi,
1402 3154 1960 3245 benediceudi,-con-
1992 3154 2039 3214 C
2059 3154 2320 3249 voluerit,
2351 3181 2441 3235 vel
2456 3154 2808 3252 ‘parochiain
2856 3154 3176 3252 iniringere
3212 3154 3537 3249 tentaverit,
3570 3183 3670 3236 aut

346 3266 676 3322 secrandive
695 3265 1063 3322 concedimus
1090 3269 1467 3337 potestatem;
1501 3268 1560 3320 et
1584 3282 1658 3320 ne
1688 3266 1961 3337 parochia

346 3360 537 3412 vestra
565 3356 638 3410 ab
666 3354 861 3427 aliquo
892 3355 1239 3426 pervadatur
1268 3355 1554 3427 episcopo,
1585 3354 1828 3409 fecimus
1856 3371 1959 3426 per

347 3446 457 3501 hoc
488 3447 750 3500 nostrum
775 3443 1142 3515 privilegium
1182 3443 1474 3510 intimare,
1514 3447 1742 3516 tuaeque
1768 3445 1956 3499 Eccle-

347 3535 446 3591 sia:
470 3534 817 3590 conﬁrmare
845 3549 1136 3596 curamus,
1167 3532 1482 3603 incipiente
1508 3550 1738 3606 quoque
1768 3533 1956 3605 primo

346 3624 600 3679 termino
617 3640 652 3678 a
678 3623 859 3678 fracto
892 3626 1088 3694 ponte,
1119 3622 1216 3677 ubi
1234 3623 1391 3677 unda
1415 3622 1685 3678 dividitur
1706 3640 1811 3695 per
1828 3640 1955 3678 mu-

346 3730 499 3781 rum,
512 3712 1228 3769 videlicetTranstiherinm
1242 3712 1526 3783 urbis,per
1537 3713 1608 3768 Se
1615 3712 1958 3784 ptimiauam

347 3806 599 3876 portam,
630 3818 734 3873 per
751 3805 980 3874 portam
1010 3802 1068 3856 S.
1100 3802 1407 3868 Pancratii,
1438 3819 1542 3873 per
1568 3802 1784 3856 silicem
1822 3817 1957 3857 vero

347 3891 525 3965 ipsius
538 3895 741 3964 portae,
770 3907 948 3964 usque
968 3892 1042 3946 ad
1062 3894 1299 3963 pontem
1332 3906 1724 3946 marmoreum
1746 3891 1842 3963 qui
1873 3894 1960 3946 est

349 3983 839 4053 superArronem,
864 3983 922 4035 et
941 3980 1187 4035 ducente
1208 3997 1314 4052 per
1331 3980 1516 4052 ipsam
1537 3979 1754 4034 silicem
1779 3997 1958 4052 usque

349 4071 423 4126 ad
438 4069 799 4142 paritorium,
824 4069 1002 4141 inque
1022 4070 1348 4124 revolvente
1369 4085 1472 4140 per
1499 4069 1758 4141 paludes,
1778 4086 1959 4142 usque

349 4159 411 4214 in
432 4158 879 4230 mare,indeque
898 4158 1169 4212 veniente
1196 4174 1301 4228 per
1328 4174 1510 4224 mare,
1537 4174 1718 4231 usque
1738 4158 1812 4212 ad
1846 4158 1959 4213 duo

349 4245 622 4302 milliaria
642 4247 794 4301 ultra
808 4246 1037 4314 Farum,
1059 4250 1116 4300 et
1128 4262 1306 4318 usque
1328 4246 1389 4300 in
1410 4246 1633 4301 fontem
1653 4247 1959 4318 majorem,

350 4334 602 4408 indeque
620 4337 919 4390 remeante
941 4351 1044 4407 per
1063 4335 1322 4389 medium
1348 4334 1564 4389 ﬂumen
1595 4335 1780 4406 majus
1808 4334 1965 4390 venit

349 4440 532 4496 usque
561 4424 636 4479 ad
659 4440 889 4479 ramum
909 4425 1072 4479 fracti
1100 4424 1313 4496 pontis,
1332 4423 1430 4496 qui
1448 4427 1534 4477 est
1548 4424 1713 4495 juxta
1728 4425 1965 4480 Marmo-

2057 3269 2325 3325 homines
2346 3270 2404 3323 in
2444 3269 2718 3342 praedicta
2737 3273 2895 3324 turre
2932 3269 3281 3337 habitantes,
3311 3270 3400 3324 vel
3427 3269 3666 3324 ubicun-
3724 3279 3729 3283 ’

2058 3376 2169 3431 que
2197 3358 2518 3431 proprietas
2534 3358 2781 3430 episc0pi
2804 3357 3168 3413 mentionata
3186 3357 3380 3425 fuerit,
3395 3358 3467 3413 ad
3486 3358 3670 3429 publi-

2058 3464 2189 3502 cum
2216 3447 2511 3503 servitium
2540 3447 2915 3515 revocaverit,
2950 3446 3089 3501 sciat
3118 3464 3178 3503 se
3213 3446 3669 3519 compositurum

2059 3536 2324 3608 episcopo
2354 3536 2459 3608 ipsi
2489 3536 2586 3608 qui
2616 3552 2720 3608 pro
2746 3540 3010 3608 tempore
3022 3536 3216 3604 fuerit,
3233 3536 3357 3590 auri
3376 3536 3667 3608 purissimi

2058 3624 2158 3679 lib.
2192 3626 2280 3679 20.
2332 3626 2569 3696 Insuper
2598 3625 2955 3679 anathemati
2998 3625 3307 3695 subjaceat,
3354 3626 3672 3679 statuentes

2059 3712 2268 3784 quippe
2293 3712 2606 3784 apostolica
2625 3729 2886 3781 censura,
2915 3713 3253 3767 auctoritate
3275 3713 3334 3766 Β.
3358 3714 3512 3768 Petri
3532 3730 3669 3784 apo-

2058 3802 2337 3856 stolorum
2358 3800 2651 3872 principis,
2677 3801 2781 3855 sub
2803 3799 2980 3854 divini
2984 3799 3189 3870 judicii
3207 3800 3591 3856 obtestatione
3612 3803 3673 3855 et
3748 3796 3755 3805 ’

2059 3888 2441 3944 anathematis
2461 3887 2978 3956 interdictionibus,
2998 3890 3062 3941 ut
3091 3888 3279 3941 nullus
3289 3904 3549 3960 unquam
3570 3905 3672 3944 no-

2057 3980 2309 4032 strorum
2346 3992 2735 4032 successorum
2759 3975 3120 4049 pontiﬁcum,
3141 3977 3230 4030 vel
3259 3975 3374 4031 alia
3397 3975 3673 4048 quazlibet

2058 4082 2275 4138 magna
2319 4082 2607 4138 parvaque
2638 4081 2905 4137 persona,
2939 4081 3008 4120 ea
3038 4082 3166 4138 qua:
3188 4081 3221 4119 a
3245 4063 3415 4120 nobis
3441 4064 3515 4119 ad
3544 4065 3672 4119 lau-

2062 4155 2195 4210 dem
2226 4153 2326 4209 Dei
2355 4171 2460 4225 pro
2482 4153 2791 4209 stabilitate
2816 4154 2902 4209 vel
2925 4155 3241 4227 augmento
3261 4152 3518 4226 praedicti
3547 4152 3671 4225 epi-

2062 4243 2237 4315 scopii
2259 4245 2469 4297 statuta
2488 4245 2640 4310 sunt,
2655 4242 2958 4314 refragari,
2979 4245 3078 4298 aut
3096 4242 3157 4297 in
3177 4259 3468 4315 quoquam
3493 4244 3674 4297 trans-

2063 4331 2248 4402 gredi,
2271 4334 2371 4385 aut
2399 4330 2619 4402 aliquid
2643 4330 2849 4385 exinde
2877 4330 3144 4385 minuere
3174 4331 3411 4397 audeat;
3459 4329 3675 4384 scilicet

2064 4419 2209 4473 sicut
2236 4417 2497 4491 superius
2525 4435 2561 4473 a
2590 4418 2757 4473 nobis
2783 4421 3059 4473 statutum
3090 4419 3179 4473 vel
3209 4434 3545 4473 concessum
3565 4422 3674 4483 est,

349 4514 560 4577 ratam,
593 4511 770 4583 inque
808 4512 882 4566 ad
908 4511 1167 4567 medium
1200 4515 1441 4583 pontem
1487 4510 1544 4566 S.
1575 4512 1780 4578 Mariae,
1808 4515 1868 4566 et
1893 4512 1968 4568 ad
1989 4505 2042 4564 D
2066 4508 2147 4563 ita
2172 4507 2524 4578 perennibus
2553 4523 2617 4562 ac
2637 4507 2927 4580 perpetuis
2954 4506 3312 4578 temporibus
3331 4506 3456 4561 sine
3486 4505 3679 4579 aliqua

351 4598 611 4654 medium
658 4603 898 4671 pontem
925 4599 1023 4656 ubi
1076 4599 1257 4655 Judaei
1295 4600 1558 4655 habitare
1596 4600 1884 4668 videntur,
1910 4604 1969 4655 et

351 4685 503 4741 redit
521 4702 626 4758 per
653 4687 913 4741 medium
938 4690 1175 4759 pontem
1207 4687 1548 4758 praedictum
1586 4688 1831 4742 fractum
1872 4687 1968 4743 ubi

345 4775 471 4845 jam
501 4773 572 4828 de
598 4775 754 4830 unda
779 4774 1046 4842 diximus,
1069 4775 1166 4848 qui
1193 4780 1279 4830 est
1304 4775 1525 4847 primus
1544 4776 1736 4831 afﬁnis
1753 4777 1969 4849 absque

348 4862 792 4918 Transtiberinis
835 4863 1134 4919 catholicis
1163 4863 1422 4919 ecclesiis
1448 4864 1507 4919 8.
1539 4864 1748 4933 Mariae,
1770 4864 1967 4919 videli-

350 4952 445 5004 cet
480 4948 541 5005 in
566 4950 919 5006 Transtiberi
951 4952 1010 5006 S.
1043 4950 1375 5024 Grisogoni,
1404 4954 1462 5005 et
1491 4951 1550 5007 S.
1587 4952 1850 5021 Caeciliae,
1884 4952 1970 5008 vel

352 5037 706 5093 monasterio
733 5038 790 5093 S.
824 5038 1134 5106 Pancratii,
1154 5040 1213 5093 et
1229 5038 1329 5095 SS.
1357 5037 1577 5094 Cosme
1607 5043 1665 5094 et
1680 5039 1965 5108 Damiani,

351 5128 551 5180 tamen
583 5124 641 5179 in
684 5126 978 5197 praedictis
1024 5126 1277 5182 ecclesiis
1308 5130 1366 5181 et
1408 5127 1773 5182 monasteriis
1800 5128 1971 5200 quid-

355 5213 497 5286 quid
540 5213 757 5269 ibidem
808 5215 882 5270 ab
939 5215 1222 5288 episcopis
1265 5231 1498 5270 necesse
1529 5215 1702 5271 fuerit
1723 5215 1971 5272 faciendi

359 5301 665 5357 Portuensi
694 5302 983 5376 episcopo,
1009 5304 1099 5360 vel
1128 5304 1200 5359 ab
1237 5303 1360 5377 ipso
1387 5303 1636 5359 invitatis
1665 5303 1974 5360 tribuimus

359 5392 728 5463 potestatem.

432 5480 694 5552 Itemque
715 5480 1088 5536 concedimus
1101 5484 1159 5536 et
1169 5448 1582 5537 conﬁrmamus
1601 5481 1662 5537 in
1674 5483 1801 5554 jam
1823 5484 1977 5539 dicto

2068 4596 2393 4651 minutione
2408 4597 2706 4668 permittat
2725 4596 2785 4650 in
2807 4600 3088 4651 aeternum
3102 4596 3533 4667 permanere.Si
3551 4595 3679 4668 quis

2068 4688 2282 4752 autem,
2316 4685 2472 4756 quod
2503 4701 2621 4739 non
2647 4688 2933 4756 optamus,
2959 4684 3271 4739 temerario
3312 4700 3453 4739 ausu
3479 4687 3682 4740 contra

2070 4774 2175 4827 hoc
2198 4777 2459 4829 nostrum
2475 4773 2841 4845 privilegium
2859 4773 3073 4840 venire,
3089 4773 3258 4828 autin
3280 4789 3574 4846 quoquam
3596 4774 3680 4827 ire

2067 4862 2518 4935 praesumpserit,
2542 4864 2599 4915 et
2629 4862 2773 4916 sicut
2819 4862 3081 4933 superius
3123 4878 3159 4915 a
3206 4862 3373 4918 nobis
3403 4864 3678 4918 statutum

2069 4954 2176 5020 est,
2208 4951 2288 5006 ita
2329 4951 2575 5006 ﬁrmiter
2620 4966 2965 5023 permanere
3032 4967 3151 5007 non
3206 4951 3493 5007 dimiserit
3535 4953 3592 5005 et
3622 4949 3681 5003 in

2071 5040 2341 5096 omnibus
2364 5056 2483 5095 non
2506 5040 2925 5110 observaverit;
2948 5040 3091 5096 sciat
3119 5057 3201 5109 se,
3226 5040 3334 5094 nisi
3354 5036 3679 5110 resipuerit,

2071 5129 2410 5184 auctoritate
2435 5128 2536 5184 Dei
2577 5128 3012 5201 omnipotentis,
3041 5133 3097 5184 et
3126 5130 3186 5184 Β.
3219 5125 3370 5182 Petri
3400 5125 3685 5197 apostolo-

2072 5234 2203 5272 rum
2220 5217 2515 5290 principis,
2530 5220 2701 5291 atque
2718 5222 2933 5286 nostra,
2949 5218 3045 5290 qui
3072 5217 3193 5288 ejus
3213 5212 3512 5285 fungimur
3535 5214 3684 5270 vica-
3794 5214 3799 5218 ί

2074 5306 2341 5373 riatione,
2374 5307 2761 5362 anathematis
2787 5307 3010 5362 vinculo
3034 5320 3156 5359 esse
3179 5301 3545 5370 innodatum,
3568 5306 3627 5358 et
3651 5319 3687 5359 a

2075 5409 2259 5465 regno
2278 5393 2377 5448 Dei
2399 5394 2913 5465 alienatum,atque
2937 5409 3067 5447 cum
3081 5391 3228 5446 Juda
3248 5389 3524 5446 traditore
3537 5392 3602 5447 D.
3618 5393 3683 5448 N.

2077 5482 2206 5537 Jesu
2230 5482 2458 5551 Christi,
2476 5487 2533 5538 et
2548 5483 2817 5539 omnibus
2836 5480 3061 5552 pompis
3089 5480 3212 5550 ejus
3232 5478 3689 5536 omninoincen-

360 5566 652 5652 episcOpio
682 5568 914 5639 plebem
957 5570 1017 5625 S.
1071 5570 1262 5625 Mariae
1304 5573 1363 5624 et
1413 5570 1471 5626 S.
1525 5571 1873 5642 Apollinaris
1917 5572 1979 5627 in
2080 5570 2174 5625 dio
2201 5571 2714 5627 concremandum.
2740 5567 2845 5632 Qui
2872 5584 3005 5622 vero
3046 5567 3140 5640 pio
3184 5567 3394 5622 intuitu
3416 5572 3604 5624 custos
3634 5572 3693 5624 et

360 5654 510 5711 Mela
535 5656 743 5729 Rupta,
789 5659 847 5712 et
904 5658 1135 5731 plebem
1160 5658 1218 5715 S.
1251 5658 1528 5732 Stephani
1565 5658 1626 5715 in
1657 5659 1893 5729 Panchi,
1925 5663 1984 5716 et
2084 5660 2416 5717 observator
2436 5661 2605 5732 huius
2626 5656 3322 5731 nostriapostoliciprivile
3368 5656 3486 5713 iiin
3506 5658 3692 5716 omni-
