4094 6178
400 354 544 415 1ι623

1663 358 2020 421 EPlSlI‘OLIE
2044 358 2131 420 El‘
2144 359 2498 424 ‘DECRE‘I‘A.

3598 366 3740 425 1624

404 480 516 540 bus
569 479 870 549 exstiterit,
935 476 1356 538 benedictionis
1411 479 1680 554 gratiam,
1723 481 2016 554 vitamque
2036 481 2094 545 Δ
2123 482 2306 558 igitur
2348 488 2663 560 apostolica
2681 490 3015 548 auctoritate
3042 505 3348 549 censemus
3373 490 3445 547 nt
3465 491 3612 548 nulli
3639 508 3745 549 un-

406 574 692 628 mternam
715 588 750 626 a
769 570 926 639 justo
941 568 1137 642 judice
1165 568 1415 625 Domino
1447 570 1563 625 Deo
1609 573 1828 639 nostro,
1858 574 1917 625 et
1942 571 2015 625 ab

2127 593 2307 648 quam
2337 578 2673 633 mortalium
2700 579 2869 635 liceat
2888 584 3089 635 contra
3116 584 3387 637 tenorem
3418 582 3593 654 hujus
3608 599 3745 638 nos-

408 661 681 717 omnibus
698 659 909 714 sanctis
935 658 1058 729 ejus
1102 658 1377 730 consequi
1407 661 1699 713 mereatur
1720 658 1779 712 in
1810 660 2020 713 saecula
2118 664 2190 719 tri
2220 664 2505 738 privilegii
2555 667 2856 738 insurgere
2889 669 3237 740 usurpando,
3277 670 3613 726 invadenda
3638 672 3745 725 an-

405 749 767 806 saeculorum.
801 751 1007 803 Amen.

2127 752 2269 823 quid
2296 754 2367 808 de
2388 754 2844 825 possessionibus
2873 758 3209 812 monasterii
3232 759 3326 813 vel
3354 758 3427 812 de
3458 759 3632 813 rebus
3656 776 3748 814 ec-

479 838 770 910 Scriptum
795 852 899 909 per
930 852 1171 906 manum
1200 836 1428 907 Georgii
1460 836 1670 891 notarii
1702 836 2020 908 regionarii
2120 840 2470 909 clesiasticis,
2503 841 2618 897 sive
2645 843 2714 897 de
2736 845 2844 899 hoc
2875 845 3031 915 quod
3059 846 3237 901 modo
3265 846 3449 901 habet
3469 848 3557 901 vel
3588 846 3748 901 habi-

410 931 589 999 atque
607 926 892 983 scriniarii
909 926 968 983 S.
999 925 1326 999 apostolica:
1350 925 1519 995 sedis,
1544 925 1604 982 in
1630 942 1831 981 mense
1851 926 2020 995 Julio,

404 1015 723 1073 indictione
752 1017 795 1072 Ι.

480 1107 689 1162 Datum
719 1105 844 1161 Kal.
872 1105 1110 1177 Augusti
1152 1122 1256 1178 per
1296 1121 1538 1161 manum
1566 1104 1798 1159 Domini
1839 1104 2027 1176 gratia

407 1194 646 1252 Basonis
670 1194 941 1268 episcopi,
986 1198 1045 1251 et
1086 1194 1507 1251 bibliothecarii
1536 1194 1594 1249 S.
1638 1197 1820 1266 apost.
1852 1194 2021 1249 sedis.

409 1286 563 1341 Bene
586 1285 787 1340 valete.
815 1284 1190 1340 Decernimus
1237 1300 1398 1355 ergo,
1435 1286 1543 1338 etc.
1597 1282 1655 1337 Si
1684 1300 1797 1356 qua
1826 1282 2023 1355 igitur,

409 1378 520 1431 etc.
557 1374 791 1430 Cunctis
820 1376 1037 1441 autem,
1076 1376 1183 1429 etc.
1220 1375 1426 1426 Amen.

1131 1462 1313 1516 XXIII.

413 1549 740 1608 Benedictus
777 1548 928 1606 VIII
965 1550 1192 1617 Amata,
1222 1549 1610 1620 archiepiscopo
1661 1547 2025 1616 Salernitano,

475 1640 647 1714 pallii
692 1657 847 1695 usum
899 1638 1156 1707 concedit,
1211 1645 1260 1693 et
1294 1637 1582 1710 privilegia
1621 1636 1875 1694 Ecclesiae
1917 1637 2030 1708 ejus

485 1730 787 1800 conﬁrmat.

842 1818 1092 1890 (Fragm.
1115 1849 1184 1857 —-
1224 1818 1390 1871 Anno
1420 1814 1604 1887 1019.)

797 1907 1029 1968 [ΒΑιιοΝ.
1056 1906 1130 1961 ad
1158 1922 1256 1961 an.
1293 1907 1448 1973 1013,
1480 1922 1540 1959 ιι.
1565 1904 1640 1967 5.]

489 2037 505 2052 .
540 2039 554 2053 .
590 2038 605 2052 .
643 2038 659 2051 .
695 2038 709 2051 .
747 2037 761 2050 .
794 1994 1085 2067 Scriptum
1116 2010 1221 2066 per
1260 2009 1469 2049 manus
1495 1990 1773 2065 Stephani
1822 1991 2031 2047 notarii

414 2083 734 2160 regionarii
753 2087 812 2140 et
828 2081 1115 2140 scriniarii
1144 2083 1202 2139 S.
1236 2083 1303 2137 R.
1341 2084 1429 2151 E.,
1458 2098 1659 2138 mense
1680 2080 2030 2148 Decembris,

413 2174 618 2232 indict.
645 2188 731 2230 ιιι.

490 2265 704 2320 Datum
728 2278 785 2316 v1
816 2261 940 2318 Kal.
972 2259 1231 2317 Januarii
1257 2276 1361 2333 per
1380 2275 1587 2315 manus
1606 2258 1899 2315 Benedicti
1920 2257 2034 2331 epi-

417 2352 577 2425 scopi
630 2349 965 2408 Portuensis
1017 2353 1076 2405 et
1128 2347 1551 2406 bibliothecarii
1581 2348 1639 2403 S.
1671 2350 1855 2418 apost.
1887 2347 2031 2413 sed.,

419 2457 602 2508 anno,
644 2440 762 2495 Deo
801 2438 1075 2511 propitio,
1097 2454 1199 2493 vni
1227 2436 1593 2509 pontificatus
1622 2434 1823 2490 domui
1854 2436 2037 2489 Bene-

422 2528 560 2586 dicti
590 2526 936 2583 sanctissimi
980 2525 1162 2581 octavi
1198 2540 1384 2597 papse,
1423 2518 1750 2594 imperante
1795 2522 2034 2578 domino

424 2615 684 2690 piissimo
728 2613 1077 2688 imperatore
1124 2617 1270 2685 Aug.
1305 2611 1547 2668 Henrico
1601 2628 1757 2668 anno
1787 2627 1862 2678 v1,
1911 2610 2032 2667 ind.

426 2722 508 2776 ιιι,
540 2718 744 2762 mense
773 2702 1126 2771 Decembris,
1155 2702 1248 2757 die
1278 2717 1367 2757 xv.

1146 2791 1324 2847 XXIV.

425 2883 716 2944 Benedicti
758 2881 904 2941 VIII
934 2882 1288 2957 privilegium
1323 2897 1427 2953 pro
1446 2881 1782 2952 part/lenone
1805 2877 1869 2936 S.
1909 2877 2038 2934 Μα-

961 2975 1057 3028 riae
1091 2977 1141 3029 et
1161 2971 1225 3030 S.
1251 2970 1511 3027 Andreae.

1030 3061 1224 3137 (Anno
1256 3060 1432 3130 102οᾼ

824 3153 1039 3226 [MAN51,
1077 3152 1306 3219 Concil.,
1334 3151 1468 3218 XIX,
1500 3149 1650 3210 330.]

505 3245 844 3301 Bsusmcrus
890 3242 1209 3315 episcOpus,
1238 3256 1430 3296 servus
1455 3254 1749 3294 servorum
1777 3236 1903 3303 Dei,
1935 3236 2040 3291 Cu-

430 3350 685 3391 manum;
711 3330 1028 3388 venerabili
1055 3328 1355 3386 abbatissa:
1398 3331 1677 3383 aeternam
1702 3327 1763 3383 in
1796 3325 2041 3381 Domino

430 3421 789 3566 ωὲίξῖιῗὲιιίι
828 3507 1141 3580 apostolico
1190 3502 1575 3560 moderamini
1623 3503 1719 3577 pia
1763 3502 2047 3576 religione

434 3597 788 3671 pollentibus
804 3595 1085 3652 benevola
1101 3594 1499 3666 compassione
1519 3610 1837 3659 sucurrere,
1861 3596 1919 3647 ct
1947 3609 2047 3665 po-

436 3685 719 3742 scentium
733 3684 943 3741 animis
954 3684 1127 3741 alacri
1140 3683 1447 3740 devotione
1458 3683 1716 3756 praebere
1728 3698 2048 3737 assensum.

435 3777 519 3832 Ex
545 3776 655 3832 hoc
676 3775 836 3831 enim
866 3774 1009 3831 lucri
1034 3773 1397 3845 potissimum
1417 3771 1726 3846 premium
1745 3771 1901 3842 apud
1919 3786 2052 3825 con-

441 3867 693 3925 ditorem
714 3864 980 3921 omnium
996 3863 1311 3920 Dominum
1327 3860 1805 3936 promeremur,si
1824 3875 2055 3914 venera-

436 3956 579 4014 bilia
597 3957 725 4013 loca
742 3957 1077 4010 sanctorum
1103 3954 1427 4026 opportune
1449 3951 1717 4007 ordinata
1745 3949 1819 4004 ad
1845 3947 2051 4003 melio-

436 4063 564 4103 rem
583 4048 797 4103 statum
812 4043 1033 4100 fuerint
1050 4043 1345 4115 perducta.
1370 4043 1439 4097 Et
1455 4041 1585 4096 idco
1599 4039 1736 4112 quia
1754 4035 2051 4110 postulatis

436 4154 475 4193 δ.
498 4136 667 4193 nobis
696 4138 981 4209 quatenus
1006 4132 1321 4206 apostolica
1349 4130 1688 4187 auctoritate
1713 4127 2051 4183 concedere-

437 4239 568 4282 mus
595 4227 655 4281 et
700 4224 1183 4281 conﬂrmaremus
1226 4221 1387 4277 vobis
1412 4224 1471 4276 et
1512 4218 1596 4273 eis
1640 4234 1769 4289 qua:
1800 4215 1961 4270 vobis
1988 4214 2044 4268 in

433 4318 777 4387 perpetuum
802 4312 1105 4368 succedere
1132 4311 1366 4379 debent,
1402 4305 1824 4365 monasterium
1850 4304 1911 4358 in
1941 4305 2043 4359 ho-

434 4420 577 4460 nore
606 4406 818 4460 sanctis
838 4401 1027 4457 Marias
1052 4403 1111 4455 et
1140 4399 1196 4455 S.
1227 4399 1474 4454 Andreas
1511 4397 1685 4452 situm
1708 4393 1767 4448 in
1792 4394 1920 4449 loco
1946 4391 2045 4465 qui

2122 932 2319 984 turum
2348 934 2434 986 est
2463 931 2521 985 in
2551 935 2918 1003 perpetuum,
2946 949 3045 988 seu
3065 933 3452 1006 inquietando
3481 951 3584 990 vos
3608 951 3747 1006 pos-

2128 1020 2394 1091 terosque
2423 1022 2656 1075 vestras.
2690 1020 2748 1075 Si
2775 1021 2924 1093 quis,
2956 1023 3111 1093 quod
3136 1039 3260 1078 non
3308 1026 3602 1095 optamus,
3646 1040 3746 1079 ne-

2123 1104 2271 1161 fario
2310 1122 2452 1161 ausu
2501 1108 2611 1163 hoc
2669 1113 2931 1163 nostrum
2987 1110 3479 1184 privilegiumpie
3507 1129 3546 1166 a
3581 1112 3751 1168 nobis

2125 1196 2566 1267 promulgatum
2616 1197 2675 1251 in
2725 1214 3017 1270 quoquam
3067 1199 3439 1271 perfringere
3484 1204 3588 1255 aut
3611 1217 3749 1255 eva-

2125 1298 2296 1339 cuare
2322 1285 2651 1351 tentaverit,
2700 1285 2849 1340 iram
2908 1286 3007 1341 Dei
3054 1286 3315 1342 incurrat
3357 1290 3418 1342 et
3470 1288 3752 1361 principis

2127 1372 2548 1442 apostolorum,
2583 1376 2755 1445 atque
2786 1390 2920 1429 cum
2941 1374 3087 1430 Juda
3117 1375 3398 1431 traditore
3431 1376 3670 1431 Domini
3692 1377 3751 1431 iu

2126 1457 2390 1516 inferiori
2432 1463 2705 1533 gehenna
2730 1463 3056 1518 damnetur.
3092 1465 3201 1529 Qui
3232 1481 3368 1520 vero
3398 1465 3502 1538 pio
3542 1464 3753 1519 intuitu

2127 1550 2326 1603 custos
2346 1552 2405 1603 et
2435 1550 2774 1606 observator
2801 1552 2970 1622 hujus
2998 1552 3179 1607 nostri
3210 1553 3503 1626 privilegii
3534 1553 3759 1607 exstite-

2126 1635 2487 1708 rit,gratiam
2518 1637 2619 1693 Dei
2650 1643 3053 1711 consequatur,
3082 1644 3141 1695 et
3168 1642 3576 1712 apostolorum
3603 1641 3757 1712 prin-

2127 1725 2272 1797 cipis
2306 1725 2777 1783 benedictionem
2824 1731 3135 1795 mereatur,
3194 1731 3369 1801 atque
3394 1746 3535 1784 cum
3564 1728 3761 1784 electis

2057 1800 2110 1860 Β
2128 1811 2189 1869 in
2215 1815 2430 1871 caelesti
2459 1816 2834 1871 tabernaculo
2866 1817 2925 1871 in
2951 1819 3235 1873 aeternum
3263 1800 3518 1873 laetetur.

2212 1903 2503 1977 Scriptum
2525 1922 2630 1977 per
2658 1921 2869 1961 manus
2906 1906 3184 1978 Stephani
3205 1906 3497 1962 scriniarii
3546 1907 3757 1962 Roma-

2132 2008 2223 2048 nm
2254 1992 2518 2048 Ecclesia
2550 1993 2611 2048 in
2643 2011 2845 2049 mense
2864 1994 3042 2067 Aprili
3074 1994 3274 2052 indict.
3304 2012 3384 2051 ιιι.

2865 2084 3016 2139 XXV.

2132 2170 2491 2244 Privilegium
2517 2172 2804 2230 Benedicti
2820 2188 2982 2244 papa:
3019 2174 3085 2228 de
3122 2175 3542 2245 conﬁrmatione
3580 2174 3764 2231 Babc-

2671 2261 2927 2331 bergcnsis
2968 2265 3215 2334 episcOpi.
3529 2287 3536 2291 τ

2735 2348 2924 2421 (Αιιιιο
2958 2352 3142 2420 1020.)

2531 2438 2742 2510 Ullum,
2779 2438 2985 2495 Concil.
3024 2440 3158 2506 XIX,
3210 2441 3359 2511 327.]

2207 2528 2544 2582 Baunmcrus
2598 2525 2917 2599 episcOpus,
2962 2544 3154 2582 servus
3188 2545 3491 2585 servorum
3522 2530 3650 2597 Dei,
3683 2531 3770 2587 di-

2134 2614 2446 2670 lectissimo
2476 2614 2537 2669 in
2573 2615 2822 2670 Domino
2842 2616 2974 2669 Iesu
3006 2615 3230 2671 Christo
3261 2616 3380 2672 ﬁlio
3407 2622 3521 2673 etc.
3550 2624 3770 2675 sancta:

2140 2704 2602 2775 Babebergensis
2630 2703 2894 2760 Ecclesiae
2913 2704 3228 2761 venerabili
3256 2705 3535 2780 episcopo
3567 2725 3775 2781 perpe-

2136 2794 2302 2846 tuam
2326 2792 2592 2847 salutem.

2213 2878 2458 2944 Quando
2471 2896 2697 2954 cunque
2728 2884 2941 2938 nostra:
2970 2882 3299 2955 apostolica
3327 2885 3774 2942 corroboraue-

2139 2964 2230 3021 nis
2257 2966 2369 3038 piae
2422 2969 2751 3039 exposcitnr
2800 2969 3162 3042 suffragium,
3212 2972 3387 3026 celeri
3431 2972 3647 3028 eﬂ‘ectu
3682 2977 3779 3029 est

2075 3088 2121 3151 Ο
2139 3054 2607 3151 attribuendum.
2631 3057 2703 3151 lit
2825 3057 2884 3112 in
2924 3058 3014 3151 his
3035 3059 3367 3131 exposcitur
3389 3077 3527 3133 qua
3556 3061 3776 3121 durare

2140 3145 2421 3214 perpetuo
2452 3142 2738 3213 videntur,
2764 3144 2968 3200 litteris
3014 3149 3101 3199 est
3123 3149 3183 3200 et
3223 3147 3661 3215 adnotandum,
3694 3166 3775 3204 ne

2139 3230 2438 3301 prolixitas
2480 3233 2814 3304 temporum
2842 3234 3086 3304 posteris
3116 3234 3225 3290 hoc
3262 3236 3473 3291 reddat
3520 3238 3773 3295 dubium

2142 3320 2231 3375 vel
2279 3318 2588 3376 incertum.
2650 3320 3012 3394 Quapropter
3064 3326 3268 3379 notum
3320 3340 3447 3380 esse
3503 3328 3775 3383 volumus

2144 3409 2366 3464 cunctis
2407 3413 2621 3465 sancta
2668 3411 2935 3467 Ecclesiae
2990 3411 3140 3479 filiis,
3190 3417 3312 3468 tam
3381 3417 3775 3486 praesentibus

2149 3514 2324 3571 quam
2364 3497 2592 3566 futuris,
2625 3498 2871 3570 qualiter
2902 3501 2974 3555 de
3003 3501 3334 3575 episcOpatu
3363 3520 3547 3576 quem
3578 3505 3776 3561 Chris-

2148 3586 2501 3643 tianissimus
2522 3587 2796 3643 Henricus
2825 3588 3146 3660 imperator
3183 3590 3257 3645 ad
3285 3591 3579 3649 honorem
3606 3593 3775 3664 prin-

2149 3677 2290 3748 cipis
2310 3677 2708 3751 apostolorum
2734 3677 2887 3732 Petri
2914 3678 3205 3735 Babeberc
3224 3679 3603 3738 devotissime
3628 3700 3777 3755 prte-

2150 3766 2306 3833 fecit,
2338 3770 2530 3820 actum
2580 3765 2639 3819 in
2668 3765 2871 3836 eadem
2902 3768 3141 3823 ecclesia
3165 3767 3330 3824 nobis
3378 3772 3774 3840 praesentibus

2149 3854 2243 3909 sit.
2277 3854 2496 3926 Saepius
2524 3853 2684 3908 enim
2711 3854 2922 3910 obnixe
2954 3855 3135 3911 dictus
3160 3856 3507 3928 imperator,
3538 3860 3771 3914 fervens

2152 3944 2335 4001 nimio
2366 3960 2565 4000 amore
2591 3944 2952 4017 episcopatus
2981 3962 3156 4018 quem
3199 3950 3382 4002 tactus
3412 3948 3615 4004 divino
3652 3949 3772 4004 im-

2150 4034 2318 4108 pulsu
2366 4034 2705 4105 perfecerat,
2759 4034 3077 4090 honoriﬁce
3149 4034 3224 4090 ad
3290 4036 3769 4093 conﬁrmandum:

2148 4122 2466 4194 apostolica
2487 4121 2829 4177 auctoritate
2855 4121 3143 4178 Babeberc
3171 4122 3333 4177 adire
3356 4139 3465 4178 nos
3496 4124 3774 4198 depreca-

2149 4214 2236 4265 tus
2264 4215 2380 4277 est;
2409 4212 2570 4283 cujus
2600 4210 3037 4283 deprecationes
3065 4211 3320 4267 assiduas
3344 4216 3406 4268 et
3435 4213 3773 4269 indeﬁcien—

2146 4303 2262 4356 tem
2278 4300 2617 4357 instantiam
2635 4300 2733 4372 dej
2744 4303 2866 4356 usto
2879 4298 3161 4355 desiderio
3180 4301 3500 4371 procedere
3518 4319 3766 4375 cognos-

2143 4395 2360 4460 centes,
2393 4391 2656 4462 iniquum
2685 4388 3069 4459 judicavimus
3098 4389 3472 4460 prmsentiam
3500 4394 3761 4446 nostram

433 4494 668 4548 vocatur
692 4492 896 4558 Goftla,
918 4490 980 4545 in
1022 4489 1300 4546 comitatu
1342 4487 1620 4552 Liubana,
1653 4502 1687 4540 a
1718 4485 1888 4539 bona:
1916 4499 2043 4536 me-
2066 4480 2117 4539 D
2143 4480 2224 4536 illi
2249 4482 2561 4551 denegare,
2593 4480 2651 4532 et
2694 4477 3074 4532 inhumanam
3132 4476 3513 4534 calliditatem
3560 4484 3765 4536 contra

435 4580 638 4636 moria;
662 4579 919 4637 Aribone
940 4583 999 4636 et
1025 4579 1208 4634 Adala
1218 4578 1465 4649 conjuge
1483 4592 1585 4631 sua
1600 4575 1914 4646 incoeptum
1936 4574 1994 4625 et
2012 4588 2047 4624 a

433 4667 553 4723 ﬁlio
573 4685 775 4725 eorum
796 4668 1049 4725 Aribone
1060 4665 1376 4723 venerabili
1398 4666 1643 4721 diacono
1656 4662 1973 4735 perfectum
1989 4663 2046 4713 et

431 4756 492 4812 in
521 4756 789 4813 libertate
803 4756 1159 4812 dilectissimi
1182 4755 1284 4810 ﬁlii
1307 4757 1371 4810 Η.
1387 4751 1754 4827 imperatoris
1772 4749 2041 4805 commis-

430 4860 591 4902 sum:
617 4844 877 4900 inclinati
904 4845 1172 4916 precibus
1204 4844 1426 4911 vestris,
1450 4846 1507 4898 et
1525 4840 1813 4914 prmcipue
1836 4838 2041 4910 depre-

428 4934 659 4990 catione
718 4933 855 4988 dicti
908 4933 1295 5005 imperatoris,
1328 4937 1378 4987 et
1424 4930 1755 4986 interventu
1783 4927 2041 4998 ejusdem

428 5022 699 5081 Aribonis
744 5022 1087 5078 venerabilis
1131 5021 1358 5078 diaconi
1405 5017 1741 5093 perfectoris
1781 5014 2041 5086 ejusdem

430 5114 558 5182 loci,
589 5111 963 5169 concedimus
993 5114 1051 5167 et
1079 5111 1493 5166 confirmamus
1529 5106 1690 5162 vobis
1716 5109 1774 5160 et
1801 5104 1886 5159 eis
1915 5120 2042 5175 quae

430 5204 591 5261 vobis
606 5202 912 5259 succedere
938 5201 1156 5257 debent
1176 5200 1235 5254 in
1263 5200 1629 5271 perpetuum,
1664 5195 1883 5251 dictum
1916 5210 2041 5248 mo-

432 5291 750 5349 nasterium
769 5308 903 5347 cum
918 5288 1192 5346 omnibus
1211 5286 1576 5361 pertinentiis
1591 5284 1706 5339 suis
1728 5286 1785 5337 et
1805 5281 2043 5353 integri-

427 5381 661 5448 tatibus,
685 5396 814 5453 quas
835 5394 1068 5452 quoquo
1090 5377 1267 5432 modo
1289 5377 1464 5431 habet
1485 5376 1567 5429 vel
1601 5372 1929 5427 habiturum
1960 5374 2047 5424 est

429 5468 490 5525 in
510 5471 874 5542 perpetuum.
899 5471 984 5524 lta
1007 5483 1148 5522 sane
1165 5470 1230 5520 ut
1270 5463 1515 5538 singulis
1544 5461 1866 5533 quibusque
1895 5457 2043 5512 indi-

424 5557 712 5613 ctionibus
741 5556 1037 5630 pensionis
1085 5554 1326 5610 nomine
1371 5569 1519 5608 unus
1565 5566 1771 5605 aureus
1826 5547 2045 5602 solidus

425 5649 641 5702 sancte
672 5647 949 5702 Romanae
984 5643 1250 5700 Ecclesiae
1296 5642 1672 5716 persolvatur.
1716 5637 2044 5693 Statuentes

2144 4569 2537 4625 venerabilem
2570 4569 2759 4623 locum
2786 4566 3097 4636 aliquando
3120 4565 3491 4624 occasionem
3511 4586 3764 4625 sumere.

2217 4657 2488 4713 Venimus
2517 4656 2692 4727 igitur
2714 4655 3023 4720 Babeberc,
3049 4654 3142 4709 ubi
3172 4654 3247 4709 ab
3275 4655 3488 4710 eodem
3511 4656 3767 4730 impera-

2142 4750 2268 4802 tore
2290 4744 2535 4816 suscepti
2565 4761 2782 4810 sumus,
2817 4746 2991 4814 prout
3017 4745 3244 4815 poterat
3278 4747 3338 4799 et
3370 4749 3617 4800 noverat
3644 4764 3765 4801 me-

2145 4836 2271 4891 lius.
2299 4834 2609 4889 Ecclesiam
2651 4835 2847 4889 autem
2887 4847 3016 4886 cum
3052 4831 3212 4886 omni
3240 4832 3583 4903 integritate
3613 4836 3765 4905 epis-

2143 4927 2382 4995 copatus
2401 4923 2459 4978 S.
2478 4923 2543 4975 Ρι.
2560 4923 2622 4976 Ε.
2641 4921 2754 4989 cui,
2770 4922 2884 4975 Deo
2905 4923 3162 4986 auctore,
3175 4919 3579 4991 praesidemus,
3593 4926 3653 4977 et
3673 4939 3773 4977 uo-

2145 5014 2230 5068 bis
2254 5012 2480 5066 obtulit.
2507 5010 2671 5074 Quod
2705 5009 2982 5073 videntes,
3006 5024 3237 5080 (equum
3270 5009 3770 5066 consideravimus

2146 5101 2353 5156 seriem
2379 5100 2549 5171 hujus
2574 5097 2755 5154 nostri
2786 5098 3092 5170 privilegii,
3117 5099 3173 5151 et
3191 5096 3594 5171 episimpatum
3626 5116 3771 5155 con-

2145 5192 2377 5245 ﬁrmare
2404 5189 2463 5243 in
2484 5190 2852 5259 perpetuum,
2871 5203 3123 5257 eumque
3149 5185 3274 5252 tibi,
3297 5185 3697 5255 dilectissime,
3714 5195 3769 5244 et

2149 5279 2259 5333 tuis
2280 5276 2700 5332 successoribus
2719 5274 3069 5339 concedere;
3117 5291 3187 5329 ea
3209 5273 3487 5329 videlicet
3508 5275 3762 5345 ratione,

2144 5370 2252 5423 hoc
2278 5366 2484 5421 ordine
2516 5369 2577 5418 ut
2598 5364 2787 5419 nullus
2820 5379 3077 5433 unquam
3100 5363 3439 5425 viventium,
3460 5364 3771 5434 cujuscun-

2145 5473 2255 5528 que
2278 5455 2351 5509 sit
2378 5452 2675 5523 dignitatis
2696 5452 2781 5507 vel
2808 5451 3048 5519 ordinis,
3085 5453 3289 5505 contra
3317 5456 3471 5507 hanc
3501 5457 3764 5508 nostram

2144 5542 2640 5600 confirmationem
2653 5539 3210 5614 episcopatusvenire
3224 5540 3552 5608 audeat,vel
3564 5545 3771 5597 contra

2147 5637 2201 5688 te
2218 5635 2461 5703 tuosque
2481 5645 2833 5686 successores
2860 5629 2939 5683 ob
2966 5629 3078 5683 hoc
3116 5643 3312 5699 agere,
3362 5645 3555 5700 neque
3590 5629 3763 5683 liceat
