4028 6186
344 432 477 503 ιοξδ

1582 426 1939 491 EPISTOLE
1962 426 2050 485 ιτ
2079 425 2423 485 DECRETA.

3530 420 3667 485 MM

340 564 392 623 οἶ
420 564 492 621 de
523 561 799 621 omnibus
853 576 982 635 ‘1“In
1017 575 1177 617 nunc
1203 558 1380 617 habet
1432 556 1522 614 V01
1549 554 1851 613 habiturus
1875 554 1962 607 est
1980 556 2034 614 Α
2062 566 2325 635 omnino,
2343 568 2505 639 juxta
2529 562 3063 623 manifestationem
3097 558 3419 634 Magilperti
3446 558 3674 617 abbatis

339 653 672 728 prielibatus
696 652 1015 725 episcopus,
1046 651 1122 718 vi,
1148 650 1350 706 fraude
1370 653 1469 705 aut
1514 648 1715 720 iniqua
1734 642 1960 700 callidi-

342 746 457 798 tate
485 742 702 814 aliquid
730 741 1033 806 abradere,
1064 740 1151 794 vel
1176 741 1232 793 te
1252 741 1494 810 tuosque
1517 749 1869 791 successores
1890 732 1960 787 de

338 831 429 886 his
460 830 730 887 omnibus
760 829 1082 900 inquietare
1114 828 1305 899 aliquo
1337 827 1541 891 modo;
1578 825 1659 880 ita
1714 839 1851 879 sane
1899 820 1961 876 ut

339 919 582 992 singulis
597 918 916 991 quibusque
934 915 1342 971 indictionibus
1361 916 1464 970 sub
1484 912 1720 970 nomine
1739 909 1961 983 pensio-

340 1008 429 1063 nis
451 1024 667 1080 equum
688 1023 869 1062 unum
889 1006 1086 1060 album
1109 1004 1274 1059 nobis
1294 1003 1616 1075 nostrisque
1632 1013 1962 1056 successori'

338 1098 446 1153 bus
464 1097 754 1168 persolvat
782 1113 912 1151 cum
935 1095 1075 1151 sella
1095 1094 1477 1149 conveniente
1500 1093 1762 1148 Romano
1776 1087 1961 1160 ponti'

340 1185 454 1241 ﬁci.
491 1184 550 1240 Si
578 1184 750 1249 forte,
765 1183 921 1255 quod
945 1198 1063 1237 non
1085 1186 1374 1253 optamus,
1389 1180 1594 1252 aliquis
1614 1178 1961 1251 superbuset

341 1289 623 1341 arrogans
654 1271 964 1327 temerario
995 1288 1137 1325 ausu
1175 1272 1374 1325 contre
1403 1270 1549 1324 hanc
1582 1270 1791 1323 nostra:
1809 1282 1957 1336 prie-

340 1360 624 1433 ceptionis
662 1359 871 1414 seriem
925 1358 1019 1431 pie
1046 1376 1081 1413 a
1110 1357 1275 1413 nobis
1305 1357 1737 1429 promulgatam
1762 1352 1957 1408 venire

341 1453 441 1505 aut
462 1464 636 1520 agere
660 1448 991 1514 tentaverit,
1025 1446 1165 1501 sciat
1183 1463 1243 1500 se
1275 1444 1506 1500 Domini
1531 1443 1711 1500 nostri
1733 1444 1791 1498 et
1819 1457 1959 1513 apo-

340 1538 623 1592 stolorum
648 1534 924 1608 principis
950 1535 1101 1591 Petri
1129 1534 1219 1589 cui
1242 1534 1466 1589 oblatus
1491 1534 1576 1587 est
1600 1548 1634 1586 a
1651 1532 1775 1603 jam
1807 1530 1957 1584 dicto

343 1623 831 1682 Christianissimo
886 1624 1238 1696 imperatore
1286 1622 1645 1693 episcopatus
1671 1636 1801 1674 cum
1846 1618 1961 1673 suis

342 1712 727 1785 pertinentiis,
749 1715 807 1767 et
836 1712 997 1782 cujus
1012 1710 1352 1782 suffragium
1373 1713 1431 1765 et
1439 1710 1720 1782 judicium
1742 1724 1843 1779 per
1855 1723 1961 1762 nos

342 1805 687 1873 nostrosque
739 1815 1093 1856 successores
1124 1802 1405 1871 expectat,
1433 1797 1817 1853 anathematis
1835 1796 1963 1850 vin-

2064 657 2259 713 Sancti
2289 656 2577 712 Benedicti
2613 653 2934 710 Casinensis
2956 649 3314 716 monasterii,
3346 665 3520 721 quam
3537 648 3672 705 fecit

2063 746 2203 801 Urse
2221 746 2400 800 abbas
2432 745 2488 800 S.
2514 744 2743 814 Sophia:
2769 742 2829 796 in
2852 738 3163 814 praesentia
3190 736 3513 810 principum
3542 737 3673 793 Jan-

2063 833 2259 905 dolphi
2285 850 2350 888 ac
2380 831 2699 904 Pandolphi
2736 830 2860 897 filii,
2894 828 3034 901 quin
3077 831 3137 882 et
3164 829 3571 899 magnatorum
3603 842 3670 881 ac

2055 922 2311 994 judicum
2330 938 2531 977 eorum
2552 939 2564 987 ;
2588 935 2813 974 necnon
2831 921 2891 973 et
2906 916 3098 971 multis
3114 913 3485 987 postmodum
3502 911 3672 968 annis

2061 1028 2121 1066 se
2154 1009 2543 1066 manifestavit
2570 1010 2821 1064 Joannes
2835 1007 3011 1062 abbas
3042 1002 3298 1078 praedicti
3334 1001 3670 1057 monasterii

2062 1100 2507 1156 Casinensistibi
2528 1098 2802 1169 Gregorio
2822 1096 3014 1152 abbati
3037 1096 3095 1151 S.
3121 1093 3349 1167 Sophim
3364 1110 3378 1161 ;
3396 1091 3671 1165 quemad-

2060 1190 2301 1245 modum
2327 1191 2385 1243 et
2408 1189 2759 1259 Magelpotus
2772 1186 2949 1241 abbas
2963 1183 3269 1257 praadictus
3281 1183 3422 1237 Urso
3443 1179 3667 1248 abbati;

2061 1279 2377 1333 statuentes
2408 1275 2785 1348 apostolicam
2808 1288 3111 1328 censuram
3139 1270 3241 1325 sub
3272 1268 3447 1324 divini
3471 1266 3671 1340 judicii

2062 1365 2446 1422 obtestatione
2488 1367 2547 1420 et
2595 1360 2980 1418 anathematis
3032 1357 3553 1424 interdictionibus,
3608 1360 3673 1410 ut

2061 1455 2202 1510 nulli
2263 1453 2716 1509 Christianorum
2773 1448 3103 1515 viventium,
3158 1448 3545 1518 cujuscunque
3600 1444 3673 1499 sit

2062 1542 2359 1615 dignitatis
2388 1542 2474 1595 vel
2508 1540 2805 1612 potentiw,
2843 1537 3013 1593 liceat
3050 1539 3253 1590 contra
3278 1534 3387 1589 hoc
3412 1535 3673 1589 nostrum

2060 1631 2441 1703 apostolicum
2473 1627 2839 1701 privilegium
2881 1624 3079 1680 venire
3107 1626 3207 1678 aut
3231 1622 3553 1692 insurgere,
3584 1618 3673 1674 vel

2063 1720 2134 1775 de
2160 1720 2333 1774 rebus
2361 1721 2420 1773 et
2446 1714 2902 1789 possessionibus
2918 1712 3177 1784 ejusdem
3208 1706 3547 1765 monasterii
3576 1705 3676 1762 ali-

2062 1823 2176 1879 quo
2195 1807 2368 1862 modo
2391 1808 2477 1860 vel
2493 1806 2686 1877 aliquo
2712 1801 2946 1874 ingenio
2958 1800 3184 1856 auferre
3203 1798 3290 1852 vel
3309 1794 3676 1865 usurpare,ut

340 1892 471 1946 culo
504 1860 873 1958 innodatum,
895 1906 1023 1944 cum
1052 1860 1282 1943 diabolo
1314 1860 1520 1942 etcum
1542 1887 1665 1958 ejus
1680 1882 1961 1940 atrocissi-
1990 1860 2043 1920 Β
2065 1860 2345 1967 grabato,
2371 1895 2535 1965 juxta
2561 1860 2616 1948 ίᾷ
2635 1860 2933 1965 (Ιυοίιυευιῂ
2944 1892 3134 1944 θοιιιηι
3151 1886 3359 1942 eodem
3382 1860 3509 1939 ιοξεο
3530 1860 3671 1954 αρε)-

343 1979 454 2035 mis
490 1979 739 2052 pompis,
772 1982 944 2050 atque
992 1994 1125 2033 cum
1153 1977 1297 2032 Juda
1341 1976 1618 2031 traditore
1648 1971 1881 2029 Domini
1906 1973 1965 2027 et

344 2069 657 2126 Salvatoris
683 2069 865 2125 nostri
886 2072 1103 2124 aeterno
1126 2067 1247 2138 igni
1278 2065 1791 2122 concremandum.

416 2157 523 2222 Qui
551 2174 683 2213 vero
709 2158 804 2229 pio
833 2157 1044 2212 intuitu
1068 2160 1301 2212 curator
1328 2159 1384 2210 et
1435 2156 1767 2211 observator
1795 2150 1964 2223 hujus

344 2250 559 2302 nostra:
614 2246 925 2302 salutifero:
955 2245 1357 2318 prmceptionis
1400 2242 1671 2309 extiterit,
1724 2240 1960 2297 benedi-

344 2332 554 2389 ctionis
580 2334 832 2404 gratiam
869 2336 926 2387 et
978 2333 1219 2387 caelestis
1271 2330 1668 2387 retributionis
1692 2328 1904 2400 gaudia
1931 2344 1963 2382 a

340 2420 659 2492 justissimo
685 2420 879 2491 judice
901 2420 1148 2483 Domino
1180 2422 1583 2489 consequatur.

420 2507 707 2579 Scriptum
735 2524 838 2578 per
866 2524 1074 2562 manus
1094 2506 1387 2578 Raphonis
1418 2504 1623 2560 notarii
1652 2504 1964 2576 regionarii

345 2601 405 2653 et
441 2595 731 2651 scriniarii
752 2596 810 2652 S.
844 2597 908 2649 Β.
942 2596 1002 2649 Ε.

1061 2681 1237 2736 XXVI.

342 2771 664 2828 Benedictus
701 2768 846 2827 VIII
887 2770 1197 2824 monasterii
1238 2766 1302 2824 S.
1351 2766 1566 2838 Sophia:
1602 2765 1965 2826 Beneventani

615 2843 962 2915 possessiones
994 2847 1044 2895 et
1060 2839 1348 2911 privilegia
1378 2836 1684 2912 conﬁrmat.

952 2928 1145 3000 (Anno
1176 2928 1356 2996 1022).

725 3017 1025 3085 [Anecdota
1063 3014 1410 3086 Ughelliana,
1442 3016 1594 3079 489.]

416 3126 749 3181 BBNEDICTUS
763 3123 1062 3196 episcopus
1104 3138 1299 3176 servus
1337 3137 1633 3176 servorum
1674 3119 1795 3188 Dei,
1825 3120 1967 3177 Gan-

339 3229 505 3271 eomo
534 3212 847 3269 venerabili
878 3211 1072 3267 abbati
1102 3209 1440 3265 monasterii
1462 3208 1520 3265 S.
1547 3209 1779 3282 Sophias
1811 3210 1968 3281 quod

340 3304 649 3375 permanet
696 3301 852 3357 intra
870 3299 1156 3357 civitatem
1186 3300 1690 3375 Beneventanam,
1721 3301 1780 3354 et
1826 3299 1968 3354 urbe

338 3374 556 3456 vetere,
582 3392 643 3445 et
666 3393 795 3461 post
826 3392 882 3444 te
908 3389 969 3444 in
1014 3374 1219 3443 eodem
1272 3386 1586 3442 venerabili
1611 3387 1965 3443 monasterio

338 3476 756 3533 successoribus
784 3476 897 3531 tuis
927 3475 986 3531 in
1021 3478 1396 3547 perpetuum.

417 3564 698 3620 Convenit
738 3564 1053 3636 apostolico
1105 3560 1493 3618 moderamini
1542 3562 1638 3634 pia
1678 3562 1965 3634 religione

338 3651 691 3724 pollentibus
715 3650 1079 3706 convenienti
1097 3650 1499 3721 compassione
1536 3665 1886 3715 succurrere,
1909 3653 1968 3704 et

337 3737 707 3811 poscentibus
734 3738 915 3792 animi
937 3737 1111 3792 alacri
1135 3736 1439 3791 devotione
1459 3734 1745 3807 impertiri
1768 3752 1964 3791 assen-

338 3842 491 3880 sum.
523 3825 603 3880 Ex
623 3824 732 3880 hoc
763 3825 921 3881 enim
950 3825 1107 3879 lucro
1125 3822 1489 3895 potissimum
1513 3822 1668 3894 apud
1699 3823 1966 3877 condito-

336 3929 468 3969 rem
497 3911 766 3968 omnium
809 3911 1125 3968 Dominum
1177 3909 1407 3969 veniam
1471 3924 1898 3980 promeremur,
1921 3911 1967 3965 si

336 3998 693 4056 venerabilia
722 4002 1055 4057 sanctorum
1099 3999 1225 4053 loca
1256 3998 1583 4069 opportune
1612 3997 1879 4052 ordinata
1895 3999 1967 4053 ad

337 4087 641 4144 meliorem
674 4085 891 4142 fuerint
921 4089 1134 4140 statum
1171 4084 1464 4155 perducta.
1484 4083 1668 4156 igitur
1704 4084 1839 4157 quia
1873 4087 1972 4140 tua

340 4176 686 4248 religiositas
714 4178 910 4231 nostro
942 4173 1285 4247 apostolatui
1344 4173 1642 4229 humiliter
1668 4175 1973 4245 postulavit

339 4268 626 4340 quatenus
646 4266 1101 4320 concederemus
1136 4266 1193 4317 et
1217 4263 1707 4318 conﬁrmaremus
1738 4264 1839 4318 tibi
1859 4265 1971 4318 tuis

345 4372 459 4428 que
484 4354 906 4410 successoribus
952 4353 1293 4426 praedictum
1328 4351 1752 4407 monasterium
1783 4352 1839 4407 S.
1873 4352 1972 4408 So-

336 4444 491 4518 phia:
515 4460 649 4500 eum
671 4443 951 4512 Ecclesiis,
988 4443 1184 4511 curtis,
1215 4441 1362 4497 villis
1382 4447 1439 4497 et
1465 4442 1765 4510 casalibus,
1794 4441 1975 4498 vineis
1995 4472 2050 4532 Β

337 4550 570 4606 quoque
600 4536 660 4587 et
707 4533 900 4600 terris,
965 4533 1141 4587 servis
1192 4535 1250 4587 et
1291 4531 1533 4598 ancillis,
1589 4532 1972 4604 omnibusque

333 4623 510 4679 rebus
523 4622 839 4678 mobilibus
851 4638 917 4678 ac
931 4621 1663 4694 immobilibus,privilegiis
1680 4621 1973 4693 sedisapo-

335 4711 554 4768 stolicas
579 4729 644 4767 ac
674 4712 874 4767 infulis
903 4713 1228 4776 decoretur,
1296 4717 1357 4765 ut
1413 4711 1519 4765 sub
1567 4710 1968 4781 jurisdictione

336 4805 551 4855 sanctae
581 4801 732 4856 sedis
762 4800 1118 4872 apostolicae,
1172 4800 1261 4854 cui
1317 4799 1567 4854 Domino
1612 4802 1843 4855 auctore
1870 4800 1966 4853 de-

336 4889 639 4955 servimus,
698 4890 960 4944 Ecclesiae
1016 4889 1413 4954 constitutum,
1477 4887 1686 4942 nullius
1732 4888 1968 4944 alterius

328 4977 830 5049 jurisdictionibus
851 4978 1242 5045 submittatur;
1269 4977 1527 5032 inclinati
1551 4977 1963 5048 precibustuis,

336 5083 442 5139 per
456 5067 631 5140 hujus
652 5068 833 5123 nostri
856 5068 1149 5139 apostolici
1172 5067 1455 5140 privilegii
1482 5070 1745 5121 tenorem
1766 5082 1966 5122 conce-

335 5154 530 5209 dimus
550 5171 615 5210 ac
636 5157 1054 5211 confirmamus
1096 5155 1201 5210 tibi
1244 5158 1302 5209 et
1322 5155 1744 5211 successoribus
1769 5158 1878 5210 tuis
1904 5155 1962 5210 in

336 5246 679 5316 perpetuum
729 5246 1033 5315 praefatum
1091 5245 1506 5300 monasterium
1535 5260 1666 5299 cum
1694 5245 1963 5299 omnibus

335 5332 510 5387 rebus
537 5332 653 5388 suis
674 5349 815 5405 quas
847 5350 1002 5389 nunc
1030 5334 1205 5388 habet
1257 5336 1358 5388 aut
1404 5332 1739 5387 habiturum
1793 5336 1878 5386 est
1902 5332 1959 5388 in

334 5425 701 5492 perpetuum,
741 5439 814 5475 ne
841 5422 895 5476 id
928 5422 1185 5477 videlicet
1209 5421 1375 5476 alicui
1408 5420 1561 5475 Patri
1590 5424 1689 5475 aut
1719 5420 1958 5476 domino

336 5508 445 5564 nisi
477 5510 741 5565 Romano
768 5511 1023 5582 ponlitici
1052 5511 1445 5580 subjugatum,
1478 5510 1573 5564 sed
1608 5525 1839 5579 semper
1883 5508 1958 5564 ab

336 5596 497 5651 omni
514 5599 847 5653 subactione
866 5602 923 5653 et
946 5598 1307 5653 condictione
1324 5597 1645 5653 Casinensis
1663 5600 1953 5653 monaste-

336 5684 409 5739 rii
439 5690 690 5749 maneat,
724 5703 899 5759 quam
931 5688 1065 5742 fecit
1088 5688 1227 5742 Urse
1257 5687 1434 5743 abbas
1466 5687 1523 5741 S.
1556 5685 1783 5759 Sophim
1813 5685 1956 5740 liber

2063 1982 2275 2040 stolicie
2297 1981 2720 2039 constitutionis
2750 1982 2923 2050 atque
2970 1974 3254 2050 privilegii
3284 1971 3560 2038 consistit,
3582 1970 3671 2024 in-

2063 2088 2336 2128 concusse
2362 2071 2685 2127 dotandum
2732 2068 3096 2141 permaneat:
3152 2066 3210 2119 et
3248 2063 3416 2117 liceat
3454 2058 3672 2116 eisdem

2062 2160 2360 2216 monachis
2390 2160 2460 2215 de
2490 2159 2611 2231 ipsa
2660 2154 3112 2229 congregatione
3144 2152 3415 2207 abbatem
3444 2161 3675 2218 semper

2064 2249 2300 2319 eligere,
2320 2251 2377 2302 et
2398 2264 2515 2303 non
2528 2246 2831 2302 sitlicitum
2843 2243 3012 2299 alicui
3025 2241 3294 2313 episcopo
3311 2236 3529 2293 ibidem
3543 2234 3677 2291 mis-

2065 2355 2186 2392 saln
2208 2340 2395 2392 facere
2428 2339 2526 2391 aut
2559 2352 2790 2401 canere,
2814 2333 3106 2389 autetiam
3140 2325 3571 2385 ordinationem
3587 2323 3676 2379 fa-

2065 2441 2196 2481 cere
2216 2425 2325 2480 nisi
2337 2441 2511 2496 quem
2525 2425 2701 2480 abbas
2713 2423 2974 2494 ejusdem
2988 2414 3326 2475 monasterii
3338 2428 3677 2486 provocave-

2065 2516 2157 2570 rit.
2178 2514 2251 2570 ‘Si
2283 2530 2412 2587 quae
2460 2512 2773 2567 temerario
2826 2527 2968 2564 ausu
2997 2510 3203 2562 contra
3238 2505 3389 2558 hanc
3418 2504 3677 2557 nostram

2066 2605 2443 2676 apostolicam
2483 2599 2935 2675 prmoeptionem
2985 2594 3183 2650 venire
3221 2589 3549 2655 tentaverit,
3589 2588 3678 2643 vel

2066 2692 2454 2757 deﬁnitiones,
2470 2706 2612 2762 quas
2632 2686 2888 2759 praedicti
2903 2681 3307 2740 ahbatesinter
3323 2695 3383 2734 se
3395 2677 3679 2745 fecerunt,

2067 2796 2299 2854 quoquo
2319 2779 2494 2833 modo
2512 2777 2699 2832 irritas
2713 2777 2903 2830 facere
2924 2770 3167 2827 voluerit
3183 2771 3283 2824 aut
3294 2764 3678 2833 contenderit;

2065 2852 2154 2925 vel
2185 2868 2360 2924 etiam
2390 2867 2436 2921 si
2466 2866 2659 2939 aliqua
2689 2879 2936 2937 persona
2982 2858 3292 2915 hominum
3322 2871 3413 2911 res
3450 2869 3582 2909 suas
3616 2852 3680 2907 in

2067 2957 2273 3012 eodem
2298 2955 2653 3012 monasterio
2672 2955 2759 3008 vel
2776 2949 3027 3008 ecclesiis
3044 2947 3152 3002 illis
3172 2942 3443 3015 subjectis
3471 2940 3681 2996 offerre

2065 3047 2154 3101 vel
2169 3047 2307 3102 dare
2318 3043 2582 3111 voluerit,
2596 3046 2655 3098 et
2666 3041 2859 3113 aliqua
2874 3052 3125 3113 persona
3141 3031 3448 3090 hominum
3464 3028 3685 3084 subtra-

1996 3135 2205 3200 Chere
2230 3134 2371 3191 illud
2400 3132 2662 3200 voluerit,
2710 3130 2781 3185 sit
2830 3146 2865 3184 a
2916 3129 3032 3183 Deo
3083 3125 3273 3189 Patre,
3322 3122 3380 3175 et
3422 3117 3585 3186 Filio,
3625 3119 3686 3172 et

2069 3224 2287 3295 Spiritu
2309 3226 2509 3278 sancto
2536 3217 3070 3277 excommunicatus
3099 3214 3159 3268 et
3180 3206 3541 3295 maledictus,
3563 3207 3622 3295 et
3651 3221 3687 3259 a

2068 3293 2238 3367 beato
2267 3313 2435 3367 Petro
2467 3313 2522 3365 et
2553 3310 2727 3365 Paulo
2758 3304 3033 3378 apostolis
3078 3297 3314 3356 Domini
3345 3293 3527 3361 nostri
3554 3293 3686 3348 Jesu

2069 3400 2275 3457 Christi
2289 3398 2805 3455 anathematizatus
2816 3398 2875 3450 et
2885 3390 3337 3454 condemnatus;
3360 3384 3419 3439 iu
3438 3382 3531 3437 die
3546 3396 3682 3436 vero

2062 3489 2260 3562 judicii
2293 3504 2423 3543 cum
2455 3487 2685 3542 diabolo
2712 3488 2769 3540 et
2797 3482 3018 3556 angelis
3046 3479 3168 3551 ejus
3199 3472 3590 3562 prmeipitetur
3612 3468 3673 3524 in

2067 3559 2396 3651 gehennam
2428 3579 2709 3631 aeternam
2757 3572 2880 3628 sine
2931 3571 3047 3625 ﬁne
3095 3579 3346 3622 arsurus.
3400 3559 3507 3625 Qui
3538 3574 3673 3613 vero

2067 3646 2254 3722 custos
2284 3668 2342 3721 et
2362 3667 2682 3720 asservator
2719 3662 2780 3717 in
2829 3658 3100 3716 omnibus
3145 3654 3315 3725 hujus
3348 3646 3676 3722 apostolica:

2068 3753 2470 3827 praeceptionis
2486 3755 2694 3806 nostra:
2708 3748 3049 3804 salutaribus
3068 3741 3251 3800 consti
3262 3739 3394 3795 tutis
3404 3735 3677 3827 extiterit,

2068 3826 2230 3899 omni
2249 3841 2653 3897 benedictione
2693 3839 2983 3909 repleatur
3001 3849 3105 3908 per
3141 3829 3341 3885 omnia
3354 3826 3562 3882 saecula
3580 3839 3681 3878 sae-

2068 3932 2350 3987 culorum.
2381 3932 2589 3984 Amen.

2141 4019 2431 4092 Scriptum
2463 4035 2564 4090 per
2580 4032 2823 4071 manum
2838 4009 3115 4085 Stephani
3134 4005 3342 4064 notarii
3364 3997 3676 4076 regionarii

2071 4112 2127 4165 et
2155 4106 2436 4164 scriniarii
2470 4106 2526 4162 S.
2564 4107 2626 4161 Β.
2661 4107 2720 4160 Ε.
2756 4105 2813 4159 in
2846 4118 3046 4158 mense
3074 4099 3235 4155 Mart.
3274 4093 3474 4151 indict.
3517 4106 3568 4145 v.

2773 4227 2970 4283 XXVII.

2070 4337 2236 4394 Bulla
2266 4336 2546 4392 Benedicti
2582 4335 2727 4390 VIII
2752 4351 2912 4407 papa:
2942 4328 3440 4407 qua_Pomposi;ano
3476 4336 3680 4407 .mona-

2248 4411 2403 4463 sterio
2435 4415 2625 4462 cuncta
2652 4396 3016 4478 ;.rii:iIEgia°et
3034 4403 3178 4473 jura
3206 4396 3506 4467 conﬁrmat.

2677 4514 2863 4584 (Anno
2914 4507 3091 4577 1022).

2359 4622 2678 4685 [MeaAroaL
2706 4618 2896 4689 Antig.
2932 4614 3080 4681 Ital.,
3109 4612 3179 4679 V,
3212 4612 3397 4677 t05t.)

2146 4712 2475 4769 Bsssmcrus
2548 4708 2865 4781 episcopus,
2939 4719 3133 4759 servus
3190 4711 3481 4754 servorum
3553 4691 3678 4781 Dei,

2069 4802 2288 4854 Wmom
2335 4779 2648 4853 venerabili
2696 4793 2888 4850 abbati
2930 4787 3266 4848 monasterii
3314 4786 3538 4843 Sancte
3574 4779 3678 4839 Dei

2068 4887 2363 4960 genitricis
2388 4885 2571 4940 Mariae
2602 4883 2854 4939 domina:
2886 4884 3121 4948 nostras,
3142 4877 3233 4934 siti
3263 4877 3324 4933 in
3344 4874 3531 4930 insula
3550 4884 3677 4940 qum

2067 4975 2275 5031 dicitur
2323 4970 2652 5045 Pomposia,
2702 4969 3235 5040 successoribusque
3276 4964 3390 5020 suis
3438 4962 3497 5016 in
3546 4973 3673 5028 per-

2066 5069 2326 5137 petuum.
2627 5076 2632 5081 ‘

2139 5154 2425 5217 Quoniam
2456 5167 2686 5223 semper
2711 5154 2844 5206 sunt
2872 5146 3263 5210 concedenda,
3278 5156 3403 5212 quin
3425 5135 3674 5193 rationa-

2064 5241 2271 5296 bilibus
2290 5244 2618 5313 congruunt
2639 5238 2956 5307 desideriis,
2971 5236 3198 5309 oportet
3214 5233 3276 5284 ut
3286 5225 3535 5291 devotio,
3559 5228 3669 5280 etc.

2063 5330 2246 5400 Igitur
2268 5328 2405 5401 quia
2433 5330 2854 5400 postulavittua
2870 5324 3137 5382 sanctitas
3164 5315 3410 5374 curvatis
3428 5313 3671 5388 genibus

2065 5422 2321 5472 nostram
2384 5417 2539 5490 piam
2594 5419 2950 5472 voluntatem
3020 5413 3303 5481 quatenus
3365 5403 3671 5479 prastatum

2060 5507 2478 5562 monasterium
2496 5507 2721 5561 Sanctae
2738 5503 2833 5559 Dei
2852 5497 3150 5555 Genitricis
3166 5494 3419 5551 domina:
3437 5493 3669 5557 nostrze,

2058 5593 2117 5649 in
2151 5594 2338 5649 insula
2360 5593 2746 5666 Pomposiana
2769 5589 2966 5653 situm,
3006 5582 3303 5658 privilegio
3350 5578 3666 5655 apostolico

2057 5682 2448 5747 roboraretur,
2473 5698 2543 5735 ne
2566 5680 2623 5734 id
2646 5677 2907 5733 videlicet
2927 5674 3091 5731 alicui
3115 5672 3443 5735 hominum,
3461 5670 3671 5741 prmtre
