4028 6186
355 455 358 458 μ
426 405 565 467 ὶῧὶἺ

1737 379 2100 460 sanentur:
2125 399 2244 459 vm
2271 402 2471 462 PAPE

3617 412 3746 475 1628

434 540 554 597 Deo
569 538 1140 613 etregisubjugatum
1155 540 1332 607 esset;
1354 537 1624 611 perillam
1638 528 2114 592 auctoritatemA
2146 549 2530 618 apostolaium
2565 547 2909 622 respiciunt;
2971 549 3135 606 ιεωιο
3188 548 3354 606 cuius
3389 550 3748 625 pleniusque,

434 650 605 706 quam
637 633 890 688 Christus
933 632 1212 688 Dominus
1255 634 1451 687 noster
1480 633 1648 686 beato
1699 632 1868 684 Petro
1900 645 2038 699 apo-

434 724 714 778 stolorum
748 722 992 796 principi
1047 725 1104 776 et
1155 725 1366 776 sanctae
1416 719 1677 774 Ecclesia:
1725 717 2041 772 rectoribus

436 811 736 877 concessit,
769 812 1166 866 constituimus
1197 814 1254 866 et
1284 810 1622 866 ordinamus
1652 813 1713 863 ut
1743 823 2042 877 nunquam

436 901 594 955 locus
624 901 744 972 ipse
771 905 872 958 aut
897 920 989 957 res
1010 903 1082 957 ad
1111 902 1297 973 ipsum
1323 900 1915 972 pertinentes,pra2ter
1928 897 2043 950 Deo

441 989 498 1042 et
525 989 668 1061 regi,
698 990 864 1045 alicui
888 991 1147 1046 submitti
1195 989 1440 1062 possint:
1498 989 1800 1058 nullusque
1829 992 2045 1039 morta-

438 1075 599 1145 lium,
633 1083 847 1152 przetcr
884 1073 1060 1146 regiae
1119 1078 1417 1150 potestatis
1446 1078 1694 1134 culmen.
1724 1075 1781 1128 in
1807 1074 2045 1146 praefato

450 1169 828 1236 monasterio,
857 1174 954 1225 aut
983 1170 1038 1224 in
1072 1169 1322 1225 cortibus
1343 1169 1427 1222 vel
1456 1168 1516 1221 in
1548 1166 1810 1231 castellis,
1850 1163 1962 1217 sive
1990 1162 2046 1217 in

443 1256 726 1326 plebibus,
759 1261 858 1312 aut
884 1258 942 1312 in
976 1259 1151 1322 cellis,
1177 1275 1271 1312 seu
1294 1257 1350 1311 in
1375 1256 1536 1322 villis,
1558 1253 1720 1326 aquis
1737 1268 2047 1324 aquarum-

439 1363 548 1418 que
574 1348 924 1408 decursibus,
957 1348 1114 1419 ripis,
1137 1347 1379 1419 pascuis,
1410 1345 1579 1408 silvis,
1613 1342 2044 1414 piscationibus,

441 1435 766 1504 paludibus,
789 1436 1172 1506 omnibusque
1192 1435 1362 1488 rebus
1381 1432 1685 1488 mobilibus
1707 1434 1765 1485 et
1781 1428 2048 1484 immobi-

440 1524 588 1578 libus
604 1525 676 1578 ad
696 1525 879 1596 ipsum
903 1525 1342 1595 pertinentibus,
1367 1539 1473 1578 nec
1508 1539 1623 1576 non
1649 1521 1707 1576 in
1730 1519 1902 1575 servis
1923 1517 2044 1584 Dei,

441 1615 540 1666 aut
567 1611 626 1666 in
655 1612 887 1667 famulis
923 1611 1217 1684 utriusque
1235 1629 1416 1676 sexus,
1440 1611 1553 1666 sive
1574 1609 1749 1664 etiam
1772 1609 1830 1662 in
1856 1606 2049 1663 liberis

443 1717 615 1770 super
643 1703 824 1756 terras
849 1700 1105 1771 ejusdem
1136 1699 1471 1755 monasterii
1504 1697 1905 1760 residentibus,
1945 1695 2050 1750 ali-

442 1807 616 1861 quam
651 1789 1102 1856 ordinationem,
1126 1792 1209 1844 vel
1233 1786 1787 1853 auctoritatem,sive
1807 1787 2050 1858 potesta-

442 1881 559 1933 tem
613 1880 712 1932 aut
752 1876 1213 1948 jurisdictionem
1258 1881 1479 1942 tenere,
1524 1879 1608 1931 vel
1661 1851 2120 1931 conversatio—B

444 1984 576 2021 nem
601 1968 1020 2021 monachorum
1044 1967 1326 2038 impedire
1351 1984 1450 2022 seu
1480 1965 1800 2021 molestiam
1832 1965 2046 2020 inferre

446 2058 777 2127 praesumat,
813 2058 909 2110 aut
940 2055 998 2108 in
1030 2055 1312 2126 aliquibus
1335 2054 1469 2109 locis
1502 2053 1673 2126 ipsius
1714 2051 2046 2108 monasterii

440 2143 762 2198 districtum
776 2143 991 2197 habere
1004 2145 1088 2198 vel
1113 2143 1388 2214 judicare,
1404 2159 1502 2198 seu
1519 2142 1751 2214 aliquod
1775 2142 2048 2212 placitum

442 2233 657 2304 absque
703 2231 935 2286 licentia
963 2231 1186 2287 abbatis
1216 2235 1436 2297 tenere,
1479 2233 1566 2286 vel
1597 2248 1688 2286 res
1715 2227 2050 2285 monasterii

440 2321 730 2390 invadere,
759 2323 858 2376 aut
888 2321 1085 2391 quovis
1124 2322 1299 2376 modo
1348 2321 1620 2383 alienare,
1679 2323 1776 2374 aut
1819 2319 2049 2375 fodrum

441 2411 530 2465 vel
561 2413 808 2482 paratas,
843 2426 941 2464 seu
959 2409 1177 2481 aliquas
1198 2409 1452 2481 publicas
1468 2409 1794 2464 functiones
1824 2407 2051 2475 exigere

447 2499 533 2554 vel
555 2497 849 2569 requirere
886 2499 1112 2552 audeat.
1146 2499 1212 2551 Et
1262 2501 1379 2552 tam
1407 2516 1441 2553 a
1469 2500 1750 2568 potestate
1778 2496 2054 2565 archiepi-

447 2603 754 2658 scoporum
787 2604 961 2658 quam
989 2589 1061 2641 ab
1095 2587 1364 2642 omnibus
1411 2586 1819 2651 subtrahimus,
1872 2585 2052 2654 regali

447 2675 855 2731 tantummodo
904 2677 990 2730 vel
1022 2675 1304 2746 imperiali
1337 2675 1682 2730 submissum
1735 2673 1939 2729 ditioni
1964 2677 2050 2730 vel

448 2763 790 2818 defensioni.
807 2763 918 2817 Nec
935 2780 1049 2818 non
1072 2766 1129 2818 et
1145 2764 1557 2818 conﬁrmamus
1577 2763 1734 2818 vobis
1750 2761 2049 2834 piscariam

449 2867 622 2924 quam
653 2852 871 2906 Volana
899 2869 1028 2906 cum
1063 2851 1176 2905 suis
1196 2852 1558 2922 pertinentiis
1600 2852 1793 2906 habet.
1849 2849 1907 2904 Si
1929 2849 2054 2921 quis

447 2943 662 3007 autem,
728 2941 883 3012 quod
949 2940 1192 2995 minime
1247 2944 1533 3013 optamus,
1599 2938 1934 2995 inobediens
1998 2939 2056 2991 et

446 3031 816 3100 contemptor
844 3029 1012 3100 hujus
1069 3029 1249 3084 nostri
1306 3028 1587 3100 privilegii
1635 3029 1691 3083 in
1726 3029 1845 3083 toto
1874 3027 1958 3081 vel
1994 3025 2053 3080 in

2145 639 2362 706 quanto
2382 638 2720 708 oportunius
2737 638 3074 710 iisindigere
3087 640 3750 714 cognoscimusadipisci

2143 723 2359 779 debent
2409 728 2470 778 ut
2525 727 2682 780 nulla
2737 726 3088 781 indemnitas
3143 729 3573 784 venerabilibus
3619 731 3748 784 locis

2145 813 2445 885 provenire
2479 813 2680 884 poscit,
2711 816 2814 868 sub
2847 815 3088 870 tuitione
3145 817 3463 888 apostolica
3487 818 3746 888 receptis,

2147 919 2274 972 quae
2308 907 2504 958 nostro
2521 903 2756 958 brachio
2784 908 3143 975 repugnante
3169 922 3284 960 non
3315 907 3744 961 submoveatur.

2147 991 2360 1045 Harum
2393 992 2642 1062 denique
2674 995 3002 1048 nostrarum
3041 993 3494 1048 sollicitudinum
3529 1010 3748 1048 recom-

2148 1083 2515 1150 pensatorem
2546 1081 2860 1136 Dominum
2895 1083 3203 1147 credimus,
3249 1099 3426 1153 quem
3466 1083 3530 1136 in
3554 1082 3748 1138 iisdem

2149 1168 2286 1222 locis
2343 1169 2532 1239 quiete
2589 1169 2809 1223 laudari
2868 1175 3156 1240 optamus.
3215 1171 3356 1225 Nam
3401 1174 3567 1225 tanto
3617 1171 3752 1226 inibi

2151 1256 2482 1328 degentium
2534 1257 2731 1310 laudes
2783 1261 2840 1311 et
2887 1273 3085 1328 preces
3129 1263 3298 1313 erunt
3351 1259 3751 1330 acceptabiles,

2148 1349 2362 1416 quanto
2384 1348 2606 1399 mentes
2618 1362 2817 1399 earum
2835 1347 2906 1400 ab
2924 1346 3085 1400 omni
3109 1347 3574 1418 perturbatione,
3595 1347 3754 1402 nobis

2145 1432 2588 1503 suffragantibus
2639 1438 2807 1487 erunt
2831 1435 3034 1488 aliena:
3079 1435 3256 1504 Igitur
3274 1435 3411 1508 quia
3433 1435 3756 1508 postulastis

2149 1539 2182 1576 a
2220 1522 2387 1577 nobis
2436 1525 2719 1593 quatenus
2764 1524 3180 1578 monasterium
3229 1522 3286 1576 S.
3344 1523 3642 1578 Benedicti
3699 1524 3755 1578 in

2150 1613 2351 1664 monte
2382 1611 2586 1666 Casino
2616 1611 2812 1678 situm,
2831 1613 2990 1681 cujus
3016 1612 3236 1666 abbatis
3258 1613 3756 1667 consecrationem

2151 1699 2581 1769 nuperexdono
2619 1699 2858 1770 piissimi
2896 1699 3758 1771 HenriciimperatorisBomani

2148 1788 2519 1860 suscepimus,
2555 1791 2612 1841 et
2646 1804 2750 1858 per
2798 1805 2901 1842 nos
2953 1793 3009 1842 et
3062 1804 3416 1843 successores
3446 1793 3677 1844 nostnos
3701 1788 3759 1844 in

2149 1879 2515 1948 perpetuum,
2534 1877 2688 1930 nulla
2702 1877 2980 1947 pravitate
2993 1875 3758 1932 Simoniacaintervenieute

2150 1966 2572 2031 consecrandis,
2605 1966 2998 2032 concedimus,
3048 1970 3105 2021 et
3153 1966 3595 2033 conﬁrmamus,
3626 1981 3754 2021 cum

2151 2056 2420 2110 omnibus
2441 2055 2711 2121 ecclesiis,
2744 2055 3128 2122 monasteriis,
3159 2056 3334 2121 cellis,
3352 2056 3625 2121 castellis,
3648 2059 3752 2112 etc.

2151 2148 2286 2201 Post
2311 2145 2531 2200 obitum
2555 2161 2686 2199 vero
2702 2148 2865 2199 tuum
2889 2161 3063 2200 nemo
3085 2144 3226 2199 inibi
3247 2144 3566 2200 constituat
3594 2145 3761 2200 abba-

2153 2237 2292 2300 tem,
2319 2234 2425 2288 nisi
2458 2250 2630 2305 quem
2666 2237 2981 2289 conventus
3039 2236 3095 2288 et
3141 2235 3407 2289 voluntas
3437 2233 3768 2288 communis

2153 2323 2395 2378 fratrum
2430 2339 2494 2377 ex
2527 2323 2649 2394 ipsa
2675 2321 3128 2394 congregatione
3172 2322 3375 2393 elegit;
3429 2323 3650 2376 electus
3697 2321 3770 2376 ad

2155 2430 2261 2468 nos
2290 2413 2381 2467 vel
2437 2427 2788 2466 successores
2835 2423 3062 2466 nostros
3119 2412 3551 2466 consecrandus
3593 2411 3770 2482 gratis

2155 2504 2212 2554 et
2232 2501 2355 2555 sine
2378 2501 2562 2573 pretio
2590 2500 2809 2566 veniat;
2832 2499 2986 2571 quod
3010 2499 3053 2552 si
3085 2499 3318 2552 aliunde
3343 2498 3557 2563 veniat,
3587 2498 3676 2552 vel
3698 2497 3767 2552 ab

2153 2590 2264 2644 alio
2305 2590 2496 2660 aliquo
2529 2588 2958 2659 archiepiscopo
3015 2589 3100 2641 vel
3138 2587 3407 2658 episcopo
3439 2585 3763 2640 consecrari

2154 2677 2584 2743 maluerit,tunc
2610 2679 2978 2730 consecrator
2998 2680 3056 2729 et
3069 2679 3436 2729 consecratus
3451 2674 3766 2728 anathema

2152 2765 2284 2820 sint.
2316 2764 2393 2818 Et
2423 2765 2600 2831 infra:
2653 2767 2890 2834 Insuper
2937 2763 3108 2817 etiam
3161 2762 3475 2834 apostolica
3525 2778 3767 2815 censura

2153 2856 2256 2910 sub
2279 2854 2455 2908 divini
2473 2852 2671 2922 judicii
2692 2852 3077 2906 obtestatione
3099 2851 3477 2924 prohibemus
3495 2855 3561 2904 ut
3581 2851 3766 2904 nullus

2155 2943 2454 3014 episcopus
2484 2943 2796 3013 praesumat
2832 2941 2890 2994 in
2933 2941 3058 3011 jam
3107 2940 3257 2994 dicto
3288 2939 3651 2994 monasterio
3681 2938 3767 2992 vel

2155 3031 2214 3086 in
2246 3030 2494 3086 ecclesiis
2525 3029 2628 3084 sibi
2659 3029 2926 3099 subjectis
2956 3028 3312 3084 sacerdotem
3364 3025 3767 3082 excommuni-

447 3120 609 3192 parte
661 3121 922 3190 repertus
997 3117 1188 3185 fuerit,
1251 3121 1336 3173 vel
1407 3117 1703 3173 occasione
1755 3116 2289 3193 cujuslibetccare
2317 3119 2401 3173 vel
2453 3118 2526 3172 ad
2573 3117 2857 3189 synodum
2895 3133 3223 3188 provocare.
3281 3117 3344 3172 Si
3377 3117 3507 3188 quis
3553 3119 3768 3181 autem,

451 3225 714 3280 personae
768 3201 1052 3264 attentare
1096 3207 1549 3280 praesumpserit,
1600 3207 1707 3261 nisi
1739 3203 2061 3278 resipuerit,

449 3296 921 3351 maledictionem
938 3313 971 3351 a
986 3297 1173 3360 Patre,
1190 3299 1247 3351 et
1260 3295 1396 3351 Filio
1410 3299 1481 3356 ,et
1496 3294 1707 3366 Spiritu
1723 3297 1920 3348 sancto
1933 3308 2067 3352 con-

453 3389 750 3457 sequatur,
773 3389 830 3439 et
847 3401 975 3440 cum
1001 3384 1230 3440 diabolo
1251 3384 1485 3455 ejusque
1505 3382 1669 3438 sociis
1697 3380 2066 3436 atrocissimis

450 3473 634 3544 paenis
682 3476 740 3528 et
765 3476 982 3526 mlerno
1014 3471 1282 3526 incendio
1314 3472 1641 3542 deputetur,
1676 3487 1712 3523 n
1807 3485 2065 3523 resurre-

452 3559 642 3613 ctione
695 3560 1006 3612 electorum
1049 3559 1243 3612 futura
1295 3557 1501 3630 dignus
1546 3557 1891 3624 inveniatur,
1946 3560 2002 3611 et
2030 3574 2065 3612 a

455 3646 867 3702 communione
912 3650 969 3702 et
1022 3651 1234 3702 sanctae
1288 3647 1491 3702 matris
1536 3646 1795 3702 Ecclesite
1837 3645 1965 3701 sinu
2007 3647 2066 3700 et

456 3735 748 3792 consortio
781 3739 1111 3792 sanclorum
1141 3735 1215 3791 sit
1243 3735 1480 3791 alienus.

529 3825 817 3896 Scriptum
851 3841 956 3897 per
995 3842 1202 3881 manus
1251 3824 1525 3898 Stephani
1583 3822 1754 3896 primi
1786 3822 2066 3879 scriniarii

457 3916 669 3970 sanctae
698 3913 1026 3985 apostolicae
1052 3912 1221 3980 sedis,
1267 3911 1325 3966 in
1377 3928 1576 3967 mense
1617 3911 1786 3978 Iulio,
1827 3915 1886 3966 et
1915 3911 2063 3966 indi-

457 4003 647 4060 ctione
672 4019 722 4056 v.

531 4095 686 4150 Bene
705 4094 908 4149 valete.

1149 4189 1370 4245 XXVIII.

459 4297 744 4356 Benedicti
819 4294 961 4352 VIII
1008 4311 1167 4367 papa:
1213 4295 1558 4367 privilegium
1603 4310 1704 4367 pro
1750 4295 2065 4351 monasterio

997 4365 1025 4400 -“
1057 4365 1337 4422 Casincnsi
1361 4365 1458 4438 (5).

934 4473 1135 4544 (Anno
1170 4476 1327 4536 1223,
1357 4472 1486 4528 Julii
1525 4474 1596 4535 1.)

719 4582 1071 4654 [Msacsnmn
1094 4579 1316 4638 Bullar.
1349 4578 1562 4645 (ἔαςίηη
1590 4580 1658 4646 Il,
1690 4584 1801 4649 '75.]

534 4688 866 4741 BBNEDIC‘I‘US
923 4687 1241 4760 episcopus,
1316 4702 1508 4740 servus
1585 4700 1880 4738 servorum
1947 4685 2069 4753 Dei,

463 4772 796 4828 charissima
819 4775 984 4830 nobis
1017 4775 1074 4829 in
1101 4775 1346 4829 Domino
1367 4775 1498 4828 Jesu
1530 4772 1751 4828 Christo
1787 4772 1904 4827 {illo
1929 4774 2067 4828 Teo-

464 4877 639 4916 BALDO
689 4861 996 4916 venerabili
1050 4867 1108 4917 et
1148 4862 1419 4934 religioso
1465 4861 1657 4916 abbati
1705 4861 2073 4917 sacratissimi

468 4949 807 5007 monasterii
831 4949 984 5004 beati
1014 4951 1302 5006 Benedicti
1330 4950 1671 5007 confessoris
1723 4950 1952 5019 Christi,
1980 4951 2073 5007 siti

468 5039 528 5096 in
573 5040 776 5095 monte
821 5037 918 5110 qui
957 5043 1192 5094 vocatur
1253 5039 1515 5094 Castrum
1573 5038 1782 5101 Casini,
1839 5056 2071 5112 suasque

470 5129 638 5184 alma:
669 5126 1105 5200 congregationi
1129 5126 1188 5181 in
1220 5133 1584 5198 perpetuum,
1617 5129 1677 5183 in
1704 5128 1950 5184 Domino
1981 5144 2071 5183 sa-

466 5218 670 5274 lutem.

541 5305 599 5361 Si
616 5305 797 5380 petita
815 5303 1126 5378 apostolica
1156 5303 1452 5375 suffragia,
1474 5305 1752 5360 universis
1797 5305 2068 5373 ecclesiis,

469 5397 713 5467 cogente
754 5394 1070 5450 ministerio
1101 5410 1214 5466 quo
1240 5392 1465 5448 videtur
1493 5393 1739 5465 prtediti,
1789 5394 2072 5465 impertiri

473 5483 770 5550 debemus,
795 5500 922 5554 quae
954 5482 1276 5554 specialiter
1301 5481 1374 5536 ad
1413 5485 1674 5537 nostrum
1705 5482 2073 5538 solummodo

461 5579 507 5720 ’³
545 5597 849 5721 (5)éVeram
879 5598 1047 5652 bullte
1096 5597 1264 5669 hujus
1308 5596 1639 5664 clausulam,
1671 5593 2076 5670 chronologica

514 5683 610 5721 an?
653 5705 663 5720 .

514 5683 663 5721 AFFE.

2165 3209 2318 3280 quod
2367 3223 2482 3262 non
2529 3211 2818 3278 optamus,
2863 3205 3080 3261 nefario
3124 3223 3263 3260 ausu
3311 3205 3769 3279 praesumpserit,

2163 3301 2287 3354 haec
2324 3315 2450 3370 qua:
2478 3315 2512 3353 a
2533 3297 2699 3352 nobis
2727 3297 2801 3352 ad
2823 3296 3048 3352 laudem
3070 3295 3170 3351 Dei
3187 3313 3290 3370 pro
3310 3295 3628 3350 stabilitate
3648 3295 3770 3366 jam

2166 3387 2300 3442 dicti
2328 3386 2662 3442 monasterii
2693 3389 2905 3440 statuta
2924 3390 3078 3452 sunt,
3112 3385 3390 3457 refragari
3425 3385 3612 3439 autin
3633 3398 3771 3456 quo-

2163 3497 2388 3552 cunque
2421 3479 2739 3550 trangredi,
2759 3476 2897 3531 sciat
2925 3493 3006 3538 se,
3036 3476 3143 3530 nisi
3174 3475 3501 3546 resipuerit,
3533 3475 3772 3529 anathe-

2164 3569 2333 3623 malis
2359 3568 2582 3622 vinculo
2607 3567 2969 3632 innodatum,
2999 3569 3055 3619 et
3087 3581 3120 3618 a
3151 3581 3332 3635 regno
3367 3565 3468 3618 Dei
3491 3564 3770 3628 alienum;

2166 3662 2222 3714 et
2250 3675 2381 3713 cum
2413 3658 2641 3712 diabolo
2674 3661 2730 3710 et
2759 3658 2880 3727 ejus
2912 3653 3278 3710 atrocissimis
3314 3653 3570 3726 pompis,
3603 3658 3773 3725 atque

2163 3748 2308 3804 Iuda
2335 3745 2614 3801 traditore
2651 3745 2884 3802 Domini
2916 3745 3095 3800 nostri
3121 3745 3251 3798 Iesu
3281 3743 3489 3798 Christi
3512 3743 3576 3797 in
3608 3747 3774 3798 teter-

2167 3835 2550 3892 nisincendiis
2573 3837 2627 3888 et
2649 3833 2935 3905 suppliciis
2955 3831 3412 3887 concremandus
3436 3831 3509 3885 sit
3539 3831 3777 3902 deputa-

2164 3933 2273 3982 tus.
2305 3927 2377 3980 At
2394 3941 2528 3979 vero
2569 3923 2664 3995 qui
2686 3923 2780 3993 pio
2805 3923 3013 3976 intuitu
3057 3926 3390 3980 observator
3409 3929 3470 3979 et
3497 3925 3558 3980 in
3587 3924 3774 3982 omni-

2163 4019 2269 4074 bus
2315 4014 2642 4070 custodiens
2693 4013 2970 4068 exstiterit
3009 4014 3177 4085 hujus
3240 4015 3422 4070 nostri
3480 4017 3776 4087 apostolici

2162 4103 2475 4170 constituti,
2496 4107 2553 4158 et
2575 4103 2648 4158 ad
2667 4103 2883 4158 cultum
2907 4103 3005 4158 Dei
3031 4103 3464 4176 respicientibus
3503 4109 3654 4174 (sic);
3677 4107 3779 4162 bo-

2163 4193 2507 4251 nedictionis
2524 4192 2771 4264 gratiam
2788 4208 2821 4245 a
2845 4191 3372 4248 misericordissima
3394 4193 3644 4249 Domine
3663 4196 3775 4251 Deo

2166 4287 2385 4350 nostro,
2419 4299 2520 4355 per
2538 4279 3007 4336 intercessionem
3030 4280 3182 4334 beati
3205 4281 3355 4336 Petri
3375 4285 3776 4354 apostolorum

2085 4423 2140 4482 Β
2166 4372 2439 4448 principis
2469 4375 2525 4426 et
2569 4372 2626 4425 B.
2685 4368 3025 4424 confessoris
3057 4369 3346 4426 Benedicti
3381 4371 3779 4443 multipliciter

2167 4464 2574 4534 consequatur,
2618 4462 2676 4514 et
2715 4458 2845 4513 vitae
2884 4461 3119 4514 aeternae
3167 4457 3452 4531 particeps
3497 4476 3621 4516 esse
3653 4476 3778 4516 mo-

2166 4555 2380 4606 reatur.

2239 4637 2527 4710 Scriptum
2577 4652 2681 4707 per
2733 4653 2973 4690 manum
3016 4635 3202 4706 Sergii
3247 4637 3527 4693 scriniarii
3573 4641 3632 4692 et
3671 4657 3778 4694 no-

2171 4727 2298 4781 tarii
2330 4726 2472 4780 sacri
2504 4725 2684 4779 nostri
2716 4723 2930 4795 palatii,
2961 4723 3228 4778 Kalendis
3251 4724 3403 4792 Julii,
3458 4725 3779 4782 indictione

2172 4820 2348 4871 sexta.

2245 4906 2395 4960 Bene
2417 4904 2621 4958 valete.

2891 5015 3067 5072 XXIX.

2169 5125 2421 5201 Epistola
2456 5122 2736 5178 Benedicti
2771 5121 2917 5179 VIII
2937 5139 3100 5195 papas
3123 5121 3195 5177 ad
3205 5121 3544 5194 Stephanum
3578 5123 3791 5182 Amr-

2409 5230 2599 5269 norum
2627 5215 2927 5284 episcopum
2949 5229 3048 5284 pro
3078 5211 3540 5270 Cluniacensibus.

2689 5328 2889 5398 (Anno
2922 5329 3250 5393 1012-1025)

2547 5434 2786 5506 [Βαιίαν.
2831 5433 3111 5502 Cluniae,
3140 5449 3274 5506 pag.
3311 5438 3342 5488 7
3371 5437 3393 5496 ]

2250 5555 2581 5608 Bsnemcms
2600 5551 2918 5623 episcopus,
2951 5565 3142 5604 servus
3166 5565 3466 5604 servorum
3515 5550 3638 5617 Dei,
3667 5548 3796 5606 Sn-

2160 5668 2328 5743 signa
2353 5666 2770 5735 continentem,
2802 5663 2968 5720 affert
3027 5663 3251 5724 Gattula
3287 5663 3424 5720 Hist.
3462 5663 3656 5722 Casia.
3692 5668 3787 5723 56.
