4094 6178
369 424 393 481 Ι
406 422 512 481 629

1658 402 2057 476 “summa?!
2082 413 2205 474 vni
2233 398 2436 477 pAplE

3568 420 3709 490 £030

357 563 539 604 emo
604 547 1034 604 Arvvernorum
1083 540 1507 617 religiosissime
1564 542 1858 617 episcopo,
1906 542 1966 598 in

2085 578 2313 637 cunque
2329 563 2426 620 ille
2442 562 2479 620 li
2486 556 3058 636 gaverit,apostolica
3073 560 3135 616 et
3145 563 3351 621 nostra
3366 569 3708 630 auctoritate

359 636 613 692 Domino
650 637 917 691 salutem.
1498 689 1506 697 ,

427 725 603 781 Vobis
627 730 833 780 notum
866 727 952 778 est
1002 723 1338 779 Cluniacum
1381 720 1800 777 monasterium
1833 736 1965 775 san-

355 817 464 870 cta:
497 816 779 869 Romanae
804 812 1089 880 Ecclesiae,
1136 830 1170 868 a
1216 812 1524 867 fundatore
1578 810 1858 880 ejusdem,
1892 807 1965 862 ad

355 894 796 959 defendendum
820 906 1027 956 contra
1055 900 1440 956 insatiabilem
1461 899 1836 971 cupiditatem
1861 912 1965 952 sa:-

355 992 640 1048 cularium
685 1007 806 1046 esse
839 990 1229 1045 commissum.
1266 988 1451 1052 Unde,
1500 986 1736 1059 justitize
1767 985 1967 1056 regula

356 1082 636 1147 dictante,
669 1079 973 1142 admoniti,
1027 1079 1480 1149 quotiescunque
1533 1091 1859 1149 pressuram
1898 1072 1969 1127 is-

356 1169 495 1224 dem
527 1170 685 1223 locus
707 1185 739 1222 a
772 1167 959 1240 pravis
985 1166 1317 1220 nominibus
1344 1164 1578 1237 patitur,
1602 1165 1830 1219 scutum
1860 1177 1966 1215 no-

357 1260 491 1312 strae
545 1255 893 1311 defensionis
951 1255 1228 1310 debemus
1279 1268 1597 1324 opponere.
1656 1255 1715 1306 ln
1751 1267 1865 1325 qua
1904 1265 1967 1304 re

354 1344 723 1406 sanctitatem
746 1347 1017 1409 vestram,
1053 1343 1122 1397 ad
1156 1341 1639 1411 confringendam
1672 1337 1965 1395 cervicosi-

357 1436 545 1489 tatem
578 1432 771 1487 eidem
804 1430 1064 1486 coenobio
1092 1448 1184 1485 res
1203 1431 1495 1500 delegatas
1528 1445 1734 1500 rapere
1769 1428 1969 1481 volen-

363 1520 900 1591 tium,adjutricem
935 1519 1113 1573 nostri
1148 1537 1268 1573 esse
1297 1516 1460 1573 omni
1483 1517 1966 1583 modisvolumus;

362 1612 423 1665 et
450 1626 567 1664 non
600 1610 785 1663 levem
818 1608 1097 1681 lapillum,
1153 1607 1251 1663 sed
1306 1606 1686 1661 fortissimum
1737 1620 1966 1659 excom-

364 1696 1061 1768 municationisjaculum
1092 1711 1367 1765 rogamus
1413 1710 1506 1748 vos
1537 1694 1595 1748 in
1636 1710 1735 1748 eos
1785 1693 1969 1747 intor-

363 1800 568 1858 quere,
598 1784 697 1857 qui
727 1803 865 1840 ausu
902 1784 1144 1850 nefario,
1176 1782 1408 1838 Domini
1472 1782 1683 1837 timore
1735 1784 1970 1853 postpo-

362 1874 498 1941 sito,
534 1873 634 1930 Dei
665 1891 855 1929 servos
900 1873 1285 1928 scandalizare
1339 1873 1439 1925 aut
1486 1869 1849 1935 contristare,
1880 1886 1972 1923 res

361 1979 569 2018 eorum
595 1962 935 2028 auferendo,
972 1978 1089 2015 non
1116 1962 1405 2015 metuunt.
1440 1957 1734 2029 Praecipue
1775 1960 1972 2012 autem

360 2052 475 2105 hoc
500 2050 575 2105 ad
600 2066 853 2119 praesens
898 2048 1092 2120 gladio
1141 2047 1448 2102 feriantur.
1481 2045 1765 2100 Tetardus
1798 2048 1973 2117 atque

362 2138 662 2194 Girbertus
686 2138 788 2192 filii
818 2136 1116 2209 Stephani,
1174 2135 1271 2208 qui
1330 2134 1588 2201 alodem,
1632 2150 1807 2206 quem
1838 2134 1973 2188 Am-

361 2227 601 2283 blardus
682 2226 1138 2297 archiepiscopus
1202 2224 1437 2296 reliquit
1512 2223 1725 2279 Sancto
1780 2225 1972 2290 Petro,

364 2315 576 2387 injuste
606 2315 863 2369 retinent
887 2330 951 2369 ac
974 2313 1285 2385 possident.
1319 2313 1383 2367 Hi
1403 2311 1597 2383 igitur,
1630 2312 1814 2367 donec
1844 2312 1975 2367 red-

366 2403 510 2458 dant
528 2403 653 2474 jam
688 2402 906 2476 dictum
940 2402 1196 2465 alodum,
1227 2400 1372 2455 sicut
1430 2416 1498 2453 ex
1544 2402 1707 2471 parte
1756 2402 1975 2466 nostra,

365 2490 448 2545 ita
478 2506 545 2545 ex
581 2492 769 2544 vestra
797 2489 1020 2544 vinculo
1046 2486 1664 2544 excommunicationis
1690 2487 1978 2544 innoden-

371 2583 484 2633 tur.

444 2668 597 2721 Bene
618 2665 824 2720 valete.

1118 2756 1270 2812 XXX.

378 2861 709 2918 Benedictus
753 2861 909 2918 VIII
920 2878 1067 2932 papa
1114 2861 1185 2914 ad
1228 2859 1556 2917 Willelmum
1598 2859 1843 2917 abbatem
1875 2875 1985 2913 mo-

876 2934 1100 2987 nasterii
1121 2932 1482 2987 Divionensz's.

889 3040 1077 3108 (Anno
1122 3039 1468 3102 1012-1024).

701 3128 965 3195 [Ρι-ΞΒΑιω,
994 3127 1231 3194 Recueil,
1264 3130 1399 3191 etc.,
1430 3143 1488 3198 p.
1516 3128 1664 3189 273].

446 3217 783 3271 Bnnamcrus
802 3215 1122 3286 episcopus,
1156 3232 1350 3271 servus
1365 3231 1663 3269 servorum
1687 3214 1811 3282 Dei,
1843 3216 1985 3268 W11.-

372 3319 551 3359 ιεωιο
576 3303 892 3358 venerabili
922 3304 1115 3358 abbati
1162 3305 1220 3357 et
1256 3302 1313 3356 in
1352 3302 1575 3358 Christo
1604 3302 1812 3358 dilecto
1845 3302 1982 3369 filio,

374 3393 619 3446 salutem
636 3390 1035 3445 charissimam
1058 3407 1190 3446 cum
1222 3390 1626 3446 benedictione
1646 3390 1976 3462 apostolica.

446 3480 658 3534 Audita
687 3479 984 3549 vigilantia
1014 3480 1183 3534 studii
1219 3479 1320 3546 tui,
1362 3496 1477 3551 qua
1505 3479 1767 3551 invigilas
1813 3494 1986 3550 super

366 3567 528 3622 ﬁlios
548 3567 890 3622 commissos
923 3566 1048 3632 tibi,
1072 3566 1377 3621 referimus
1407 3568 1622 3637 gratias
1650 3568 1767 3621 Deo
1796 3565 1983 3621 omni-

374 3656 619 3729 potenti.
652 3654 910 3727 Denique
937 3654 1328 3726 comperimus
1374 3658 1430 3709 te
1468 3655 1694 3726 jamdiu
1719 3654 1984 3708 laborare

377 3743 746 3799 creberrimis
775 3747 1004 3797 tuorum
1026 3743 1282 3797 hostium
1312 3744 1818 3811 incursionibus,et
1837 3757 1986 3806 pene

369 3832 498 3903 jam
528 3830 859 3886 destitutam
894 3831 1200 3886 Ecclesium
1227 3834 1381 3885 tuam
1415 3849 1449 3885 a
1470 3831 1899 3903 diripientibus;
1928 3832 1988 3884 et

377 3920 715 3976 infortuniis
741 3919 871 3987 tuis,
903 3936 1045 3992 quas
1076 3918 1391 3975 forinsecus
1436 3921 1671 3992 pateris,
1712 3919 1984 3974 condole-

380 4026 529 4064 mus.
564 4009 821 4080 Namque
856 4024 961 4081 pro
989 4007 1433 4078 longanimitate
1467 4007 1777 4079 patientiae,
1808 4023 1986 4079 quam

380 4097 677 4168 hucusque
695 4095 999 4150 exhibuisti
1022 4095 1334 4150 adversarii
1365 4096 1623 4150 Ecclesiae
1657 4098 1787 4161 tua},
1821 4095 1988 4150 decet

382 4200 489 4239 nos
518 4184 856 4256 gaudere,et
889 4182 1210 4237 bonitatem
1226 4186 1384 4237 tuam
1410 4184 1678 4253 laudare;
1711 4186 1985 4239 cseterum

384 4272 661 4326 hactenus
690 4271 937 4325 sufficiat
977 4271 1319 4343 patientiam
1371 4272 1518 4326 hanc
1550 4272 1631 4327 ita
1665 4272 1983 4327 exhibuisse

380 4365 443 4414 ut
460 4360 696 4432 impune
713 4360 787 4415 ad
819 4359 1061 4414 nihilum
1079 4359 1419 4431 redigantur
1438 4360 1663 4431 penitus
1688 4377 1779 4415 res
1794 4360 1982 4414 Eccle-

379 4448 562 4515 siae,et
580 4464 697 4520 prae
713 4448 955 4521 penuria
978 4447 1189 4519 inopiae
1202 4448 1578 4503 labefactetur
1592 4448 1734 4504 ordo
1751 4448 1981 4519 religio-

380 4536 467 4590 nis
482 4535 836 4602 monasticez,
868 4554 995 4607 quae
1010 4535 1148 4590 inibi
1168 4536 1271 4590 sub
1287 4539 1341 4590 te
1353 4536 1667 4592 dinoscitur
1689 4538 1986 4609 prmpolte~

378 4642 460 4679 re.
487 4625 671 4679 Habes
708 4628 895 4679 tecum
920 4623 1098 4677 filium
1136 4628 1398 4679 nostrum
1421 4624 1737 4695 Benignnm
1762 4625 1983 4698 episco-

375 4712 759 4785 pum,gratias
782 4710 1193 4775 Deo,etl'ectum
1211 4713 1762 4783 monachum,quem
1780 4713 1983 4767 admo-

378 4798 835 4853 nemushoneste
849 4801 907 4851 et
920 4798 1180 4868 religiose
1199 4801 1519 4855 conversari
1532 4842 1544 4865 ,
1567 4801 1983 4872 professionem

377 4886 722 4941 obedientize
738 4884 997 4939 moribus
1018 4890 1074 4939 et
1099 4901 1271 4955 opere
1286 4886 1605 4954 attendere,
1622 4886 1677 4940 in
1696 4905 1809 4959 qua
1829 4905 1985 4943 voca-

374 4975 533 5029 tione
565 4977 797 5028 vocatus
827 4976 931 5040 est,
966 4972 1024 5028 in
1059 4972 1181 5043 ipsa
1222 4990 1593 5044 permanere.
1634 4976 1856 5030 Deinde
1901 4976 1983 5031 illi

367 5062 643 5135 jubemus
671 5078 801 5116 cum
831 5061 992 5116 omni
1026 5060 1271 5133 imperio
1316 5064 1376 5115 ut
1416 5062 1680 5117 inimicos
1716 5063 1981 5136 martyris

378 5149 618 5221 Benigni
649 5149 985 5221 insequatur
1015 5149 1431 5220 omnijustitile
1471 5152 1589 5205 zelo
1617 5167 1681 5205 ac
1723 5168 1855 5206 cum
1892 5152 1979 5206 di-

373 5238 505 5293 vina
535 5237 878 5292 auctoritate
910 5237 1079 5290 feriat
1109 5252 1207 5291 eos
1232 5238 1642 5294 anathemate:
1674 5239 1774 5294 tibi
1802 5240 1977 5296 etiam

368 5325 738 5398 praecipimus
770 5343 842 5379 ne
869 5325 1110 5378 obsistas
1137 5326 1187 5379 ei
1221 5326 1278 5379 in
1318 5325 1449 5394 hoc,
1482 5327 1583 5381 sed
1619 5327 1698 5382 illi
1730 5330 1978 5386 auctori-

373 5416 554 5468 tatem
584 5430 916 5484 pervaseres
956 5416 1082 5467 tuos
1104 5413 1345 5467 feriendi
1395 5415 1785 5483 concedimus,
1815 5418 1983 5488 jube-

376 5519 504 5557 mus
517 5501 960 5573 etimperamus;
989 5501 1065 5554 ita
1088 5500 1189 5555 tibi
1228 5518 1331 5571 per
1354 5514 1563 5556 veram
1587 5504 1982 5561 obedientiam

374 5590 723 5645 mandamus
749 5606 821 5642 ne
862 5588 1145 5658 impedias
1172 5606 1306 5643 eum
1356 5606 1461 5643 nec
1509 5606 1644 5644 eum
1678 5594 1982 5663 prohibeas

373 5676 512 5746 quin
530 5677 682 5749 ipsos
695 5675 1099 5730 malefactores
1111 5676 1287 5731 divini
1300 5676 1459 5732 verbi
1472 5678 1667 5749 gladio
1693 5686 1980 5739 coerceat.

367 5766 444 5819 Ac
463 5762 510 5820 si
526 5763 586 5819 in
605 5778 672 5820 eo
690 5763 1099 5819 corroboratur
1121 5767 1317 5820 nostra
1338 5766 1664 5836 auctoritas,
1704 5770 1762 5823 et
1806 5785 1977 5840 quos-

2082 652 2197 707 sint
2244 651 2426 723 ligati,
2463 654 2522 707 et
2550 669 2695 725 quos
2717 648 3056 717 absolverit,
3083 649 3212 706 sine
3264 656 3463 712 nostra
3491 660 3707 730 pariter

2074 739 2438 796 absolutione
2461 741 2647 795 soluti.
2671 738 3082 796 Damusetiam
3122 739 3203 794 illi
3234 745 3585 812 potestatem
3617 767 3708 805 or-

2069 829 2315 885 dinandi
2339 829 2622 902 quidquid
2654 831 2812 901 juste
2854 828 3180 900 postulatus
3210 829 3390 887 fuerit
3416 834 3475 890 in
3507 842 3707 895 sancta

2069 916 2325 972 Ecclesia
2357 919 2653 987 ordinare,
2676 920 3095 993 verumtamen
3123 921 3183 975 te
3222 920 3495 992 jnbente.
3556 925 3707 997 (Sine

2065 1004 2287 1074 sigillo).

2806 1119 2988 1175 XXXI.

2069 1215 2402 1276 Benedictus
2434 1223 2862 1281 VIILconeedit
2889 1232 2949 1282 ut
3002 1229 3060 1282 in
3122 1230 3341 1287 ecclesia
3390 1234 3705 1288 monasterii

2141 1291 2797 1387 ξξῗτξξρίίςτξξξεςτξηιεεαν
2823 1297 3090 1387 Weiss.
3130 1309 3181 1355 ει
3205 1302 3462 1387 eam
3489 1305 3702 1387 αηίειί·

2141 1379 2239 1444 cus
2275 1366 2333 1446 in
2356 1366 2643 1433 festivitate
2662 1367 2996 1439 Hypapanti
3027 1372 3150 1429 (sive
3193 1366 3411 1497 ingesto
3438 1366 3698 1446 puriﬁca-

2144 1440 2315 1488 ttoms
2339 1436 2501 1492 beatae
2528 1437 2771 1497 Maria).
2813 1440 3031 1494 etiamsi
3047 1458 3109 1495 ea
3132 1444 3246 1497 inci
3284 1447 3382 1497 erit
3413 1453 3528 1497 post
3563 1445 3697 1497 Sen-

2144 1435 2315 1518 tiom's
2339 1436 2501 1517 licata?
2528 1435 2772 1506 Maria),
2813 1435 3031 1494 etiamsi
3047 1458 3109 1495 ea
3132 1435 3382 1499 inciderit
3403 1435 3528 1517 post
3562 1435 3697 1518 Sep-

2142 1508 2523 1576 tuagesimam.

2609 1616 2801 1679 (Anno
2838 1618 3168 1688 1012-1024)

2288 1719 2714 1789 [COCQUELINES,
2747 1720 2957 1776 Bullar.
3009 1720 3228 1779 Collect.
3260 1727 3301 1792 Ι,
3330 1726 3479 1788 3l8].

1998 1853 2050 1913 Β
2142 1826 2482 1882 BENEDICTUS
2507 1826 2837 1899 episcopus,
2872 1843 3068 1885 servus
3116 1847 3413 1888 servorum
3455 1834 3578 1899 Dei,
3607 1835 3694 1888 di-

2073 1914 2398 1969 lectissimis
2423 1915 2481 1970 in
2510 1915 2736 1971 Christo
2791 1914 2926 1971 filiis
2974 1917 3049 1971 ad
3101 1918 3476 1975 festivitatem
3516 1921 3697 1991 Hypa-

2078 2004 2239 2074 panti
2267 2004 2500 2060 Domini
2538 2003 2594 2059 in
2627 2003 2897 2060 cmnobio
2957 2004 3180 2062 Sanctae
3232 2008 3333 2062 Dei
3393 2008 3695 2063 Genitricis

2079 2091 2558 2148 convenientibus
2592 2093 2843 2148 salutem
2896 2094 2954 2147 et
3014 2094 3389 2167 apostolicam
3456 2095 3694 2150 benedi-

2077 2179 2353 2237 ctionem.

2151 2267 2437 2332 Quoniam
2456 2269 2649 2325 omnis
2667 2268 3005 2326 universalis
3025 2270 3286 2326 Ecclesiae
3299 2269 3697 2344 nobis,quam-

2078 2356 2156 2410 vis
2177 2357 2824 2424 immeritis,commissa
2842 2359 3163 2414 secundum
3192 2360 3376 2415 Deum
3402 2359 3694 2416 credimus

2079 2442 2205 2499 fore
2231 2444 2540 2516 regimina,
2598 2444 2813 2500 idcirco
2851 2446 3023 2518 jussit
3062 2463 3169 2502 nos
3207 2461 3692 2519 quorumcunque

2080 2532 2347 2588 ﬁdelium
2368 2532 2640 2587 convenit
2655 2550 2914 2588 annuere
2936 2534 3102 2602 votis,
3124 2537 3184 2589 et
3207 2535 3280 2589 ab
3301 2533 3437 2589 inde
3469 2532 3693 2588 cunctis

2081 2637 2356 2677 emanare
2376 2622 2699 2693 profectum
2709 2663 2723 2689 ,
2733 2622 2886 2678 unde
2899 2624 2956 2678 to
2964 2621 3074 2677 tius
3084 2625 3383 2693 acceptum
3396 2621 3693 2694 religionis

2081 2714 2307 2766 constat
2331 2710 2655 2765 exordium.
2704 2710 3071 2784 Quapropter
3105 2710 3518 2767 innotescimus
3553 2710 3693 2766 cha-

2081 2798 2236 2853 ritati
2265 2802 2463 2853 vestrm
2492 2798 2768 2868 quoniam
2803 2800 3001 2854 adiens
3053 2815 3159 2853 nos
3198 2797 3597 2861 dilectissimus
3622 2798 3693 2852 ﬁ-

2082 2888 2191 2942 lius
2216 2892 2413 2942 noster
2448 2886 2633 2952 Oliba,
2656 2888 2903 2943 coanobii
2933 2886 3275 2959 Ripollensis
3321 2886 3520 2952 abbas,
3567 2887 3689 2941 zelo

2085 2975 2301 3041 divino,
2335 2978 2394 3030 et
2452 2976 2634 3029 beatm
2687 2975 2923 3046 virginis
2969 2975 3158 3030 Mariae
3217 2974 3420 3029 ductus
3467 2988 3689 3043 amore,

2085 3064 2417 3139 suppliciter
2444 3062 2610 3135 petiit
2630 3068 2714 3127 ut,
2753 3063 2796 3118 si
2823 3062 3099 3134 praedicta
3134 3061 3410 3117 festivitas
3435 3063 3696 3117 evenerit

2018 3136 2065 3194 C
2087 3136 2389 3227 postquam
2421 3151 2657 3207 dimissa
2686 3151 2860 3207 fuerit
2891 3151 3143 3219 Alleluia,
3199 3151 3298 3206 illa
3342 3150 3549 3206 eadem
3597 3150 3692 3206 die

2086 3244 2355 3299 cantetur
2390 3256 2518 3294 cum
2543 3238 2734 3294 Gloria
2754 3242 2810 3293 in
2845 3238 3055 3295 excelsis
3079 3238 3190 3294 Deo
3216 3239 3275 3294 in
3299 3230 3420 3294 Solo
3447 3238 3690 3311 praefato

2085 3328 2440 3387 monasterio
2473 3327 2579 3383 sibi
2626 3327 2861 3383 daretur
2896 3327 3151 3384 licentia.
3209 3327 3382 3398 Cujus
3426 3325 3693 3399 precibus

2086 3419 2252 3474 nobis
2282 3433 2539 3472 annuere
2578 3416 2764 3484 libuit,
2801 3415 3304 3488 concessimusque
3347 3413 3427 3469 illi
3468 3416 3527 3469 et
3575 3413 3692 3469 suis

2086 3508 2145 3563 in
2176 3509 2521 3579 perpetuum
2550 3506 2968 3561 successoribus
3000 3505 3255 3567 Alleluia,
3292 3502 3337 3557 si
3358 3504 3482 3575 jam
3514 3502 3691 3558 absti-

2085 3595 2243 3663 terit,
2274 3597 2555 3667 hymnum
2574 3610 2804 3666 quoque
2826 3594 3177 3666 angelicum,
3204 3608 3336 3647 eum
3372 3595 3459 3646 est
3480 3606 3694 3645 canen-

2087 3685 2247 3740 dum.
2275 3683 2612 3754 Quicunque
2671 3683 2846 3754 igitur
2899 3682 3124 3753 gaudiis
3166 3681 3337 3753 hujus
3374 3678 3696 3735 festivitatis

2086 3774 2145 3828 in
2177 3770 2561 3844 suprascripto
2595 3772 2721 3826 loco
2774 3771 3058 3826 studuerit
3090 3770 3390 3835 interesse,
3441 3767 3584 3822 sciat
3634 3784 3695 3822 se

2087 3861 2427 3917 donandum
2485 3876 2725 3915 munere
2762 3857 3137 3930 protectionis
3167 3856 3394 3924 divinas,
3443 3858 3503 3910 et
3549 3871 3692 3926 aug-

2090 3954 2288 4005 mento
2321 3948 2742 4005 benedictionis
2771 3950 3007 4014 nostrae,
3039 3945 3350 4017 adiuvante
3379 3945 3511 3999 Jesu
3537 3942 3695 3998 Chri-

2087 4042 2174 4094 sto
2196 4038 2613 4110 benignissimo
2629 4038 2947 4093 Salvatore.

2786 4142 2985 4199 XXXII.

2158 4251 2440 4309 Benedicti
2496 4250 2654 4307 VIII
2698 4267 2857 4323 papa:
2891 4246 3129 4334 epistola
3157 4246 3228 4304 ad
3274 4243 3619 4304 Guillelmum

2761 4330 3027 4377 comitem.

2616 4429 2803 4499 (Circa
2834 4445 2930 4484 an.
2975 4427 3153 4499 1014).

2086 4517 2359 4590 [Massam
2430 4517 2672 4571 Histoire
2736 4518 2801 4571 de
2856 4515 3091 4586 Nismes,
3166 4518 3433 4582 Preuves,
3466 4528 3527 4586 p.
3580 4515 3689 4581 20].

2157 4624 2493 4677 Bessmcnzs
2579 4623 2899 4695 episc0pus,
2964 4640 3156 4677 servus
3213 4637 3510 4677 servorum
3565 4618 3689 4684 Dei,

2084 4710 2399 4765 CUILLELuo
2429 4711 2654 4775 comiti,
2708 4728 2813 4765 nec
2864 4728 2980 4765 non
3044 4711 3217 4764 matri
3254 4727 3371 4765 sua:
3400 4707 3688 4764 Adelaidae

2084 4799 2390 4857 comitissa:
2424 4803 2766 4871 perpetuam
2825 4800 3071 4854 salutem
3101 4800 3158 4853 et
3185 4798 3557 4869 apostolicam
3589 4796 3691 4850 be-

2087 4887 2499 4942 nedictionem.

2154 4976 2487 5031 Inauditum
2527 4976 2749 5032 facinus
2799 4976 3169 5048 nefandaque
3220 4974 3438 5048 injuria
3489 4974 3687 5028 vestris

2081 5064 2308 5119 videtur
2338 5064 2397 5119 in
2428 5063 2760 5136 regionibus
2788 5067 2935 5132 orta,
2983 5080 3052 5120 eo
3106 5064 3264 5137 quod
3312 5059 3683 5127 monasteria,

2083 5155 2321 5208 Patrum
2353 5153 2490 5208 olim
2519 5152 2764 5207 decretis
2792 5152 3053 5220 fundata,
3099 5152 3275 5207 modo
3322 5147 3683 5220 conspiciun-

2081 5245 2176 5297 tur
2195 5242 2483 5297 malorum
2513 5239 2889 5312 pravitatibus
2918 5238 3225 5295 hominum
3265 5253 3415 5308 pene
3444 5235 3686 5309 dissipa-

2082 5333 2169 5398 ta;
2207 5330 2360 5385 unde
2387 5344 2496 5400 ego
2531 5343 2781 5385 mcerore
2809 5342 3104 5399 percussus
3129 5340 3364 5392 arcano,
3413 5325 3683 5398 stigmate

2083 5419 2389 5489 insignitus
2419 5416 2753 5489 apostolico,
2786 5432 2917 5471 cum
2958 5414 3128 5484 hujus
3152 5413 3482 5485 apostolica:
3538 5414 3687 5470 sedis

2085 5506 2445 5562 diversorum
2474 5504 2743 5560 ordinum
2784 5505 2959 5569 clero,
3012 5501 3101 5557 cui
3132 5518 3263 5574 ego,
3312 5503 3430 5558 Deo
3462 5502 3687 5574 dispen-

2083 5599 2268 5665 sante,
2297 5594 2574 5661 deservio,
2608 5610 2811 5648 omnes
2842 5591 3127 5658 homines,
3177 5591 3305 5647 illos
3347 5591 3559 5648 scilicet
3585 5593 3685 5666 qui

2084 5683 2237 5740 beati
2266 5681 2469 5754 Egidii
2491 5680 2719 5737 alodem
2747 5684 2969 5736 temere
2994 5696 3029 5735 a
3048 5678 3207 5737 vobis
3222 5679 3531 5753 exquirunt
3545 5681 3688 5737 acci-

2082 5786 2242 5843 pere,
2279 5770 2399 5826 siue
2421 5767 2644 5825 abbatis
2692 5762 2854 5824 illius
2898 5767 3007 5825 loci
3066 5768 3380 5837 voluntate,
3441 5768 3678 5841 sinequo
