4028 6186
452 373 589 435 Mal

1690 334 2049 429 amsrou:
2070 365 2166 441 ar
2198 366 2538 429 uacuam.

3647 368 3775 431 1632

459 509 741 567 consensu
767 492 1207 561 monachorum,
1223 490 1496 550 contraS.
1515 490 1725 565 Egidii
1752 491 2055 557 damnum,
2077 491 2131 550 Δ.
2155 487 2229 543 sit
2257 487 2593 545 maledictus
2643 490 2704 545 et
2729 486 3267 551 excommunicatus
3296 503 3315 555 ;
3360 485 3631 544 similiter
3664 489 3755 563 qui

459 582 625 656 eique
646 581 1038 650 servientium,
1067 600 1101 637 a
1128 584 1338 637 sanctae
1403 581 1603 636 matris
1638 580 1900 636 Ecclesiae.
1927 595 2057 648 gre-

460 670 578 725 mio
610 671 874 725 absentes
898 687 1020 725 esse
1052 669 1417 745 praacipio,et
1445 685 1576 723 cum
1605 670 1829 725 Dathan
1856 671 1912 722 et
1929 666 2058 722 Abi-

459 774 590 825 ron,
623 758 807 813 Cbore
837 775 1088 831 quoque,
1133 760 1302 813 Bahal
1359 762 1417 814 et
1469 757 1848 822 Behelzebud,
1880 760 1937 810 et
1960 771 2061 811 eo-

456 860 589 901 rum
616 847 917 915 similibus,
950 846 1419 903 maledictionem
1452 846 1560 900 illis
1590 849 1876 900 aiternam
1901 844 2061 916 inge-

455 938 617 1002 ro,et
656 936 1155 1009 participationem
1190 935 1299 991 illis
1343 937 1807 1006 perseverantem
1857 949 2063 988 conce-

459 1020 556 1079 do.
585 1026 696 1079 Nec
727 1041 845 1080 non
873 1029 930 1079 et
959 1025 1085 1080 illos
1111 1024 1283 1079 simili
1312 1023 1687 1078 damnatione
1728 1038 2060 1078 excommu-

458 1111 589 1167 nico
609 1112 722 1168 sive
752 1112 1101 1179 condemno,
1133 1112 1229 1185 qui
1260 1113 1409 1167 male
1448 1110 1624 1184 ipsius
1654 1113 1895 1177 terram,
1926 1126 2063 1165 san-

457 1199 694 1256 ctissimi
722 1201 986 1257 videlicet
1025 1201 1257 1273 zEgidii,
1308 1200 1666 1266 invadentes,
1699 1199 1759 1254 in
1792 1215 1961 1254 usum
1992 1198 2062 1253 si-

458 1287 538 1356 bi,
567 1305 626 1344 se
647 1290 885 1357 sciente,
917 1289 1220 1361 proprium
1252 1288 1555 1343 vendicant
1615 1290 1671 1342 et
1728 1286 2064 1358 deprazdan-

454 1379 570 1444 tur,
599 1377 734 1451 quia
763 1394 798 1432 a
823 1377 981 1432 vobis
1012 1377 1407 1449 potestatibus,
1432 1379 1588 1430 retro
1628 1375 1687 1430 in
1733 1376 1874 1430 actis
1912 1377 2063 1431 tem-

454 1465 711 1538 poribus,
770 1482 889 1521 non
945 1468 1310 1535 exceperunt.
1360 1465 1418 1520 Si
1472 1480 1606 1518 vero
1663 1466 1901 1535 propter
1953 1464 2063 1519 hoc

458 1553 616 1624 quod
646 1553 750 1624 ipsi
778 1553 1010 1608 alodem
1040 1552 1352 1624 supradicti
1377 1551 1514 1607 almi
1540 1551 1750 1623 lEgidii
1776 1549 2062 1605 malitiose

459 1642 765 1696 voluerunt
789 1641 1101 1714 possidere,
1139 1643 1197 1695 et
1234 1657 1268 1694 a
1312 1639 1468 1695 vobis
1508 1638 1941 1694 multiformiter
1966 1655 2065 1692 cu-

459 1729 694 1802 pierunt
716 1731 997 1801 accipere,
1031 1729 1311 1784 damnum
1352 1728 1463 1782 illis
1511 1727 1903 1782 habitantibus
1947 1743 2068 1782 mo-

462 1816 660 1872 nacbis
688 1817 923 1890 aliquod
944 1816 1183 1885 venerit,
1209 1817 1497 1888 duplicem
1522 1815 1808 1887 excipiant
1832 1832 2061 1887 poenam

462 1906 1077 1962 excommunicationis
1095 1924 1196 1961 seu
1210 1905 1651 1972 maledictionis,
1681 1907 1740 1960 et
1762 1921 2066 1975 nunquam

462 2012 497 2050 a
524 1997 815 2052 consortio
844 1996 1025 2063 Iudae,
1049 1995 1280 2051 Domini
1313 1994 1625 2061 traditoris,
1660 1992 1890 2066 Caiphas
1922 2009 2064 2065 quo-

464 2100 596 2156 que,
630 2089 687 2140 et
712 2087 917 2151 Annua,
965 2083 1196 2139 Herodii
1253 2100 1501 2149 necnon,
1554 2086 1612 2138 et
1657 2079 2064 2147 PontiiPilati,

460 2173 702 2246 collegio
732 2174 962 2229 valeant
991 2172 1311 2243 dissociari;
1349 2172 1690 2245 angelorum
1713 2171 1906 2243 itaque
1940 2187 2067 2226 ma-

459 2261 863 2317 ledictionibus
888 2266 1152 2333 pereant,
1194 2265 1255 2317 et
1306 2259 1785 2317 communionem
1836 2260 2065 2315 Satanae

457 2349 517 2405 in
548 2350 788 2406 interitu
806 2351 993 2405 carnis
1019 2350 1376 2423 percipiant;
1434 2347 1866 2404 maledictiones
1919 2346 2066 2402 acci-

460 2438 625 2510 piant
657 2439 978 2505 desursum,
1007 2442 1066 2493 et
1090 2440 1406 2510 abjacentis
1461 2436 1647 2508 abyssi
1706 2434 2067 2490 maledictio-

461 2542 564 2580 nes
596 2527 867 2581 deorsum
895 2526 1207 2597 accipiant;
1250 2524 1720 2579 maledictionem
1751 2524 2064 2590 ccelestem,

462 2615 521 2666 et
549 2611 1018 2667 maledictionem
1051 2614 1381 2667 terrestrem
1393 2655 1406 2668 .
1890 2604 1894 2608 ’

534 2703 886 2757 Praesentem
910 2700 1377 2757 maledictionem
1398 2698 1719 2773 percipiant
1743 2700 1802 2755 in
1817 2700 2069 2772 corpori-

465 2791 592 2859 bus,
615 2793 674 2845 et
699 2789 1157 2846 debilitationem
1173 2790 1231 2844 in
1256 2789 1578 2856 animabus,
1606 2788 2067 2861 etperditionem

466 2877 951 2935 etcruciationem
973 2878 1278 2949 recipiant.
1297 2876 1707 2932 Maledicantur
1725 2894 1857 2932 cum
1884 2880 2066 2933 male-

467 2966 664 3035 dictis;
692 2967 1061 3039 ﬂagellentur
1075 2982 1207 3022 cum
1228 2965 1500 3038 ingratis;
1556 2968 1799 3036 pereant
1819 2981 1951 3020 cum
1981 2982 2070 3022 su-

463 3055 677 3129 perbis.
711 3055 841 3112 Sint
873 3054 1167 3111 maledicti
1200 3071 1333 3111 cum
1360 3054 1570 3109 Judaeis
1616 3053 1714 3125 qui
1753 3052 2069 3109 Dominum

464 3144 525 3200 in
542 3161 715 3200 carne
739 3144 997 3200 videntes
1017 3161 1135 3199 non
1174 3143 1562 3210 crediderunt,
1593 3143 1693 3198 sed
1718 3142 1903 3214 magis
1933 3159 2068 3198 eum

465 3233 801 3305 cruciﬁgere
824 3236 1220 3289 tentaverunt.
1242 3231 1525 3287 Maledicti
1550 3231 1665 3285 sint
1686 3247 1819 3285 cum
1840 3231 2068 3286 haereti-

466 3320 547 3376 cis
578 3321 680 3395 qui
709 3321 1021 3377 Ecclesiam
1043 3320 1145 3375 Dei
1165 3320 1469 3392 cupierunt
1511 3308 1864 3376 subvertere.
1905 3319 2072 3373 Male-

467 3410 601 3465 dicti
633 3410 749 3465 sint
764 3426 896 3465 cum
916 3409 1029 3464 illis
1045 3409 1140 3481 qui
1156 3425 1374 3464 nomen
1387 3407 1622 3463 Domini
1642 3408 2066 3478 blasphemant.

467 3497 596 3553 Sint
617 3498 908 3553 maledicti
938 3514 1071 3551 cum
1093 3496 1204 3551 illis
1234 3495 1332 3568 qui
1358 3513 1418 3550 se
1440 3495 1510 3550 de
1547 3496 1646 3551 Dei
1675 3495 2070 3552 misericordia

468 3586 799 3657 desperant.
814 3584 942 3641 Sint
961 3583 1251 3640 maledicti
1275 3600 1405 3639 cum
1420 3583 1529 3639 illis
1547 3584 1643 3656 qui
1666 3583 1925 3639 damnati
1939 3587 2070 3639 sunt

466 3672 527 3729 in
550 3671 802 3729 inferno.
833 3672 1116 3729 Maledicti
1144 3672 1259 3728 sint
1284 3689 1418 3728 cum
1447 3672 1639 3743 impiis
1665 3674 1724 3728 et
1759 3672 2070 3745 peccatori-

466 3761 592 3829 bus,
617 3760 662 3816 si
689 3777 807 3816 non
836 3760 1272 3817 emendaverint
1308 3764 1367 3817 et
1390 3761 1703 3831 culpabiles
1718 3777 1777 3816 se
1799 3760 2069 3815 adversus

465 3848 840 3923 S.1Egidium
888 3867 1008 3906 non
1049 3848 1427 3906 reddiderint.
1468 3850 1748 3906 Maledicti
1799 3849 1914 3906 sint
1964 3865 2069 3922 per

464 3942 714 4014 quatuor
740 3942 934 4013 partes
948 3939 1151 3995 mundi
1179 3957 1194 4009 ;
1233 3939 1293 3994 in
1308 3939 1544 3995 Oriente
1584 3938 1699 3994 sint
1727 3938 2018 3995 maledicti
2050 3956 2064 4007 ;

464 4029 524 4085 in
550 4029 859 4086 Occidente
881 4028 1220 4097 destituti,in
1242 4027 1635 4099 septentrione
1651 4026 2067 4083 sintinterdicti

467 4122 527 4175 et
568 4118 628 4174 in
687 4117 930 4175 meridie
983 4116 1540 4173 excommunicando
1587 4116 1758 4171 exuti.
1788 4115 2068 4172 Maledicti

465 4206 582 4263 sint
604 4207 664 4264 in
692 4206 808 4274 die,
833 4206 951 4261 sint
980 4204 1464 4267 excommunicati
1511 4207 1570 4259 et
1600 4204 1657 4259 in
1695 4208 1886 4271 nocte,
1913 4204 2068 4260 intra

468 4296 714 4353 domum
742 4310 907 4349 suam
934 4294 1049 4349 sint
1074 4292 1387 4360 maledicti,
1411 4295 1469 4348 et
1492 4295 1653 4348 extra
1682 4293 1926 4347 domum
1952 4292 2069 4348 sint

2158 576 2285 631 illos
2313 577 2669 647 portaverint
2696 578 2770 634 ad
2813 581 3263 651 sepulturam,et
3284 579 3759 651 praesumpserint

2158 665 2420 737 sepelire.
2451 666 2886 721 Sintmaledicti
2909 672 2969 723 et
2985 666 3485 724 excommunicati
3514 667 3777 724 omnibus

2160 754 2682 819 maledictionibus,
2713 756 2760 811 si
2788 774 2903 812 non
2938 758 3382 812 emendaverint
3423 759 3485 812 et
3526 757 3603 811 ad
3630 758 3779 812 satis-

2159 842 2474 899 factionem
2497 860 2611 898 non
2630 846 3034 902 venerintJloc
3053 862 3158 919 pro
3180 849 3338 901 certo
3374 846 3678 901 sciendum
3691 849 3771 902 est

2160 930 2319 985 vobis
2345 931 2501 1003 quod
2526 936 2657 1003 post
2686 933 2908 989 obitum
2939 938 3206 989 nostrum
3233 934 3428 989 nullus
3457 932 3769 1005 episcopus,

2160 1035 2268 1073 nec
2301 1020 2448 1074 ullus
2476 1037 2689 1088 comes,
2723 1038 2830 1077 nec
2850 1024 2965 1077 ulla
2978 1022 3273 1077 saecularis
3300 1024 3559 1094 potestas
3573 1022 3776 1077 audeat

2159 1110 2620 1180 praesumptuose
2636 1110 3054 1164 monasterium
3071 1109 3225 1164 beati
3238 1108 3451 1180 )Egidii
3472 1108 3587 1164 sibi
3608 1108 3664 1162 in
3683 1108 3777 1164 do-

2164 1196 2415 1251 minium
2432 1214 2730 1270 usurpare.
2776 1198 2941 1263 Quod
2964 1198 3010 1253 si
3040 1197 3520 1272 prtesumpserint
3573 1199 3778 1263 facere,

2165 1284 2435 1339 omnibus
2459 1302 2634 1356 supra
2659 1287 2859 1341 laxatis
2892 1286 3396 1342 maledictionibus
3426 1284 3779 1358 obligati,ad

2164 1388 2413 1444 regnum
2446 1392 2746 1447 nunquam
2772 1377 3001 1430 valeant
3026 1375 3242 1431 intrare
3264 1376 3520 1440 caeleste,
3564 1376 3697 1447 quia
3721 1375 3778 1429 in

2164 1461 2424 1517 dominio
2480 1466 2537 1518 et
2594 1463 2803 1519 salario
2836 1464 2992 1520 beati
3033 1464 3187 1520 Petri
3207 1462 3401 1535 ipsum
3450 1463 3778 1521 coenobium

2165 1565 2295 1603 cum
2331 1548 2601 1605 omnibus
2622 1551 2794 1605 rebus
2814 1551 2919 1606 sibi
2950 1552 3375 1626 pertinentibus
3404 1551 3610 1606 beatus
3633 1550 3778 1623 .Egi:

2166 1636 2291 1691 dius
2323 1638 2701 1694 contradidit.
2742 1641 3050 1713 Nullusque
3079 1656 3472 1695 successorum
3516 1655 3773 1713 meorum

2166 1725 2437 1798 cuiquam
2471 1727 2681 1782 audeat
2703 1728 3033 1783 venundare
3088 1746 3189 1784 seu
3222 1731 3614 1793 commutare,
3664 1728 3776 1782 sive

2169 1814 2272 1868 sub
2314 1814 2558 1869 tuitione
2590 1816 2929 1888 cujusquam
2962 1816 3258 1889 potestatis
3286 1816 3601 1887 subjicere.

2238 1901 2531 1972 Scriptum
2576 1918 2681 1973 per
2713 1921 2953 1958 manum
2990 1904 3227 1959 Joannis
3275 1904 3532 1972 diaconi,
3570 1905 3773 1959 sancta

2164 1989 2443 2046 Romanae
2478 1989 2737 2046 Ecclesia:
2763 1991 3064 2047 scriniarii.

2851 2082 3079 2138 XXXIII.

2166 2167 2480 2225 Benedictus
2535 2166 2705 2233 VIII,
2732 2176 2942 2242 petente
2980 2170 3207 2241 Rogerio
3254 2173 3446 2226 comite
3494 2169 3774 2227 Cat-casso-

2238 2242 2389 2315 nem‘i
2424 2245 2474 2315 et
2505 2244 2731 2315 conjuge
2749 2242 2864 2315 ejus
2894 2242 3218 2310 Adalhaide,
3241 2259 3322 2297 res
3348 2248 3397 2296 et
3413 2245 3555 2315 jura
3587 2259 3768 2296 mona-

2236 2312 2390 2365 sterii
2415 2311 2478 2366 S.
2499 2312 2708 2366 Hilarii
2723 2311 3025 2381 conﬁrmat.

2685 2402 2868 2471 (Anno
2899 2403 3248 2467 1012-4024).

2171 2489 2379 2561 [85552,
2411 2488 2560 2544 Hist.
2590 2488 2679 2543 des
2707 2497 2899 2545 comtes
2924 2490 2987 2545 de
3009 2489 3390 2554 Carcassonne,
3420 2505 3479 2560 p.
3502 2493 3565 2546 8t
3582 2530 3598 2557 ,
3631 2490 3770 2544 teste

2440 2561 2777 2628 BBEQUIGNY,
2807 2561 2961 2615 Tabl.
2989 2561 3225 2616 chronol.
3270 2562 3313 2627 I,
3363 2564 3509 2633 530.]

2865 2651 3085 2706 XXXlV.

2168 2733 2489 2792 Benedictus
2529 2736 2684 2795 VIII
2713 2739 3026 2879 θηοπαειῗὶνίἱ
3190 2735 3386 2793 Saoim'
3431 2738 3776 2807 possessione:

2824 2824 2918 2863 con
2966 2826 3088 2864 rma
3118 2850 3132 2863 .

2824 2824 3132 2864 connrmat.

2688 2894 2874 2963 (Anno
2906 2898 2995 2952 101
3010 2894 3247 2960 2-1024).

2490 2966 2779 3034 [Ucuaun
2802 2965 2976 3023 Italia
3000 2982 3171 3035 sacra,
3216 2967 3282 3032 II,
3314 2969 3462 3041 207].

2160 3114 2163 3117 _
2240 3054 2302 3106 In
2324 3052 2563 3109 nomine
2592 3056 2803 3110 sanctae
2833 3057 2891 3109 et
2921 3054 3226 3110 individua;
3254 3054 3557 3110 Trinitatis
3611 3054 3773 3110 Ban-

2169 3157 2352 3196 mcrus
2377 3143 2584 3215 praesul
2612 3143 2938 3213 apostolicae
2980 3142 3131 3198 sedis
3172 3130 3447 3199 omnibus
3484 3142 3773 3198 universa-

2168 3228 2302 3285 liter
2329 3229 2537 3285 Christi
2575 3230 2806 3285 famulis
2837 3231 3210 3302 praesentibus
3239 3234 3295 3286 et
3321 3229 3553 3286 futuris.

2239 3318 2579 3390 Apostolicae
2609 3319 2758 3374 sedis
2788 3319 3092 3375 munimen
3145 3318 3603 3392 supplicantibus
3629 3337 3771 3394 pra:-

2169 3408 2320 3462 stare
2352 3423 2458 3462 nec
2485 3406 2651 3462 nobis
2683 3424 2878 3480 grave,
2906 3425 3010 3463 nec
3052 3408 3149 3463 ulli
3182 3408 3422 3464 omnino
3455 3407 3645 3463 videri
3677 3408 3775 3463 de-

2170 3494 2507 3563 betinutile,
2540 3512 2671 3550 cum
2704 3512 2810 3550 nec
2840 3496 3028 3565 nobis,
3068 3496 3227 3568 quod
3256 3496 3356 3551 Dei
3385 3500 3473 3551 est
3525 3497 3776 3564 donum,

2170 3583 2438 3652 vendere,
2472 3600 2577 3639 nec
2600 3583 2699 3640 ulli
2726 3584 2813 3640 fas
2854 3584 3027 3640 debet
3066 3601 3188 3640 esse
3236 3584 3643 3641 co‘ntemnem.
3676 3586 3781 3640 No-

2168 3671 2313 3726 verit
2340 3671 2518 3744 igitur
2549 3672 2738 3728 omnis
2786 3689 2903 3727 una
2945 3673 3149 3728 matris
3192 3673 3456 3729 Ecclesia:
3484 3677 3671 3730 coetus
3699 3673 3783 3729 in-

2169 3763 2323 3835 stans
2348 3761 2433 3815 vel
2467 3760 2713 3827 futurus,
2748 3760 3023 3833 quoniam
3074 3761 3390 3817 secundum
3437 3777 3643 3835 preces
3684 3778 3781 3816 no-

2165 3833 2254 3904 1)is
2280 3849 2500 3905 oblatas
2521 3865 2555 3904 a
2584 3849 2760 3903 fratre
2792 3852 2850 3903 et
2873 3849 3214 3921 coepiscopo
3246 3833 3455 3906 nostro
3500 3849 3572 3905 D.
3622 3849 3775 3922 Sige-

2168 3937 2330 3993 fredo
2357 3938 2612 4010 praasule‘
2648 3936 2996 4010 Placentinae
3037 3937 3206 4006 sedis,
3248 3941 3306 3992 et
3366 3955 3401 3993 a
3459 3937 3774 3994 venerabili

2168 4025 2483 4098 Wimperto
2513 4024 2720 4081 abbate
2752 4025 3091 4081 monasterii
3115 4026 3175 4082 S.
3209 4024 3427 4094 Savini,
3458 4027 3622 4100 quod
3642 4041 3776 4101 nam

2167 4132 2202 4171 a
2227 4115 2500 4188 pontiﬁce
2523 4116 2581 4171 in
2616 4115 2701 4170 sui
2725 4115 3092 4189 episcopatus
3136 4115 3495 4188 subjectione
3521 4118 3777 4172 constru~

2167 4205 2324 4259 ctum
2346 4201 2590 4271 videtur,
2622 4204 2845 4272 damus,
2902 4203 3292 4271 concedimus,
3327 4205 3439 4260 hoc
3494 4221 3609 4277 que
3656 4221 3773 4260 me-

2168 4292 2365 4347 diante
2387 4293 2617 4348 decreto
2648 4292 2939 4348 sancimus
2968 4292 3091 4348 sine
3123 4293 3242 4349 ulla
3268 4292 3666 4349 diminutione
3691 4291 3776 4347 in-

468 4382 973 4441 excommunicati.
1010 4383 1154 4439 Cum
1196 4380 1462 4439 steterint
1507 4381 1624 4436 sint
1669 4381 1978 4448 maledicti,
2012 4385 2141 4448 etD
2166 4381 2513 4438 violabiliter
2532 4381 2744 4436 servari
2793 4381 3034 4455 praefato
3093 4380 3447 4438 monasterio
3499 4380 3779 4454 quidquid

468 4490 601 4530 cum
619 4472 878 4532 sederint
930 4471 1049 4528 sint
1078 4470 1589 4541 excommunicati.
1623 4470 1751 4526 Sint
1776 4470 2067 4527 maledicti

466 4580 599 4619 cum
632 4560 1133 4629 manducaverint,
1165 4561 1281 4616 sint
1309 4559 1600 4616 maledicti
1623 4575 1752 4616 cum
1773 4560 2065 4630 biberint;

469 4651 761 4709 maledicti
791 4650 925 4719 sint,
958 4666 1089 4721 cum
1121 4649 1437 4717 dormiant,
1487 4652 1545 4705 et
1587 4648 2068 4705 excommunicati

468 4756 603 4796 cum
627 4738 1169 4811 vigilant.Maledicti
1192 4738 1307 4793 sint
1325 4754 1455 4793 cum
1480 4737 1697 4810 aliquid
1729 4741 2065 4809 operantur,

470 4833 529 4884 et
557 4828 1040 4884 excommunicati
1064 4844 1197 4883 cum
1228 4827 1522 4898 paululum
1537 4826 1922 4899 requiescunt.
1955 4827 2068 4882 Ma-

467 4915 659 4975 ledicti
671 4914 786 4972 sint
805 4932 982 4971 verno
998 4919 1344 4988 tempore,et
1357 4913 1837 4971 excommunicati
1850 4919 2069 4979 testate;

466 5003 759 5062 maledicti
782 5003 965 5059 sintin
980 5008 1281 5071 autumno,
1302 5007 1359 5058 et
1381 5002 1862 5061 excommunicati
1882 5002 1938 5056 in
1952 5002 2072 5057 hie-

467 5112 583 5151 me.
601 5093 883 5151 Maledicti
901 5092 1017 5147 sint
1037 5091 1094 5146 in
1113 5090 1383 5163 praesenti
1409 5095 1697 5163 tempore,
1721 5090 1853 5145 etin
1876 5090 2068 5145 futuro

468 5184 675 5240 saeculo
717 5182 833 5238 sint
889 5179 1394 5236 excommunicati.
1448 5178 1837 5234 Possessiones
1866 5193 2069 5234 eorum

466 5272 755 5345 accipiant
771 5270 1019 5339 alteri,et
1032 5267 1303 5323 mulieres
1323 5285 1523 5324 eorum
1548 5270 1685 5323 eant
1712 5267 1772 5322 in
1790 5266 2072 5340 perditio-

468 5376 631 5423 nem,
660 5364 719 5414 et
746 5358 995 5414 infantes
1025 5373 1230 5413 eorum
1269 5356 1460 5429 gladio
1516 5357 1744 5412 cadant.
1791 5355 2073 5412 Maledicti

467 5446 582 5503 sint
602 5447 710 5503 eihi
728 5447 957 5502 illorum
980 5464 994 5515 ;
1032 5449 1090 5502 et
1112 5446 1221 5501 hoc
1243 5445 1399 5517 quod
1415 5462 1481 5499 ex
1515 5444 1596 5498 eis
1633 5445 1978 5500 remanserit
2001 5445 2073 5500 sit

466 5535 864 5600 maledictum,
896 5538 954 5590 et
984 5534 1081 5608 qui
1108 5533 1190 5589 eis
1223 5532 1581 5605 gustaverint
1607 5533 1721 5587 sint
1758 5533 2070 5590 maledicti.

466 5622 744 5693 Sacerdos
766 5622 960 5698 itaque
982 5622 1078 5697 qui
1093 5622 1172 5678 eis
1184 5637 1391 5694 corpus
1404 5620 1817 5692 etsanguinem
1841 5621 2077 5678 Domini

467 5710 792 5778 tradiderit,
820 5714 877 5768 et
906 5727 1003 5769 eos
1031 5710 1089 5767 in
1122 5700 1463 5768 inﬁrmitate
1489 5709 1703 5785 positos
1742 5709 2076 5782 visitaverit,

2167 4469 2453 4542 imperiali
2484 4470 2572 4525 vel
2594 4469 2773 4542 regali
2805 4474 3117 4544 praecepto,
3164 4486 3392 4526 necnon
3449 4474 3510 4525 et
3565 4469 3779 4543 episcoc

2167 4559 2283 4632 pali
2314 4558 2569 4625 decreto,
2618 4559 2993 4632 fideliumque
3038 4558 3333 4619 oblatione
3364 4558 3556 4615 eidem
3590 4575 3779 4614 emno-

2168 4647 2263 4704 bio
2286 4648 2484 4703 datum
2513 4663 2961 4720 concessumque
2985 4648 3226 4715 videtur,
3267 4663 3366 4702 seu
3392 4647 3782 4720 quodcunque

2163 4737 2315 4811 juste
2337 4741 2394 4792 et
2414 4736 2680 4808 legaliter
2701 4754 2878 4809 usque
2898 4737 2956 4791 in
2979 4753 3232 4807 praesens
3245 4737 3319 4791 ad
3336 4746 3565 4807 partem
3596 4752 3784 4807 sepe-

2170 4825 2271 4880 fati
2291 4824 2627 4880 monasterii
2649 4824 2991 4898 acquisitum
3013 4828 3117 4891 est,
3149 4826 3234 4880 vel
3250 4824 3307 4879 in
3330 4824 3527 4884 futuro
3552 4823 3784 4879 dederit

2171 4913 2642 4968 Dominus.Nulla
2660 4930 2797 4985 ergo
2820 4914 3209 4986 cujuscunque
3222 4912 3644 4969 dominationis
3655 4928 3785 4985 per-

2170 5017 2332 5068 sona,
2361 5001 2573 5056 timore
2588 5002 2687 5056 Dei
2699 5004 2755 5056 et
2768 5006 3100 5057 sanctorum
3116 5002 3515 5075 apostolorum
3536 5017 3786 5058 veneta-

2172 5088 2329 5144 tione
2359 5088 2672 5156 refrenata,
2718 5088 2985 5144 videlicet
3014 5088 3405 5160 imperatoris,
3451 5088 3626 5161 regis,
3661 5090 3786 5160 epi-

2171 5177 2349 5251 scopi,
2402 5176 2774 5244 marchionis,
2825 5177 3053 5234 comitis
3097 5179 3182 5234 vel
3214 5177 3516 5249 cujuslibet
3545 5179 3785 5233 alterius

2171 5265 2407 5322 licentia
2417 5266 2672 5338 potiatur
2695 5266 2979 5339 quidquid
2999 5266 3140 5322 illud
3158 5266 3334 5321 fuerit
3352 5264 3789 5333 auferendi,mi-

2175 5355 2528 5422 nuendi,seu
2550 5355 2608 5409 in
2628 5354 2784 5410 aliud
2799 5356 2892 5427 jus
2904 5356 3277 5412 refundendi.
3299 5354 3487 5411 Simili
3501 5360 3787 5428 praeterea

2176 5445 2353 5500 modo
2370 5447 2428 5499 et
2441 5443 2591 5498 aliud
2613 5442 3243 5510 decernimus,Patrum
3260 5446 3474 5499 statuta
3492 5448 3788 5500 servantes

2179 5550 2252 5588 ne
2273 5532 2490 5605 aliquid
2503 5531 2834 5587 Simoniaca
2851 5532 3085 5587 haeresis
3112 5531 3217 5587 sibi
3249 5532 3507 5588 vindicet
3529 5548 3787 5588 commo-

2177 5624 2341 5689 dum,
2375 5625 2638 5692 tempore
2669 5636 2785 5693 quo
2824 5620 3046 5676 vocatio
3099 5620 3294 5676 divina
3335 5620 3490 5676 vices
3515 5620 3784 5676 indixerit

2178 5708 2646 5787 renovandorum
2661 5708 2719 5765 in
2743 5709 3015 5767 eamdem
3041 5709 3779 5783 EcclesiaipastorumSed,
