4094 6178
313 398 453 457 ἱ633

1163 355 1536 442 BENEDIC‘n
1563 367 1680 434 Vm
1710 373 1913 435 par/5:
1945 352 2308 431 summ
2337 364 2422 429 Er
2461 360 2802 429 omnem.

3540 381 3559 433 Ι
3573 371 3676 438 634

311 515 748 589 opportunitate
767 513 1009 577 servata,
1024 509 1082 564 in
1105 509 1250 578 ejus,
1267 505 1365 578 qui
1395 503 1608 574 dignus
1628 498 1822 565 fuerit,
1843 513 1935 552 or-
1959 499 2015 558 Α
2041 513 2147 550 nus
2169 496 2621 551 concederemus
2643 512 2708 550 ac
2724 494 3283 552 reconfirmarcmus
3302 500 3456 557 vobis
3472 522 3668 578 supra-

312 587 636 670 dinatione,
667 603 873 657 sancta:
902 594 1278 652 institutionis
1301 587 1935 664 preceptum,postpo-

310 695 425 749 sita
454 692 617 748 omni
635 688 965 763 cupiditate,
989 688 1266 741 servetur.
1293 681 1351 736 Si
1376 678 1506 751 quis
1525 680 1750 742 autem,
1783 673 1940 763 quod

311 779 490 836 absit!
529 780 636 835 hoc
657 780 937 840 nostrum,
958 774 1096 846 quin
1120 770 1310 843 magis
1327 769 1642 823 beatorum
1657 762 1943 834 apostolo-

314 886 473 936 rum,
493 867 807 937 infringere
819 861 1128 920 tentaverit
1143 853 1540 919 docretum,in
1565 853 1817 908 adventu
1839 847 1940 903 Dei

315 956 505 1014 nostri
535 955 606 1009 sit
633 936 944 1010 anathema
972 948 1338 1012 maranatha,
1369 941 1536 998 Iudae
1571 936 1854 1011 proditori
1887 937 1942 989 et

317 1044 549 1100 Simoni
578 1043 736 1112 Mago
762 1040 1007 1095 sociatus
1036 1038 1095 1091 in
1129 1051 1338 1108 pinna;
1387 1030 1461 1085 ad
1494 1026 1941 1083 damnationem

319 1130 630 1204 proveniat
659 1128 737 1184 illi
767 1125 998 1198 sanguis
1025 1119 1452 1194 Redemptoris,
1487 1117 1590 1188 qui
1620 1116 1829 1171 effusus
1859 1116 1944 1167 est

323 1221 400 1275 ad
432 1217 767 1274 diluendam
818 1215 1106 1269 maculam
1149 1210 1355 1284 prima:
1398 1201 1891 1277 praevaricationis
1925 1217 1939 1254 :

322 1309 604 1364 sortiatur
619 1303 1083 1369 maledictusille,
1103 1301 1434 1371 quicunque
1452 1294 1652 1360 fuerit,
1673 1296 1944 1364 stagnum

323 1395 483 1467 ignis
509 1398 566 1448 et
594 1391 878 1465 sulphuris
909 1408 1012 1463 pro
1031 1388 1242 1461 gaudio
1269 1387 1401 1441 vitae
1424 1382 1698 1454 perennis
1725 1381 1784 1435 in
1817 1395 1942 1434 om-

328 1483 501 1538 nibus
530 1481 870 1536 szeculorum
899 1478 1138 1533 saeculis.
1178 1477 1252 1531 Ut
1281 1489 1417 1530 vero
1464 1473 1654 1526 nullus
1685 1468 1946 1540 ambigat

315 1571 553 1626 decreti
586 1570 753 1641 hujus
783 1568 1059 1640 paginam
1088 1569 1286 1620 nostra
1309 1560 1571 1635 jussione
1602 1545 1942 1631 perfectam,

330 1677 467 1715 eam
494 1658 674 1715 nostri
704 1657 871 1728 sigilli
897 1653 1274 1727 impressione
1305 1651 1495 1708 videat
1524 1649 1836 1720 signatam.

411 1750 562 1802 Bene
588 1746 788 1801 valete.

1041 1815 1233 1868 XXXV.

338 1909 548 1966 Beatus
581 1906 801 1962 Simeon
825 1905 1110 1959 monachus
1154 1911 1205 1957 ct
1240 1902 1463 1959 ercmita
1489 1901 1543 1952 in
1568 1895 1798 1952 cenobio
1833 1892 1946 1947 Pa-

412 1979 733 2033 dolinorensi
760 1979 880 2046 agri
905 1975 1204 2030 Mantuani
1247 1979 1555 2029 sanctorum
1591 1968 1949 2038 confessorum

414 2051 608 2104 canoni
635 2049 932 2103 ascribitur.

857 2138 1043 2206 (Anno
1079 2131 1436 2198 1017-4024.)

381 2227 793 2292 [COCQUELINES,
824 2224 1022 2280 Bullar
1052 2265 1066 2290 ,
1099 2222 1380 2294 privileg._
1402 2218 1560 2273 Rom.
1584 2221 1718 2288 pont
1745 2212 1912 2284 amp].

912 2289 1126 2353 Collect.
1160 2296 1202 2360 l,
1233 2289 1381 2350 322.]

420 2389 773 2451 BENBDICTUS,
805 2401 998 2440 servus
1017 2397 1316 2437 servorum
1350 2378 1472 2443 Dei,
1496 2378 1812 2440 Bommmo,
1829 2388 1956 2444 gra-

347 2479 431 2554 tia
452 2475 552 2532 llei
575 2473 896 2528 marchioni
917 2472 1126 2543 inclyto
1139 2471 1386 2524 salutem
1407 2463 1805 2520 charissimam
1824 2477 1954 2516 cum

352 2563 757 2622 benedictione
788 2561 1120 2633 apostolica.

421 2650 750 2724 Requisistis
755 2649 1038 2721 judicium
1053 2649 1313 2702 nostrum
1334 2642 1478 2696 sicut
1491 2641 1732 2712 dignum
1748 2639 1955 2704 fuerat,

357 2745 554 2796 utrum
582 2739 640 2793 in
671 2739 893 2794 honore
920 2734 1205 2792 Simeonis
1218 2747 1405 2804 nuper
1425 2726 1960 2797 sanctiﬁcati,quod

353 2846 534 2902 opera
577 2827 823 2900 probant
863 2829 920 2880 et
969 2825 1278 2879 innumera
1315 2836 1380 2874 ac
1431 2818 1653 2873 diversa
1683 2815 1961 2870 miracula

352 2916 682 2981 testificant,
732 2914 928 2969 liceret
973 2912 1132 2967 vobis
1163 2907 1463 2965 ecclesiam
1504 2904 1872 2970 constituere,
1905 2904 1962 2954 et

357 3005 405 3076 ej
416 3022 480 3058 us
496 3003 821 3059 venerabile
842 3018 1048 3074 corpus
1071 2997 1388 3054 honorifice
1410 2994 1690 3048 collocare
1719 2991 1958 3045 ibidem.

2043 585 2260 639 dictum
2277 584 2707 640 monasterium
2721 582 3033 638 Salvatoris
3051 585 3290 640 Domini
3309 592 3489 646 nostri
3502 594 3676 651 Jhesu

2045 673 2248 727 Christi
2267 676 2324 728 et
2341 674 2522 729 sancti
2547 671 2843 738 Bonifatii,
2865 671 3043 726 situm
3077 672 3138 728 in
3167 674 3296 730 loco
3326 678 3422 748 qui
3449 680 3672 738 Boclio-

2043 761 2140 815 nia
2159 761 2325 831 juxta
2354 761 2545 832 ripam
2571 759 2836 816 ﬂuminis
2863 760 3020 830 quod
3040 767 3282 818 vocatur
3308 764 3505 834 Fulda,
3539 787 3672 826 cum

2043 850 2310 904 omnibus
2341 851 2514 905 rebus
2544 849 2862 904 mobilibus
2893 853 2951 902 et
2980 849 3362 908 inmobilibus
3403 854 3508 911 sibi
3541 875 3674 929 per-

2047 936 2361 992 tinentibus
2379 956 2489 1009 que
2509 954 2667 993 nunc
2688 938 2869 991 habet
2893 942 2952 992 et
2980 937 3219 996 inantea
3236 943 3351 998 Deo
3369 946 3680 1004 auxiliante

2044 1025 2321 1093 habebit;
2370 1027 2586 1081 iterum
2633 1025 3011 1081 concedimus
3071 1045 3136 1082 ac
3185 1029 3474 1088 donamus
3522 1037 3682 1092 vobis

2045 1115 2402 1170 monasterio
2429 1116 2488 1170 in
2518 1117 2750 1170 honore
2770 1115 2967 1170 Sancti
2985 1119 3235 1173 Andreus
3258 1122 3502 1191 apostoli
3523 1127 3681 1195 quod

2045 1205 2275 1272 exaiulo,
2304 1207 2458 1278 quod
2482 1207 2660 1261 situm
2694 1211 2782 1261 est
2797 1207 2964 1277 juxta
2991 1210 3293 1265 ecclesiam
3322 1212 3550 1269 Sanctae
3573 1216 3677 1271 Dei

2047 1294 2343 1350 Genitricis
2372 1311 2723 1367 semperque
2740 1295 2982 1365 virginis
3004 1297 3191 1353 Mariae
3211 1316 3338 1370 quae
3360 1317 3393 1355 a
3411 1303 3678 1375 Presepe,

2048 1399 2179 1437 cum
2210 1383 2477 1437 omnibus
2507 1383 2939 1451 mansionibus,
2968 1385 3291 1455 caminatis,
3326 1389 3481 1443 cellis
3521 1391 3680 1447 vina-

2047 1471 2166 1537 riis,
2195 1474 2254 1525 et
2283 1471 2600 1542 quoquina,
2625 1488 2766 1526 cum
2791 1471 2976 1526 vineis
3004 1475 3062 1527 et
3101 1473 3243 1529 ortis
3264 1475 3428 1545 juxta
3452 1494 3510 1532 se
3544 1496 3676 1535 cum

2049 1557 2282 1613 diversis
2313 1558 2616 1613 arboribus
2646 1575 2988 1630 pomorum,
3021 1577 3152 1616 cum
3186 1563 3342 1618 curie
3371 1566 3542 1636 atque
3572 1582 3678 1637 pu-

2048 1649 2230 1712 teum,
2263 1662 2393 1700 cum
2425 1645 2663 1701 introito
2704 1664 2808 1701 suo
2839 1651 2897 1702 et
2928 1649 3079 1704 exito
3113 1666 3216 1721 per
3255 1655 3423 1723 porta
3454 1653 3680 1723 majore

2051 1735 2191 1790 avia
2220 1734 2449 1808 publica
2475 1739 2533 1789 et
2563 1752 2701 1790 cum
2745 1736 3021 1791 omnibus
3053 1737 3126 1792 ad
3156 1755 3291 1793 eum
3325 1742 3681 1810 generaliter

1978 1815 2029 1874 B
2051 1824 2492 1897 pertinentibus.
2526 1841 2624 1878 seu
2654 1841 2769 1895 que
2792 1824 2935 1879 foris
2967 1829 3127 1880 extra
3150 1827 3356 1882 urbem
3383 1828 3498 1884 sive
3525 1830 3680 1886 infra

2051 1911 2255 1967 urbem
2280 1915 2430 1976 sunt,
2447 1929 2556 1984 que
2579 1912 2629 1966 ei
2655 1912 2812 1983 juste
2835 1929 2901 1968 ac
2926 1913 3361 1970 rationabiliter
3382 1917 3677 1988 pertinere

2053 2001 2388 2067 dinoscitur,
2408 2018 2442 2054 a
2461 2001 2718 2071 presenti
2750 2001 3002 2072 septima
3025 2001 3339 2059 indictione
3369 2011 3678 2078 perpetua-

2051 2089 2182 2144 liter
2197 2089 2563 2144 immunitate
2585 2091 2787 2143 sancte
2804 2093 3000 2145 nostre
3013 2092 3272 2147 Romane
3285 2093 3434 2149 sedis
3447 2099 3681 2167 aposto-

2053 2179 2160 2233 lice
2189 2178 2249 2232 id
2279 2177 2468 2250 ipsum
2498 2177 2959 2233 sacratissimum
2995 2182 3415 2237 monasterium
3449 2199 3680 2254 perma-

2057 2266 2315 2322 nendum
2340 2266 2648 2320 statuimus
2679 2269 2738 2320 et
2767 2267 3080 2324 statuendo
3121 2271 3559 2339 confirmamus,
3602 2273 3683 2328 ita

2058 2361 2120 2411 ut
2151 2357 2356 2410 cuncta
2377 2355 2504 2408 loca
2523 2353 2702 2425 ipsius
2718 2356 3058 2411 monasterii
3086 2359 3297 2414 amodo
3327 2362 3385 2414 et
3417 2375 3600 2431 usque
3620 2361 3678 2416 in

2058 2441 2238 2498 finem
2273 2442 2445 2496 seculi
2478 2457 2609 2495 cum
2641 2443 2806 2496 omni
2839 2445 3145 2500 securitate
3176 2449 3234 2499 et
3263 2448 3682 2519 tranquillitate

2059 2549 2156 2586 vos
2169 2547 2298 2586 cum
2316 2530 2556 2601 posteris
2579 2529 2780 2583 vestris
2801 2535 3004 2586 tenere
3032 2537 3090 2586 et
3111 2533 3405 2602 possidere
3427 2536 3681 2604 valeatis,

2062 2623 2144 2685 ut,
2178 2619 2281 2673 sub
2303 2617 2447 2687 juris
2475 2616 2703 2671 dicione
2727 2622 2928 2674 sancte
2961 2623 3156 2675 nostre
3189 2621 3278 2676 cui
3309 2624 3424 2676 Deo
3451 2628 3684 2680 auctore

2065 2706 2417 2762 deservimus
2457 2705 2704 2759 Ecclesie
2741 2708 3148 2771 constitutum,
3199 2711 3413 2765 nullius
3449 2713 3686 2768 alterius

2063 2795 2296 2851 ecclesie
2337 2792 2482 2864 juris
2525 2792 2852 2848 dicionibus
2897 2795 3288 2851 submittatur.
3323 2799 3432 2852 Pro
3480 2817 3592 2870 qua
3621 2816 3686 2853 re

2063 2883 2171 2956 piis
2200 2879 2492 2937 desideriis
2521 2880 2779 2935 faventes
2809 2881 2962 2936 hanc
2989 2885 3248 2937 nostram
3277 2886 3684 2941 auctoritatem

2064 2972 2123 3027 id
2156 2970 2311 3042 quod
2355 2967 2680 3038 exposcitur
2718 2968 2951 3023 effectui
2983 2970 3422 3042 mancipamus;
3473 2978 3530 3028 et
3555 2974 3687 3029 ideo

362 3056 474 3076 -..--—
945 3056 962 3074 ι

356 3095 440 3149 De
467 3109 578 3164 quo
602 3091 1021 3163 respondemus
1051 3105 1065 3143 :
1097 3087 1154 3142 Si
1185 3087 1264 3140 ita
1289 3086 1550 3140 coruscat
1569 3080 1878 3147 miraculis,
1903 3081 1965 3132 ut
1987 3094 2033 3154 α
2067 3075 2305 3164 omne")
2329 3056 2632 3164 οξιάυξξίῖξθί
2663 3056 2902 3111 θεοίθδίθ
2924 3058 3287 3164 εξῆςθτάοίθηὶ
3319 3059 3375 3113 in
3405 3063 3687 3134 Prel’hato

358 3185 546 3236 vester
569 3181 745 3235 homo
795 3178 962 3234 nobis
999 3175 1264 3238 asseruit,
1315 3171 1594 3227 aidificate
1641 3168 1963 3233 ecclesiam,

360 3271 636 3324 collocate
664 3268 724 3322 in
751 3285 820 3322 ea
845 3265 1320 3334 eumdem,juxta
1350 3277 1524 3332 quem
1555 3259 1734 3312 altare
1767 3272 1964 3310 conse-

363 3357 508 3413 crari
530 3361 750 3428 rogate,
770 3356 827 3410 in
845 3373 956 3427 quo
976 3353 1230 3424 reliquiae
1249 3351 1621 3420 antiquorum
1636 3349 1969 3400 sanctorum

363 3463 496 3500 cum
522 3444 904 3500 sacratissimo
936 3458 1178 3514 corpore
1203 3437 1433 3494 Domini
1457 3435 1635 3490 nostri
1653 3436 1679 3489 J
1686 3452 1784 3489 esu
1807 3433 1968 3488 Chri-

363 3534 456 3601 sti,
501 3537 559 3588 et
598 3534 674 3588 sic
718 3533 955 3588 demum
999 3529 1191 3586 divina
1231 3525 1551 3582 ministeria
1581 3524 1968 3578 celebrentur.

361 3623 622 3677 Tractate
656 3638 785 3676 eum
818 3625 880 3676 ut
927 3623 1213 3684 sanctum,
1247 3619 1310 3670 ut
1350 3615 1591 3669 Sanctus
1636 3615 1971 3666 sanctorum

367 3710 573 3765 reddat
595 3710 754 3764 vobis
785 3708 1117 3764 mercedem
1168 3704 1371 3770 sancti,
1423 3702 1567 3757 sicut
1612 3701 1734 3772 ipse
1784 3699 1969 3753 dixit:

371 3799 484 3867 Qui
509 3802 696 3871 recipit
727 3800 1041 3870 praphetam
1089 3799 1146 3850 in
1190 3794 1403 3850 nomine
1427 3791 1725 3862 prophetae,
1752 3789 1974 3859 accipiet

367 3889 658 3946 mercedem
676 3889 947 3960 praphetae
997 3884 1206 3959 (Matth
1268 3901 1321 3949 x,
1362 3882 1476 3952 41).
1523 3882 1647 3951 Ipse
1685 3879 1977 3951 inspector

368 3983 453 4033 est
483 3995 688 4033 renum
721 3981 777 4032 et
810 3975 1095 4042 cordium,
1129 3977 1187 4028 et
1217 3972 1336 4043 ipse
1364 3969 1444 4024 illi
1491 3969 1724 4040 dignam
1752 3983 1974 4022 recom-

371 4068 772 4140 pensationem
799 4067 1157 4129 remuneret,
1191 4065 1250 4116 et
1278 4060 1437 4116 vobis
1466 4075 1571 4132 pro
1603 4059 1799 4112 sancto
1829 4055 1977 4110 desi-

373 4155 532 4211 derio
559 4155 810 4226 gratiam
840 4169 1004 4208 suam
1036 4151 1355 4222 indulgeat.

1069 4238 1285 4294 XXXVI.

375 4331 693 4389 Benedictus
727 4328 871 4386 VIII
909 4327 1184 4385 Ricliardo
1216 4325 1400 4381 abbati
1421 4323 1680 4377 Fuldensi
1717 4326 1979 4376 monaste-

818 4404 958 4455 rium
983 4399 1046 4455 S.
1078 4397 1314 4453 Andreae
1350 4395 1533 4450 donat.

953 4490 1164 4560 ‘(Anno
1202 4484 1383 4554 1024.)

624 4582 889 4651 mamma,
923 4576 1038 4632 Cod
1090 4576 1313 4648 diplom.
1351 4572 1544 4640 Fuld.,
1586 4572 1736 4640 347.]
1797 4580 1812 4591 '

445 4671 775 4724 BENEDIC’I‘US
802 4667 1120 4740 episcopus,
1169 4679 1362 4718 servus
1411 4676 1708 4716 servorum
1739 4656 1860 4721 Dei,
1889 4657 1982 4710 Ri-

384 4775 594 4813 cuxaoo
614 4756 808 4813 abbati
837 4752 1177 4808 venerabilis
1197 4749 1530 4806 monasterii
1552 4747 1859 4802 Salvatoris
1879 4746 1987 4800 Do-

379 4847 525 4902 mini
572 4845 751 4900 nostri
781 4844 911 4898 Jesu
942 4842 1151 4897 Christi
1183 4842 1240 4894 et
1264 4837 1446 4894 sancti
1479 4835 1770 4901 Bonifatii,
1810 4834 1984 4888 situm

381 4936 442 4991 in
486 4937 610 4991 loco
641 4933 738 5006 qui
771 4931 1091 4987 Bocchonia
1114 4931 1280 5002 juxta
1317 4929 1503 4999 ripam
1544 4924 1800 4979 fluminis
1830 4920 1984 4994 quod

381 5027 617 5078 vocatur
645 5021 840 5088 Fulda,
874 5025 932 5074 et
965 5036 1068 5092 per
1093 5022 1148 5074 te
1177 5017 1235 5072 in
1262 5016 1474 5072 eodem
1507 5011 1822 5068 venerabili
1853 5025 1987 5065 mo-

384 5112 636 5167 nasterio
669 5111 890 5182 tuisque
923 5107 1340 5163 successoribus
1369 5104 1427 5158 in
1453 5105 1818 5175 perpetuum.

459 5199 739 5256 Convenit
776 5197 1088 5270 apostolico
1142 5192 1530 5249 moderamini
1572 5191 1666 5262 pia
1712 5188 1988 5260 religione

384 5289 732 5362 pollentibus
747 5287 1022 5342 benevola
1035 5283 1434 5356 compassionc
1457 5281 1873 5344 succurrere,et
1895 5294 1992 5348 po-

388 5378 669 5433 scentium
699 5376 907 5432 animis
933 5373 1102 5429 alacri
1137 5371 1445 5428 devotione
1481 5368 1764 5440 impertiri
1797 5384 1993 5421 assen-

387 5484 534 5523 sum.
560 5467 636 5520 Ex
667 5466 774 5520 hoc
804 5465 960 5519 enim
991 5462 1133 5517 lucri
1160 5460 1518 5532 potissimum
1545 5457 1830 5529 premium
1855 5457 1994 5525 aput

389 5556 687 5611 conditore
714 5553 978 5608 omnium
1011 5553 1147 5618 Deo,
1180 5551 1224 5604 si
1271 5548 1620 5604 venerabilia
1661 5549 1992 5601 sanctorum

388 5645 516 5700 loca
545 5643 810 5699 ordinate
841 5641 914 5697 ad
942 5641 1245 5696 meliorem
1277 5639 1495 5694 fuerint
1533 5637 1658 5692 sine
1678 5635 1853 5690 dubio
1879 5639 1992 5690 sta-

2068 3144 2422 3203 monasterio
2455 3144 2745 3198 dicionem
2772 3146 3095 3216 quamlibet
3125 3147 3334 3202 habere
3367 3153 3469 3202 aut
3497 3152 3689 3204 aucto-

2068 3236 2301 3290 ritatem
2335 3236 2531 3305 preter
2556 3232 2754 3286 sedem
2787 3234 3167 3304 apostolicam
3206 3235 3575 3306 proibemus;
3609 3237 3691 3291 ita

2071 3327 2134 3379 ut
2146 3323 2254 3378 nisi
2277 3323 2346 3376 ab
2365 3323 2572 3376 abbate
2589 3322 2930 3376 monasterii
2953 3323 3128 3377 fuerit
3149 3323 3418 3379 invitatus
3431 3342 3537 3379 nec
3552 3325 3688 3380 mis-

2072 3428 2266 3467 sarum
2281 3409 2498 3464 ibidem
2516 3408 2946 3463 solemnitatem
2962 3409 3247 3482 quispiam
3262 3417 3694 3480 presumatom-

2074 3498 2312 3555 nimodo
2335 3496 2647 3562 celebrare,
2669 3497 2732 3550 ut
2753 3496 3013 3565 profecto
3041 3497 3207 3567 juxta
3240 3498 3297 3551 id
3319 3499 3479 3569 quod
3509 3499 3694 3570 subje-

2075 3592 2232 3643 ctum
2255 3584 2564 3656 apostolice
2583 3583 2702 3638 sedi
2728 3584 3004 3638 firmitate
3028 3585 3308 3656 privilegii
3325 3587 3586 3642 consistit
3606 3588 3692 3641 in-

2075 3690 2346 3731 concusse
2375 3674 2638 3728 dotatum
2662 3675 3007 3744 permaneat
3034 3673 3171 3727 locis
3194 3677 3251 3727 et
3278 3675 3452 3728 rebus
3475 3679 3593 3730 tam
3616 3675 3697 3730 eis

2077 3781 2217 3838 quas
2254 3763 2536 3817 moderno
2571 3765 2837 3832 tempore
2880 3764 3044 3816 tenet
3074 3763 3159 3815 vel
3208 3762 3484 3833 possidet,
3519 3780 3696 3836 quam

2079 3871 2189 3926 que
2211 3851 2413 3907 futuris
2438 3848 2800 3920 temporibus
2819 3849 2875 3902 in
2894 3849 3027 3919 jure
3051 3849 3227 3918 ipsius
3248 3853 3587 3907 monasterii
3611 3853 3697 3907 di-

2077 3943 2213 3997 vina
2231 3941 2409 4014 pietas
2433 3938 2676 3994 voluerit
2703 3953 2918 4009 augere
2958 3953 3024 3991 ex
3047 3937 3211 3991 donis
3228 3941 3285 3992 et
3307 3939 3698 3996 oblationibus

2082 4029 2433 4100 decimisque
2463 4026 2746 4088 fidelium,
2773 4026 2989 4097 absque
3010 4025 3176 4079 ullius
3197 4042 3445 4097 persone
3467 4032 3698 4084 contra-

2082 4119 2334 4174 dictione
2365 4115 2638 4171 ﬁrmitate
2675 4118 2956 4186 perpetua
2987 4114 3339 4184 perfruatur.
3395 4117 3702 4172 Constitui-

2082 4223 2212 4262 mus
2242 4221 2471 4277 quoque
2504 4220 2605 4276 per
2632 4203 2800 4272 hujus
2833 4201 3048 4255 decreti
3093 4201 3271 4255 nostri
3319 4203 3594 4274 paginam
3637 4207 3701 4258 ut

2084 4295 2409 4367 quicunque
2441 4288 3013 4362 cujuslibetecclesiae
3038 4289 3229 4361 presul
3252 4290 3337 4344 vel
3357 4307 3698 4363 quacunque

2011 4381 2366 4455 Ddignitate
2413 4380 2639 4452 predita
2678 4394 2926 4449 persona
2979 4378 3126 4432 hanc
3176 4378 3356 4432 nostri
3415 4377 3698 4449 privilegii

2085 4473 2312 4526 kartam
2333 4486 2507 4541 quam
2527 4466 2864 4522 auctoritate
2889 4464 3162 4536 principis
3189 4466 3583 4536 apostolorum
3599 4466 3698 4521 ﬁr-

2087 4576 2243 4615 mam
2253 4576 2335 4626 us,
2349 4562 2638 4611 temerare
2657 4555 3026 4624 temptaverit
3044 4554 3357 4608 anathema
3379 4554 3452 4608 sit
3475 4558 3532 4609 et
3552 4554 3701 4609 iram

2087 4646 2187 4702 Dei
2220 4647 2520 4700 incurrens
2551 4660 2584 4697 a
2613 4646 2741 4696 cetu
2781 4644 3114 4696 sanctorum
3149 4641 3414 4696 omnium
3459 4643 3701 4698 extorris

2088 4736 2290 4790 existat
2306 4737 2362 4788 ct
2385 4730 2759 4787 nihilominus
2789 4729 3050 4801 prephati
3077 4730 3416 4784 monasterii
3447 4731 3703 4803 dignitas

2088 4841 2121 4879 a
2153 4825 2316 4879 nobis
2343 4822 2566 4876 indulta
2588 4818 2998 4892 perpetualiter
3019 4818 3294 4874 inviolata
3323 4823 3695 4891 permaneat;

2088 4912 2402 4986 apostolica
2432 4909 2772 4965 auctoritate
2805 4907 3046 4964 subnixa
3077 4907 3379 4980 scriptum.

2161 5050 2204 5116 ’ξ-
2235 5048 2388 5101 Bene
2417 5044 2622 5100 valete.

2164 5185 2308 5237 Data
2325 5195 2397 5232 v1.
2425 5177 2555 5231 ldus
2576 5176 2850 5231 Februar.
2877 5192 2978 5247 per
3001 5191 3206 5229 manus
3228 5170 3505 5242 Piligrimi
3537 5171 3704 5229 Colo-

2093 5269 2310 5327 niensis
2340 5263 2754 5337 archiepiscopi
2784 5267 2843 5317 et
2872 5261 3269 5317 bibliothecari
3320 5264 3514 5314 sancte
3553 5262 3702 5317 sedis

2095 5356 2426 5430 apostolice,
2442 5354 2538 5425 qui
2561 5354 2744 5407 vicem
2772 5350 3074 5405 Benedicto
3095 5347 3387 5403 commisit
3410 5347 3699 5421 episcopo.

2092 5452 2283 5512 Anno,
2319 5446 2433 5499 Deo
2464 5440 2733 5513 propitio,
2770 5437 3133 5508 pontificatus
3173 5435 3374 5490 domni
3407 5437 3699 5494 Benedicti

2095 5535 2306 5592 summi
2361 5530 2645 5603 pontificis
2687 5532 2744 5581 et
2787 5523 3120 5579 universalis
3170 5523 3353 5578 octavi
3393 5541 3576 5596 papae
3602 5543 3700 5595 xu,

2093 5623 2324 5698 imperii
2353 5637 2488 5677 vero
2524 5615 2725 5672 domni
2770 5611 3016 5667 Heinrici
3061 5611 3297 5669 secundi
3336 5611 3703 5687 imperatoris

390 5736 515 5792 tum
543 5730 842 5818 perducta.
862 5729 1044 5810 Igitur
1072 5729 1209 5808 quia
1232 5725 1535 5806 postulasti
1564 5742 1600 5785 a
1625 5723 1793 5783 nobis
1807 5723 1998 5802 quati-
2097 5711 2344 5804 Augusti
2372 5727 2430 5786 ι,
2455 5702 2771 5766 indictione
2802 5716 2900 5758 vn.
