  <div class='ocr_page' id='page_1' title='image "/cluster/home/n/w/nwhite01/storage/ocr_20150623/139/hvd.32044054759998/824.png"; bbox 0 0 4094 6178; ppageno 0'>
   <div class='ocr_carea' id='block_1_1' title="bbox 349 373 491 438">
    <p class='ocr_par' dir='ltr' id='par_1_1' title="bbox 349 373 491 438">
     <span class='ocr_line' id='line_1_1' title="bbox 349 373 491 438; baseline -0.007 -1"><span class='ocrx_word' id='word_1_1' title='bbox 349 373 491 438; x_wconf 68' lang='grc' dir='ltr'>ὶϐ3¹7</span> 
     </span>
    </p>
   </div>
   <div class='ocr_carea' id='block_1_2' title="bbox 1168 344 2877 429">
    <p class='ocr_par' dir='ltr' id='par_1_2' title="bbox 1168 344 2877 429">
     <span class='ocr_line' id='line_1_2' title="bbox 1168 344 2877 429; baseline -0.013 -2"><span class='ocrx_word' id='word_1_2' title='bbox 1168 364 1366 427; x_wconf 73' lang='lat' dir='ltr'>anno</span> <span class='ocrx_word' id='word_1_3' title='bbox 1402 355 1645 421; x_wconf 67' lang='lat' dir='ltr'>nanum</span> <span class='ocrx_word' id='word_1_4' title='bbox 1673 358 1842 429; x_wconf 63' lang='lat' dir='ltr'>eum</span> <span class='ocrx_word' id='word_1_5' title='bbox 1877 354 1952 417; x_wconf 79' lang='lat' dir='ltr'>IN</span> <span class='ocrx_word' id='word_1_6' title='bbox 1984 345 2124 416; x_wconf 67' lang='lat' dir='ltr'>Hoc</span> <span class='ocrx_word' id='word_1_7' title='bbox 2149 351 2341 414; x_wconf 80' lang='grc' dir='ltr'>ΤΟΜο</span> <span class='ocrx_word' id='word_1_8' title='bbox 2371 344 2877 413; x_wconf 74' lang='lat' dir='ltr'>conrmsmua.</span> 
     </span>
    </p>
   </div>
   <div class='ocr_carea' id='block_1_3' title="bbox 3577 352 3716 410">
    <p class='ocr_par' dir='ltr' id='par_1_3' title="bbox 3577 352 3716 410">
     <span class='ocr_line' id='line_1_3' title="bbox 3577 352 3716 410; baseline 0.007 -2"><span class='ocrx_word' id='word_1_9' title='bbox 3577 352 3716 410; x_wconf 74' lang='grc'>1638</span> 
     </span>
    </p>
   </div>
   <div class='ocr_carea' id='block_1_4' title="bbox 345 472 3720 563">
    <p class='ocr_par' dir='ltr' id='par_1_4' title="bbox 345 472 3720 563">
     <span class='ocr_line' id='line_1_4' title="bbox 345 472 3720 563; baseline -0.009 1"><span class='ocrx_word' id='word_1_10' title='bbox 345 507 499 563; x_wconf 88' lang='lat' dir='ltr'>sima</span> <span class='ocrx_word' id='word_1_11' title='bbox 527 510 593 562; x_wconf 91' lang='lat' dir='ltr'>ut</span> <span class='ocrx_word' id='word_1_12' title='bbox 622 503 692 560; x_wconf 92' lang='lat' dir='ltr'>de</span> <span class='ocrx_word' id='word_1_13' title='bbox 723 502 976 558; x_wconf 81' lang='lat' dir='ltr'>meamet</span> <span class='ocrx_word' id='word_1_14' title='bbox 996 512 1234 552; x_wconf 88' lang='lat' dir='ltr'>camera</span> <span class='ocrx_word' id='word_1_15' title='bbox 1264 493 1417 550; x_wconf 89' lang='lat' dir='ltr'>illius</span> <span class='ocrx_word' id='word_1_16' title='bbox 1438 491 1689 546; x_wconf 80' lang='lat' dir='ltr'>debetur</span> <span class='ocrx_word' id='word_1_17' title='bbox 1713 503 1984 543; x_wconf 88' lang='lat' dir='ltr'>remune-</span> <span class='ocrx_word' id='word_1_18' title='bbox 2011 493 2066 548; x_wconf 81' lang='grc' dir='ltr'><strong>Α</strong></span> <span class='ocrx_word' id='word_1_19' title='bbox 2084 501 2278 538; x_wconf 89' lang='lat' dir='ltr'>servus</span> <span class='ocrx_word' id='word_1_20' title='bbox 2308 495 2608 538; x_wconf 88' lang='lat' dir='ltr'>servorum</span> <span class='ocrx_word' id='word_1_21' title='bbox 2627 475 2752 543; x_wconf 85' lang='lat' dir='ltr'>Dei,</span> <span class='ocrx_word' id='word_1_22' title='bbox 2774 491 2892 528; x_wconf 88' lang='lat' dir='ltr'>una</span> <span class='ocrx_word' id='word_1_23' title='bbox 2912 488 3045 527; x_wconf 89' lang='lat' dir='ltr'>cum</span> <span class='ocrx_word' id='word_1_24' title='bbox 3071 472 3350 544; x_wconf 74' lang='lat' dir='ltr'>praedicto</span> <span class='ocrx_word' id='word_1_25' title='bbox 3371 474 3720 548; x_wconf 73' lang='lat' dir='ltr'>imperatore</span> 
     </span>
    </p>
   </div>
   <div class='ocr_carea' id='block_1_5' title="bbox 347 575 1986 651">
    <p class='ocr_par' dir='ltr' id='par_1_5' title="bbox 347 575 1986 651">
     <span class='ocr_line' id='line_1_5' title="bbox 347 575 1986 651; baseline -0.013 1"><span class='ocrx_word' id='word_1_26' title='bbox 347 612 485 651; x_wconf 85' lang='lat' dir='ltr'>rare</span> <span class='ocrx_word' id='word_1_27' title='bbox 512 594 766 650; x_wconf 75' lang='lat' dir='ltr'>medelas</span> <span class='ocrx_word' id='word_1_28' title='bbox 820 612 846 638; x_wconf 90' lang='grc'><strong>››</strong></span> <span class='ocrx_word' id='word_1_29' title='bbox 879 590 1082 642; x_wconf 74' lang='lat' dir='ltr'>Ethrec</span> <span class='ocrx_word' id='word_1_30' title='bbox 1106 585 1304 640; x_wconf 91' lang='lat' dir='ltr'>dicens</span> <span class='ocrx_word' id='word_1_31' title='bbox 1323 598 1454 636; x_wconf 91' lang='lat' dir='ltr'>cum</span> <span class='ocrx_word' id='word_1_32' title='bbox 1474 578 1750 650; x_wconf 80' lang='lat' dir='ltr'>lacrymis</span> <span class='ocrx_word' id='word_1_33' title='bbox 1775 575 1986 648; x_wconf 86' lang='lat' dir='ltr'>gaudio</span> 
     </span>
    </p>
   </div>
   <div class='ocr_carea' id='block_1_6' title="bbox 351 665 1985 747">
    <p class='ocr_par' dir='ltr' id='par_1_6' title="bbox 351 665 1985 747">
     <span class='ocr_line' id='line_1_6' title="bbox 351 665 1985 747; baseline -0.015 -7"><span class='ocrx_word' id='word_1_34' title='bbox 351 684 541 739; x_wconf 88' lang='lat' dir='ltr'>mistis</span> <span class='ocrx_word' id='word_1_35' title='bbox 569 682 764 738; x_wconf 91' lang='lat' dir='ltr'>retulit</span> <span class='ocrx_word' id='word_1_36' title='bbox 783 678 1054 735; x_wconf 89' lang='lat' dir='ltr'>omnibus</span> <span class='ocrx_word' id='word_1_37' title='bbox 1077 691 1204 747; x_wconf 67' lang='lat' dir='ltr'>qua:</span> <span class='ocrx_word' id='word_1_38' title='bbox 1244 671 1483 726; x_wconf 80' lang='lat' dir='ltr'>vidisset</span> <span class='ocrx_word' id='word_1_39' title='bbox 1505 673 1681 738; x_wconf 89' lang='lat' dir='ltr'>atque</span> <span class='ocrx_word' id='word_1_40' title='bbox 1705 665 1985 728; x_wconf 83' lang='lat' dir='ltr'>audisset;</span> 
     </span>
    </p>
   </div>
   <div class='ocr_carea' id='block_1_7' title="bbox 353 753 1992 844">
    <p class='ocr_par' dir='ltr' id='par_1_7' title="bbox 353 753 1992 844">
     <span class='ocr_line' id='line_1_7' title="bbox 353 753 1992 844; baseline -0.014 -17"><span class='ocrx_word' id='word_1_41' title='bbox 353 771 662 844; x_wconf 89' lang='lat' dir='ltr'>adjiciens:</span> <span class='ocrx_word' id='word_1_42' title='bbox 713 793 738 820; x_wconf 67' lang='grc' dir='ltr'><strong>α</strong></span> <span class='ocrx_word' id='word_1_43' title='bbox 770 769 929 822; x_wconf 81' lang='lat' dir='ltr'>Nunc</span> <span class='ocrx_word' id='word_1_44' title='bbox 985 766 1154 836; x_wconf 84' lang='lat' dir='ltr'>plane</span> <span class='ocrx_word' id='word_1_45' title='bbox 1188 777 1292 833; x_wconf 91' lang='lat' dir='ltr'>pro</span> <span class='ocrx_word' id='word_1_46' title='bbox 1345 760 1507 812; x_wconf 92' lang='lat' dir='ltr'>certo</span> <span class='ocrx_word' id='word_1_47' title='bbox 1565 753 1805 825; x_wconf 85' lang='lat' dir='ltr'>cognovi</span> <span class='ocrx_word' id='word_1_48' title='bbox 1842 767 1992 823; x_wconf 89' lang='lat' dir='ltr'>quo-</span> 
     </span>
    </p>
   </div>
   <div class='ocr_carea' id='block_1_8' title="bbox 357 840 1988 915">
    <p class='ocr_par' dir='ltr' id='par_1_8' title="bbox 357 840 1988 915">
     <span class='ocr_line' id='line_1_8' title="bbox 357 840 1988 915; baseline -0.013 1"><span class='ocrx_word' id='word_1_49' title='bbox 357 861 522 915; x_wconf 85' lang='lat' dir='ltr'>niam</span> <span class='ocrx_word' id='word_1_50' title='bbox 550 876 681 913; x_wconf 88' lang='lat' dir='ltr'><strong>vere</strong></span> <span class='ocrx_word' id='word_1_51' title='bbox 704 859 857 912; x_wconf 88' lang='lat' dir='ltr'>locus</span> <span class='ocrx_word' id='word_1_52' title='bbox 878 854 983 908; x_wconf 91' lang='lat' dir='ltr'>iste</span> <span class='ocrx_word' id='word_1_53' title='bbox 1005 855 1233 906; x_wconf 88' lang='lat' dir='ltr'>sanctus</span> <span class='ocrx_word' id='word_1_54' title='bbox 1265 850 1373 912; x_wconf 90' lang='lat' dir='ltr'>est,</span> <span class='ocrx_word' id='word_1_55' title='bbox 1405 849 1460 898; x_wconf 90' lang='lat' dir='ltr'>et</span> <span class='ocrx_word' id='word_1_56' title='bbox 1478 844 1622 897; x_wconf 83' lang='lat' dir='ltr'>nulli</span> <span class='ocrx_word' id='word_1_57' title='bbox 1650 840 1988 896; x_wconf 84' lang='lat' dir='ltr'>mortalium</span> 
     </span>
    </p>
   </div>
   <div class='ocr_carea' id='block_1_9' title="bbox 358 928 1993 1014">
    <p class='ocr_par' dir='ltr' id='par_1_9' title="bbox 358 928 1993 1014">
     <span class='ocr_line' id='line_1_9' title="bbox 358 928 1993 1014; baseline -0.015 -10"><span class='ocrx_word' id='word_1_58' title='bbox 358 952 448 1003; x_wconf 91' lang='lat' dir='ltr'>est</span> <span class='ocrx_word' id='word_1_59' title='bbox 478 947 714 1002; x_wconf 89' lang='lat' dir='ltr'>ulterius</span> <span class='ocrx_word' id='word_1_60' title='bbox 737 941 1152 1014; x_wconf 84' lang='lat' dir='ltr'>ambigendum</span> <span class='ocrx_word' id='word_1_61' title='bbox 1177 935 1460 1009; x_wconf 89' lang='lat' dir='ltr'>quoniam</span> <span class='ocrx_word' id='word_1_62' title='bbox 1481 931 1579 984; x_wconf 91' lang='lat' dir='ltr'>hic</span> <span class='ocrx_word' id='word_1_63' title='bbox 1601 928 1993 984; x_wconf 79' lang='lat' dir='ltr'>sanctissimus</span> 
     </span>
    </p>
   </div>
   <div class='ocr_carea' id='block_1_10' title="bbox 355 1023 1994 1101">
    <p class='ocr_par' dir='ltr' id='par_1_10' title="bbox 355 1023 1994 1101">
     <span class='ocr_line' id='line_1_10' title="bbox 355 1023 1994 1101; baseline -0.014 -10"><span class='ocrx_word' id='word_1_64' title='bbox 355 1035 701 1091; x_wconf 86' lang='lat' dir='ltr'><strong>Benedictus</strong></span> <span class='ocrx_word' id='word_1_65' title='bbox 731 1035 898 1088; x_wconf 89' lang='lat' dir='ltr'>Pater</span> <span class='ocrx_word' id='word_1_66' title='bbox 952 1028 1161 1101; x_wconf 91' lang='lat' dir='ltr'>pariter</span> <span class='ocrx_word' id='word_1_67' title='bbox 1220 1040 1353 1079; x_wconf 91' lang='lat' dir='ltr'>cum</span> <span class='ocrx_word' id='word_1_68' title='bbox 1405 1023 1610 1074; x_wconf 90' lang='lat' dir='ltr'>sancta</span> <span class='ocrx_word' id='word_1_69' title='bbox 1665 1032 1862 1072; x_wconf 82' lang='lat' dir='ltr'><strong>sorore</strong></span> <span class='ocrx_word' id='word_1_70' title='bbox 1893 1033 1994 1069; x_wconf 91' lang='lat' dir='ltr'>sua</span> 
     </span>
    </p>
   </div>
   <div class='ocr_carea' id='block_1_11' title="bbox 359 1103 1992 1196">
    <p class='ocr_par' dir='ltr' id='par_1_11' title="bbox 359 1103 1992 1196">
     <span class='ocr_line' id='line_1_11' title="bbox 359 1103 1992 1196; baseline -0.015 -16"><span class='ocrx_word' id='word_1_71' title='bbox 359 1125 620 1196; x_wconf 84' lang='lat' dir='ltr'>quiescat</span> <span class='ocrx_word' id='word_1_72' title='bbox 673 1143 699 1170; x_wconf 85' lang='lat'>»</span> <span class='ocrx_word' id='word_1_73' title='bbox 732 1123 801 1174; x_wconf 84' lang='lat' dir='ltr'>At</span> <span class='ocrx_word' id='word_1_74' title='bbox 849 1117 1024 1171; x_wconf 80' lang='lat' dir='ltr'>fidem</span> <span class='ocrx_word' id='word_1_75' title='bbox 1071 1114 1382 1168; x_wconf 82' lang='lat' dir='ltr'>verborum</span> <span class='ocrx_word' id='word_1_76' title='bbox 1412 1111 1535 1161; x_wconf 91' lang='lat' dir='ltr'>tres</span> <span class='ocrx_word' id='word_1_77' title='bbox 1585 1107 1712 1160; x_wconf 90' lang='lat' dir='ltr'>illos</span> <span class='ocrx_word' id='word_1_78' title='bbox 1743 1103 1992 1173; x_wconf 86' lang='lat' dir='ltr'>lapillos,</span> 
     </span>
    </p>
   </div>
   <div class='ocr_carea' id='block_1_12' title="bbox 361 1193 1992 1284">
    <p class='ocr_par' dir='ltr' id='par_1_12' title="bbox 361 1193 1992 1284">
     <span class='ocr_line' id='line_1_12' title="bbox 361 1193 1992 1284; baseline -0.015 -17"><span class='ocrx_word' id='word_1_79' title='bbox 361 1227 511 1284; x_wconf 89' lang='lat' dir='ltr'>quos</span> <span class='ocrx_word' id='word_1_80' title='bbox 540 1211 644 1264; x_wconf 85' lang='lat' dir='ltr'>sub</span> <span class='ocrx_word' id='word_1_81' title='bbox 671 1213 872 1263; x_wconf 86' lang='lat' dir='ltr'>tenore</span> <span class='ocrx_word' id='word_1_82' title='bbox 902 1202 1131 1257; x_wconf 87' lang='lat' dir='ltr'>visionis</span> <span class='ocrx_word' id='word_1_83' title='bbox 1170 1203 1305 1254; x_wconf 86' lang='lat' dir='ltr'>ante</span> <span class='ocrx_word' id='word_1_84' title='bbox 1345 1195 1653 1268; x_wconf 86' lang='lat' dir='ltr'>paululum</span> <span class='ocrx_word' id='word_1_85' title='bbox 1676 1193 1992 1262; x_wconf 85' lang='lat' dir='ltr'>egesserat,</span> 
     </span>
    </p>
   </div>
   <div class='ocr_carea' id='block_1_13' title="bbox 363 1283 2001 1372">
    <p class='ocr_par' dir='ltr' id='par_1_13' title="bbox 363 1283 2001 1372">
     <span class='ocr_line' id='line_1_13' title="bbox 363 1283 2001 1372; baseline -0.014 -18"><span class='ocrx_word' id='word_1_86' title='bbox 363 1283 564 1372; x_wconf 78' lang='lat' dir='ltr'>palam</span> <span class='ocrx_word' id='word_1_87' title='bbox 595 1296 862 1352; x_wconf 89' lang='lat' dir='ltr'>omnibus</span> <span class='ocrx_word' id='word_1_88' title='bbox 893 1290 1250 1348; x_wconf 84' lang='lat' dir='ltr'>ostendebat.</span> <span class='ocrx_word' id='word_1_89' title='bbox 1284 1283 1618 1354; x_wconf 88' lang='lat' dir='ltr'>Imperator</span> <span class='ocrx_word' id='word_1_90' title='bbox 1652 1284 1846 1334; x_wconf 91' lang='lat' dir='ltr'>autem</span> <span class='ocrx_word' id='word_1_91' title='bbox 1879 1295 2001 1332; x_wconf 73' lang='lat' dir='ltr'>sur-</span> 
     </span>
    </p>
   </div>
   <div class='ocr_carea' id='block_1_14' title="bbox 364 1367 2000 1460">
    <p class='ocr_par' dir='ltr' id='par_1_14' title="bbox 364 1367 2000 1460">
     <span class='ocr_line' id='line_1_14' title="bbox 364 1367 2000 1460; baseline -0.015 -17"><span class='ocrx_word' id='word_1_92' title='bbox 364 1367 513 1460; x_wconf 69' lang='lat' dir='ltr'>gens</span> <span class='ocrx_word' id='word_1_93' title='bbox 543 1390 600 1441; x_wconf 91' lang='lat' dir='ltr'>et</span> <span class='ocrx_word' id='word_1_94' title='bbox 630 1385 703 1438; x_wconf 91' lang='lat' dir='ltr'>ad</span> <span class='ocrx_word' id='word_1_95' title='bbox 733 1399 938 1452; x_wconf 90' lang='lat' dir='ltr'>corpus</span> <span class='ocrx_word' id='word_1_96' title='bbox 966 1379 1117 1435; x_wconf 86' lang='lat' dir='ltr'>beati</span> <span class='ocrx_word' id='word_1_97' title='bbox 1151 1373 1445 1430; x_wconf 85' lang='lat' dir='ltr'>Benedicti</span> <span class='ocrx_word' id='word_1_98' title='bbox 1503 1370 1866 1442; x_wconf 88' lang='lat' dir='ltr'>perveniens,</span> <span class='ocrx_word' id='word_1_99' title='bbox 1902 1367 2000 1420; x_wconf 86' lang='lat' dir='ltr'>ob-</span> 
     </span>
    </p>
   </div>
   <div class='ocr_carea' id='block_1_15' title="bbox 365 1457 1996 1530">
    <p class='ocr_par' dir='ltr' id='par_1_15' title="bbox 365 1457 1996 1530">
     <span class='ocr_line' id='line_1_15' title="bbox 365 1457 1996 1530; baseline -0.015 0"><span class='ocrx_word' id='word_1_100' title='bbox 365 1457 501 1530; x_wconf 77' lang='lat' dir='ltr'>tulit</span> <span class='ocrx_word' id='word_1_101' title='bbox 528 1475 700 1529; x_wconf 89' lang='lat' dir='ltr'>beato</span> <span class='ocrx_word' id='word_1_102' title='bbox 727 1469 1032 1525; x_wconf 91' lang='lat' dir='ltr'>Benedicto</span> <span class='ocrx_word' id='word_1_103' title='bbox 1065 1481 1308 1521; x_wconf 82' lang='lat' dir='ltr'>munera</span> <span class='ocrx_word' id='word_1_104' title='bbox 1334 1465 1457 1518; x_wconf 61' lang='lat' dir='ltr'>haec</span> <span class='ocrx_word' id='word_1_105' title='bbox 1482 1475 1495 1513; x_wconf 90' lang='lat'><strong>:</strong></span> <span class='ocrx_word' id='word_1_106' title='bbox 1537 1461 1778 1513; x_wconf 86' lang='lat' dir='ltr'>Tcxtum</span> <span class='ocrx_word' id='word_1_107' title='bbox 1812 1457 1996 1509; x_wconf 90' lang='lat' dir='ltr'>Evan-</span> 
     </span>
    </p>
   </div>
   <div class='ocr_carea' id='block_1_16' title="bbox 367 1546 1992 1635">
    <p class='ocr_par' dir='ltr' id='par_1_16' title="bbox 367 1546 1992 1635">
     <span class='ocr_line' id='line_1_16' title="bbox 367 1546 1992 1635; baseline -0.015 -17"><span class='ocrx_word' id='word_1_108' title='bbox 367 1562 506 1635; x_wconf 87' lang='lat' dir='ltr'>gelii</span> <span class='ocrx_word' id='word_1_109' title='bbox 539 1562 609 1616; x_wconf 92' lang='lat' dir='ltr'>de</span> <span class='ocrx_word' id='word_1_110' title='bbox 635 1560 772 1614; x_wconf 88' lang='lat' dir='ltr'>foris</span> <span class='ocrx_word' id='word_1_111' title='bbox 794 1557 1029 1629; x_wconf 88' lang='lat' dir='ltr'>quidem</span> <span class='ocrx_word' id='word_1_112' title='bbox 1052 1572 1118 1608; x_wconf 86' lang='lat' dir='ltr'><strong>ex</strong></span> <span class='ocrx_word' id='word_1_113' title='bbox 1138 1569 1254 1608; x_wconf 92' lang='lat' dir='ltr'>uno</span> <span class='ocrx_word' id='word_1_114' title='bbox 1280 1553 1458 1605; x_wconf 87' lang='lat' dir='ltr'>latere</span> <span class='ocrx_word' id='word_1_115' title='bbox 1479 1546 1828 1618; x_wconf 89' lang='lat' dir='ltr'>adopertum</span> <span class='ocrx_word' id='word_1_116' title='bbox 1853 1557 1992 1597; x_wconf 91' lang='lat' dir='ltr'>auro</span> 
     </span>
    </p>
   </div>
   <div class='ocr_carea' id='block_1_17' title="bbox 367 1633 1990 1722">
    <p class='ocr_par' dir='ltr' id='par_1_17' title="bbox 367 1633 1990 1722">
     <span class='ocr_line' id='line_1_17' title="bbox 367 1633 1990 1722; baseline -0.015 -16"><span class='ocrx_word' id='word_1_117' title='bbox 367 1649 679 1722; x_wconf 89' lang='lat' dir='ltr'>purissimo</span> <span class='ocrx_word' id='word_1_118' title='bbox 705 1663 770 1702; x_wconf 87' lang='lat' dir='ltr'>ac</span> <span class='ocrx_word' id='word_1_119' title='bbox 799 1644 1046 1717; x_wconf 85' lang='lat' dir='ltr'>gemmis</span> <span class='ocrx_word' id='word_1_120' title='bbox 1083 1641 1246 1697; x_wconf 88' lang='lat' dir='ltr'>valde</span> <span class='ocrx_word' id='word_1_121' title='bbox 1269 1636 1558 1710; x_wconf 87' lang='lat' dir='ltr'>pretiosis,</span> <span class='ocrx_word' id='word_1_122' title='bbox 1582 1635 1653 1689; x_wconf 89' lang='lat' dir='ltr'>ab</span> <span class='ocrx_word' id='word_1_123' title='bbox 1678 1633 1832 1686; x_wconf 89' lang='lat' dir='ltr'>intus</span> <span class='ocrx_word' id='word_1_124' title='bbox 1859 1646 1990 1684; x_wconf 88' lang='lat' dir='ltr'>vero</span> 
     </span>
    </p>
   </div>
   <div class='ocr_carea' id='block_1_18' title="bbox 367 1721 1996 1804">
    <p class='ocr_par' dir='ltr' id='par_1_18' title="bbox 367 1721 1996 1804">
     <span class='ocr_line' id='line_1_18' title="bbox 367 1721 1996 1804; baseline -0.014 -10"><span class='ocrx_word' id='word_1_125' title='bbox 367 1721 693 1794; x_wconf 82' lang='lat' dir='ltr'>nncialibus</span> <span class='ocrx_word' id='word_1_126' title='bbox 722 1734 923 1789; x_wconf 82' lang='lat' dir='ltr'>litteris</span> <span class='ocrx_word' id='word_1_127' title='bbox 956 1736 1129 1804; x_wconf 90' lang='lat' dir='ltr'>atque</span> <span class='ocrx_word' id='word_1_128' title='bbox 1183 1728 1382 1801; x_wconf 83' lang='lat' dir='ltr'>figuris</span> <span class='ocrx_word' id='word_1_129' title='bbox 1425 1722 1868 1780; x_wconf 85' lang='lat' dir='ltr'>aureismiriﬁce</span> <span class='ocrx_word' id='word_1_130' title='bbox 1901 1721 1996 1774; x_wconf 89' lang='lat' dir='ltr'>de-</span> 
     </span>
    </p>
   </div>
   <div class='ocr_carea' id='block_1_19' title="bbox 370 1802 2063 1886">
    <p class='ocr_par' dir='ltr' id='par_1_19' title="bbox 370 1802 2063 1886">
     <span class='ocr_line' id='line_1_19' title="bbox 370 1802 2063 1886; baseline -0.014 -3"><span class='ocrx_word' id='word_1_131' title='bbox 370 1829 654 1883; x_wconf 87' lang='lat' dir='ltr'>coratum.</span> <span class='ocrx_word' id='word_1_132' title='bbox 674 1823 918 1879; x_wconf 88' lang='lat' dir='ltr'>Calicem</span> <span class='ocrx_word' id='word_1_133' title='bbox 943 1836 1182 1876; x_wconf 91' lang='lat' dir='ltr'>aureum</span> <span class='ocrx_word' id='word_1_134' title='bbox 1229 1833 1359 1872; x_wconf 91' lang='lat' dir='ltr'>cum</span> <span class='ocrx_word' id='word_1_135' title='bbox 1375 1823 1588 1886; x_wconf 85' lang='lat' dir='ltr'>patena</span> <span class='ocrx_word' id='word_1_136' title='bbox 1609 1828 1711 1866; x_wconf 89' lang='lat' dir='ltr'>sua</span> <span class='ocrx_word' id='word_1_137' title='bbox 1745 1808 1994 1881; x_wconf 90' lang='lat' dir='ltr'>gemmis</span> <span class='ocrx_word' id='word_1_138' title='bbox 2013 1802 2063 1860; x_wconf 89' lang='lat' dir='ltr'>B</span> 
     </span>
    </p>
   </div>
   <div class='ocr_carea' id='block_1_20' title="bbox 371 1901 1992 1984">
    <p class='ocr_par' dir='ltr' id='par_1_20' title="bbox 371 1901 1992 1984">
     <span class='ocr_line' id='line_1_20' title="bbox 371 1901 1992 1984; baseline -0.014 -13"><span class='ocrx_word' id='word_1_139' title='bbox 371 1920 432 1972; x_wconf 89' lang='lat' dir='ltr'>et</span> <span class='ocrx_word' id='word_1_140' title='bbox 458 1912 787 1984; x_wconf 82' lang='lat' dir='ltr'>margaritis</span> <span class='ocrx_word' id='word_1_141' title='bbox 816 1927 880 1964; x_wconf 89' lang='lat' dir='ltr'>ac</span> <span class='ocrx_word' id='word_1_142' title='bbox 928 1909 1148 1963; x_wconf 91' lang='lat' dir='ltr'>smaltis</span> <span class='ocrx_word' id='word_1_143' title='bbox 1198 1903 1435 1976; x_wconf 88' lang='lat' dir='ltr'>optimis</span> <span class='ocrx_word' id='word_1_144' title='bbox 1489 1901 1817 1955; x_wconf 87' lang='lat' dir='ltr'>laboratum</span> <span class='ocrx_word' id='word_1_145' title='bbox 1861 1912 1992 1951; x_wconf 91' lang='lat' dir='ltr'>cum</span> 
     </span>
    </p>
   </div>
   <div class='ocr_carea' id='block_1_21' title="bbox 373 1984 1996 2075">
    <p class='ocr_par' dir='ltr' id='par_1_21' title="bbox 373 1984 1996 2075">
     <span class='ocr_line' id='line_1_21' title="bbox 373 1984 1996 2075; baseline -0.014 -16"><span class='ocrx_word' id='word_1_146' title='bbox 373 2003 676 2075; x_wconf 88' lang='lat' dir='ltr'>mappula,</span> <span class='ocrx_word' id='word_1_147' title='bbox 707 2015 836 2054; x_wconf 90' lang='lat' dir='ltr'>cum</span> <span class='ocrx_word' id='word_1_148' title='bbox 865 1998 1073 2070; x_wconf 86' lang='lat' dir='ltr'>quibus</span> <span class='ocrx_word' id='word_1_149' title='bbox 1133 1994 1393 2059; x_wconf 86' lang='lat' dir='ltr'>offertur,</span> <span class='ocrx_word' id='word_1_150' title='bbox 1430 1988 1707 2045; x_wconf 86' lang='lat' dir='ltr'>oloserica</span> <span class='ocrx_word' id='word_1_151' title='bbox 1738 2001 1878 2040; x_wconf 91' lang='lat' dir='ltr'>auro</span> <span class='ocrx_word' id='word_1_152' title='bbox 1903 1984 1996 2038; x_wconf 85' lang='lat' dir='ltr'>in-</span> 
     </span>
    </p>
   </div>
   <div class='ocr_carea' id='block_1_22' title="bbox 371 2073 1996 2161">
    <p class='ocr_par' dir='ltr' id='par_1_22' title="bbox 371 2073 1996 2161">
     <span class='ocr_line' id='line_1_22' title="bbox 371 2073 1996 2161; baseline -0.014 -13"><span class='ocrx_word' id='word_1_153' title='bbox 371 2073 532 2148; x_wconf 79' lang='lat' dir='ltr'>texta</span> <span class='ocrx_word' id='word_1_154' title='bbox 557 2091 627 2145; x_wconf 92' lang='lat' dir='ltr'>de</span> <span class='ocrx_word' id='word_1_155' title='bbox 659 2089 830 2161; x_wconf 92' lang='lat' dir='ltr'>pallio</span> <span class='ocrx_word' id='word_1_156' title='bbox 862 2084 1152 2157; x_wconf 90' lang='lat' dir='ltr'>diopistim</span> <span class='ocrx_word' id='word_1_157' title='bbox 1202 2082 1546 2137; x_wconf 85' lang='lat' dir='ltr'>adornatam</span> <span class='ocrx_word' id='word_1_158' title='bbox 1588 2075 1821 2148; x_wconf 86' lang='lat' dir='ltr'>optimis</span> <span class='ocrx_word' id='word_1_159' title='bbox 1853 2073 1996 2127; x_wconf 89' lang='lat' dir='ltr'>listis</span> 
     </span>
    </p>
   </div>
   <div class='ocr_carea' id='block_1_23' title="bbox 377 2163 1997 2248">
    <p class='ocr_par' dir='ltr' id='par_1_23' title="bbox 377 2163 1997 2248">
     <span class='ocr_line' id='line_1_23' title="bbox 377 2163 1997 2248; baseline -0.014 -11"><span class='ocrx_word' id='word_1_160' title='bbox 377 2180 592 2248; x_wconf 85' lang='lat' dir='ltr'>aureis,</span> <span class='ocrx_word' id='word_1_161' title='bbox 625 2183 683 2234; x_wconf 88' lang='lat' dir='ltr'>et</span> <span class='ocrx_word' id='word_1_162' title='bbox 712 2177 966 2234; x_wconf 89' lang='lat' dir='ltr'>orarium</span> <span class='ocrx_word' id='word_1_163' title='bbox 996 2179 1052 2229; x_wconf 91' lang='lat' dir='ltr'>et</span> <span class='ocrx_word' id='word_1_164' title='bbox 1096 2171 1372 2243; x_wconf 91' lang='lat' dir='ltr'>mappula</span> <span class='ocrx_word' id='word_1_165' title='bbox 1404 2172 1575 2238; x_wconf 87' lang='lat' dir='ltr'>atque</span> <span class='ocrx_word' id='word_1_166' title='bbox 1607 2163 1900 2236; x_wconf 84' lang='lat' dir='ltr'>cingulum</span> <span class='ocrx_word' id='word_1_167' title='bbox 1939 2165 1997 2216; x_wconf 93' lang='lat' dir='ltr'>et</span> 
     </span>
    </p>
   </div>
   <div class='ocr_carea' id='block_1_24' title="bbox 381 2251 1996 2339">
    <p class='ocr_par' dir='ltr' id='par_1_24' title="bbox 381 2251 1996 2339">
     <span class='ocr_line' id='line_1_24' title="bbox 381 2251 1996 2339; baseline -0.015 -13"><span class='ocrx_word' id='word_1_168' title='bbox 381 2270 620 2330; x_wconf 87' lang='lat' dir='ltr'>stolam,</span> <span class='ocrx_word' id='word_1_169' title='bbox 662 2268 886 2339; x_wconf 83' lang='lat' dir='ltr'>singula</span> <span class='ocrx_word' id='word_1_170' title='bbox 914 2266 1130 2318; x_wconf 84' lang='lat' dir='ltr'>intexta</span> <span class='ocrx_word' id='word_1_171' title='bbox 1165 2276 1306 2314; x_wconf 88' lang='lat' dir='ltr'>auro</span> <span class='ocrx_word' id='word_1_172' title='bbox 1349 2257 1635 2320; x_wconf 89' lang='lat' dir='ltr'>similiter,</span> <span class='ocrx_word' id='word_1_173' title='bbox 1667 2257 1724 2306; x_wconf 92' lang='lat' dir='ltr'>et</span> <span class='ocrx_word' id='word_1_174' title='bbox 1752 2251 1996 2323; x_wconf 90' lang='lat' dir='ltr'>pluviale</span> 
     </span>
    </p>
   </div>
   <div class='ocr_carea' id='block_1_25' title="bbox 382 2339 1999 2430">
    <p class='ocr_par' dir='ltr' id='par_1_25' title="bbox 382 2339 1999 2430">
     <span class='ocr_line' id='line_1_25' title="bbox 382 2339 1999 2430; baseline -0.015 -16"><span class='ocrx_word' id='word_1_175' title='bbox 382 2358 682 2430; x_wconf 84' lang='lat' dir='ltr'>diasprum</span> <span class='ocrx_word' id='word_1_176' title='bbox 708 2372 837 2410; x_wconf 90' lang='lat' dir='ltr'>cum</span> <span class='ocrx_word' id='word_1_177' title='bbox 867 2352 1016 2408; x_wconf 85' lang='lat' dir='ltr'>lixtis</span> <span class='ocrx_word' id='word_1_178' title='bbox 1032 2365 1170 2404; x_wconf 89' lang='lat' dir='ltr'>auro</span> <span class='ocrx_word' id='word_1_179' title='bbox 1192 2346 1376 2412; x_wconf 83' lang='lat' dir='ltr'>textis,</span> <span class='ocrx_word' id='word_1_180' title='bbox 1402 2361 1506 2398; x_wconf 93' lang='lat' dir='ltr'>nec</span> <span class='ocrx_word' id='word_1_181' title='bbox 1527 2359 1642 2397; x_wconf 92' lang='lat' dir='ltr'>non</span> <span class='ocrx_word' id='word_1_182' title='bbox 1667 2344 1722 2394; x_wconf 93' lang='lat' dir='ltr'>et</span> <span class='ocrx_word' id='word_1_183' title='bbox 1741 2339 1999 2393; x_wconf 90' lang='lat' dir='ltr'>tunicam</span> 
     </span>
    </p>
   </div>
   <div class='ocr_carea' id='block_1_26' title="bbox 383 2431 1996 2518">
    <p class='ocr_par' dir='ltr' id='par_1_26' title="bbox 383 2431 1996 2518">
     <span class='ocr_line' id='line_1_26' title="bbox 383 2431 1996 2518; baseline -0.015 -16"><span class='ocrx_word' id='word_1_184' title='bbox 383 2447 647 2518; x_wconf 86' lang='lat' dir='ltr'>ejusdem</span> <span class='ocrx_word' id='word_1_185' title='bbox 674 2439 1074 2512; x_wconf 90' lang='lat' dir='ltr'>subtegminis,</span> <span class='ocrx_word' id='word_1_186' title='bbox 1103 2437 1292 2491; x_wconf 89' lang='lat' dir='ltr'>aureis</span> <span class='ocrx_word' id='word_1_187' title='bbox 1318 2431 1588 2505; x_wconf 90' lang='lat' dir='ltr'>operibus</span> <span class='ocrx_word' id='word_1_188' title='bbox 1640 2431 1996 2483; x_wconf 86' lang='lat' dir='ltr'>exornatam.</span> 
     </span>
    </p>
   </div>
   <div class='ocr_carea' id='block_1_27' title="bbox 393 2523 2004 2603">
    <p class='ocr_par' dir='ltr' id='par_1_27' title="bbox 393 2523 2004 2603">
     <span class='ocr_line' id='line_1_27' title="bbox 393 2523 2004 2603; baseline -0.015 -13"><span class='ocrx_word' id='word_1_189' title='bbox 393 2534 642 2589; x_wconf 90' lang='lat' dir='ltr'>Situlam</span> <span class='ocrx_word' id='word_1_190' title='bbox 671 2546 896 2603; x_wconf 90' lang='lat' dir='ltr'>quoque</span> <span class='ocrx_word' id='word_1_191' title='bbox 929 2532 987 2581; x_wconf 92' lang='lat' dir='ltr'>et</span> <span class='ocrx_word' id='word_1_192' title='bbox 1034 2540 1279 2596; x_wconf 91' lang='lat' dir='ltr'>cuppam</span> <span class='ocrx_word' id='word_1_193' title='bbox 1334 2523 1694 2590; x_wconf 86' lang='lat' dir='ltr'>argenteam,</span> <span class='ocrx_word' id='word_1_194' title='bbox 1727 2531 1855 2570; x_wconf 89' lang='lat' dir='ltr'>cum</span> <span class='ocrx_word' id='word_1_195' title='bbox 1892 2530 2004 2585; x_wconf 90' lang='lat' dir='ltr'>qua</span> 
     </span>
    </p>
   </div>
   <div class='ocr_carea' id='block_1_28' title="bbox 385 2600 2002 2679">
    <p class='ocr_par' dir='ltr' id='par_1_28' title="bbox 385 2600 2002 2679">
     <span class='ocr_line' id='line_1_28' title="bbox 385 2600 2002 2679; baseline -0.016 0"><span class='ocrx_word' id='word_1_196' title='bbox 385 2600 1086 2679; x_wconf 69' lang='lat' dir='ltr'>fratresini‘estivitatibus</span> <span class='ocrx_word' id='word_1_197' title='bbox 1115 2609 1388 2666; x_wconf 87' lang='lat' dir='ltr'>biberint.</span> <span class='ocrx_word' id='word_1_198' title='bbox 1424 2608 1722 2662; x_wconf 88' lang='lat' dir='ltr'>Planetam</span> <span class='ocrx_word' id='word_1_199' title='bbox 1751 2600 2002 2657; x_wconf 90' lang='lat' dir='ltr'>diarodi-</span> 
     </span>
    </p>
   </div>
   <div class='ocr_carea' id='block_1_29' title="bbox 385 2689 2004 2767">
    <p class='ocr_par' dir='ltr' id='par_1_29' title="bbox 385 2689 2004 2767">
     <span class='ocr_line' id='line_1_29' title="bbox 385 2689 2004 2767; baseline -0.016 0"><span class='ocrx_word' id='word_1_200' title='bbox 385 2727 528 2767; x_wconf 89' lang='lat' dir='ltr'>nam</span> <span class='ocrx_word' id='word_1_201' title='bbox 561 2707 747 2763; x_wconf 88' lang='lat' dir='ltr'>aureis</span> <span class='ocrx_word' id='word_1_202' title='bbox 769 2705 916 2760; x_wconf 85' lang='lat' dir='ltr'>lixtis</span> <span class='ocrx_word' id='word_1_203' title='bbox 930 2705 1196 2758; x_wconf 88' lang='lat' dir='ltr'>ornatam</span> <span class='ocrx_word' id='word_1_204' title='bbox 1217 2711 1474 2753; x_wconf 86' lang='lat' dir='ltr'>unacum</span> <span class='ocrx_word' id='word_1_205' title='bbox 1497 2694 1648 2760; x_wconf 89' lang='lat' dir='ltr'>alba,</span> <span class='ocrx_word' id='word_1_206' title='bbox 1682 2689 2004 2761; x_wconf 86' lang='lat' dir='ltr'>etcingulo,</span> 
     </span>
    </p>
   </div>
   <div class='ocr_carea' id='block_1_30' title="bbox 391 2776 2007 2867">
    <p class='ocr_par' dir='ltr' id='par_1_30' title="bbox 391 2776 2007 2867">
     <span class='ocr_line' id='line_1_30' title="bbox 391 2776 2007 2867; baseline -0.017 -11"><span class='ocrx_word' id='word_1_207' title='bbox 391 2800 540 2856; x_wconf 89' lang='lat' dir='ltr'>stola</span> <span class='ocrx_word' id='word_1_208' title='bbox 563 2800 735 2867; x_wconf 86' lang='lat' dir='ltr'>atque</span> <span class='ocrx_word' id='word_1_209' title='bbox 766 2791 1084 2864; x_wconf 87' lang='lat' dir='ltr'>manipulo.</span> <span class='ocrx_word' id='word_1_210' title='bbox 1126 2785 1444 2855; x_wconf 81' lang='lat' dir='ltr'>Recollegit</span> <span class='ocrx_word' id='word_1_211' title='bbox 1493 2785 1684 2836; x_wconf 92' lang='lat' dir='ltr'>autem</span> <span class='ocrx_word' id='word_1_212' title='bbox 1743 2795 1776 2833; x_wconf 90' lang='lat' dir='ltr'>a</span> <span class='ocrx_word' id='word_1_213' title='bbox 1798 2776 2007 2833; x_wconf 55' lang='lat' dir='ltr'>Iudaeis</span> 
     </span>
    </p>
   </div>
   <div class='ocr_carea' id='block_1_31' title="bbox 390 2865 2009 2961">
    <p class='ocr_par' dir='ltr' id='par_1_31' title="bbox 390 2865 2009 2961">
     <span class='ocr_line' id='line_1_31' title="bbox 390 2865 2009 2961; baseline -0.015 -19"><span class='ocrx_word' id='word_1_214' title='bbox 390 2886 491 2961; x_wconf 90' lang='lat' dir='ltr'>qui</span> <span class='ocrx_word' id='word_1_215' title='bbox 522 2865 852 2940; x_wconf 75' lang='lat' dir='ltr'>retinebant</span> <span class='ocrx_word' id='word_1_216' title='bbox 881 2881 938 2934; x_wconf 89' lang='lat' dir='ltr'>in</span> <span class='ocrx_word' id='word_1_217' title='bbox 993 2878 1235 2949; x_wconf 81' lang='lat' dir='ltr'>pignore</span> <span class='ocrx_word' id='word_1_218' title='bbox 1297 2888 1402 2945; x_wconf 92' lang='lat' dir='ltr'>pro</span> <span class='ocrx_word' id='word_1_219' title='bbox 1462 2867 1792 2942; x_wconf 88' lang='lat' dir='ltr'>quingentis</span> <span class='ocrx_word' id='word_1_220' title='bbox 1821 2865 2009 2919; x_wconf 88' lang='lat' dir='ltr'>aureis</span> 
     </span>
    </p>
   </div>
   <div class='ocr_carea' id='block_1_32' title="bbox 391 2954 2010 3031">
    <p class='ocr_par' dir='ltr' id='par_1_32' title="bbox 391 2954 2010 3031">
     <span class='ocr_line' id='line_1_32' title="bbox 391 2954 2010 3031; baseline -0.015 0"><span class='ocrx_word' id='word_1_221' title='bbox 391 2954 573 3031; x_wconf 72' lang='lat' dir='ltr'>unam</span> <span class='ocrx_word' id='word_1_222' title='bbox 603 2976 815 3028; x_wconf 87' lang='lat' dir='ltr'>vestem</span> <span class='ocrx_word' id='word_1_223' title='bbox 847 2970 916 3024; x_wconf 92' lang='lat' dir='ltr'>de</span> <span class='ocrx_word' id='word_1_224' title='bbox 949 2967 1150 3022; x_wconf 87' lang='lat' dir='ltr'>altario</span> <span class='ocrx_word' id='word_1_225' title='bbox 1178 2962 1360 3018; x_wconf 90' lang='lat' dir='ltr'>sancti</span> <span class='ocrx_word' id='word_1_226' title='bbox 1391 2957 1703 3022; x_wconf 90' lang='lat' dir='ltr'>Benedicti,</span> <span class='ocrx_word' id='word_1_227' title='bbox 1732 2972 1860 3027; x_wconf 64' lang='lat' dir='ltr'>quae</span> <span class='ocrx_word' id='word_1_228' title='bbox 1899 2954 2010 3007; x_wconf 84' lang='lat' dir='ltr'>fuit</span> 
     </span>
    </p>
   </div>
   <div class='ocr_carea' id='block_1_33' title="bbox 2089 570 3721 652">
    <p class='ocr_par' dir='ltr' id='par_1_33' title="bbox 2089 570 3721 652">
     <span class='ocr_line' id='line_1_33' title="bbox 2089 570 3721 652; baseline -0.004 -15"><span class='ocrx_word' id='word_1_229' title='bbox 2089 598 2296 638; x_wconf 91' lang='lat' dir='ltr'>omnes</span> <span class='ocrx_word' id='word_1_230' title='bbox 2322 580 2418 652; x_wconf 87' lang='lat' dir='ltr'>qui</span> <span class='ocrx_word' id='word_1_231' title='bbox 2453 574 2784 633; x_wconf 90' lang='lat' dir='ltr'>Christiano</span> <span class='ocrx_word' id='word_1_232' title='bbox 2812 570 3091 625; x_wconf 82' lang='lat' dir='ltr'>vocabulo</span> <span class='ocrx_word' id='word_1_233' title='bbox 3119 575 3448 641; x_wconf 89' lang='lat' dir='ltr'>censentur,</span> <span class='ocrx_word' id='word_1_234' title='bbox 3463 575 3721 630; x_wconf 89' lang='lat' dir='ltr'>obsecra-</span> 
     </span>
    </p>
   </div>
   <div class='ocr_carea' id='block_1_34' title="bbox 2087 660 3723 741">
    <p class='ocr_par' dir='ltr' id='par_1_34' title="bbox 2087 660 3723 741">
     <span class='ocr_line' id='line_1_34' title="bbox 2087 660 3723 741; baseline -0.007 -14"><span class='ocrx_word' id='word_1_235' title='bbox 2087 689 2216 727; x_wconf 88' lang='lat' dir='ltr'>mus</span> <span class='ocrx_word' id='word_1_236' title='bbox 2247 686 2351 741; x_wconf 90' lang='lat' dir='ltr'>per</span> <span class='ocrx_word' id='word_1_237' title='bbox 2377 665 2697 722; x_wconf 90' lang='lat' dir='ltr'>Dominum</span> <span class='ocrx_word' id='word_1_238' title='bbox 2753 663 2986 716; x_wconf 86' lang='lat' dir='ltr'>Patrem</span> <span class='ocrx_word' id='word_1_239' title='bbox 3029 660 3500 729; x_wconf 88' lang='lat' dir='ltr'>omnipotentem</span> <span class='ocrx_word' id='word_1_240' title='bbox 3531 666 3589 717; x_wconf 89' lang='lat' dir='ltr'>et</span> <span class='ocrx_word' id='word_1_241' title='bbox 3617 680 3723 736; x_wconf 89' lang='lat' dir='ltr'>per</span> 
     </span>
    </p>
   </div>
   <div class='ocr_carea' id='block_1_35' title="bbox 2086 749 3720 818">
    <p class='ocr_par' dir='ltr' id='par_1_35' title="bbox 2086 749 3720 818">
     <span class='ocr_line' id='line_1_35' title="bbox 2086 749 3720 818; baseline -0.006 -3"><span class='ocrx_word' id='word_1_242' title='bbox 2086 762 2276 815; x_wconf 85' lang='lat' dir='ltr'>Jesum</span> <span class='ocrx_word' id='word_1_243' title='bbox 2328 756 2621 812; x_wconf 91' lang='lat' dir='ltr'>Christum</span> <span class='ocrx_word' id='word_1_244' title='bbox 2669 751 2876 804; x_wconf 84' lang='lat' dir='ltr'>Filium</span> <span class='ocrx_word' id='word_1_245' title='bbox 2933 750 3056 818; x_wconf 84' lang='lat' dir='ltr'>ejus</span> <span class='ocrx_word' id='word_1_246' title='bbox 3119 749 3355 804; x_wconf 89' lang='lat' dir='ltr'>unicum</span> <span class='ocrx_word' id='word_1_247' title='bbox 3407 751 3720 806; x_wconf 88' lang='lat' dir='ltr'>Dominum</span> 
     </span>
    </p>
   </div>
   <div class='ocr_carea' id='block_1_36' title="bbox 2090 837 3723 917">
    <p class='ocr_par' dir='ltr' id='par_1_36' title="bbox 2090 837 3723 917">
     <span class='ocr_line' id='line_1_36' title="bbox 2090 837 3723 917; baseline -0.006 -13"><span class='ocrx_word' id='word_1_248' title='bbox 2090 852 2371 912; x_wconf 83' lang='lat' dir='ltr'>nostrum,</span> <span class='ocrx_word' id='word_1_249' title='bbox 2405 845 2502 917; x_wconf 92' lang='lat' dir='ltr'>qui</span> <span class='ocrx_word' id='word_1_250' title='bbox 2529 859 2636 915; x_wconf 90' lang='lat' dir='ltr'>pro</span> <span class='ocrx_word' id='word_1_251' title='bbox 2669 840 2853 894; x_wconf 87' lang='lat' dir='ltr'>salute</span> <span class='ocrx_word' id='word_1_252' title='bbox 2887 837 3058 892; x_wconf 82' lang='lat' dir='ltr'>totius</span> <span class='ocrx_word' id='word_1_253' title='bbox 3101 838 3310 892; x_wconf 89' lang='lat' dir='ltr'>mundi</span> <span class='ocrx_word' id='word_1_254' title='bbox 3362 839 3538 906; x_wconf 89' lang='lat' dir='ltr'>nasci,</span> <span class='ocrx_word' id='word_1_255' title='bbox 3573 839 3723 894; x_wconf 89' lang='lat' dir='ltr'>mori</span> 
     </span>
    </p>
   </div>
   <div class='ocr_carea' id='block_1_37' title="bbox 2091 926 3722 1005">
    <p class='ocr_par' dir='ltr' id='par_1_37' title="bbox 2091 926 3722 1005">
     <span class='ocr_line' id='line_1_37' title="bbox 2091 926 3722 1005; baseline -0.006 -13"><span class='ocrx_word' id='word_1_256' title='bbox 2091 941 2149 993; x_wconf 89' lang='lat' dir='ltr'>et</span> <span class='ocrx_word' id='word_1_257' title='bbox 2186 950 2489 1005; x_wconf 88' lang='lat' dir='ltr'>resurgere</span> <span class='ocrx_word' id='word_1_258' title='bbox 2520 929 2722 993; x_wconf 92' lang='lat' dir='ltr'>voluit,</span> <span class='ocrx_word' id='word_1_259' title='bbox 2753 930 2812 982; x_wconf 88' lang='lat' dir='ltr'>et</span> <span class='ocrx_word' id='word_1_260' title='bbox 2843 942 2947 997; x_wconf 88' lang='lat' dir='ltr'>per</span> <span class='ocrx_word' id='word_1_261' title='bbox 2996 926 3280 998; x_wconf 87' lang='lat' dir='ltr'>Spiritum</span> <span class='ocrx_word' id='word_1_262' title='bbox 3322 931 3606 994; x_wconf 87' lang='lat' dir='ltr'>sanctum,</span> <span class='ocrx_word' id='word_1_263' title='bbox 3655 946 3722 984; x_wconf 85' lang='lat' dir='ltr'>ex</span> 
     </span>
    </p>
   </div>
   <div class='ocr_carea' id='block_1_38' title="bbox 2091 1014 3717 1095">
    <p class='ocr_par' dir='ltr' id='par_1_38' title="bbox 2091 1014 3717 1095">
     <span class='ocr_line' id='line_1_38' title="bbox 2091 1014 3717 1095; baseline -0.004 -16"><span class='ocrx_word' id='word_1_264' title='bbox 2091 1029 2334 1095; x_wconf 89' lang='lat' dir='ltr'>utroque</span> <span class='ocrx_word' id='word_1_265' title='bbox 2362 1019 2804 1091; x_wconf 88' lang='lat' dir='ltr'>procedentem,</span> <span class='ocrx_word' id='word_1_266' title='bbox 2835 1018 2893 1068; x_wconf 87' lang='lat' dir='ltr'>et</span> <span class='ocrx_word' id='word_1_267' title='bbox 2922 1031 3027 1085; x_wconf 87' lang='lat' dir='ltr'>per</span> <span class='ocrx_word' id='word_1_268' title='bbox 3055 1014 3456 1070; x_wconf 86' lang='lat' dir='ltr'>beatissimum</span> <span class='ocrx_word' id='word_1_269' title='bbox 3484 1018 3717 1072; x_wconf 89' lang='lat' dir='ltr'>Petrum</span> 
     </span>
    </p>
   </div>
   <div class='ocr_carea' id='block_1_39' title="bbox 2094 1104 3720 1185">
    <p class='ocr_par' dir='ltr' id='par_1_39' title="bbox 2094 1104 3720 1185">
     <span class='ocr_line' id='line_1_39' title="bbox 2094 1104 3720 1185; baseline -0.006 -17"><span class='ocrx_word' id='word_1_270' title='bbox 2094 1113 2483 1185; x_wconf 89' lang='lat' dir='ltr'>apostolorum</span> <span class='ocrx_word' id='word_1_271' title='bbox 2532 1106 2888 1180; x_wconf 87' lang='lat' dir='ltr'>principem,</span> <span class='ocrx_word' id='word_1_272' title='bbox 2941 1104 3039 1174; x_wconf 90' lang='lat' dir='ltr'>qui</span> <span class='ocrx_word' id='word_1_273' title='bbox 3064 1105 3239 1158; x_wconf 89' lang='lat' dir='ltr'>habet</span> <span class='ocrx_word' id='word_1_274' title='bbox 3276 1108 3618 1176; x_wconf 89' lang='lat' dir='ltr'>potestatem</span> <span class='ocrx_word' id='word_1_275' title='bbox 3651 1106 3720 1160; x_wconf 84' lang='lat' dir='ltr'>li-</span> 
     </span>
    </p>
   </div>
   <div class='ocr_carea' id='block_1_40' title="bbox 2097 1193 3718 1273">
    <p class='ocr_par' dir='ltr' id='par_1_40' title="bbox 2097 1193 3718 1273">
     <span class='ocr_line' id='line_1_40' title="bbox 2097 1193 3718 1273; baseline -0.004 -18"><span class='ocrx_word' id='word_1_276' title='bbox 2097 1199 2272 1273; x_wconf 87' lang='lat' dir='ltr'>gandi</span> <span class='ocrx_word' id='word_1_277' title='bbox 2293 1202 2464 1270; x_wconf 88' lang='lat' dir='ltr'>atque</span> <span class='ocrx_word' id='word_1_278' title='bbox 2485 1194 2768 1257; x_wconf 89' lang='lat' dir='ltr'>solvendi,</span> <span class='ocrx_word' id='word_1_279' title='bbox 2794 1196 2856 1246; x_wconf 92' lang='lat' dir='ltr'>ut</span> <span class='ocrx_word' id='word_1_280' title='bbox 2880 1193 3068 1246; x_wconf 90' lang='lat' dir='ltr'>nullus</span> <span class='ocrx_word' id='word_1_281' title='bbox 3102 1209 3356 1263; x_wconf 89' lang='lat' dir='ltr'>unquam</span> <span class='ocrx_word' id='word_1_282' title='bbox 3389 1193 3718 1249; x_wconf 88' lang='lat' dir='ltr'>thesaurum</span> 
     </span>
    </p>
   </div>
   <div class='ocr_carea' id='block_1_41' title="bbox 2097 1280 3717 1356">
    <p class='ocr_par' dir='ltr' id='par_1_41' title="bbox 2097 1280 3717 1356">
     <span class='ocr_line' id='line_1_41' title="bbox 2097 1280 3717 1356; baseline -0.005 -13"><span class='ocrx_word' id='word_1_283' title='bbox 2097 1292 2155 1343; x_wconf 90' lang='lat' dir='ltr'>et</span> <span class='ocrx_word' id='word_1_284' title='bbox 2179 1287 2375 1343; x_wconf 89' lang='lat' dir='ltr'>omnia</span> <span class='ocrx_word' id='word_1_285' title='bbox 2414 1302 2540 1356; x_wconf 63' lang='lat' dir='ltr'>quae</span> <span class='ocrx_word' id='word_1_286' title='bbox 2585 1281 2885 1352; x_wconf 89' lang='lat' dir='ltr'>predictus</span> <span class='ocrx_word' id='word_1_287' title='bbox 2933 1280 3253 1350; x_wconf 88' lang='lat' dir='ltr'>imperator</span> <span class='ocrx_word' id='word_1_288' title='bbox 3302 1296 3406 1351; x_wconf 89' lang='lat' dir='ltr'>pro</span> <span class='ocrx_word' id='word_1_289' title='bbox 3455 1281 3717 1336; x_wconf 90' lang='lat' dir='ltr'>remedio</span> 
     </span>
    </p>
   </div>
   <div class='ocr_carea' id='block_1_42' title="bbox 2095 1368 3716 1444">
    <p class='ocr_par' dir='ltr' id='par_1_42' title="bbox 2095 1368 3716 1444">
     <span class='ocr_line' id='line_1_42' title="bbox 2095 1368 3716 1444; baseline -0.006 -13"><span class='ocrx_word' id='word_1_290' title='bbox 2095 1377 2304 1431; x_wconf 66' lang='lat' dir='ltr'>animae</span> <span class='ocrx_word' id='word_1_291' title='bbox 2321 1391 2435 1428; x_wconf 62' lang='lat' dir='ltr'>sum</span> <span class='ocrx_word' id='word_1_292' title='bbox 2449 1373 2508 1426; x_wconf 92' lang='lat' dir='ltr'>in</span> <span class='ocrx_word' id='word_1_293' title='bbox 2521 1370 2870 1444; x_wconf 78' lang='lat' dir='ltr'>praedictam</span> <span class='ocrx_word' id='word_1_294' title='bbox 2887 1368 3185 1422; x_wconf 89' lang='lat' dir='ltr'>ecclesiam</span> <span class='ocrx_word' id='word_1_295' title='bbox 3200 1372 3372 1422; x_wconf 91' lang='lat' dir='ltr'>antea</span> <span class='ocrx_word' id='word_1_296' title='bbox 3390 1368 3716 1437; x_wconf 90' lang='lat' dir='ltr'>contulerit,</span> 
     </span>
    </p>
   </div>
   <div class='ocr_carea' id='block_1_43' title="bbox 2095 1456 3719 1538">
    <p class='ocr_par' dir='ltr' id='par_1_43' title="bbox 2095 1456 3719 1538">
     <span class='ocr_line' id='line_1_43' title="bbox 2095 1456 3719 1538; baseline -0.007 -18"><span class='ocrx_word' id='word_1_297' title='bbox 2095 1463 2351 1538; x_wconf 88' lang='lat' dir='ltr'>quolibet</span> <span class='ocrx_word' id='word_1_298' title='bbox 2374 1461 2548 1516; x_wconf 92' lang='lat' dir='ltr'>modo</span> <span class='ocrx_word' id='word_1_299' title='bbox 2583 1460 2670 1514; x_wconf 91' lang='lat' dir='ltr'>vel</span> <span class='ocrx_word' id='word_1_300' title='bbox 2704 1456 2948 1529; x_wconf 87' lang='lat' dir='ltr'>ingenio</span> <span class='ocrx_word' id='word_1_301' title='bbox 2964 1457 3328 1527; x_wconf 90' lang='lat' dir='ltr'>aliquatenus</span> <span class='ocrx_word' id='word_1_302' title='bbox 3354 1457 3555 1511; x_wconf 89' lang='lat' dir='ltr'>tollere</span> <span class='ocrx_word' id='word_1_303' title='bbox 3576 1472 3719 1526; x_wconf 72' lang='lat' dir='ltr'>prae-</span> 
     </span>
    </p>
   </div>
   <div class='ocr_carea' id='block_1_44' title="bbox 2093 1544 3719 1621">
    <p class='ocr_par' dir='ltr' id='par_1_44' title="bbox 2093 1544 3719 1621">
     <span class='ocr_line' id='line_1_44' title="bbox 2093 1544 3719 1621; baseline -0.006 -13"><span class='ocrx_word' id='word_1_304' title='bbox 2093 1555 2300 1608; x_wconf 90' lang='lat' dir='ltr'>sumat.</span> <span class='ocrx_word' id='word_1_305' title='bbox 2335 1551 2391 1606; x_wconf 92' lang='lat' dir='ltr'>Si</span> <span class='ocrx_word' id='word_1_306' title='bbox 2424 1549 2551 1621; x_wconf 89' lang='lat' dir='ltr'>quis</span> <span class='ocrx_word' id='word_1_307' title='bbox 2595 1549 2821 1609; x_wconf 88' lang='lat' dir='ltr'>autem,</span> <span class='ocrx_word' id='word_1_308' title='bbox 2871 1545 3022 1616; x_wconf 89' lang='lat' dir='ltr'>quod</span> <span class='ocrx_word' id='word_1_309' title='bbox 3075 1561 3194 1598; x_wconf 90' lang='lat' dir='ltr'>non</span> <span class='ocrx_word' id='word_1_310' title='bbox 3245 1547 3530 1616; x_wconf 78' lang='lat' dir='ltr'>optamus,</span> <span class='ocrx_word' id='word_1_311' title='bbox 3571 1544 3719 1598; x_wconf 88' lang='lat' dir='ltr'>hanc</span> 
     </span>
    </p>
   </div>
   <div class='ocr_carea' id='block_1_45' title="bbox 2092 1632 3716 1703">
    <p class='ocr_par' dir='ltr' id='par_1_45' title="bbox 2092 1632 3716 1703">
     <span class='ocr_line' id='line_1_45' title="bbox 2092 1632 3716 1703; baseline -0.006 -7"><span class='ocrx_word' id='word_1_312' title='bbox 2092 1645 2349 1696; x_wconf 90' lang='lat' dir='ltr'>nostram</span> <span class='ocrx_word' id='word_1_313' title='bbox 2407 1635 2894 1692; x_wconf 88' lang='lat' dir='ltr'>obstestationem</span> <span class='ocrx_word' id='word_1_314' title='bbox 2961 1633 3044 1686; x_wconf 91' lang='lat' dir='ltr'>vel</span> <span class='ocrx_word' id='word_1_315' title='bbox 3101 1632 3558 1687; x_wconf 77' lang='lat' dir='ltr'>obsecrationem</span> <span class='ocrx_word' id='word_1_316' title='bbox 3611 1647 3716 1703; x_wconf 91' lang='lat' dir='ltr'>pro</span> 
     </span>
    </p>
   </div>
   <div class='ocr_carea' id='block_1_46' title="bbox 2092 1718 3718 1793">
    <p class='ocr_par' dir='ltr' id='par_1_46' title="bbox 2092 1718 3718 1793">
     <span class='ocr_line' id='line_1_46' title="bbox 2092 1718 3718 1793; baseline -0.006 -11"><span class='ocrx_word' id='word_1_317' title='bbox 2092 1728 2272 1783; x_wconf 91' lang='lat' dir='ltr'>nihilo</span> <span class='ocrx_word' id='word_1_318' title='bbox 2300 1727 2544 1792; x_wconf 89' lang='lat' dir='ltr'>duxerit,</span> <span class='ocrx_word' id='word_1_319' title='bbox 2567 1727 2627 1778; x_wconf 88' lang='lat' dir='ltr'>et</span> <span class='ocrx_word' id='word_1_320' title='bbox 2650 1721 2879 1793; x_wconf 89' lang='lat' dir='ltr'>aliquid</span> <span class='ocrx_word' id='word_1_321' title='bbox 2901 1721 2972 1775; x_wconf 91' lang='lat' dir='ltr'>de</span> <span class='ocrx_word' id='word_1_322' title='bbox 2988 1736 3055 1774; x_wconf 93' lang='lat' dir='ltr'>ea</span> <span class='ocrx_word' id='word_1_323' title='bbox 3081 1736 3208 1790; x_wconf 67' lang='lat' dir='ltr'>quae</span> <span class='ocrx_word' id='word_1_324' title='bbox 3231 1719 3490 1790; x_wconf 91' lang='lat' dir='ltr'>superius</span> <span class='ocrx_word' id='word_1_325' title='bbox 3504 1718 3718 1789; x_wconf 89' lang='lat' dir='ltr'>scripta</span> 
     </span>
    </p>
   </div>
   <div class='ocr_carea' id='block_1_47' title="bbox 2092 1806 3716 1886">
    <p class='ocr_par' dir='ltr' id='par_1_47' title="bbox 2092 1806 3716 1886">
     <span class='ocr_line' id='line_1_47' title="bbox 2092 1806 3716 1886; baseline -0.007 -15"><span class='ocrx_word' id='word_1_326' title='bbox 2092 1820 2245 1883; x_wconf 91' lang='lat' dir='ltr'>sunt,</span> <span class='ocrx_word' id='word_1_327' title='bbox 2273 1815 2344 1870; x_wconf 95' lang='lat' dir='ltr'><strong>de</strong></span> <span class='ocrx_word' id='word_1_328' title='bbox 2373 1813 2651 1886; x_wconf 83' lang='lat' dir='ltr'>praedicta</span> <span class='ocrx_word' id='word_1_329' title='bbox 2683 1809 2927 1865; x_wconf 81' lang='lat' dir='ltr'>ecclesia</span> <span class='ocrx_word' id='word_1_330' title='bbox 2957 1807 3216 1879; x_wconf 90' lang='lat' dir='ltr'>quolibet</span> <span class='ocrx_word' id='word_1_331' title='bbox 3247 1806 3421 1862; x_wconf 92' lang='lat' dir='ltr'>modo</span> <span class='ocrx_word' id='word_1_332' title='bbox 3441 1808 3498 1859; x_wconf 90' lang='lat' dir='ltr'>et</span> <span class='ocrx_word' id='word_1_333' title='bbox 3530 1809 3716 1860; x_wconf 90' lang='lat' dir='ltr'>teme-</span> 
     </span>
    </p>
   </div>
   <div class='ocr_carea' id='block_1_48' title="bbox 2093 1894 3716 1970">
    <p class='ocr_par' dir='ltr' id='par_1_48' title="bbox 2093 1894 3716 1970">
     <span class='ocr_line' id='line_1_48' title="bbox 2093 1894 3716 1970; baseline -0.007 -10"><span class='ocrx_word' id='word_1_334' title='bbox 2093 1905 2246 1960; x_wconf 87' lang='lat' dir='ltr'>rario</span> <span class='ocrx_word' id='word_1_335' title='bbox 2269 1920 2408 1958; x_wconf 90' lang='lat' dir='ltr'>ausu</span> <span class='ocrx_word' id='word_1_336' title='bbox 2425 1903 2630 1956; x_wconf 91' lang='lat' dir='ltr'>tollere</span> <span class='ocrx_word' id='word_1_337' title='bbox 2652 1895 3108 1970; x_wconf 66' lang='lat' dir='ltr'>praesumpserit,</span> <span class='ocrx_word' id='word_1_338' title='bbox 3143 1895 3283 1949; x_wconf 89' lang='lat' dir='ltr'>sciat</span> <span class='ocrx_word' id='word_1_339' title='bbox 3301 1911 3362 1949; x_wconf 91' lang='lat' dir='ltr'>se</span> <span class='ocrx_word' id='word_1_340' title='bbox 3379 1894 3716 1948; x_wconf 87' lang='lat' dir='ltr'>anathema-</span> 
     </span>
    </p>
   </div>
   <div class='ocr_carea' id='block_1_49' title="bbox 2092 1983 3720 2055">
    <p class='ocr_par' dir='ltr' id='par_1_49' title="bbox 2092 1983 3720 2055">
     <span class='ocr_line' id='line_1_49' title="bbox 2092 1983 3720 2055; baseline -0.008 -6"><span class='ocrx_word' id='word_1_341' title='bbox 2092 1994 2164 2050; x_wconf 90' lang='lat' dir='ltr'>tis</span> <span class='ocrx_word' id='word_1_342' title='bbox 2192 1992 2430 2047; x_wconf 89' lang='lat' dir='ltr'>vinculis</span> <span class='ocrx_word' id='word_1_343' title='bbox 2455 1989 2832 2053; x_wconf 87' lang='lat' dir='ltr'>innodatum,</span> <span class='ocrx_word' id='word_1_344' title='bbox 2863 1989 2921 2041; x_wconf 91' lang='lat' dir='ltr'>et</span> <span class='ocrx_word' id='word_1_345' title='bbox 2945 2002 2979 2040; x_wconf 89' lang='lat' dir='ltr'>a</span> <span class='ocrx_word' id='word_1_346' title='bbox 3007 2000 3191 2055; x_wconf 90' lang='lat' dir='ltr'>regno</span> <span class='ocrx_word' id='word_1_347' title='bbox 3223 1983 3322 2038; x_wconf 89' lang='lat' dir='ltr'>Dei</span> <span class='ocrx_word' id='word_1_348' title='bbox 3348 1983 3636 2050; x_wconf 88' lang='lat' dir='ltr'>alienum;</span> <span class='ocrx_word' id='word_1_349' title='bbox 3662 1984 3720 2037; x_wconf 91' lang='lat' dir='ltr'>et</span> 
     </span>
    </p>
   </div>
   <div class='ocr_carea' id='block_1_50' title="bbox 2093 2073 3716 2147">
    <p class='ocr_par' dir='ltr' id='par_1_50' title="bbox 2093 2073 3716 2147">
     <span class='ocr_line' id='line_1_50' title="bbox 2093 2073 3716 2147; baseline -0.008 -10"><span class='ocrx_word' id='word_1_350' title='bbox 2093 2100 2225 2138; x_wconf 93' lang='lat' dir='ltr'>cum</span> <span class='ocrx_word' id='word_1_351' title='bbox 2255 2081 2484 2135; x_wconf 88' lang='lat' dir='ltr'>diabolo</span> <span class='ocrx_word' id='word_1_352' title='bbox 2511 2083 2568 2133; x_wconf 94' lang='lat' dir='ltr'>et</span> <span class='ocrx_word' id='word_1_353' title='bbox 2589 2079 2716 2147; x_wconf 82' lang='lat' dir='ltr'>ejus</span> <span class='ocrx_word' id='word_1_354' title='bbox 2737 2073 3110 2130; x_wconf 87' lang='lat' dir='ltr'>atrocissimis</span> <span class='ocrx_word' id='word_1_355' title='bbox 3133 2073 3381 2144; x_wconf 89' lang='lat' dir='ltr'>pompis,</span> <span class='ocrx_word' id='word_1_356' title='bbox 3401 2076 3716 2143; x_wconf 89' lang='lat' dir='ltr'>atquecum</span> 
     </span>
    </p>
   </div>
   <div class='ocr_carea' id='block_1_51' title="bbox 2094 2159 3721 2227">
    <p class='ocr_par' dir='ltr' id='par_1_51' title="bbox 2094 2159 3721 2227">
     <span class='ocr_line' id='line_1_51' title="bbox 2094 2159 3721 2227; baseline -0.008 -2"><span class='ocrx_word' id='word_1_357' title='bbox 2094 2171 2238 2226; x_wconf 80' lang='lat' dir='ltr'>Juda</span> <span class='ocrx_word' id='word_1_358' title='bbox 2270 2169 2543 2223; x_wconf 89' lang='lat' dir='ltr'>traditore</span> <span class='ocrx_word' id='word_1_359' title='bbox 2579 2164 2819 2220; x_wconf 91' lang='lat' dir='ltr'>Domini</span> <span class='ocrx_word' id='word_1_360' title='bbox 2855 2163 3033 2217; x_wconf 89' lang='lat' dir='ltr'>nostri</span> <span class='ocrx_word' id='word_1_361' title='bbox 3056 2164 3184 2216; x_wconf 87' lang='lat' dir='ltr'>Jesu</span> <span class='ocrx_word' id='word_1_362' title='bbox 3235 2161 3460 2227; x_wconf 88' lang='lat' dir='ltr'>Christi,</span> <span class='ocrx_word' id='word_1_363' title='bbox 3489 2159 3721 2214; x_wconf 62' lang='lat' dir='ltr'>aeternis</span> 
     </span>
    </p>
   </div>
   <div class='ocr_carea' id='block_1_52' title="bbox 2098 2249 3717 2324">
    <p class='ocr_par' dir='ltr' id='par_1_52' title="bbox 2098 2249 3717 2324">
     <span class='ocr_line' id='line_1_52' title="bbox 2098 2249 3717 2324; baseline -0.007 -11"><span class='ocrx_word' id='word_1_364' title='bbox 2098 2258 2379 2313; x_wconf 90' lang='lat' dir='ltr'>incendiis</span> <span class='ocrx_word' id='word_1_365' title='bbox 2405 2259 2463 2310; x_wconf 90' lang='lat' dir='ltr'>et</span> <span class='ocrx_word' id='word_1_366' title='bbox 2492 2253 2792 2324; x_wconf 87' lang='lat' dir='ltr'>suppliciis</span> <span class='ocrx_word' id='word_1_367' title='bbox 2819 2249 3278 2306; x_wconf 86' lang='lat' dir='ltr'>concremandus</span> <span class='ocrx_word' id='word_1_368' title='bbox 3305 2249 3717 2319; x_wconf 89' lang='lat' dir='ltr'>sitdeputatus.</span> 
     </span>
    </p>
   </div>
   <div class='ocr_carea' id='block_1_53' title="bbox 2099 2336 3752 2415">
    <p class='ocr_par' dir='ltr' id='par_1_53' title="bbox 2099 2336 3752 2415">
     <span class='ocr_line' id='line_1_53' title="bbox 2099 2336 3752 2415; baseline -0.007 -14"><span class='ocrx_word' id='word_1_369' title='bbox 2099 2350 2169 2402; x_wconf 83' lang='lat' dir='ltr'>At</span> <span class='ocrx_word' id='word_1_370' title='bbox 2196 2362 2328 2399; x_wconf 88' lang='lat' dir='ltr'>vero</span> <span class='ocrx_word' id='word_1_371' title='bbox 2362 2343 2458 2415; x_wconf 90' lang='lat' dir='ltr'>qui</span> <span class='ocrx_word' id='word_1_372' title='bbox 2491 2342 2585 2414; x_wconf 92' lang='lat' dir='ltr'>pio</span> <span class='ocrx_word' id='word_1_373' title='bbox 2649 2341 2868 2394; x_wconf 90' lang='lat' dir='ltr'>intuitu</span> <span class='ocrx_word' id='word_1_374' title='bbox 2917 2341 3250 2394; x_wconf 90' lang='lat' dir='ltr'>observator</span> <span class='ocrx_word' id='word_1_375' title='bbox 3279 2341 3336 2390; x_wconf 91' lang='lat' dir='ltr'>et</span> <span class='ocrx_word' id='word_1_376' title='bbox 3361 2337 3421 2390; x_wconf 92' lang='lat' dir='ltr'>iu</span> <span class='ocrx_word' id='word_1_377' title='bbox 3451 2336 3752 2390; x_wconf 89' lang='lat' dir='ltr'>omnibus&#39;</span> 
     </span>
    </p>
   </div>
   <div class='ocr_carea' id='block_1_54' title="bbox 2103 2423 3724 2498">
    <p class='ocr_par' dir='ltr' id='par_1_54' title="bbox 2103 2423 3724 2498">
     <span class='ocr_line' id='line_1_54' title="bbox 2103 2423 3724 2498; baseline -0.007 -9"><span class='ocrx_word' id='word_1_378' title='bbox 2103 2433 2381 2489; x_wconf 85' lang='lat' dir='ltr'>exstiterit</span> <span class='ocrx_word' id='word_1_379' title='bbox 2402 2429 2732 2485; x_wconf 89' lang='lat' dir='ltr'>custodiens</span> <span class='ocrx_word' id='word_1_380' title='bbox 2765 2429 2937 2498; x_wconf 83' lang='lat' dir='ltr'>hujus</span> <span class='ocrx_word' id='word_1_381' title='bbox 2966 2427 3144 2481; x_wconf 85' lang='lat' dir='ltr'>nostri</span> <span class='ocrx_word' id='word_1_382' title='bbox 3177 2424 3478 2497; x_wconf 91' lang='lat' dir='ltr'>apostolici</span> <span class='ocrx_word' id='word_1_383' title='bbox 3508 2423 3724 2478; x_wconf 88' lang='lat' dir='ltr'>consti-</span> 
     </span>
    </p>
   </div>
   <div class='ocr_carea' id='block_1_55' title="bbox 2093 2511 3726 2588">
    <p class='ocr_par' dir='ltr' id='par_1_55' title="bbox 2093 2511 3726 2588">
     <span class='ocr_line' id='line_1_55' title="bbox 2093 2511 3726 2588; baseline -0.007 -11"><span class='ocrx_word' id='word_1_384' title='bbox 2093 2523 2230 2588; x_wconf 82' lang='lat' dir='ltr'>tuti,</span> <span class='ocrx_word' id='word_1_385' title='bbox 2264 2524 2320 2574; x_wconf 92' lang='lat' dir='ltr'>et</span> <span class='ocrx_word' id='word_1_386' title='bbox 2349 2519 2421 2573; x_wconf 91' lang='lat' dir='ltr'>ad</span> <span class='ocrx_word' id='word_1_387' title='bbox 2449 2519 2665 2572; x_wconf 90' lang='lat' dir='ltr'>cultum</span> <span class='ocrx_word' id='word_1_388' title='bbox 2703 2516 2807 2570; x_wconf 92' lang='lat' dir='ltr'>Dei</span> <span class='ocrx_word' id='word_1_389' title='bbox 2836 2514 3278 2586; x_wconf 87' lang='lat' dir='ltr'>respicientibus</span> <span class='ocrx_word' id='word_1_390' title='bbox 3298 2513 3435 2582; x_wconf 84' lang='lat' dir='ltr'>(sic),</span> <span class='ocrx_word' id='word_1_391' title='bbox 3460 2511 3726 2567; x_wconf 85' lang='lat' dir='ltr'>benedic-</span> 
     </span>
    </p>
   </div>
   <div class='ocr_carea' id='block_1_56' title="bbox 2101 2599 3723 2678">
    <p class='ocr_par' dir='ltr' id='par_1_56' title="bbox 2101 2599 3723 2678">
     <span class='ocr_line' id='line_1_56' title="bbox 2101 2599 3723 2678; baseline -0.007 -14"><span class='ocrx_word' id='word_1_392' title='bbox 2101 2609 2277 2664; x_wconf 90' lang='lat' dir='ltr'>tionis</span> <span class='ocrx_word' id='word_1_393' title='bbox 2312 2605 2559 2678; x_wconf 85' lang='lat' dir='ltr'>gratiam</span> <span class='ocrx_word' id='word_1_394' title='bbox 2593 2621 2628 2658; x_wconf 93' lang='lat' dir='ltr'>a</span> <span class='ocrx_word' id='word_1_395' title='bbox 2659 2600 3206 2657; x_wconf 89' lang='lat' dir='ltr'>misericordissimo</span> <span class='ocrx_word' id='word_1_396' title='bbox 3243 2599 3491 2655; x_wconf 91' lang='lat' dir='ltr'>Domino</span> <span class='ocrx_word' id='word_1_397' title='bbox 3529 2601 3723 2653; x_wconf 89' lang='lat' dir='ltr'>nostro</span> 
     </span>
    </p>
   </div>
   <div class='ocr_carea' id='block_1_57' title="bbox 2103 2687 3728 2770">
    <p class='ocr_par' dir='ltr' id='par_1_57' title="bbox 2103 2687 3728 2770">
     <span class='ocr_line' id='line_1_57' title="bbox 2103 2687 3728 2770; baseline -0.007 -19"><span class='ocrx_word' id='word_1_398' title='bbox 2103 2714 2206 2770; x_wconf 89' lang='lat' dir='ltr'>per</span> <span class='ocrx_word' id='word_1_399' title='bbox 2248 2693 2723 2750; x_wconf 89' lang='lat' dir='ltr'>intercessionem</span> <span class='ocrx_word' id='word_1_400' title='bbox 2764 2690 2924 2745; x_wconf 91' lang='lat' dir='ltr'>beati</span> <span class='ocrx_word' id='word_1_401' title='bbox 2978 2688 3272 2744; x_wconf 88' lang='lat' dir='ltr'>Benedicti</span> <span class='ocrx_word' id='word_1_402' title='bbox 3330 2687 3728 2759; x_wconf 89' lang='lat' dir='ltr'>multipliciter</span> 
     </span>
    </p>
   </div>
   <div class='ocr_carea' id='block_1_58' title="bbox 2103 2776 3728 2856">
    <p class='ocr_par' dir='ltr' id='par_1_58' title="bbox 2103 2776 3728 2856">
     <span class='ocr_line' id='line_1_58' title="bbox 2103 2776 3728 2856; baseline -0.007 -17"><span class='ocrx_word' id='word_1_403' title='bbox 2103 2785 2510 2856; x_wconf 88' lang='lat' dir='ltr'>consequatur,</span> <span class='ocrx_word' id='word_1_404' title='bbox 2542 2783 2600 2834; x_wconf 90' lang='lat' dir='ltr'>et</span> <span class='ocrx_word' id='word_1_405' title='bbox 2624 2779 2751 2833; x_wconf 71' lang='lat' dir='ltr'>vitae</span> <span class='ocrx_word' id='word_1_406' title='bbox 2783 2781 3020 2833; x_wconf 56' lang='lat' dir='ltr'>aeternas</span> <span class='ocrx_word' id='word_1_407' title='bbox 3041 2776 3330 2848; x_wconf 89' lang='lat' dir='ltr'>particeps</span> <span class='ocrx_word' id='word_1_408' title='bbox 3359 2792 3480 2830; x_wconf 90' lang='lat' dir='ltr'>esse</span> <span class='ocrx_word' id='word_1_409' title='bbox 3505 2790 3728 2830; x_wconf 85' lang='lat' dir='ltr'>merea-</span> 
     </span>
    </p>
   </div>
   <div class='ocr_carea' id='block_1_59' title="bbox 2103 2873 2460 2927">
    <p class='ocr_par' dir='ltr' id='par_1_59' title="bbox 2103 2873 2460 2927">
     <span class='ocr_line' id='line_1_59' title="bbox 2103 2873 2460 2927; baseline -0.014 0"><span class='ocrx_word' id='word_1_410' title='bbox 2103 2877 2216 2927; x_wconf 87' lang='lat' dir='ltr'>tur.</span> <span class='ocrx_word' id='word_1_411' title='bbox 2252 2873 2460 2926; x_wconf 78' lang='lat' dir='ltr'>Amen.</span> 
     </span>
    </p>
   </div>
   <div class='ocr_carea' id='block_1_60' title="bbox 2175 2936 3730 3025">
    <p class='ocr_par' dir='ltr' id='par_1_60' title="bbox 2175 2936 3730 3025">
     <span class='ocr_line' id='line_1_60' title="bbox 2175 2936 3730 3025; baseline -0.006 -11"><span class='ocrx_word' id='word_1_412' title='bbox 2175 2959 2491 3014; x_wconf 85' lang='lat' dir='ltr'>lnterfuere</span> <span class='ocrx_word' id='word_1_413' title='bbox 2524 2955 2656 3009; x_wconf 89' lang='lat' dir='ltr'>huic</span> <span class='ocrx_word' id='word_1_414' title='bbox 2683 2953 2770 3009; x_wconf 91' lang='lat' dir='ltr'>rei</span> <span class='ocrx_word' id='word_1_415' title='bbox 2798 2955 2999 3025; x_wconf 89' lang='lat' dir='ltr'>Puppo</span> <span class='ocrx_word' id='word_1_416' title='bbox 3033 2950 3357 3023; x_wconf 89' lang='lat' dir='ltr'>patriarcha</span> <span class='ocrx_word' id='word_1_417' title='bbox 3384 2936 3730 3022; x_wconf 79' lang='lat' dir='ltr'>Aquilegen-</span> 
     </span>
    </p>
   </div>
   <div class='ocr_carea' id='block_1_61' title="bbox 394 3039 3730 3130">
    <p class='ocr_par' dir='ltr' id='par_1_61' title="bbox 394 3039 3730 3130">
     <span class='ocr_line' id='line_1_61' title="bbox 394 3039 3730 3130; baseline -0.012 2"><span class='ocrx_word' id='word_1_418' title='bbox 394 3061 584 3118; x_wconf 67' lang='lat' dir='ltr'>caro“</span> <span class='ocrx_word' id='word_1_419' title='bbox 609 3059 781 3130; x_wconf 62' lang='lat' dir='ltr'>regis:</span> <span class='ocrx_word' id='word_1_420' title='bbox 801 3071 1040 3111; x_wconf 73' lang='lat' dir='ltr'>necnon</span> <span class='ocrx_word' id='word_1_421' title='bbox 1059 3055 1116 3106; x_wconf 60' lang='grc' dir='ltr'><strong>εἴ</strong></span> <span class='ocrx_word' id='word_1_422' title='bbox 1137 3051 1374 3106; x_wconf 74' lang='lat' dir='ltr'>calicem</span> <span class='ocrx_word' id='word_1_423' title='bbox 1400 3049 1744 3116; x_wconf 54' lang='lat' dir='ltr'>argenteum</span> <span class='ocrx_word' id='word_1_424' title='bbox 1767 3039 2007 3097; x_wconf 70' lang='lat' dir='ltr'>Saxoni‘</span> <span class='ocrx_word' id='word_1_425' title='bbox 2037 3063 2083 3121; x_wconf 71' lang='grc' dir='ltr'>ο</span> <span class='ocrx_word' id='word_1_426' title='bbox 2106 3049 2200 3114; x_wconf 90' lang='lat' dir='ltr'>sis,</span> <span class='ocrx_word' id='word_1_427' title='bbox 2228 3046 2530 3117; x_wconf 88' lang='lat' dir='ltr'>Belgrinus</span> <span class='ocrx_word' id='word_1_428' title='bbox 2561 3041 3030 3112; x_wconf 86' lang='lat' dir='ltr'>archiepiscOpus</span> <span class='ocrx_word' id='word_1_429' title='bbox 3065 3039 3422 3094; x_wconf 90' lang='lat' dir='ltr'>Coloniensis</span> <span class='ocrx_word' id='word_1_430' title='bbox 3439 3056 3572 3094; x_wconf 92' lang='lat' dir='ltr'>cum</span> <span class='ocrx_word' id='word_1_431' title='bbox 3599 3053 3730 3092; x_wconf 91' lang='lat' dir='ltr'>om-</span> 
     </span>
    </p>
   </div>
   <div class='ocr_carea' id='block_1_62' title="bbox 395 3130 2013 3219">
    <p class='ocr_par' dir='ltr' id='par_1_62' title="bbox 395 3130 2013 3219">
     <span class='ocr_line' id='line_1_62' title="bbox 395 3130 2013 3219; baseline -0.015 -13"><span class='ocrx_word' id='word_1_432' title='bbox 395 3166 530 3205; x_wconf 91' lang='lat' dir='ltr'>cum</span> <span class='ocrx_word' id='word_1_433' title='bbox 550 3149 834 3219; x_wconf 87' lang='lat' dir='ltr'>majorem</span> <span class='ocrx_word' id='word_1_434' title='bbox 880 3160 1011 3199; x_wconf 91' lang='lat' dir='ltr'>cum</span> <span class='ocrx_word' id='word_1_435' title='bbox 1027 3145 1241 3215; x_wconf 89' lang='lat' dir='ltr'>patena</span> <span class='ocrx_word' id='word_1_436' title='bbox 1287 3153 1411 3202; x_wconf 90' lang='lat' dir='ltr'>sua,</span> <span class='ocrx_word' id='word_1_437' title='bbox 1432 3150 1605 3206; x_wconf 89' lang='lat' dir='ltr'>quem</span> <span class='ocrx_word' id='word_1_438' title='bbox 1625 3130 2013 3186; x_wconf 90' lang='lat' dir='ltr'>Theodoricus</span> 
     </span>
    </p>
   </div>
   <div class='ocr_carea' id='block_1_63' title="bbox 396 3219 2010 3294">
    <p class='ocr_par' dir='ltr' id='par_1_63' title="bbox 396 3219 2010 3294">
     <span class='ocr_line' id='line_1_63' title="bbox 396 3219 2010 3294; baseline -0.015 0"><span class='ocrx_word' id='word_1_439' title='bbox 396 3238 692 3294; x_wconf 85' lang='lat' dir='ltr'>Saxonum</span> <span class='ocrx_word' id='word_1_440' title='bbox 720 3251 814 3289; x_wconf 86' lang='lat' dir='ltr'>rex</span> <span class='ocrx_word' id='word_1_441' title='bbox 859 3233 1028 3287; x_wconf 90' lang='lat' dir='ltr'>beato</span> <span class='ocrx_word' id='word_1_442' title='bbox 1073 3226 1380 3282; x_wconf 90' lang='lat' dir='ltr'>Benedicto</span> <span class='ocrx_word' id='word_1_443' title='bbox 1424 3223 1561 3277; x_wconf 90' lang='lat' dir='ltr'>olim</span> <span class='ocrx_word' id='word_1_444' title='bbox 1595 3219 2010 3275; x_wconf 89' lang='lat' dir='ltr'>transmiserat.</span> 
     </span>
    </p>
   </div>
   <div class='ocr_carea' id='block_1_64' title="bbox 399 3309 2008 3394">
    <p class='ocr_par' dir='ltr' id='par_1_64' title="bbox 399 3309 2008 3394">
     <span class='ocr_line' id='line_1_64' title="bbox 399 3309 2008 3394; baseline -0.014 -12"><span class='ocrx_word' id='word_1_445' title='bbox 399 3327 604 3382; x_wconf 86' lang='lat' dir='ltr'>Nostra</span> <span class='ocrx_word' id='word_1_446' title='bbox 639 3339 773 3378; x_wconf 88' lang='lat' dir='ltr'>vero</span> <span class='ocrx_word' id='word_1_447' title='bbox 801 3321 1049 3394; x_wconf 87' lang='lat' dir='ltr'>parvitas</span> <span class='ocrx_word' id='word_1_448' title='bbox 1079 3314 1467 3387; x_wconf 71' lang='lat' dir='ltr'>imperatoriae</span> <span class='ocrx_word' id='word_1_449' title='bbox 1498 3309 1664 3364; x_wconf 90' lang='lat' dir='ltr'>saluti</span> <span class='ocrx_word' id='word_1_450' title='bbox 1698 3309 2008 3377; x_wconf 85' lang='lat' dir='ltr'>congratu-</span> 
     </span>
    </p>
   </div>
   <div class='ocr_carea' id='block_1_65' title="bbox 399 3395 2012 3486">
    <p class='ocr_par' dir='ltr' id='par_1_65' title="bbox 399 3395 2012 3486">
     <span class='ocr_line' id='line_1_65' title="bbox 399 3395 2012 3486; baseline -0.014 -16"><span class='ocrx_word' id='word_1_451' title='bbox 399 3416 547 3482; x_wconf 85' lang='lat' dir='ltr'>lans,</span> <span class='ocrx_word' id='word_1_452' title='bbox 579 3412 874 3486; x_wconf 87' lang='lat' dir='ltr'>posuimus</span> <span class='ocrx_word' id='word_1_453' title='bbox 905 3423 1080 3480; x_wconf 80' lang='lat' dir='ltr'>super</span> <span class='ocrx_word' id='word_1_454' title='bbox 1108 3407 1287 3459; x_wconf 88' lang='lat' dir='ltr'>altare</span> <span class='ocrx_word' id='word_1_455' title='bbox 1318 3399 1472 3456; x_wconf 89' lang='lat' dir='ltr'>beati</span> <span class='ocrx_word' id='word_1_456' title='bbox 1501 3395 1790 3452; x_wconf 84' lang='lat' dir='ltr'>Benedicti</span> <span class='ocrx_word' id='word_1_457' title='bbox 1810 3397 2012 3466; x_wconf 91' lang='lat' dir='ltr'>plane-</span> 
     </span>
    </p>
   </div>
   <div class='ocr_carea' id='block_1_66' title="bbox 401 3484 2015 3573">
    <p class='ocr_par' dir='ltr' id='par_1_66' title="bbox 401 3484 2015 3573">
     <span class='ocr_line' id='line_1_66' title="bbox 401 3484 2015 3573; baseline -0.014 -15"><span class='ocrx_word' id='word_1_458' title='bbox 401 3506 524 3557; x_wconf 87' lang='lat' dir='ltr'>tam</span> <span class='ocrx_word' id='word_1_459' title='bbox 557 3484 838 3573; x_wconf 80' lang='lat' dir='ltr'>optimam</span> <span class='ocrx_word' id='word_1_460' title='bbox 871 3495 1059 3551; x_wconf 91' lang='lat' dir='ltr'>veneti</span> <span class='ocrx_word' id='word_1_461' title='bbox 1092 3491 1298 3548; x_wconf 90' lang='lat' dir='ltr'>coloris</span> <span class='ocrx_word' id='word_1_462' title='bbox 1343 3488 1491 3542; x_wconf 88' lang='lat' dir='ltr'>lixtis</span> <span class='ocrx_word' id='word_1_463' title='bbox 1514 3484 1889 3540; x_wconf 89' lang='lat' dir='ltr'>nihilominus</span> <span class='ocrx_word' id='word_1_464' title='bbox 1920 3500 2015 3537; x_wconf 87' lang='lat' dir='ltr'>au-</span> 
     </span>
    </p>
   </div>
   <div class='ocr_carea' id='block_1_67' title="bbox 403 3572 2012 3648">
    <p class='ocr_par' dir='ltr' id='par_1_67' title="bbox 403 3572 2012 3648">
     <span class='ocr_line' id='line_1_67' title="bbox 403 3572 2012 3648; baseline -0.014 -2"><span class='ocrx_word' id='word_1_465' title='bbox 403 3589 519 3646; x_wconf 88' lang='lat' dir='ltr'>reis</span> <span class='ocrx_word' id='word_1_466' title='bbox 547 3589 820 3643; x_wconf 91' lang='lat' dir='ltr'>decenter</span> <span class='ocrx_word' id='word_1_467' title='bbox 857 3587 1146 3648; x_wconf 89' lang='lat' dir='ltr'>ornatam,</span> <span class='ocrx_word' id='word_1_468' title='bbox 1197 3583 1254 3633; x_wconf 92' lang='lat' dir='ltr'>et</span> <span class='ocrx_word' id='word_1_469' title='bbox 1295 3577 1504 3632; x_wconf 91' lang='lat' dir='ltr'>stolam</span> <span class='ocrx_word' id='word_1_470' title='bbox 1561 3572 1841 3645; x_wconf 91' lang='lat' dir='ltr'>optimam</span> <span class='ocrx_word' id='word_1_471' title='bbox 1874 3587 2012 3625; x_wconf 89' lang='lat' dir='ltr'>auro</span> 
     </span>
    </p>
   </div>
   <div class='ocr_carea' id='block_1_68' title="bbox 402 3659 2016 3744">
    <p class='ocr_par' dir='ltr' id='par_1_68' title="bbox 402 3659 2016 3744">
     <span class='ocr_line' id='line_1_68' title="bbox 402 3659 2016 3744; baseline -0.015 -10"><span class='ocrx_word' id='word_1_472' title='bbox 402 3680 632 3735; x_wconf 90' lang='lat' dir='ltr'>bustam</span> <span class='ocrx_word' id='word_1_473' title='bbox 663 3692 794 3730; x_wconf 91' lang='lat' dir='ltr'>cum</span> <span class='ocrx_word' id='word_1_474' title='bbox 824 3672 1122 3744; x_wconf 90' lang='lat' dir='ltr'>manipulo</span> <span class='ocrx_word' id='word_1_475' title='bbox 1153 3683 1276 3722; x_wconf 90' lang='lat' dir='ltr'>suo.</span> <span class='ocrx_word' id='word_1_476' title='bbox 1327 3663 1604 3720; x_wconf 90' lang='lat' dir='ltr'>Similiter</span> <span class='ocrx_word' id='word_1_477' title='bbox 1631 3663 1687 3714; x_wconf 92' lang='lat' dir='ltr'>et</span> <span class='ocrx_word' id='word_1_478' title='bbox 1721 3659 2016 3730; x_wconf 88' lang='lat' dir='ltr'>Belgrinus</span> 
     </span>
    </p>
   </div>
   <div class='ocr_carea' id='block_1_69' title="bbox 406 3748 2014 3836">
    <p class='ocr_par' dir='ltr' id='par_1_69' title="bbox 406 3748 2014 3836">
     <span class='ocr_line' id='line_1_69' title="bbox 406 3748 2014 3836; baseline -0.014 -13"><span class='ocrx_word' id='word_1_479' title='bbox 406 3766 868 3836; x_wconf 89' lang='lat' dir='ltr'>archiepiscopus</span> <span class='ocrx_word' id='word_1_480' title='bbox 897 3760 1104 3815; x_wconf 89' lang='lat' dir='ltr'>obtulit</span> <span class='ocrx_word' id='word_1_481' title='bbox 1145 3757 1440 3828; x_wconf 87' lang='lat' dir='ltr'>planetam</span> <span class='ocrx_word' id='word_1_482' title='bbox 1472 3765 1822 3822; x_wconf 89' lang='lat' dir='ltr'>purpuream</span> <span class='ocrx_word' id='word_1_483' title='bbox 1869 3748 2014 3819; x_wconf 91' lang='lat' dir='ltr'>opti-</span> 
     </span>
    </p>
   </div>
   <div class='ocr_carea' id='block_1_70' title="bbox 410 3836 2016 3911">
    <p class='ocr_par' dir='ltr' id='par_1_70' title="bbox 410 3836 2016 3911">
     <span class='ocr_line' id='line_1_70' title="bbox 410 3836 2016 3911; baseline -0.014 0"><span class='ocrx_word' id='word_1_484' title='bbox 410 3871 572 3911; x_wconf 90' lang='lat' dir='ltr'>mam</span> <span class='ocrx_word' id='word_1_485' title='bbox 594 3853 780 3909; x_wconf 87' lang='lat' dir='ltr'>aureis</span> <span class='ocrx_word' id='word_1_486' title='bbox 797 3849 946 3905; x_wconf 82' lang='lat' dir='ltr'>lixtis</span> <span class='ocrx_word' id='word_1_487' title='bbox 977 3845 1264 3902; x_wconf 90' lang='lat' dir='ltr'>mensium</span> <span class='ocrx_word' id='word_1_488' title='bbox 1290 3840 1596 3898; x_wconf 91' lang='lat' dir='ltr'>duodecim</span> <span class='ocrx_word' id='word_1_489' title='bbox 1613 3839 1779 3910; x_wconf 90' lang='lat' dir='ltr'>signa</span> <span class='ocrx_word' id='word_1_490' title='bbox 1798 3836 2016 3890; x_wconf 88' lang='lat' dir='ltr'>haben-</span> 
     </span>
    </p>
   </div>
   <div class='ocr_carea' id='block_1_71' title="bbox 410 3930 2018 4011">
    <p class='ocr_par' dir='ltr' id='par_1_71' title="bbox 410 3930 2018 4011">
     <span class='ocr_line' id='line_1_71' title="bbox 410 3930 2018 4011; baseline -0.015 -11"><span class='ocrx_word' id='word_1_491' title='bbox 410 3945 584 4011; x_wconf 91' lang='lat' dir='ltr'>tibus,</span> <span class='ocrx_word' id='word_1_492' title='bbox 621 3943 680 3997; x_wconf 90' lang='lat' dir='ltr'>in</span> <span class='ocrx_word' id='word_1_493' title='bbox 712 3939 951 3995; x_wconf 90' lang='lat' dir='ltr'>circuitu</span> <span class='ocrx_word' id='word_1_494' title='bbox 995 3936 1360 3998; x_wconf 86' lang='lat' dir='ltr'>adornatam,</span> <span class='ocrx_word' id='word_1_495' title='bbox 1406 3930 1614 3983; x_wconf 91' lang='lat' dir='ltr'>stolam</span> <span class='ocrx_word' id='word_1_496' title='bbox 1666 3942 1798 3981; x_wconf 91' lang='lat' dir='ltr'>cum</span> <span class='ocrx_word' id='word_1_497' title='bbox 1845 3939 2018 3979; x_wconf 87' lang='lat' dir='ltr'>aureo</span> 
     </span>
    </p>
   </div>
   <div class='ocr_carea' id='block_1_72' title="bbox 412 4013 2020 4104">
    <p class='ocr_par' dir='ltr' id='par_1_72' title="bbox 412 4013 2020 4104">
     <span class='ocr_line' id='line_1_72' title="bbox 412 4013 2020 4104; baseline -0.014 -18"><span class='ocrx_word' id='word_1_498' title='bbox 412 4030 643 4104; x_wconf 83' lang='lat' dir='ltr'>pluviali</span> <span class='ocrx_word' id='word_1_499' title='bbox 680 4045 877 4083; x_wconf 91' lang='lat' dir='ltr'>unum.</span> <span class='ocrx_word' id='word_1_500' title='bbox 916 4025 1053 4090; x_wconf 64' lang='lat' dir='ltr'>Qua:</span> <span class='ocrx_word' id='word_1_501' title='bbox 1081 4021 1279 4077; x_wconf 90' lang='lat' dir='ltr'>omnia</span> <span class='ocrx_word' id='word_1_502' title='bbox 1306 4016 1601 4090; x_wconf 91' lang='lat' dir='ltr'>posuimus</span> <span class='ocrx_word' id='word_1_503' title='bbox 1630 4029 1798 4084; x_wconf 90' lang='lat' dir='ltr'>super</span> <span class='ocrx_word' id='word_1_504' title='bbox 1843 4013 2020 4066; x_wconf 88' lang='lat' dir='ltr'>altare</span> 
     </span>
    </p>
   </div>
   <div class='ocr_carea' id='block_1_73' title="bbox 415 4101 1788 4185">
    <p class='ocr_par' dir='ltr' id='par_1_73' title="bbox 415 4101 1788 4185">
     <span class='ocr_line' id='line_1_73' title="bbox 415 4101 1788 4185; baseline -0.015 -9"><span class='ocrx_word' id='word_1_505' title='bbox 415 4101 599 4175; x_wconf 73' lang='lat' dir='ltr'>sancti</span> <span class='ocrx_word' id='word_1_506' title='bbox 621 4116 910 4174; x_wconf 91' lang='lat' dir='ltr'>Benedicti</span> <span class='ocrx_word' id='word_1_507' title='bbox 939 4115 997 4168; x_wconf 90' lang='lat' dir='ltr'>in</span> <span class='ocrx_word' id='word_1_508' title='bbox 1015 4112 1359 4185; x_wconf 90' lang='lat' dir='ltr'>perpetuum</span> <span class='ocrx_word' id='word_1_509' title='bbox 1390 4105 1470 4160; x_wconf 90' lang='lat' dir='ltr'>ibi</span> <span class='ocrx_word' id='word_1_510' title='bbox 1501 4101 1788 4158; x_wconf 90' lang='lat' dir='ltr'>habenda.</span> 
     </span>
    </p>
   </div>
   <div class='ocr_carea' id='block_1_74' title="bbox 489 4189 2019 4280">
    <p class='ocr_par' dir='ltr' id='par_1_74' title="bbox 489 4189 2019 4280">
     <span class='ocr_line' id='line_1_74' title="bbox 489 4189 2019 4280; baseline -0.016 -15"><span class='ocrx_word' id='word_1_511' title='bbox 489 4207 847 4280; x_wconf 85' lang='lat' dir='ltr'>Quapropter</span> <span class='ocrx_word' id='word_1_512' title='bbox 876 4219 986 4274; x_wconf 86' lang='lat' dir='ltr'>ego</span> <span class='ocrx_word' id='word_1_513' title='bbox 1017 4200 1113 4273; x_wconf 90' lang='lat' dir='ltr'>qui</span> <span class='ocrx_word' id='word_1_514' title='bbox 1145 4212 1315 4269; x_wconf 89' lang='lat' dir='ltr'>supra</span> <span class='ocrx_word' id='word_1_515' title='bbox 1343 4193 1679 4250; x_wconf 89' lang='lat' dir='ltr'>Benedictus</span> <span class='ocrx_word' id='word_1_516' title='bbox 1703 4189 2019 4262; x_wconf 91' lang='lat' dir='ltr'>episcopus,</span> 
     </span>
    </p>
   </div>
   <div class='ocr_carea' id='block_1_75' title="bbox 2113 3126 3730 3203">
    <p class='ocr_par' dir='ltr' id='par_1_75' title="bbox 2113 3126 3730 3203">
     <span class='ocr_line' id='line_1_75' title="bbox 2113 3126 3730 3203; baseline -0.007 -12"><span class='ocrx_word' id='word_1_517' title='bbox 2113 3137 2281 3191; x_wconf 90' lang='lat' dir='ltr'>nibus</span> <span class='ocrx_word' id='word_1_518' title='bbox 2329 3136 2448 3189; x_wconf 87' lang='lat' dir='ltr'>fere</span> <span class='ocrx_word' id='word_1_519' title='bbox 2495 3130 2781 3203; x_wconf 89' lang='lat' dir='ltr'>episcopis</span> <span class='ocrx_word' id='word_1_520' title='bbox 2818 3133 2878 3184; x_wconf 90' lang='lat' dir='ltr'>et</span> <span class='ocrx_word' id='word_1_521' title='bbox 2925 3127 3229 3184; x_wconf 89' lang='lat' dir='ltr'>abbatibus</span> <span class='ocrx_word' id='word_1_522' title='bbox 3257 3128 3434 3183; x_wconf 90' lang='lat' dir='ltr'>totius</span> <span class='ocrx_word' id='word_1_523' title='bbox 3458 3127 3650 3183; x_wconf 78' lang='lat' dir='ltr'>Galliae</span> <span class='ocrx_word' id='word_1_524' title='bbox 3672 3126 3730 3180; x_wconf 89' lang='lat' dir='ltr'>et</span> 
     </span>
    </p>
   </div>
   <div class='ocr_carea' id='block_1_76' title="bbox 2114 3224 2310 3284">
    <p class='ocr_par' dir='ltr' id='par_1_76' title="bbox 2114 3224 2310 3284">
     <span class='ocr_line' id='line_1_76' title="bbox 2114 3224 2310 3284; baseline 0.026 -5"><span class='ocrx_word' id='word_1_525' title='bbox 2114 3224 2310 3284; x_wconf 67' lang='lat' dir='ltr'>Italiae.</span> 
     </span>
    </p>
   </div>
   <div class='ocr_carea' id='block_1_77' title="bbox 2871 3359 2977 3415">
    <p class='ocr_par' dir='ltr' id='par_1_77' title="bbox 2871 3359 2977 3415">
     <span class='ocr_line' id='line_1_77' title="bbox 2871 3359 2977 3415; baseline 0 0"><span class='ocrx_word' id='word_1_526' title='bbox 2871 3359 2977 3415; x_wconf 88' lang='lat' dir='ltr'>XL.</span> 
     </span>
    </p>
   </div>
   <div class='ocr_carea' id='block_1_78' title="bbox 2112 3482 3733 3548">
    <p class='ocr_par' dir='ltr' id='par_1_78' title="bbox 2112 3482 3733 3548">
     <span class='ocr_line' id='line_1_78' title="bbox 2112 3482 3733 3548; baseline -0.007 -1"><span class='ocrx_word' id='word_1_527' title='bbox 2112 3490 2431 3548; x_wconf 77' lang='lat' dir='ltr'>Benedictus</span> <span class='ocrx_word' id='word_1_528' title='bbox 2483 3485 2638 3543; x_wconf 88' lang='lat' dir='ltr'><em>VIII</em></span> <span class='ocrx_word' id='word_1_529' title='bbox 2682 3485 3004 3540; x_wconf 74' lang='lat' dir='ltr'>monasterii</span> <span class='ocrx_word' id='word_1_530' title='bbox 3051 3483 3116 3540; x_wconf 88' lang='lat' dir='ltr'>S.</span> <span class='ocrx_word' id='word_1_531' title='bbox 3182 3483 3334 3537; x_wconf 72' lang='lat' dir='ltr'>Petri</span> <span class='ocrx_word' id='word_1_532' title='bbox 3387 3482 3733 3540; x_wconf 73' lang='lat' dir='ltr'>Luxoviensis</span> 
     </span>
    </p>
   </div>
   <div class='ocr_carea' id='block_1_79' title="bbox 2174 3571 3733 3652">
    <p class='ocr_par' dir='ltr' id='par_1_79' title="bbox 2174 3571 3733 3652">
     <span class='ocr_line' id='line_1_79' title="bbox 2174 3571 3733 3652; baseline -0.004 -18"><span class='ocrx_word' id='word_1_533' title='bbox 2174 3579 2469 3652; x_wconf 77' lang='lat' dir='ltr'>privilegia</span> <span class='ocrx_word' id='word_1_534' title='bbox 2502 3598 2528 3625; x_wconf 79' lang='grc' dir='ltr'>α</span> <span class='ocrx_word' id='word_1_535' title='bbox 2559 3593 2591 3628; x_wconf 90' lang='lat' dir='ltr'>a</span> <span class='ocrx_word' id='word_1_536' title='bbox 2622 3575 2839 3628; x_wconf 84' lang='lat' dir='ltr'>Joanne</span> <span class='ocrx_word' id='word_1_537' title='bbox 2858 3589 3011 3644; x_wconf 72' lang='lat' dir='ltr'>papa</span> <span class='ocrx_word' id='word_1_538' title='bbox 3049 3573 3144 3628; x_wconf 90' lang='lat' dir='ltr'><em>IV</em></span> <span class='ocrx_word' id='word_1_539' title='bbox 3170 3571 3444 3644; x_wconf 83' lang='lat' dir='ltr'>quondam</span> <span class='ocrx_word' id='word_1_540' title='bbox 3473 3587 3733 3640; x_wconf 83' lang='lat' dir='ltr'>concessa,</span> 
     </span>
    </p>
   </div>
   <div class='ocr_carea' id='block_1_80' title="bbox 2187 3661 3738 3733">
    <p class='ocr_par' dir='ltr' id='par_1_80' title="bbox 2187 3661 3738 3733">
     <span class='ocr_line' id='line_1_80' title="bbox 2187 3661 3738 3733; baseline -0.006 -9"><span class='ocrx_word' id='word_1_541' title='bbox 2187 3668 2400 3724; x_wconf 82' lang='lat' dir='ltr'>totidem</span> <span class='ocrx_word' id='word_1_542' title='bbox 2477 3663 2667 3730; x_wconf 78' lang='lat' dir='ltr'>verbis,</span> <span class='ocrx_word' id='word_1_543' title='bbox 2739 3665 3037 3716; x_wconf 82' lang='lat' dir='ltr'>interventu</span> <span class='ocrx_word' id='word_1_544' title='bbox 3091 3661 3348 3716; x_wconf 80' lang='lat' dir='ltr'>Hcinrici</span> <span class='ocrx_word' id='word_1_545' title='bbox 3401 3662 3738 3733; x_wconf 73' lang='lat' dir='ltr'>imperatoris</span> 
     </span>
    </p>
   </div>
   <div class='ocr_carea' id='block_1_81' title="bbox 2186 3759 2496 3812">
    <p class='ocr_par' dir='ltr' id='par_1_81' title="bbox 2186 3759 2496 3812">
     <span class='ocr_line' id='line_1_81' title="bbox 2186 3759 2496 3812; baseline 0 -2"><span class='ocrx_word' id='word_1_546' title='bbox 2186 3759 2423 3812; x_wconf 85' lang='lat' dir='ltr'>renovat.</span> <span class='ocrx_word' id='word_1_547' title='bbox 2468 3774 2496 3802; x_wconf 87' lang='lat'>»</span> 
     </span>
    </p>
   </div>
   <div class='ocr_carea' id='block_1_82' title="bbox 2634 3871 3217 3944">
    <p class='ocr_par' dir='ltr' id='par_1_82' title="bbox 2634 3871 3217 3944">
     <span class='ocr_line' id='line_1_82' title="bbox 2634 3871 3217 3944; baseline 0.002 -18"><span class='ocrx_word' id='word_1_548' title='bbox 2634 3872 2830 3944; x_wconf 84' lang='lat' dir='ltr'>(Anno</span> <span class='ocrx_word' id='word_1_549' title='bbox 2866 3874 2958 3927; x_wconf 81' lang='grc'>101</span> <span class='ocrx_word' id='word_1_550' title='bbox 2972 3871 3217 3938; x_wconf 77' lang='grc'>2-1024.)</span> 
     </span>
    </p>
   </div>
   <div class='ocr_carea' id='block_1_83' title="bbox 2266 4009 3594 4092">
    <p class='ocr_par' dir='ltr' id='par_1_83' title="bbox 2266 4009 3594 4092">
     <span class='ocr_line' id='line_1_83' title="bbox 2266 4009 3594 4092; baseline -0.011 -15"><span class='ocrx_word' id='word_1_551' title='bbox 2266 4021 2537 4092; x_wconf 56' lang='grc' dir='ltr'>[ΜΑΒΙῃ.,</span> <span class='ocrx_word' id='word_1_552' title='bbox 2560 4013 2768 4092; x_wconf 46' lang='lat' dir='ltr'>Ann-ot.</span> <span class='ocrx_word' id='word_1_553' title='bbox 2792 4009 3053 4092; x_wconf 34' lang='lat' dir='ltr'>ordinu‘S.</span> <span class='ocrx_word' id='word_1_554' title='bbox 3087 4009 3310 4089; x_wconf 83' lang='lat' dir='ltr'>Bened,,_</span> <span class='ocrx_word' id='word_1_555' title='bbox 3334 4010 3423 4092; x_wconf 48' lang='lat' dir='ltr'>IV,</span> 
     </span>
    </p>
   </div>
   <div class='ocr_carea' id='block_1_84' title="bbox 2199 4081 3736 4153">
    <p class='ocr_par' dir='ltr' id='par_1_84' title="bbox 2199 4081 3736 4153">
     <span class='ocr_line' id='line_1_84' title="bbox 2199 4081 3736 4153; baseline -0.008 -5"><span class='ocrx_word' id='word_1_556' title='bbox 2199 4137 2214 4153; x_wconf 93' lang='lat'><strong>.</strong></span> <span class='ocrx_word' id='word_1_557' title='bbox 2259 4081 2285 4146; x_wconf 69' lang='grc' dir='ltr'><strong><em>Ῑ</em></strong></span> <span class='ocrx_word' id='word_1_558' title='bbox 2318 4131 2332 4146; x_wconf 91' lang='grc'><strong>.</strong></span> <span class='ocrx_word' id='word_1_559' title='bbox 2378 4133 2392 4147; x_wconf 94' lang='grc'><strong>.</strong></span> <span class='ocrx_word' id='word_1_560' title='bbox 2435 4081 2641 4143; x_wconf 90' lang='lat' dir='ltr'>Datum</span> <span class='ocrx_word' id='word_1_561' title='bbox 2681 4085 2878 4138; x_wconf 70' lang='lat' dir='ltr'>Romae</span> <span class='ocrx_word' id='word_1_562' title='bbox 2909 4081 3100 4136; x_wconf 86' lang='lat' dir='ltr'>Idibus</span> <span class='ocrx_word' id='word_1_563' title='bbox 3130 4081 3346 4134; x_wconf 89' lang='lat' dir='ltr'>mensis</span> <span class='ocrx_word' id='word_1_564' title='bbox 3379 4081 3606 4152; x_wconf 90' lang='lat' dir='ltr'>Aprilis,</span> <span class='ocrx_word' id='word_1_565' title='bbox 3639 4081 3736 4137; x_wconf 88' lang='lat' dir='ltr'>in-</span> 
     </span>
    </p>
   </div>
   <div class='ocr_carea' id='block_1_85' title="bbox 2125 4177 2788 4250">
    <p class='ocr_par' dir='ltr' id='par_1_85' title="bbox 2125 4177 2788 4250">
     <span class='ocr_line' id='line_1_85' title="bbox 2125 4177 2788 4250; baseline -0.014 -13"><span class='ocrx_word' id='word_1_566' title='bbox 2125 4181 2374 4237; x_wconf 89' lang='lat' dir='ltr'>dictione</span> <span class='ocrx_word' id='word_1_567' title='bbox 2399 4177 2612 4250; x_wconf 91' lang='lat' dir='ltr'>prima.</span> <span class='ocrx_word' id='word_1_568' title='bbox 2658 4215 2670 4228; x_wconf 94' lang='lat'><em>.</em></span> <span class='ocrx_word' id='word_1_569' title='bbox 2717 4214 2730 4229; x_wconf 95' lang='lat'><em>.</em></span> <span class='ocrx_word' id='word_1_570' title='bbox 2774 4214 2788 4229; x_wconf 95' lang='lat'><em>.</em></span> 
     </span>
    </p>
   </div>
   <div class='ocr_carea' id='block_1_86' title="bbox 424 4343 3728 4400">
    <p class='ocr_par' dir='ltr' id='par_1_86' title="bbox 424 4343 3728 4400">
     <span class='ocr_line' id='line_1_86' title="bbox 424 4343 3728 4400; baseline -0.014 1"><span class='ocrx_word' id='word_1_571' title='bbox 424 4343 3728 4400; x_wconf 52' lang='grc' dir='ltr'><em>Μ</em></span> 
     </span>
    </p>
   </div>
   <div class='ocr_carea' id='block_1_87' title="bbox 1541 4497 2655 4621">
    <p class='ocr_par' dir='ltr' id='par_1_87' title="bbox 1541 4497 2655 4621">
     <span class='ocr_line' id='line_1_87' title="bbox 1541 4497 2655 4621; baseline -0.013 0"><span class='ocrx_word' id='word_1_572' title='bbox 1541 4505 1980 4620; x_wconf 70' lang='grc' dir='ltr'>οιωο</span> <span class='ocrx_word' id='word_1_573' title='bbox 2051 4497 2655 4614; x_wconf 72' lang='lat' dir='ltr'>RERUM.</span> 
     </span>
    </p>
   </div>
   <div class='ocr_carea' id='block_1_88' title="bbox 826 4700 3321 4848">
    <p class='ocr_par' dir='ltr' id='par_1_88' title="bbox 826 4700 3321 4848">
     <span class='ocr_line' id='line_1_88' title="bbox 826 4700 3321 4848; baseline -0.016 -6"><span class='ocrx_word' id='word_1_574' title='bbox 826 4727 1151 4848; x_wconf 62' lang='lat' dir='ltr'>QUZE</span> <span class='ocrx_word' id='word_1_575' title='bbox 1219 4722 1368 4827; x_wconf 89' lang='lat' dir='ltr'>IN</span> <span class='ocrx_word' id='word_1_576' title='bbox 1439 4716 1726 4822; x_wconf 88' lang='lat' dir='ltr'>HOC</span> <span class='ocrx_word' id='word_1_577' title='bbox 1795 4707 2193 4816; x_wconf 89' lang='lat' dir='ltr'>TOMO</span> <span class='ocrx_word' id='word_1_578' title='bbox 2267 4700 3321 4809; x_wconf 84' lang='lat' dir='ltr'>CONTINENTUR.</span> 
     </span>
    </p>
   </div>
   <div class='ocr_carea' id='block_1_89' title="bbox 1908 4879 2276 4898">
    <p class='ocr_par' dir='ltr' id='par_1_89' title="bbox 1908 4879 2276 4898">
     <span class='ocr_line' id='line_1_89' title="bbox 1908 4879 2276 4898; baseline -0.016 0"><span class='ocrx_word' id='word_1_579' title='bbox 1908 4879 2276 4898; x_wconf 43' lang='lat' dir='ltr'><strong><em>ﬂ</em></strong></span> 
     </span>
    </p>
   </div>
   <div class='ocr_carea' id='block_1_90' title="bbox 425 5002 1937 5086">
    <p class='ocr_par' dir='ltr' id='par_1_90' title="bbox 425 5002 1937 5086">
     <span class='ocr_line' id='line_1_90' title="bbox 425 5002 1937 5086; baseline -0.02 0"><span class='ocrx_word' id='word_1_580' title='bbox 425 5015 943 5086; x_wconf 76' lang='lat' dir='ltr'>BENEDICTUS</span> <span class='ocrx_word' id='word_1_581' title='bbox 980 5015 1042 5071; x_wconf 91' lang='lat' dir='ltr'>S.</span> <span class='ocrx_word' id='word_1_582' title='bbox 1076 5007 1450 5070; x_wconf 64' lang='lat' dir='ltr'>ANDREIE&#39;</span> <span class='ocrx_word' id='word_1_583' title='bbox 1471 5002 1937 5086; x_wconf 61' lang='lat' dir='ltr'>MONACHUS.</span> 
     </span>
    </p>
   </div>
   <div class='ocr_carea' id='block_1_91' title="bbox 493 5071 2040 5181">
    <p class='ocr_par' dir='ltr' id='par_1_91' title="bbox 493 5071 2040 5181">
     <span class='ocr_line' id='line_1_91' title="bbox 493 5071 2040 5181; baseline -0.016 -36"><span class='ocrx_word' id='word_1_584' title='bbox 493 5071 932 5181; x_wconf 32' lang='lat' dir='ltr'>(Deli—onedic—tovet</span> <span class='ocrx_word' id='word_1_585' title='bbox 964 5095 1072 5149; x_wconf 77' lang='lat' dir='ltr'>ejus</span> <span class='ocrx_word' id='word_1_586' title='bbox 1105 5085 1343 5134; x_wconf 88' lang='lat' dir='ltr'>chronico</span> <span class='ocrx_word' id='word_1_587' title='bbox 1379 5081 1571 5135; x_wconf 79' lang='lat' dir='ltr'>notitia.</span> <span class='ocrx_word' id='word_1_588' title='bbox 1980 5071 2040 5181; x_wconf 47' lang='lat' dir='ltr'>ig</span> 
     </span>
    </p>
   </div>
   <div class='ocr_carea' id='block_1_92' title="bbox 492 5135 2040 5302">
    <p class='ocr_par' dir='ltr' id='par_1_92' title="bbox 492 5135 2040 5302">
     <span class='ocr_line' id='line_1_92' title="bbox 492 5135 2040 5302; baseline -0.016 -29"><span class='ocrx_word' id='word_1_589' title='bbox 492 5160 1094 5302; x_wconf 47' lang='grc' dir='ltr'>ῈὲῗῗὲἓὲΒΑΤΟΒΙΑ</span> <span class='ocrx_word' id='word_1_590' title='bbox 1121 5205 1513 5264; x_wconf 81' lang='lat' dir='ltr'>POTESTATE</span> <span class='ocrx_word' id='word_1_591' title='bbox 1538 5201 1605 5256; x_wconf 85' lang='lat' dir='ltr'>IN</span> <span class='ocrx_word' id='word_1_592' title='bbox 1637 5200 1818 5256; x_wconf 81' lang='lat' dir='ltr'>URBE</span> <span class='ocrx_word' id='word_1_593' title='bbox 1847 5135 2040 5302; x_wconf 38' lang='lat' dir='ltr'>non}?</span> 
     </span>
    </p>
   </div>
   <div class='ocr_carea' id='block_1_93' title="bbox 435 5271 2040 5418">
    <p class='ocr_par' dir='ltr' id='par_1_93' title="bbox 435 5271 2040 5418">
     <span class='ocr_line' id='line_1_93' title="bbox 435 5271 2040 5347; baseline -0.001 0"><span class='ocrx_word' id='word_1_594' title='bbox 435 5271 798 5347; x_wconf 66' lang='lat' dir='ltr'>LlﬁELLUS.</span> <span class='ocrx_word' id='word_1_595' title='bbox 1972 5271 2040 5322; x_wconf 78' lang='lat'>50</span> 
     </span>
     <span class='ocr_line' id='line_1_94' title="bbox 541 5340 2040 5418; baseline -0.012 -6"><span class='ocrx_word' id='word_1_596' title='bbox 541 5353 1007 5418; x_wconf 82' lang='lat' dir='ltr'>.S&#39;YLVESTE&#39;R</span> <span class='ocrx_word' id='word_1_597' title='bbox 1036 5352 1138 5410; x_wconf 86' lang='lat' dir='ltr'>PA</span> <span class='ocrx_word' id='word_1_598' title='bbox 1155 5349 1250 5407; x_wconf 84' lang='lat' dir='ltr'>PA</span> <span class='ocrx_word' id='word_1_599' title='bbox 1286 5347 1362 5405; x_wconf 88' lang='lat' dir='ltr'><em>II</em></span> <span class='ocrx_word' id='word_1_600' title='bbox 1387 5340 1912 5418; x_wconf 76' lang='lat' dir='ltr'>(GERBERTUS).</span> 
     </span>
    </p>
   </div>
   <div class='ocr_carea' id='block_1_94' title="bbox 499 5407 2044 5484">
    <p class='ocr_par' dir='ltr' id='par_1_94' title="bbox 499 5407 2044 5484">
     <span class='ocr_line' id='line_1_95' title="bbox 499 5407 2044 5484; baseline -0.016 -4"><span class='ocrx_word' id='word_1_601' title='bbox 499 5407 694 5480; x_wconf 58' lang='lat' dir='ltr'>Noti-ti;</span> <span class='ocrx_word' id='word_1_602' title='bbox 717 5407 1400 5484; x_wconf 22' lang='lat' dir='ltr'>hgt‘oiicaﬁinWSylvestrum:</span> 
     </span>
    </p>
   </div>
   <div class='ocr_carea' id='block_1_95' title="bbox 501 5470 2040 5543">
    <p class='ocr_par' dir='ltr' id='par_1_95' title="bbox 501 5470 2040 5543">
     <span class='ocr_line' id='line_1_96' title="bbox 501 5470 2040 5543; baseline -0.016 -1"><span class='ocrx_word' id='word_1_603' title='bbox 501 5470 691 5543; x_wconf 61' lang='grc' dir='ltr'>ἱξεῖἱίῐίἶέ</span> <span class='ocrx_word' id='word_1_604' title='bbox 713 5470 1041 5539; x_wconf 57' lang='lat' dir='ltr'>tata-aa.“</span> <span class='ocrx_word' id='word_1_605' title='bbox 1100 5470 1117 5484; x_wconf 79' lang='lat'><strong>&#39;</strong></span> <span class='ocrx_word' id='word_1_606' title='bbox 1429 5541 1435 5543; x_wconf 94' lang='lat'>_</span> <span class='ocrx_word' id='word_1_607' title='bbox 1775 5537 1788 5543; x_wconf 91' lang='lat'><em>_</em></span> <span class='ocrx_word' id='word_1_608' title='bbox 1944 5470 2040 5543; x_wconf 33' lang='lat' dir='ltr'>“ei</span> 
     </span>
    </p>
   </div>
   <div class='ocr_carea' id='block_1_96' title="bbox 504 5535 2046 5622">
    <p class='ocr_par' dir='ltr' id='par_1_96' title="bbox 504 5535 2046 5622">
     <span class='ocr_line' id='line_1_97' title="bbox 504 5535 2046 5622; baseline -0.016 -16"><span class='ocrx_word' id='word_1_609' title='bbox 504 5535 908 5622; x_wconf 50' lang='lat' dir='ltr'>iiieﬁﬁﬁsiiajgﬁié</span> <span class='ocrx_word' id='word_1_610' title='bbox 954 5535 1162 5614; x_wconf 72' lang='lat' dir='ltr'>scriptis</span> <span class='ocrx_word' id='word_1_611' title='bbox 1216 5541 1442 5594; x_wconf 84' lang='lat' dir='ltr'>Gerberti</span> <span class='ocrx_word' id='word_1_612' title='bbox 1514 5545 1631 5606; x_wconf 81' lang='lat' dir='ltr'>post</span> <span class='ocrx_word' id='word_1_613' title='bbox 1673 5537 1881 5588; x_wconf 87' lang='lat' dir='ltr'>modum</span> <span class='ocrx_word' id='word_1_614' title='bbox 1942 5535 2046 5622; x_wconf 43' lang='lat'>8%.;</span> 
     </span>
    </p>
   </div>
   <div class='ocr_carea' id='block_1_97' title="bbox 568 5594 2049 5671">
    <p class='ocr_par' dir='ltr' id='par_1_97' title="bbox 568 5594 2049 5671">
     <span class='ocr_line' id='line_1_98' title="bbox 568 5594 2049 5671; baseline -0.016 0"><span class='ocrx_word' id='word_1_615' title='bbox 568 5594 806 5671; x_wconf 62' lang='grc' dir='ltr'>ἲὲἱίἱῖἰῐ.</span> <span class='ocrx_word' id='word_1_616' title='bbox 846 5594 907 5601; x_wconf 67' lang='grc'>“’</span> <span class='ocrx_word' id='word_1_617' title='bbox 955 5594 1028 5599; x_wconf 66' lang='grc'>”’“</span> <span class='ocrx_word' id='word_1_618' title='bbox 1045 5594 1078 5614; x_wconf 57' lang='grc'><strong>³</strong></span> <span class='ocrx_word' id='word_1_619' title='bbox 1515 5594 1532 5606; x_wconf 86' lang='grc'><em>’</em></span> <span class='ocrx_word' id='word_1_620' title='bbox 1976 5594 2049 5648; x_wconf 75' lang='lat'>&#39;63</span> 
     </span>
    </p>
   </div>
   <div class='ocr_carea' id='block_1_98' title="bbox 2137 4992 3747 5060">
    <p class='ocr_par' dir='ltr' id='par_1_98' title="bbox 2137 4992 3747 5060">
     <span class='ocr_line' id='line_1_99' title="bbox 2137 4992 3747 5060; baseline -0.003 -1"><span class='ocrx_word' id='word_1_621' title='bbox 2137 4997 2348 5060; x_wconf 77' lang='lat' dir='ltr'>PARS</span> <span class='ocrx_word' id='word_1_622' title='bbox 2374 4994 2638 5056; x_wconf 76' lang='lat' dir='ltr'>PRIMA</span> <span class='ocrx_word' id='word_1_623' title='bbox 2667 4993 3009 5057; x_wconf 83' lang='lat' dir='ltr'>OPERUM</span> <span class='ocrx_word' id='word_1_624' title='bbox 3042 4993 3497 5057; x_wconf 84' lang='lat' dir='ltr'>SYLVESTRI</span> <span class='ocrx_word' id='word_1_625' title='bbox 3527 4993 3610 5055; x_wconf 92' lang='lat' dir='ltr'>II.</span> <span class='ocrx_word' id='word_1_626' title='bbox 3637 4992 3747 5054; x_wconf 90' lang='lat' dir='ltr'>DE</span> 
     </span>
    </p>
   </div>
   <div class='ocr_carea' id='block_1_99' title="bbox 2337 5073 3543 5137">
    <p class='ocr_par' dir='ltr' id='par_1_99' title="bbox 2337 5073 3543 5137">
     <span class='ocr_line' id='line_1_100' title="bbox 2337 5073 3543 5137; baseline -0.003 0"><span class='ocrx_word' id='word_1_627' title='bbox 2337 5073 2833 5137; x_wconf 82' lang='lat' dir='ltr'>DISCIPLINIS</span> <span class='ocrx_word' id='word_1_628' title='bbox 2888 5073 3543 5137; x_wconf 76' lang='lat' dir='ltr'>MATHEMATICIS.</span> 
     </span>
    </p>
   </div>
   <div class='ocr_carea' id='block_1_100' title="bbox 2138 5149 3750 5205">
    <p class='ocr_par' dir='ltr' id='par_1_100' title="bbox 2138 5149 3750 5205">
     <span class='ocr_line' id='line_1_101' title="bbox 2138 5149 3750 5205; baseline -0.003 0"><span class='ocrx_word' id='word_1_629' title='bbox 2138 5156 2422 5205; x_wconf 83' lang='lat' dir='ltr'>LIBELLUS</span> <span class='ocrx_word' id='word_1_630' title='bbox 2462 5157 2535 5202; x_wconf 86' lang='lat' dir='ltr'>DE</span> <span class='ocrx_word' id='word_1_631' title='bbox 2571 5154 2952 5202; x_wconf 79' lang='lat' dir='ltr'>NUMERORUM</span> <span class='ocrx_word' id='word_1_632' title='bbox 2989 5155 3313 5203; x_wconf 86' lang='lat' dir='ltr'>DlVlSlONE.</span> <span class='ocrx_word' id='word_1_633' title='bbox 3687 5149 3750 5201; x_wconf 90' lang='grc'>85</span> 
     </span>
    </p>
   </div>
   <div class='ocr_carea' id='block_1_101' title="bbox 2204 5212 3752 5266">
    <p class='ocr_par' dir='ltr' id='par_1_101' title="bbox 2204 5212 3752 5266">
     <span class='ocr_line' id='line_1_102' title="bbox 2204 5212 3752 5266; baseline -0.001 -1"><span class='ocrx_word' id='word_1_634' title='bbox 2204 5216 2452 5266; x_wconf 80' lang='lat' dir='ltr'>Praefatio.</span> <span class='ocrx_word' id='word_1_635' title='bbox 3686 5212 3752 5263; x_wconf 75' lang='grc'>85</span> 
     </span>
    </p>
   </div>
   <div class='ocr_carea' id='block_1_102' title="bbox 2202 5274 3752 5339">
    <p class='ocr_par' dir='ltr' id='par_1_102' title="bbox 2202 5274 3752 5339">
     <span class='ocr_line' id='line_1_103' title="bbox 2202 5274 3752 5339; baseline -0.003 -11"><span class='ocrx_word' id='word_1_636' title='bbox 2202 5283 2314 5328; x_wconf 72' lang='lat' dir='ltr'>CAP.</span> <span class='ocrx_word' id='word_1_637' title='bbox 2346 5281 2380 5327; x_wconf 91' lang='lat' dir='ltr'>I.</span> <span class='ocrx_word' id='word_1_638' title='bbox 2414 5305 2476 5316; x_wconf 87' lang='lat'>——</span> <span class='ocrx_word' id='word_1_639' title='bbox 2509 5281 2572 5325; x_wconf 90' lang='lat' dir='ltr'>De</span> <span class='ocrx_word' id='word_1_640' title='bbox 2597 5277 2839 5339; x_wconf 83' lang='lat' dir='ltr'>singulari</span> <span class='ocrx_word' id='word_1_641' title='bbox 2866 5293 3096 5327; x_wconf 83' lang='lat' dir='ltr'>numero.</span> <span class='ocrx_word' id='word_1_642' title='bbox 3688 5274 3752 5324; x_wconf 78' lang='lat'><strong>88</strong></span> 
     </span>
    </p>
   </div>
   <div class='ocr_carea' id='block_1_103' title="bbox 2201 5339 3751 5391">
    <p class='ocr_par' dir='ltr' id='par_1_103' title="bbox 2201 5339 3751 5391">
     <span class='ocr_line' id='line_1_104' title="bbox 2201 5339 3751 5391; baseline -0.001 -1"><span class='ocrx_word' id='word_1_643' title='bbox 2201 5345 2314 5390; x_wconf 79' lang='lat' dir='ltr'>CAP.</span> <span class='ocrx_word' id='word_1_644' title='bbox 2340 5342 2398 5391; x_wconf 92' lang='lat' dir='ltr'>ll.</span> <span class='ocrx_word' id='word_1_645' title='bbox 2433 5368 2491 5377; x_wconf 95' lang='lat'>—</span> <span class='ocrx_word' id='word_1_646' title='bbox 2524 5343 2586 5388; x_wconf 86' lang='lat' dir='ltr'>De</span> <span class='ocrx_word' id='word_1_647' title='bbox 2603 5350 2832 5389; x_wconf 81' lang='lat' dir='ltr'>centeno.</span> <span class='ocrx_word' id='word_1_648' title='bbox 3688 5339 3751 5388; x_wconf 86' lang='lat'>86</span> 
     </span>
    </p>
   </div>
   <div class='ocr_carea' id='block_1_104' title="bbox 2207 5399 3749 5452">
    <p class='ocr_par' dir='ltr' id='par_1_104' title="bbox 2207 5399 3749 5452">
     <span class='ocr_line' id='line_1_105' title="bbox 2207 5399 3749 5452; baseline -0.003 0"><span class='ocrx_word' id='word_1_649' title='bbox 2207 5407 2322 5452; x_wconf 77' lang='lat' dir='ltr'>CAP.</span> <span class='ocrx_word' id='word_1_650' title='bbox 2355 5405 2438 5451; x_wconf 85' lang='grc' dir='ltr'><strong>ΙΙΙ.</strong></span> <span class='ocrx_word' id='word_1_651' title='bbox 2468 5430 2530 5440; x_wconf 91' lang='lat'>-—</span> <span class='ocrx_word' id='word_1_652' title='bbox 2567 5405 2631 5450; x_wconf 87' lang='lat' dir='ltr'>De</span> <span class='ocrx_word' id='word_1_653' title='bbox 2655 5404 2880 5451; x_wconf 76' lang='lat' dir='ltr'>milleno.</span> <span class='ocrx_word' id='word_1_654' title='bbox 3690 5399 3749 5448; x_wconf 84' lang='lat'>8&#39;!</span> 
     </span>
    </p>
   </div>
   <div class='ocr_carea' id='block_1_105' title="bbox 2207 5461 3749 5517">
    <p class='ocr_par' dir='ltr' id='par_1_105' title="bbox 2207 5461 3749 5517">
     <span class='ocr_line' id='line_1_106' title="bbox 2207 5461 3749 5517; baseline -0.002 -3"><span class='ocrx_word' id='word_1_655' title='bbox 2207 5469 2318 5514; x_wconf 80' lang='lat' dir='ltr'>CAP.</span> <span class='ocrx_word' id='word_1_656' title='bbox 2342 5468 2418 5517; x_wconf 90' lang='lat' dir='ltr'>IV.</span> <span class='ocrx_word' id='word_1_657' title='bbox 2447 5493 2506 5503; x_wconf 96' lang='lat'><strong>—</strong></span> <span class='ocrx_word' id='word_1_658' title='bbox 2535 5467 2599 5512; x_wconf 91' lang='lat' dir='ltr'>De</span> <span class='ocrx_word' id='word_1_659' title='bbox 2623 5464 2810 5513; x_wconf 90' lang='lat' dir='ltr'>deceno</span> <span class='ocrx_word' id='word_1_660' title='bbox 2839 5461 3064 5511; x_wconf 89' lang='lat' dir='ltr'>milleno.</span> <span class='ocrx_word' id='word_1_661' title='bbox 3353 5472 3376 5494; x_wconf 79' lang='grc' dir='ltr'><strong><em>ο</em></strong></span> <span class='ocrx_word' id='word_1_662' title='bbox 3689 5461 3749 5511; x_wconf 80' lang='lat'>81</span> 
     </span>
    </p>
   </div>
   <div class='ocr_carea' id='block_1_106' title="bbox 2207 5523 3750 5580">
    <p class='ocr_par' dir='ltr' id='par_1_106' title="bbox 2207 5523 3750 5580">
     <span class='ocr_line' id='line_1_107' title="bbox 2207 5523 3750 5580; baseline -0.002 -4"><span class='ocrx_word' id='word_1_663' title='bbox 2207 5531 2322 5580; x_wconf 76' lang='lat' dir='ltr'>CAP.</span> <span class='ocrx_word' id='word_1_664' title='bbox 2351 5531 2407 5579; x_wconf 92' lang='lat' dir='ltr'>V.</span> <span class='ocrx_word' id='word_1_665' title='bbox 2436 5553 2498 5565; x_wconf 92' lang='lat'><strong>—</strong></span> <span class='ocrx_word' id='word_1_666' title='bbox 2523 5529 2586 5575; x_wconf 89' lang='lat' dir='ltr'>De</span> <span class='ocrx_word' id='word_1_667' title='bbox 2609 5534 2818 5576; x_wconf 84' lang='lat' dir='ltr'>centeno</span> <span class='ocrx_word' id='word_1_668' title='bbox 2838 5524 3061 5573; x_wconf 86' lang='lat' dir='ltr'>milleno.</span> <span class='ocrx_word' id='word_1_669' title='bbox 3688 5523 3750 5580; x_wconf 76' lang='lat'>81</span> 
     </span>
    </p>
   </div>
   <div class='ocr_carea' id='block_1_107' title="bbox 2207 5575 3757 5653">
    <p class='ocr_par' dir='ltr' id='par_1_107' title="bbox 2207 5575 3757 5653">
     <span class='ocr_line' id='line_1_108' title="bbox 2207 5575 3757 5653; baseline -0.003 -11"><span class='ocrx_word' id='word_1_670' title='bbox 2207 5575 2323 5652; x_wconf 47' lang='lat' dir='ltr'>Cir,</span> <span class='ocrx_word' id='word_1_671' title='bbox 2343 5575 2422 5643; x_wconf 74' lang='lat' dir='ltr'>Vi.</span> <span class='ocrx_word' id='word_1_672' title='bbox 2442 5618 2504 5630; x_wconf 90' lang='lat'><strong><em>—</em></strong></span> <span class='ocrx_word' id='word_1_673' title='bbox 2526 5588 2785 5650; x_wconf 85' lang='lat' dir='ltr'>Quomodo</span> <span class='ocrx_word' id='word_1_674' title='bbox 2807 5585 3063 5639; x_wconf 79' lang='lat' dir='ltr'>dividatur</span> <span class='ocrx_word' id='word_1_675' title='bbox 3100 5583 3368 5652; x_wconf 71' lang='lat' dir='ltr'>singularis</span> <span class='ocrx_word' id='word_1_676' title='bbox 3406 5597 3499 5653; x_wconf 81' lang='lat' dir='ltr'>per</span> <span class='ocrx_word' id='word_1_677' title='bbox 3534 5575 3757 5650; x_wconf 72' lang='lat' dir='ltr'>singula-</span> 
     </span>
    </p>
   </div>
  </div>
