1932 3072
168 120 203 154 13
607 125 736 156 SERMO
755 126 794 155 1N
817 123 1078 156 NATlVITATEM
1099 125 1132 156 B.
1151 126 1186 156 V.
1206 125 1351 155 MARLE.
1762 125 1794 157 Η

165 181 286 208 exordio
311 180 404 209 infecti
430 181 524 209 morbo
547 186 722 214 corruerunt,
745 181 845 209 nedum
870 185 899 207 ut
934 180 964 207 hi
984 181 1064 216 primi
1098 182 1293 212 condcrcntur,
1323 188 1357 208 ne
1370 181 1795 216 committendumquidemet'at-

167 232 201 254 ιιι
214 227 268 254 illis
281 228 368 255 initiis
380 229 461 255 vicini
474 233 652 255 nascerentur
672 228 724 263 (Ι).

211 273 284 299 Ἀλλ’
307 271 396 307 οἶμαι,
414 274 541 309 καθάπερ
562 275 619 305 τοῖς
643 274 767 300 ἀτελέσιν
783 273 824 299 ἔτι
844 272 891 298 καὶ
911 280 952 305 νη·

1050 271 1245 297 Verumtamen
1261 269 1332 295 sicut
1350 267 1517 302 imperfectis
1532 268 1622 295 adhuc
1634 274 1660 296 et
1672 269 1795 296 nondum

167 319 366 353 πιωδεστέροις
383 320 413 345 οὐ
439 320 573 354 πρότερον
598 320 655 351 τοῖς
679 318 792 354 ὑψηλοῖς
816 317 959 352 προσιέναι

170 365 372 399 συγχωροῦμεν
385 365 439 391 τῶν
459 365 558 400 ἔργων,
580 364 633 396 ἕως
650 364 683 391 ἂν
698 365 744 399 ἐξῇ
761 364 808 390 καὶ
821 364 895 397 παρὰ
910 361 961 397 τῆς

167 411 282 446 ἡλικίας
309 410 442 446 μειζόνων
467 411 618 442 ἅπτεσθαι,
636 412 660 437 εἰ
685 411 776 445 βούλει
802 409 840 440 δὲ,
866 408 960 443 ὥσπερ

167 459 227 489 τοῖς
241 457 290 492 τὴν
304 457 366 492 ὄψιν
382 457 592 493 ἀσθενεστέροις
609 457 640 484 οὐ
656 458 715 488 ταῖς
731 457 857 491 ἡλιακαῖς
874 463 960 489 προσ-

169 505 282 532 ϐάλλειν
298 504 407 537 αὐγαῖς,
424 504 491 539 πρὶν
510 503 544 530 ἂν
560 503 641 536 ἱκανὴ
657 502 842 536 προσγένηται
859 501 959 535 ρῶσις,

166 549 209 581 ὡς
226 551 296 585 φίλῳ
310 551 349 585 τῷ
366 550 490 585 φωστῆρι
514 549 706 585 προσομιλεῖν·
721 548 766 575 τδν
782 548 838 574 ἴσον
852 547 886 583 δὴ
899 547 962 583 τρό-

166 605 221 622 πον
236 597 283 622 καὶ
299 597 353 623 τῶν
371 597 498 623 ἁπάντων
517 597 530 622 ὁ
555 595 673 629 Κτίστης
689 595 718 621 τὸ
734 594 893 621 καινότατον
914 593 961 628 δη-

168 641 334 676 μιούργημα
349 642 440 673 τοῦτο,
452 642 482 668 τὸ
494 641 661 676 ὑψηλότατον
676 641 777 674 θέαμα,
792 640 837 666 τὸν
849 648 962 673 φωτοειι

166 688 302 714 δὲστατον
324 688 427 720 δίσκον,
452 688 502 721 τὴν
519 686 710 722 πολυύμνητον
724 686 796 719 λέγω
812 686 960 719 Παρθένον,

166 734 226 763 τοῖς
250 732 341 764 ἄλλοις
364 733 566 768 συνυποστῆναι
593 731 702 768 πρῶτον
733 733 783 758 οὐκ
808 731 876 766 ᾤετο
895 732 960 758 δεῖν.

174 778 319 813 Ἐπείπερ.
333 779 372 810 ὡς
399 780 460 814 ἄρτι
482 779 543 805 τότε
581 778 854 814 βρεφουργηθέντων,
873 777 962 808 οὐδεὶς

166 823 201 849 ἂν
216 824 270 849 τῶν
287 825 370 850 πάλαι
388 825 418 850 τὸ
434 825 731 860 μεγαλοπρεπέστατον
749 823 830 850 τοῦτο
850 822 959 854 καλλος,

165 869 198 894 τὸ
216 871 392 903 φαεινὸτατον
414 871 460 896 καὶ
484 870 625 905 περίδοξον
641 869 759 904 ἕξαλμα,
808 868 959 904 πρδσῆχεν,

165 913 226 949 εἶχε
245 917 396 947 κατανοεῖν,
411 912 517 951 καῖτὴν
532 916 638 943 ἐκεῖθεν
649 916 745 951 φέρειν
759 915 868 943 ἀκτῖνα.

1012 320 1091 343 aetate
1105 315 1218 342 ﬁrmatis
1238 323 1290 341 non
1310 315 1506 349 permittimus,
1523 320 1551 341 ut
1567 323 1651 349 opera
1667 315 1795 342 sublimia

1012 362 1102 397 primo
1135 361 1349 396 aggrediantur,
1377 361 1465 388 donec
1496 361 1576 388 annis
1612 361 1734 396 provecti
1763 361 1796 387 iis

1012 407 1159 435 tractandis
1177 414 1256 442 pares
1269 407 1423 438 evaserint;
1449 411 1507 440 aut,
1536 407 1558 433 si
1587 408 1682 436 mavis.
1699 415 1796 442 quem-

1011 453 1159 480 admodum
1187 453 1230 484 lis,
1258 452 1305 487 qui
1337 452 1424 479 oculis
1449 457 1562 478 utuntur
1589 452 1796 482 inﬁrmitribus.

1011 499 1120 526 veniam
1140 506 1194 525 non
1214 498 1328 524 facimus
1345 502 1387 528 ut,
1401 502 1548 532 antequam
1561 497 1795 525 videndifacultas

1012 545 1126 572 idoneas
1141 544 1213 571 vires
1228 543 1397 578 acquisierit,
1416 543 1508 569 radios
1535 543 1638 570 solares
1653 544 1796 578 aspiciant.

1013 594 1043 616 ut
1070 589 1134 616 dein
1161 596 1223 616 cum
1250 589 1389 622 voluptate
1419 589 1525 622 possint
1560 589 1673 615 amicam
1708 589 1796 616 lucem

1013 634 1130 667 intueri;
1148 633 1275 660 eumdem
1300 633 1326 660 in
1351 634 1473 663 modum.
1493 638 1523 659 ut
1537 633 1648 667 quidem
1667 634 1796 665 arbitror,

1012 688 1106 707 rerum
1132 679 1254 706 omnium
1271 683 1389 710 creator,
1407 678 1585 705 novissimum
1604 679 1654 706 hoc
1669 678 1774 713 opnsﬂ
1788 699 1796 710 ,

1012 725 1201 761 spectaculum
1232 723 1481 757 sublimissimum,
1512 729 1617 751 astrum
1650 724 1796 759 fulgidissi-

1013 779 1087 799 mum
1101 771 1151 805 (5),
1167 770 1320 805 Virginem,
1342 770 1464 804 inquam,
1484 769 1559 796 omni
1574 769 1654 797 laude
1668 769 1798 803 dignissi-

1012 825 1084 845 mam
1096 817 1309 852 haudquaquam
1329 816 1363 842 ab
1385 815 1464 842 initio
1487 823 1548 842 cum
1572 815 1634 842 alis
1663 816 1798 842 creatur's

1012 862 1216 898 producendam
1255 869 1317 889 esse
1346 861 1463 888 censuit.
1494 860 1562 888 Cum
1590 861 1663 888 enim
1693 868 1741 895 per
1769 859 1795 886 id

1013 909 1146 943 temporis
1156 908 1183 935 in
1191 907 1308 943 quadam
1320 907 1435 934 infantia
1448 906 1597 941 (homines)
1608 913 1685 933 versa
1691 913 1797 935 rentur,

165 968 251 987 nemo
269 962 445 995 antiquorum
488 962 785 997 magniﬁcentissimam
824 961 895 988 hanc
933 954 1180 995 pulchritudinem,
1213 961 1295 980 nemo
1337 952 1590 987 splendidissimum
1635 952 1687 978 hoc
1715 954 1797 985 atque

165 1006 397 1041 gloriosissimum
408 1007 501 1042 jubar,
519 1007 611 1041 prouti
628 1015 677 1041 par
689 1012 743 1039 est,
758 1005 949 1041 contemplari,
969 1008 997 1030 et
1011 1001 1147 1035 fulgorem
1167 999 1230 1026 inde
1242 998 1406 1025 emicantem
1423 998 1494 1025 ferre
1508 997 1654 1033 potuissu.

202 1051 235 1077 ΕΞ
259 1051 288 1076 δέ
311 1059 352 1081 τις
366 1052 413 1077 καὶ
434 1051 501 1084 ὖλης
516 1051 596 1085 λόγον
621 1052 730 1086 ἐπέχειν
748 1052 893 1087 προσείποι
908 1051 952 1076 καῖ

1044 1046 1146 1073 Contra
1158 1044 1180 1072 si
1195 1044 1256 1079 quis
1271 1044 1461 1076 contenderet,
1475 1048 1503 1071 et
1516 1045 1628 1076 malum,
1642 1047 1669 1070 et
1684 1047 1794 1070 terram‘

165 1097 295 1131 οὐρανὸν,
314 1097 361 1122 καὶ
378 1097 439 1132 γῆν,
458 1099 505 1123 καὶ
522 1097 671 1129 θάλασσαν,
688 1098 735 1124 καὶ
749 1098 800 1124 ὅσα
813 1097 862 1129 τῆς
878 1097 954 1131 Παρ-

165 1144 244 1170 θένευ
263 1143 403 1178 προῆλθε,
429 1143 473 1169 διὰ
498 1144 578 1169 τοῦτο
606 1144 827 1178 προῡποστάντα,
854 1143 889 1168 ἶν’
916 1143 956 1174 εἰς

165 1189 325 1215 συντέλειαν
338 1188 377 1222 τῷ
394 1188 503 1224 πλάστῃ
524 1188 654 1224 προτεθῇ,
673 1189 721 1224 τῆς
740 1188 956 1223 εἰδοποιηθείσης

164 1235 263 1268 καινῆς
286 1242 315 1260 τε
345 1235 393 1260 καὶ
415 1234 605 1268 ἁπαραμίλὶου
626 1234 737 1269 στήλης,
757 1234 829 1269 φημὶ
855 1233 884 1260 δὲ
907 1233 956 1268 τὴν

163 1279 316 1311 πάναγνον,
341 1280 378 1313 μὴ
401 1279 494 1313 πόρῤω
511 1278 618 1313 βάλλειν
630 1279 677 1313 τῆς
695 1279 823 1313 ἀληθείας
838 1278 899 1313 ἐμοὶ
911 1277 954 1304 δο⁴

163 1325 208 1351 κεῖ
218 1332 224 1340 ·
243 1324 260 1359 ἢ
274 1325 395 1358 δένδρεσι
411 1320 501 1350 πάντα
511 1325 651 1358 ἀναλογεῖν
663 1326 767 1356 ἐκεῖνα,
780 1324 804 1350 εί
817 1325 864 1351 καὶ
878 1324 956 1350 τοῦτο

161 1369 222 1403 δοίη
239 1377 293 1400 τις,
310 1369 356 1394 τὸν
371 1369 537 1403 ὡραιότατον
560 1369 592 1402 δὴ
609 1369 705 1396 τοῦτον
731 1369 778 1395 καὶ
802 1368 956 1404 παράδοξον

161 1415 294 1442 ὠδίνουσι
319 1416 437 1450 καρπὸν,
468 1415 518 1450 οὐχ
547 1416 719 1450 ἁμαρτήσειν
750 1413 871 1449 ἠγοῦμαι
906 1414 954 1440 τοῦ

160 1462 282 1492 δέοντος.

198 1595 286 1622 Τοῦτο
304 1595 333 1622 δέ
351 1604 397 1630 μοι
417 1595 487 1621 δοκῶ
511 1596 558 1622 καὶ
577 1595 607 1622 τὸ
631 1595 704 1622 θεῖον
721 1595 888 1622 αἰνίττεσθαι
910 1595 955 1621 λό-

158 1650 235 1677 γιον.
252 1642 298 1676 Γῆ
313 1642 416 1674 ἔδωκε,
433 1642 548 1676 φάσκον,
566 1642 621 1668 τὸν·
636 1641 754 1675 καρπὸν
769 1641 865 1676 αὐτῆς
876 1649 884 1657 ο
903 1642 955 1676 γῆν

161 1688 216 1722 μὲν
247 1687 347 1714 ὡσανεὶ
374 1687 408 1714 τὰ
431 1687 561 1721 γεγονότα
588 1688 778 1721 διασημαῖνον,
804 1688 910 1723 καρπὸν
926 1687 954 1713 δὲ

1007 1096 1036 1119 et
1052 1098 1139 1122 mare,
1165 1095 1247 1124 atque
1268 1089 1359 1116 omnia
1381 1097 1554 1124 qumcunque
1576 1095 1639 1116 ante
1658 1090 1794 1124 Virginem

1007 1140 1219 1172 praecesserunt,
1245 1135 1367 1162 materim
1383 1135 1470 1161 vicem
1497 1135 1659 1165 obtinuisse,
1680 1142 1711 1162 ac
1731 1143 1781 1169 pro

1008 1188 1101 1218 pterea
1129 1183 1207 1217 prius
1235 1181 1319 1208 fuisse
1350 1181 1493 1216 producta,
1519 1185 1551 1207 ut
1580 1185 1677 1215 praesto
1704 1186 1797 1208 essent

1009 1227 1116 1255 Factori
1127 1227 1160 1254 ad
1173 1227 1366 1254 claborandam
1378 1234 1477 1254 novam
1490 1227 1561 1254 hanc
1578 1226 1793 1261 pulcherrimam

1009 1278 1036 1301 et
1047 1273 1289 1308 incomparabilem
1298 1273 1426 1305 formam,
1435 1272 1687 1300 innocentissintam
1697 1281 1796 1308 nempe

1008 1320 1165 1355 Virginem;
1180 1311 1307 1353 equidem
1330 1318 1353 1346 is
1364 1326 1419 1346 non
1446 1321 1542 1353 procul
1559 1327 1573 1345 ιι
1585 1327 1653 1345 vero
1667 1319 1794 1346 aberrare

1009 1365 1076 1393 mihi
1092 1365 1243 1392 videretur.
1262 1364 1289 1391 Si
1301 1364 1364 1399 quis
1380 1365 1462 1391 etiam
1480 1364 1571 1391 omnia
1586 1364 1631 1391 illa
1647 1364 1795 1392 arboribus

1008 1411 1193 1446 comparanda
1206 1418 1267 1438 esse
1280 1410 1396 1442 diceret,
1412 1417 1473 1444 qua:
1486 1409 1560 1437 hunc
1580 1417 1646 1437 sane
1667 1411 1795 1445 pulcher-

1008 1458 1111 1484 rimum
1132 1462 1160 1484 et
1176 1456 1369 1484 admirandum
1392 1456 1512 1483 fructum
1538 1456 1684 1490 dederint;
1706 1457 1794 1484 haud-

1006 1510 1154 1538 quaquam,
1169 1502 1345 1534 crediderim,
1363 1502 1397 1529 ab
1408 1508 1453 1534 eo,
1466 1501 1539 1536 quod
1549 1501 1723 1529 sentiendum
1734 1507 1788 1532 est,

1008 1548 1060 1576 iste
1074 1547 1243 1575 deﬂecteret.

1042 1594 1071 1621 Id
1087 1598 1177 1622 autem
1196 1593 1366 1621 subobscure
1391 1593 1507 1621 innuere
1532 1594 1599 1621 mihi
1628 1594 1737 1622 videtur
1765 1600 1794 1621 et

1007 1639 1132 1667 divinum
1156 1640 1224 1667 illud
1249 1640 1401 1672 oraculum,
1428 1639 1502 1675 quod
1527 1640 1583 1667 ait:
1614 1640 1696 1667 Terra
1722 1641 1793 1667 dedi

1007 1685 1123 1721 {rut-lum
1139 1694 1216 1713 suum
1232 1686 1254 1719 ⁸,
1288 1689 1368 1714 teme
1387 1693 1486 1721 nempe
1520 1687 1630 1714 nomine
1647 1687 1793 1722 designans

158 1735 212 1770 τὴν
229 1735 369 1769 Πάντιμον
379 1741 386 1748 ·
404 1734 436 1759 οὑ
450 1734 504 1768 γὰρ
517 1733 564 1760 δύο
578 1733 632 1759 τῶν
647 1733 809 1768 ποιημάτων
824 1732 840 1768 ἢ
859 1733 952 1768 τριῶν,

1006 1739 1038 1759 ea
1054 1740 1115 1766 qua
1132 1732 1265 1767 producta
1283 1732 1402 1764 fuerant,
1421 1734 1540 1760 fructum
1561 1741 1627 1760 vero
1652 1733 1793 1768 appellans

158 1780 176 1815 ἢ
198 1779 310 1810 δεκάκις
336 1779 473 1805 τοσούτων
500 1778 665 1814 συνδρομῆς»
691 1777 760 1804 ἀλλὰ
784 1778 830 1804 καὶ
851 1778 954 1813 σφόδρα

160 1826 297 1853 πλειόνων
312 1826 382 1858 πρὶς
397 1825 612 1860 τελεσιουργίαν,
637 1825 668 1852 τὸ
682 1824 954 1860 καλλιπρεπὲστατον

156 1872 241 1900 τοῦτο
254 1872 302 1899 καὶ
315 1872 387 1898 Θεῖον
399 1872 484 1898 tum
500 1871 655 1907 κειμήλιον.

194 2003 232 2030 Γ¹.
260 2003 341 2030 Ἀλλὰ
361 2003 386 2030 τί
409 2002 490 2030 τοῦτο
514 2003 602 2038 Myro;
628 2003 743 2036 Οὐδενὸς
762 2003 815 2030 τῶν
830 2004 950 2039 γενητῶν

154 2051 263 2078 δεῖσθαι
275 2051 325 2086 τὴν
340 2051 479 2086 μακαρίαν
492 2052 559 2087 πρὸς
568 2052 674 2085 γένεσιν
684 2052 796 2087 ἑαυτῆς,
811 2053 852 2083 είς
867 2051 948 2086 βάθος

156 2098 287 2132 (θανεῖται
309 2097 474 2125 σκοποῦντιι
495 2099 615 2134 μάλιστα
630 2098 684 2133 γὰρ
707 2100 783 2126 πᾶσα
805 2099 822 2133 ἠ
839 2098 949 2134 ποίησις

154 2143 263 2178 ταύτης
287 2144 374 2170 ἐδεῖτο
400 2144 469 2179 πρός
488 2152 516 2170 τε
545 2144 717 2180 παραγωγὴν
733 2144 781 2171 καὶ
800 2144 850 2178 τὴν
878 2145 946 2180 μετά

151 2187 239 2214 τοῦτο
257 2188 450 2223 διακόσμησιν.
471 2189 528 2223 Τῆς
544 2190 597 2224 γὰρ
619 2190 687 2225 πρὸς
712 2189 742 2216 τὸ
760 2191 884 2225 κρεῖττον
899 2190 945 2216 ἁλ-

150 2233 293 2266 λοιὼσεως
308 2235 324 2268 ἡ
343 2235 480 2270 Ιιαρθὲνος
497 2236 592 2270 σαφῶς
610 2237 693 2262 πᾶσιν
709 2236 784 2263 αῑτία
804 2237 941 2272 κατέστη·

150 2279 203 2305 καὶ
224 2280 248 2305 εί
264 2279 302 2314 μὴ
319 2279 398 2306 τοῦτο
422 2280 545 2315 ἔμελλεν,
569 2282 624 2308 οὐδ’
646 2281 679 2308 ἂν
700 2282 818 2317 ἐμέλησε
836 2282 875 2317 τῷ
890 2284 943 2317 Δη-

1007 1778 1144 1814 Virginem
1160 1780 1234 1806 omni
1259 1779 1362 1806 honore
1382 1779 1581 1814 dignissimam.
1605 1779 1700 1814 Neque
1718 1788 1790 1807 ennn

1005 1824 1113 1851 duabus
1134 1828 1182 1851 aut
1205 1824 1294 1852 tribus
1313 1829 1361 1852 aut
1383 1825 1466 1852 etiam
1483 1824 1574 1852 decies
1597 1825 1792 1860 multiplicatis

1005 1870 1149 1902 creaturis,
1179 1870 1227 1898 sed
1248 1871 1327 1905 longe
1350 1870 1470 1904 plurium
1488 1878 1625 1898 concursu
1646 1878 1715 1905 opus
1730 1876 1791 1897 erat

1004 1916 1037 1943 ad
1068 1916 1322 1951 splendidissimum
1359 1915 1412 1944 hoc
1441 1916 1621 1950 divinumque
1650 1916 1789 1942 cituclimn

1001 1962 1212 1996 perﬁciendum.

1039 2008 1084 2036 lll.
1108 2008 1268 2044 Quanquam
1295 2016 1345 2036 cur
1378 2007 1404 2036 id
1429 2008 1554 2036 affirmo?
1576 2008 1701 2035 Proferto
1729 2017 1786 2036 rem

1002 2054 1126 2089 penitius
1138 2054 1320 2090 perpendenti
1344 2054 1434 2088 palam
1456 2053 1513 2086 ﬁet,
1541 2054 1616 2081 nulla
1637 2060 1752 2089 prorsus
1773 2063 1789 2081 c

1000 2100 1133 2127 creaturis
1149 2101 1263 2127 beatamt
1283 2100 1368 2132 illam.
1382 2105 1412 2128 ut
1429 2101 1495 2127 oriri
1507 2105 1609 2136 posset,
1621 2100 1788 2135 indiguisse;

999 2153 1062 2173 nam
1081 2150 1177 2173 contra
1194 2147 1328 2174 universa
1352 2146 1407 2174 imo
1426 2151 1559 2174 creatura:
1581 2151 1637 2173 tum
1661 2151 1690 2174 lll.
1720 2155 1787 2174 con-

998 2191 1141 2224 derentur,
1157 2197 1213 2220 tum
1232 2197 1263 2220 ut
1276 2193 1376 2220 deinde
1394 2198 1493 2221 ornatu
1517 2193 1732 2228 perﬁcerentur,
1752 2201 1784 2220 ea

997 2237 1184 2273 indiguerunt.
1204 2238 1238 2266 Et
1251 2247 1316 2266 sane
1334 2239 1414 2274 Virgo
1429 2239 1558 2267 omnibus
1580 2239 1678 2273 procul
1698 2238 1784 2266 dubio

997 2291 1079 2311 causa
1100 2284 1205 2312 exstitit
1218 2285 1400 2312 restitutionis
1416 2284 1444 2312 in
1463 2285 1572 2312 melius.
1583 2285 1641 2312 Nisi
1655 2292 1721 2312 vero
1733 2285 1777 2312 fu-

150 2324 280 2360 μιουργῷ
300 2325 350 2360 τῆς
369 2324 457 2360 ἁπλῆς
477 2326 586 2362 ἐκείνης
609 2327 801 2362 δημιουργίας,
818 2327 889 2354 ὥστε
906 2328 941 2354 τὰ

1006 2338 1086 2357 urum
1104 2330 1131 2357 id
1154 2330 1262 2362 fuisset,
1279 2338 1370 2366 neque
1389 2330 1424 2358 de
1440 2330 1579 2358 universis
1597 2331 1671 2358 hisce
1688 2338 1784 2358 creane

187 2405 197 2420 ‘
208 2405 281 2431 Psal.
299 2412 371 2436 vat,
386 2405 402 2432 6

785 2465 855 2495 Ant.
879 2462 1028 2495 Ballerini
1049 2466 1146 2495 notas.

189 2524 228 2560 (t)
254 2523 405 2561 Meridiana
430 2523 687 2561 luce‘mauifestius
717 2529 770 2556 est,
801 2525 942 2561 Virginem

147 2558 302 2595 Dciparam
332 2559 384 2595 hie_
395 2558 512 2592 supponi
524 2567 540 2595 a
555 2560 622 2586 vitio
636 2559 683 2586 illo
698 2558 864 2594 exemptam,
887 2569 942 2595 quo

145 2596 244 2622 creteri
261 2593 355 2620 infecti
368 2593 507 2620 dicuntur.
525 2593 662 2626 Qumritur
674 2595 759 2626 enim,
774 2593 824 2622 cur
843 2593 903 2622 non'
914 2596 942 2622 in

145 2630 219 2664 ipsis
236 2629 330 2655 mundi
344 2629 502 2663 primordiis
516 2634 605 2656 creata
621 2629 665 2655 illa
681 2629 772 2660 fuerit.
783 2638 843 2664 qum
860 2635 942 2658 teter-

146 2665 260 2699 rimum,
271 2664 411 2690 hominum
429 2664 533 2698 lapsum
548 2665 713 2699 impeditura
726 2664 833 2692 fuisset.

185 2699 225 2733 (2)
241 2698 294 2725 Fac
310 2699 448 2735 advertas,
466 2700 610 2725 nouitatem
627 2699 660 2725 de
675 2699 734 2731 ipsa
749 2699 869 2735 Virginis
881 2699 942 2735 pla-

146 2735 287 2762 smatione
307 2733 460 2767 praedicari.

185 2770 225 2804 (5)
243 2769 402 2802 Metaphora
416 2775 429 2793 a
447 2775 562 2802 corpore
577 2769 682 2796 ccelesti
700 2776 747 2796 seu
762 2773 837 2797 astro
850 2769 944 2804 splen—

144 2804 331 2834 dentissimo,
353 2804 507 2839 cujusmodi
533 2811 577 2830 ex.
605 2812 645 2838 gr.
662 2805 701 2831 sol
716 2810 769 2836 est,
797 2805 942 2839 desumpta

143 2841 180 2867 ad
197 2839 338 2873 Virginem
354 2837 550 2872 designandum
563 2837 693 2873 usurpata
708 2839 761 2866 fuit
775 2840 809 2866 ab
839 2837 940 2875 insigni

996 2532 1107 2561 quoque
1135 2524 1321 2561 Chrysostomi
1350 2525 1489 2561 discipulo
1511 2534 1544 2554 ac
1565 2534 1724 2554 successore
1754 2529 1783 2556 in

995 2559 1376 2596 sede’Constantinopolitana
1393 2559 1488 2589 Pr'nclo
1509 2563 1588 2596 (orat.
1603 2561 1619 2587 6
1634 2562 1660 2588 in
1688 2562 1717 2589 S.
1736 2563 1782 2591 Dei

994 2595 1171 2626 Genitriccm.
1190 2603 1217 2622 n.
1238 2595 1281 2626 17,
1298 2595 1422 2622 Gallamt.
1457 2595 1524 2624 tom;
1556 2596 1600 2627 IX,
1618 2604 1678 2630 pag.
1708 2597 1782 2631 646).

996 2630 1113 2657 Attende
1135 2638 1217 2663 βου-ο
1230 2631 1336 2662 sedulo,
1364 2632 1409 2658 hic
1424 2631 1569 2666 disputari.
1597 2639 1656 2662 cur,
1674 2633 1783 2666 potius-

994 2673 1076 2700 quam
1094 2666 1127 2692 ab
1140 2665 1218 2692 initio
1235 2667 1328 2692 mundi
1346 2674 1408 2693 cum
1426 2665 1488 2693 aliis
1503 2667 1648 2698 creaturis,
1675 2665 1781 2694 forma-

996 2705 1054 2727 tum
1069 2702 1207 2738 posterius
1220 2701 1418 2738 lucidissimum
1435 2702 1486 2738 hoc
1499 2701 1576 2738 sidus
1593 2700 1684 2738 fuerit.
1712 2701 1782 2738 Ergo

997 2744 1050 2762 non
1065 2735 1156 2772 minus
1184 2736 1334 2763 absurdum
1366 2741 1407 2763 ext
1436 2736 1605 2765 existimare.
1637 2735 1780 2772 Deipara'm

997 2771 1093 2799 Adami
1111 2775 1254 2807 peccatum
1268 2776 1381 2798 contrax
1397 2779 1452 2802 sse,
1485 2779 1567 2807 quam
1593 2771 1728 2799 absonum
1747 2779 1782 2799 s-t

999 2810 1126 2840 reputare
1141 2806 1236 2831 eodem
1253 2813 1365 2839 peccato
1376 2807 1446 2833 uilici
1461 2814 1520 2833 eam
1535 2810 1597 2833 ante
1609 2807 1696 2841 ipsum
1717 2809 1781 2834 Ade

999 2841 1104 2875 lapsum
1135 2846 1267 2875 potuisse.
