1932 3072
145 96 178 127 15
669 100 818 132 ISIDORI
839 103 981 133 THESSA
988 104 1213 135 LONICENSiS
1728 103 1758 136 iis

139 151 181 177 dis
201 150 333 177 Conditor
352 151 432 185 plane
453 151 611 186 cogitasset.
643 153 819 188 Quzecuuque
843 154 925 189 igitur

981 157 1191 192 προῦπὲιρξαντα
1214 157 1258 182 διὰ
1285 158 1386 192 ταύτης
1409 158 1527 192 ὑπέστη·
1545 159 1592 185 καί
1612 157 1645 194 ἦν
1660 159 1712 195 ἄρα
1725 162 1760 187 τὰ

138 201 201 223 ante
218 204 278 223 eam
300 196 423 229 fuerunt,
449 196 536 231 ipsius
553 198 639 232 gratia
666 198 868 231 substiterunt;
895 204 923 227 ct

138 241 242 268 idcirco
259 241 344 277 (quod
359 249 424 269 sane
438 242 604 277 stupendum
620 243 672 278 est)
689 251 749 278 qum
762 244 818 279 jam
831 251 922 273 creata

137 292 226 320 erant,
242 288 313 322 ipsa,
326 296 390 322 quae
409 288 500 316 adhuc
511 293 571 316 erat
584 289 712 322 creanda,
724 295 754 316 ut
768 291 922 318 conderen-

139 341 193 366 tttr,
204 333 384 369 indigebant;
409 342 441 361 ac
455 342 526 362 nova
540 343 654 368 prorsus
670 336 776 362 ratione
793 337 849 370 ipsa
865 337 921 363 sola

973 202 1102 235 γεγονότα
1119 202 1276 237 παραδόξως
1291 203 1340 237 τῆς
1358 205 1542 240 γενησομένης
1559 207 1626 242 πρὸς
1639 208 1669 233 τὸ
1685 209 1761 242 γενέ-

975 247 1038 274 σθαι
1061 249 1186 283 δεόμενα,
1204 250 1251 275 καὶ
1273 249 1341 285 μόνη
1367 251 1466 282 καινῶς
1483 252 1544 283 τοὺς
1561 254 1682 287 πατέρας
1697 263 1763 288 προ-

975 293 1066 320 έτεκε·
1083 295 1208 321 τοσοῦτον
1225 296 1241 330 ἡ
1259 296 1397 331 Παρθένος
1413 297 1468 323 τῶν
1490 298 1536 324 τὸν
1553 298 1611 332 βίον
1632 300 1761 335 προειλη-

975 339 1064 372 φότων
1080 340 1187 371 οὐδενὸς
1202 341 1310 375 ἐδεήθη.

138 382 241 409 suosin
257 388 430 409 antecessum
443 383 701 417 peperitparentes.
718 383 794 410 Adeo
815 384 925 411 neruine
944 393 1051 420 eorum,
1083 387 1185 421 quibus
1206 388 1322 423 contigit
1356 395 1419 416 ante
1442 390 1528 425 ipsam
1548 391 1653 422 vivere,
1680 393 1762 425 Virgo

138 427 255 462 indiguit
268 428 274 453 ι

170 473 216 500 IV.
248 473 302 500 Sed
335 478 469 508 przeterea
500 474 610 501 diversa
641 482 752 509 quoque
777 483 791 502 a
817 476 924 504 caeteris

136 519 348 554 quibuscunque
375 521 485 555 penitus
525 520 582 555 ipsa
609 526 660 548 est.
690 521 759 554 Quid
787 527 830 548 cst
847 522 922 549 enim

136 566 209 592 inter
232 570 340 592 creatas
359 573 403 593 res
416 573 523 597 omnes,
542 567 615 600 quod
632 574 718 601 prope
734 567 766 593 ad
784 567 923 594 admiran-

139 612 203 638 dum
223 611 276 638 hoc
292 611 359 638 artis
378 618 448 646 opus
471 611 593 640 accedat.
612 612 692 646 cujus
717 612 922 646 pulchritudine

138 657 180 684 vel
198 658 254 691 ipse
271 662 368 691 captus
391 655 442 683 iuit
457 655 601 688 Conditor|
628 657 701 683 unde
726 661 754 684 et
774 657 841 684 illud
867 656 921 683 sibi

135 703 257 729 omnium
280 703 435 730 art-tissima
458 703 624 737 cognatione
645 703 787 730 devinxit?
805 703 925 735 Etenim,

135 757 152 774 ι)
170 756 226 775 rem
249 748 324 775 omni
349 748 531 775 admiratione
561 749 714 784 majorem!
740 754 769 776 ut
795 749 841 776 illa
872 749 925 776 sibi

1012 475 1049 503 Δ’.
1068 477 1129 504 Ἔτι
1146 478 1173 504 δὲ
1189 478 1235 504 καὶ
1253 478 1319 514 προς
1334 479 1423 505 πάντα
1440 480 1632 515 παρήλλακται
1643 489 1650 496 ’
1666 483 1692 508 τί
1710 482 1762 517 γόρ

976 522 1031 549 τῶν
1051 524 1206 558 γενομένων
1225 524 1336 550 πώποτε
1353 525 1451 557 γένοιτ’
1467 527 1499 552 ἄν
1514 526 1707 562 παραπλήσιον
1724 528 1762 562 τῷ

977 568 1045 603 ξένῳ
1061 569 1149 604 τούτῳ
1171 571 1336 605 τεχνήματι,
1361 567 1391 596 οἵ)
1408 571 1455 597 τοῦ
1471 572 1585 603 κάλλους
1603 573 1650 599 καὶ
1665 573 1679 599 ὁ
1696 574 1763 601 πλά-

977 619 1042 646 στης
1064 615 1146 647 ἑάλω,
1172 616 1220 642 καὶ
1233 617 1273 648 εἰς
1290 618 1423 651 μεγίστην
1435 617 1523 651 ἐαυτῷ
1541 618 1669 653 συνέδησε
1684 619 1762 645 τοῦτο

977 660 1151 693 σνγγένειαν;
1171 662 1287 697 Μητέρα
1313 663 1367 698 γὰρ
1392 663 1423 689 τὸ
1441 663 1658 697 παραδοξότατον
1683 673 1762 698 75v;-

976 703 1036 730 σΟαι
1065 706 1273 740 παρεσκεύασεν
1303 708 1417 740 ἑαυτοῦ,
1443 707 1537 742 ὥσπερ
1563 709 1612 734 οὐκ
1638 709 1762 744 ἀποχρῆν

973 749 1062 781 ἄλλως
1087 751 1238 786 ἡγούμενος
1269 752 1439 784 ἐνδείξασθαι
1469 754 1518 788 τὴν
1545 754 1594 788 τῆς
1622 754 1762 787 πανάγνου

135 799 224 821 mater
243 798 326 826 esset,
352 794 410 828 ipse
428 794 593 827 constituit,
616 795 700 821 veluti
735 799 828 827 ratus,
849 795 921 822 haud

981 795 1185 831 ιεγαλειότητα,
1211 798 1235 823 εἰ
1263 798 1300 834 μὴ
1320 799 1352 833 τῇ
1372 799 1467 834 πρώτῃ
1481 799 1534 825 τῶν
1554 799 1585 824 ἐκ
1603 800 1763 833 συγγενείας

136 839 216 867 aliter
240 839 474 866 innocentissimm
502 839 576 867 illius
601 840 831 875 magniﬁcentiam
854 843 921 869 satis

137 885 244 913 ostendi
269 892 360 919 posse,
384 884 437 912 nisi
462 892 568 912 summa
585 885 707 912 omnium
735 886 921 918 necessitudo,

137 938 261 959 materna
286 931 402 962 scilicet,
422 939 476 965 qua
493 931 561 958 nihil
577 931 680 958 arctius
699 932 770 959 inter
793 932 919 960 homines

137 983 184 1006 aut
212 978 400 1006 honorabilius
419 985 480 1006 esse
503 979 641 1011 novimus,
668 977 778 1005 sibimet
807 986 868 1006 cum
891 987 923 1006 ea

137 1025 331 1052 intercederet.

174 1072 339 1105 Quod-vero
366 1076 469 1099 nostrae
497 1080 607 1107 quoque
628 1073 724 1100 forum
740 1073 785 1100 illa
801 1074 871 1101 facta
889 1073 924 1100 sit

137 1118 286 1153 particeps,
295 1117 321 1144 id
337 1125 403 1145 sane
423 1117 498 1144 nulla
509 1118 561 1145 alia
577 1117 611 1146 de
621 1126 704 1146 causa
722 1119 824 1146 factum
839 1119 922 1145 fuisse

136 1165 264 1197 dixerint,
281 1172 361 1199 quam
377 1169 407 1192 ut
421 1165 465 1197 iis,
489 1165 654 1200 quibuscum
674 1173 849 1192 communem
872 1165 922 1192 ha-

135 1211 196 1237 buit
226 1215 364 1242 naturam,
398 1211 485 1238 forma
519 1218 630 1246 quoque
659 1211 814 1239 sanctitatis
841 1216 922 1246 atque

136 1256 290 1284 honestatis
303 1257 400 1284 ﬁeret:
415 1261 444 1283 ut
463 1257 533 1284 sicut
550 1258 728 1291 cotuplantati
745 1257 808 1284 facti
829 1265 924 1284 sumus

135 1302 340 1329 similitudini"
369 1302 456 1329 beatae
482 1302 555 1329 illius
598 1303 751 1337 divinmque
798 1303 924 1338 imaginis

137 1349 229 1381 (liceat
245 1349 317 1374 enim
341 1348 408 1374 mihi
432 1348 503 1375 bona
523 1355 585 1374 cum
608 1348 701 1374 eximii
716 1348 791 1375 Pauli
805 1349 882 1375 venia
896 1349 921 1375 in

137 1394 190 1421 hac
222 1402 249 1421 rc
276 1394 360 1421 verba
384 1394 444 1429 ejus
468 1393 627 1428 usurpare),
656 1394 693 1421 ita
719 1399 746 1421 et
773 1395 922 1430 gratiarum

142 1440 228 1474 ipsius
237 1440 386 1475 participes
399 1447 523 1467 essemus
539 1439 587 1475 (ι).
599 1439 675 1472 Quod
689 1440 781 1474 itaque
792 1441 921 1468 eximium

973 842 1108 869 οἰκειώσει
1134 845 1266 878 χρήσαιτο
1297 845 1365 878 πρὸς
1391 845 1486 879 αὐτὴν,
1515 844 1587 878 λέγω
1604 845 1632 870 δὲ
1658 845 1690 879 τῇ
1712 844 1762 879 τῆς

975 890 1093 924 μητρὸς,
1108 887 1140 924 ἧς
1160 889 1236 915 οὐδὲν
1254 889 1312 915 τοῦτ’
1343 891 1506 924 οἰκειότερον
1526 890 1586 916 κατ’
1602 889 1762 925 ἀνθρώπους

975 935 1054 969 ἴσμεν
1067 935 1128 961 οὔτε
1149 934 1380 971 σεϐασμιώτερον.

1009 1072 1042 1098 Εἰ
1065 1072 1090 1099 δὲ
1118 1072 1166 1099 καὶ
1189 1072 1238 1107 τῆς
1255 1073 1342 1106 αὐτῇ
1359 1072 1424 1107 ἡμῖν
1451 1072 1565 1107 μετέσχε
1593 1071 1699 1105 μορφῆς
1716 1071 1762 1097 xa‘t

974 1118 990 1152 ὴ
1015 1118 1162 1151 πάναγνος,
1187 1118 1219 1144 δι’
1242 1119 1328 1151 οὐδὲν,
1363 1119 1469 1154 εἴποιμι
1490 1119 1533 1150 ἂν,
1554 1120 1646 1154 ἕτερον
1671 1120 1761 1154 ἀλλ’ἢ

975 1162 1082 1194 πάντως
1110 1163 1143 1189 ἱ¹ν¹
1174 1163 1310 1197 ἁγιασμὸς
1335 1164 1383 1190 καὶ
1409 1165 1552 1198 σεμνότης,
1569 1162 1610 1194 οἷς
1635 1164 1763 1189 κεκοινώ-

974 1216 1058 1242 νηκε.
1088 1209 1234 1243 μορφωθῇ
1263 1208 1307 1240 ἵν’,
1333 1209 1428 1243 ὥσπερ
1451 1209 1585 1243 σύμφυτοι
1611 1209 1763 1243 γεγόναμεν

974 1254 1013 1288 τῷ
1035 1254 1188 1288 ὁμοιώματι
1214 1254 1263 1287 τῆς
1280 1254 1419 1288 μακαρίας
1440 1255 1485 1281 καὶ
1504 1255 1579 1285 (λείας
1596 1254 1703 1288 ἐκείνης
1726 1255 1764 1279 εἱ-

976 1300 1053 1331 κόνος
1063 1300 1274 1335 ¹(συγχωρήσειε
1290 1300 1312 1327 δ’
1325 1302 1358 1327 ἄν
1374 1309 1419 1335 μοι
1434 1302 1481 1327 καὶ
1494 1301 1599 1332 Παῦλος
1611 1301 1624 1327 ὀ
1639 1301 1763 1335 λαμπρὸς

975 1347 1045 1382 ὑπὲρ
1057 1346 1152 1372 τούτου
1173 1349 1228 1377 τοῖς
1240 1347 1346 1373 ἐκείνου
1365 1346 1520 1382 χρήσασθαι
1537 1346 1679 1381 ῥήμασιν),
1692 1346 1763 1372 οὕτω

975 1394 1021 1418 καὶ
1042 1393 1096 1418 τῶν
1116 1392 1237 1427 χαρὶτων
1258 1393 1471 1427 κοινιυνήσιομεν
1487 1392 1600 1426 ταύτης.
1618 1392 1672 1418 Καὶ
1696 1391 1762 1424 γοῦν

976 1441 1005 1464 τὶ
1019 1439 1158 1473 ὐπεριρυὲ;
1181 1439 1257 1465 τουτὶ
1276 1438 1558 1473 μεγαλούργημα,.τὸ
1583 1438 1763 1472 καινοπρεπὲς

135 1485 189 1513 hoc
203 1494 285 1520 supra
305 1486 431 1513 ordinem
448 1490 554 1513 natura:
569 1494 648 1520 opus,
662 1486 736 1522 quod
748 1486 922 1513 simulacrum

981 1483 1100 1519 ἄγαλμα,
1126 1485 1142 1519 ὴ
1168 1485 1208 1516 εἰς
1224 1485 1303 1510 τοῦτο
1318 1484 1453 1519 ὲφΟακυῖα
1467 1484 1557 1517 δόξης,
1573 1483 1609 1514 ὡς
1625 1483 1671 1509 καὶ
1688 1485 1765 1518 οἰκη-

136 1532 189 1559 hoc
218 1539 290 1559 novo
312 1531 412 1559 decore
445 1531 562 1566 fulgens,
581 1540 641 1566 qua:
668 1540 701 1559 eo
722 1540 808 1567 usque
831 1532 923 1567 gloria:

135 1577 282 1612 processit,
315 1582 346 1604 ut
370 1584 484 1604 aureum
505 1581 712 1604 construeretur
729 1577 785 1604 Deo
809 1577 922 1613 dignum

136 1622 336 1651 habitaculum.
351 1622 424 1657 quod
446 1623 539 1657 Virgo,
565 1623 690 1657 inquam,
706 1623 849 1658 progenita
875 1624 924 1650 ho-

137 1668 233 1695 dierna
252 1667 297 1695 die
317 1667 411 1699 fuerit,
427 1667 480 1695 hoc
491 1673 543 1698 est.
562 1668 635 1702 quod
653 1668 768 1694 solemni
785 1673 922 1695 conventu

135 1714 333 1747 celebramus,
364 1713 465 1741 festum
494 1714 600 1748 agimus
621 1713 724 1740 Natalis
753 1715 813 1749 ejus
839 1714 923 1745 diem,

136 1761 301 1797 praecisum
322 1764 405 1795 atque
426 1764 572 1794 augustum
599 1760 771 1795 mysterium,
808 1760 925 1795 Virginis

136 1808 319 1840 nativitatem,
346 1806 474 1834 ﬁdelibus
491 1807 619 1833 omnibus
635 1807 842 1834 annuntiantes.

170 1854 203 1882 V.
221 1854 335 1888 Jamque
352 1853 385 1880 ad
404 1853 455 1881 hcc
470 1853 628 1888 mysterium
646 1854 767 1880 aninmm
794 1854 924 1881 adverta-

137 1908 209 1928 mus.
226 1899 295 1928 Cum
321 1899 449 1926 universa
474 1899 546 1926 Deus
571 1903 711 1931 creasset,
737 1898 926 1933 pronuntiavit

137 1955 170 1974 ea
195 1946 273 1973 valde
297 1946 369 1973 bona
395 1952 456 1972 esse
481 1944 531 1980 (5).
555 1944 698 1971 Hominem
726 1951 809 1978 porro
835 1951 926 1971 rerum

139 1993 236 2019 harum
262 1991 385 2019 omnium
411 1990 601 2024 spectabilium
621 1993 649 2016 et
664 1989 926 2024 speciosissimarum

139 2038 291 2073 principem
309 2036 468 2068 constituit;
495 2044 584 2071 neque
610 2036 663 2063 hoc
676 2037 775 2067 solum.
795 2035 842 2062 sed
858 2043 926 2070 pra:-

140 2089 216 2111 t't‘rea
251 2087 339 2110 morte
359 2087 387 2110 et
409 2082 586 2117 corruptione
619 2083 789 2117 superiorem
815 2082 907 2109 eﬂ‘ecit
921 2101 929 2114 ,

140 2129 254 2164 gloriam
281 2135 401 2163 quoque,
418 2135 433 2154 e
450 2135 502 2162 qua
526 2127 656 2155 seductus
674 2127 801 2162 (Diaboli)
827 2127 927 2154 invidia

975 1529 1072 1564 τήριον
1093 1530 1153 1564 Θεῷ
1175 1531 1417 1565 χρυσουργηίιῆναι
1442 1530 1590 1564 προσῆκον,
1611 1530 1652 1556 ὃτι
1668 1531 1763 1563 γεγένι

977 1584 1056 1610 νηται
1071 1578 1294 1612 πανηγυρίζομεν
1320 1579 1450 1612 σήμερον,
1469 1577 1515 1602 καὶ
1534 1576 1587 1601 τῶν
1600 1578 1702 1610 ταύτης
1717 1585 1763 1609 γε·

977 1622 1089 1648 νεθλίων
1105 1623 1153 1656 τὴν
1176 1623 1287 1657 τελετὴν
1305 1623 1481 1657 ἑορτάζομεν,
1501 1622 1649 1657 μυστήριον
1662 1622 1764 1656 ὑψηλὸν

977 1667 1024 1694 καὶ
1052 1668 1210 1703 σεϐάσμιον,
1238 1669 1268 1695 τὸ
1296 1669 1345 1704 τῆς
1374 1670 1510 1706 Παρθένου
1541 1670 1677 1704 γενέθλιον
1697 1670 1763 1696 πᾶσι

978 1715 1083 1745 πιστοῖς
1101 1715 1344 1748 καταγγέλλοντες.

1015 1845 1052 1873 E'.
1075 1847 1225 1883 Σκοπῶμεν
1240 1849 1267 1875 δὲ
1283 1849 1350 1884 ῆδηι
1377 1850 1410 1876 τὰ
1433 1849 1579 1885 σύμπαντα
1595 1853 1765 1887 παραγαγὼν

980 1891 1086 1923 ὁθεδς,
1111 1893 1153 1919 ὅτι
1178 1894 1250 1920 καλὰ
1268 1895 1327 1929 μεθ’
1353 1895 1506 1930 ὑπερὸολῆς
1525 1897 1674 1931 ψηφίζεται
1702 1900 1766 1933 περὶ

981 1938 1072 1965 αὐτῶν
1086 1947 1093 1954 ο
1113 1940 1166 1966 τῶν
1186 1940 1214 1966 δὲ
1238 1941 1387 1975 ὁρωμένων
1411 1941 1516 1969 τούτων
1545 1944 1593 1968 καὶ
1616 1944 1766 1971 καλλίστων

981 1985 1111 2012 ἁπάντων
1135 1986 1181 2012 τὸν
1207 1987 1352 2021 ἄνθρωπον
1379 1988 1497 2022 ἄρχοντα
1515 1989 1652 2025 καθιστᾷ·
1673 1992 1719 2016 καὶ
1735 1991 1765 2017 οὐ

981 2029 1060 2055 τοῦτο
1074 2031 1165 2064 μόνον,
1184 2032 1253 2058 ἀλλὰ
1266 2033 1312 2058 καὶ
1330 2033 1444 2060 θανάτου
1461 2035 1578 2069 κρείττω
1591 2036 1636 2062 καὶ
1651 2037 1766 2071 φθορᾶς,

982 2077 1030 2103 καὶ
1043 2077 1132 2111 δόξης,
1149 2075 1181 2114 ἧς
1196 2079 1333 2114 ἀπέτυχεν
1344 2080 1498 2114 φθονηοεῖς,
1515 2081 1703 2108 ἀπολαύσαντα
1715 2083 1764 2117 (6),

984 2123 1052 2157 φησὶ
1071 2123 1100 2150 δὲ
1121 2124 1170 2159 τὴν
1198 2124 1328 2159 ισοοεΐαν,
1346 2126 1395 2160 ὅση
1410 2127 1495 2162 χοῐκῷ
1518 2127 1669 2163 προσῆκεν,
1685 2129 1709 2154 εἰ
1728 2129 1765 2163 μὴ

140 2175 253 2207 excidit,
279 2174 461 2209 :cqualitatcm
490 2181 588 2208 nempe
614 2181 675 2200 cum
701 2174 773 2205 Deo,
797 2178 925 2207 quantum

983 2168 1034 2203 τῆς
1061 2169 1188 2204 δοθείσης
1217 2170 1422 2206 ἀποπηδήσειεν
1456 2173 1577 2207 ἐντολῆς.
1614 2173 1695 2200 Ἀλλὰ
1719 2174 1767 2201 τοῦ

142 2228 227 2254 capax
253 2220 313 2255 ejus
337 2226 420 2250 esset,
436 2219 482 2252 qui
499 2225 513 2244 e
530 2217 596 2244 limo
611 2217 727 2245 eductus
750 2217 847 2249 fuerat,
864 2224 932 2244 eon-

142 2270 335 2301 sequuturum.
361 2263 496 2298 siquidem
519 2263 676 2297 impositum
694 2263 746 2290 sibi
772 2263 929 2289 mandatum

144 2320 196 2338 non
214 2310 483 2345 przetergrederelur.
500 2308 601 2336 Verum
616 2316 699 2343 quum
714 2308 759 2335 ille
772 2307 929 2335 Creatorem

144 2365 223 2384 suum
247 2355 452 2390 derelinquens,
473 2354 612 2382 seductori
626 2362 655 2382 sc
676 2353 854 2389 subjecisset;
879 2361 933 2381 uu-

181 2431 191 2446 ⁷
212 2429 291 2456 ltum.
304 2436 342 2459 vn,
359 2428 385 2454 5.

983 2214 1103 2240 πλάστου
1134 2215 1183 2249 μὲν
1214 2212 1291 2246 οὗτος
1317 2217 1533 2251 ἀποσκιρτήσας,
1555 2217 1593 2251 τῷ
1618 2217 1646 2243 δὲ
1676 2218 1769 2253 πλάνῳ

982 2259 1032 2295 τὴν
1047 2260 1187 2296 ὑποταγὴν
1204 2262 1371 2296 ἐγχειρίσας,
1392 2263 1505 2296 γυμνὸς,
1524 2262 1649 2294 ἐλεεινὸς,
1666 2265 1768 2299 αἰχμά-

983 2307 1080 2338 λωτος,
1109 2307 1204 2342 οἵμοιῐ
1224 2307 1382 2342 προῠκειτο,
1405 2307 1456 2342 τῆς
1473 2308 1611 2343 προτέρας
1629 2309 1769 2342 εὐγενείας

987 2353 1078 2387 πάσης
1097 2353 1274 2388 ἀφῃρημένος
1288 2360 1296 2368 ·
1313 2352 1360 2379 καὶ
1380 2351 1415 2378 τὰ
1428 2352 1498 2379 καλὰ
1513 2353 1602 2380 πάντα
1617 2354 1710 2380 ἐκεῖνα
1723 2356 1769 2379 καὶ

774 2485 845 2514 Ant.
868 2482 1016 2514 Ballerini
1038 2485 1134 2512 ItOlEB.

182 2566 219 2602 (ι)
231 2565 308 2599 Quod
335 2565 413 2602 plura
423 2564 518 2602 “dicta
543 2564 585 2602 _dc
612 2564 728 2602 pcipara
746 2563 928 2602 reperiantur,

147 2598 401 2637 quae'prorsus'soli
415 2599 529 2637 Christo
543 2599 659 2637 Domino
673 2599 824 2637 convenire
836 2598 933 2637 videri-

148 2633 203 2668 t'ur,
220 2633 288 2663 imm
309 2637 354 2663 ille
367 2635 523 2667 mirabitur,
559 2635 605 2668 qui
641 2634 776 2661 universis
804 2633 935 2660 Ecclesia:

147 2671 276 2700 Patrihus
287 2672 358 2698 hanc
370 2669 479 2697 noverit
490 2675 650 2696 constanter
660 2670 743 2695 fuisse
755 2668 933 2699 sententiam,

148 2707 346 2742 redemptionis
359 2713 428 2740 opus
452 2713 513 2742 cum
529 2712 612 2742 opere
630 2704 783 2742 _creatiotlis
805 2704 934 2742 ita_coni—

147 2738 252 2776 parari,
265 2746 294 2768 ut
305 2738 535 2775 quemadmodum
549 2738 587 2766 ab
598 2740 700 2766 Adamo
709 2744 736 2776 c_t
744 2738 800 2765 Eva
810 2738 937 2776 universa

147 2773 290 2804 hominum
313 2773 464 2810 _gcneratio
489 2776 582 2801 futura
610 2780 680 2806 erat,
711 2774 752 2800 sic
775 2781 807 2810 aA
822 2773 934 2810 Christo

147 2811 264 2839 Domino
280 2816 308 2838 et
321 2807 447 2845 Beipara,
463 2811 509 2845 qui
527 2814 726 2845 proptereaet
746 2808 808 2836 novi
838 2807 934 2835 Adami

983 2567 1010 2590 et
1026 2570 1103 2590 nova:
1114 2563 1176 2590 Eva:
1195 2563 1355 2591 nominibus
1367 2563 1577 2598 compellantur,
1595 2572 1664 2591 nova
1680 2564 1771 2592 homi-

984 2605 1050 2624 num
1064 2598 1204 2638 generatio
1217 2598 1366 2632 repetenda
1382 2599 1427 2626 sit.
1444 2599 1503 2631 Qua
1514 2599 1548 2626 de
1565 2607 1595 2626 re
1627 2600 1655 2627 in
1686 2601 1770 2627 Cum-

985 2638 1132 2660 IIICIIL’H‘IO.

1021 2668 1058 2702 (5)
1077 2668 1144 2695 Gen.
1162 2676 1180 2700 ι,
1202 2669 1247 2704 δι,
1274 2667 1393 2704 Viditque
1419 2667 1488 2695 Deus
1501 2673 1595 2696 cuncta
1615 2678 1673 2704 quae
1703 2671 1769 2704 fece—

989 2708 1031 2729 rnt
1047 2724 1053 2732 .
1070 2708 1094 2729 et
1113 2707 1187 2729 erant
1203 2703 1279 2730 valde
1295 2704 1373 2730 bona.

986 2773 1000 2799 θ
1022 2739 1060 2790 ςδ)
1093 2738 1160 2766 Cod.
1190 2737 1301 2766 inverso
1330 2738 1427 2766 ordine
1453 2739 1642 2766 ἀπολαύσαντα
1673 2740 1773 2774 φθονη-

1006 2782 1053 2799 ε.ε.

1022 2790 1053 2805 .,.
