1932 3072
167 79 203 110 23
693 84 842 114 lSlDORI
861 85 1233 118 THESSALONICENSIS
1339 107 1347 115 .
1745 91 1780 122 ‘25,

169 136 298 164 adducat.
313 136 408 172 Neque
420 137 500 165 aliter
511 144 540 165 se
555 145 599 166 res
614 138 706 171 habet,
722 140 744 166 si
759 139 821 174 quis
832 139 947 167 hominis

1005 143 1101 177 χρυσὸν
1126 143 1333 178 συνεισήνεγκε,
1349 144 1400 180 τὴν
1413 145 1441 171 δὲ
1453 145 1502 181 τῆς
1521 146 1619 181 τέχνης
1643 147 1785 182 ἐπιτηδει-

166 186 286 209 statuam
301 190 335 210 ex
357 190 426 211 auro
452 184 607 216 efﬁnxerit;
633 192 721 219 neque
743 186 816 212 enim
831 193 947 218 aurum,

166 227 249 262 quasi
259 228 312 254 hoc
326 235 360 255 ex
376 229 525 264 semetipso
540 229 680 262 hauriens,
696 229 809 265 praebet,
826 229 874 257 sed
890 237 949 256 me-

166 280 225 299 ram
239 273 308 300 artis
320 273 483 301 industriam
498 274 556 309 ipse
570 274 688 302 confert.

201 317 248 344 lx.
275 317 354 351 Quod
383 326 450 346 vero
479 320 614 347 universis
648 320 879 355 quibuscunque,
908 319 948 346 uti

165 363 297 396 diximus,
312 363 394 400 Virgo
407 365 488 400 longe
505 366 643 400 praecellat
654 386 662 399 ,
684 374 774 402 neque
790 366 879 401 imago
895 365 949 393 ulla

165 410 216 443 ipsi
247 409 345 436 similis
369 411 483 445 reperiri
509 411 536 438 in
562 412 739 440 terrestribus
761 413 857 447 possit.
885 411 949 438 hinc

165 456 230 482 licet
253 455 456 490 dignoscamus.
480 457 576 485 Omnia
604 458 677 485 enim
702 465 873 494 quaecunque
899 463 949 483 na-

165 505 293 532 scuntur,
310 501 508 536 generantibus
523 510 592 537 opus
606 503 723 537 habent;
746 509 774 532 et
798 505 840 532 sin
856 507 948 535 minus

165 545 198 572 ad
213 545 287 572 aliud
300 546 453 580 quidpiam,
467 551 541 574 certe
559 548 592 575 iis
606 556 676 583 opus
699 549 801 577 habent
814 551 848 579 ad
862 552 948 587 ipsam

166 591 382 626 generationem,
401 592 631 626 quemadmodum
647 598 675 620 et
683 594 779 629 plantae
787 600 815 623 ct
823 597 949 624 animan—

165 638 201 663 tia
219 637 311 664 omnia
328 638 472 665 manifeste
486 640 626 667 evincunt.

200 682 302 710 Contra
317 691 383 711 vero
396 683 487 718 Anna,
500 691 588 712 mater
604 687 768 720 veneranda,
787 696 850 716 cum
865 696 949 725 gene-

165 734 249 763 raret,
263 730 316 758 filia
329 738 378 758 sua
393 732 545 767 indigebat,
563 737 593 760 ut
612 741 830 769 regeneraretur;
846 742 948 767 etcum

165 775 192 802 in
232 780 310 803 utero
336 780 474 812 gestaret,
504 778 562 812 ipsa
600 787 669 807 nova
702 782 825 815 quadam.
844 783 949 812 ratione

999 189 1085 223 ότητα
1106 189 1203 223 μόνην.

1035 311 1074 339 Θι.
1089 311 1151 338 Ὀτι
1161 311 1194 344 δ’,
1210 308 1283 347 ᾗπερ
1297 312 1543 348 ἔφημεν,“πάντων
1555 323 1584 340 τε
1599 315 1616 350 ἡ
1629 315 1771 351 Παρθένος

1000 357 1091 383 ἐπάνω
1110 357 1158 384 καὶ
1173 358 1259 393 γῆθεν
1281 359 1331 385 οὐκ
1357 359 1432 386 ἐστιν
1459 360 1551 394 εὑρεῖν
1577 361 1685 396 ἐμφερῆ
1712 361 1782 397 πρδς

1000 403 1102 439 ταύτην
1118 404 1224 437 εἰκόνα,
1245 405 1324 440 γνοίη
1336 414 1379 437 τις
1398 406 1432 433 ἂν
1461 406 1588 433 ἐνθένδε*
1617 408 1704 434 ἅπασι
1732 409 1783 443 μὲν

1001 448 1055 483 γὰρ
1071 451 1127 481 τοῖς
1150 450 1328 484 γεννωμένοις
1358 450 1466 485 ἀνάγκη
1486 451 1542 477 τῶν
1568 452 1738 486 γεννώντων,
1757 453 1783 478 εί

1000 495 1049 520 καὶ
1069 494 1107 528 μὴ
1130 494 1198 528 πρὸς
1224 494 1300 522 οὐδὲν
1327 495 1393 527 ἴσως
1410 496 1516 531 ἕτερον,
1545 497 1615 524 ἀλλὰ
1636 498 1669 524 δι’
1695 498 1782 532 αὐτὴν

1000 538 1134 573 δήπουθεν
1149 539 1253 566 δεῖσθαι
1266 540 1316 575 τὴν
1331 542 1470 577 γέννησιν,
1483 541 1520 574 ὡς
1533 542 1586 578 ἄρα
1599 543 1671 577 φυτά
1685 551 1714 569 τε
1734 544 1783 570 καὶ

1001 584 1058 616 ζῶα
1072 585 1160 611 πάντα
1173 586 1275 621 τρανὴν
1291 587 1422 622 κηρύττει
1437 587 1486 620 τὴν
1507 589 1675 624 μαρτυρίαν.

1038 686 1122 713 ’Ἅννα
1141 686 1168 712 δὲ
1183 687 1199 720 ἡ
1216 674 1366 720 σεϐάσμιος
1381 685 1474 720 μήτηρ
1492 685 1711 721 ἀναγεννηοῆναι
1731 685 1783 719 τῆς

1001 732 1097 763 παιδὸς
1113 732 1202 758 ἐδεῖτο
1218 732 1353 766 γεννῶσα,
1382 732 1430 759 καὶ
1444 730 1488 768 ἦν,
1505 731 1544 758 ὅτ’
1571 731 1658 763 ἐκύει1
1685 731 1782 757 καινόν

1000 787 1062 804 τινα
1074 777 1283 812 κυοφορουμένη
1306 777 1420 811 τρόπον.
1435 778 1491 804 Καὶ
1520 778 1570 812 οὐχ
1592 779 1609 813 ἠ
1626 778 1784 813 προσευχῆς

165 821 192 847 in
214 825 292 848 utero
316 822 484 856 gestabatur.
500 823 594 858 Neque
610 825 668 859 ipsa
690 827 790 860 solum,
814 837 876 864 quae
898 838 947 865 per

1005 822 1070 856 αὕτη
1089 823 1181 857 μήτηρ
1198 823 1289 856 μόνον,
1305 823 1373 849 ἀλλὰ
1390 823 1437 849 καὶ
1454 823 1492 858 τῷ
1507 824 1664 858 προπάτορι
1677 822 1784 856 ταύτης

165 875 260 902 preces
276 870 363 895 mater
379 868 405 895 ei
420 868 483 901 fuit,
498 869 545 896 sed
556 870 678 904 ejusdem
693 873 775 899 etiam
790 876 949 909 progenitor

164 919 234 947 opus
245 912 352 946 habuit,
367 919 397 940 ut
409 914 494 949 ipsam
507 915 591 942 Veluti
603 921 718 944 matrem
732 919 947 952 nancisceretur,

163 959 196 986 ad
214 959 330 986 solidam
350 960 455 988 scilicet
477 961 639 997 ﬁrmamque
655 962 847 991 formationem
871 973 948 993 asse-

164 1006 312 1040 quendam,
324 1007 454 1042 quoniam
466 1007 554 1042 prima
566 1009 611 1035 illa
625 1010 788 1044 [ποίει-(15),
799 1018 860 1038 cum
875 1016 949 1039 terra

162 1056 276 1079 essetac
285 1052 384 1087 pulvis,
399 1052 477 1080 fluxa:
489 1058 549 1080 erat
562 1054 739 1088 conditionis,
758 1064 789 1084 ac
802 1062 947 1084 ventorum

165 1098 268 1132 impetu
284 1098 532 1133 circumagebatur.
555 1099 650 1134 Neque
666 1109 762 1129 rursus
782 1102 866 1130 Adam
888 1107 947 1130 tan-

156 1143 315 1180 tummodo,
340 1143 388 1171 sed
414 1149 542 1171 natorum
568 1145 602 1172 ab
625 1152 656 1172 ea
681 1147 777 1181 ingens
801 1147 947 1175 multitudo

165 1195 252 1222 usque
268 1187 301 1214 ad
313 1188 432 1223 puellam
449 1189 520 1215 hanc
535 1189 655 1216 divinam
672 1198 736 1217 suas
752 1191 868 1226 quisque
889 1200 946 1219 ma-

164 1237 230 1265 tres,
255 1238 350 1268 utpote
378 1234 566 1268 imper-fcctam
580 1243 612 1262 ac
624 1235 709 1262 veluti
722 1243 820 1263 caecam
841 1237 945 1271 prolem

163 1278 279 1312 enixas(
294 1278 344 1312 14)
360 1298 366 1309 ,
388 1286 450 1305 cum
469 1279 670 1313 repudiassent,
686 1287 859 1307 communem
876 1282 946 1309 hanc

164 1326 278 1349 matrem
294 1322 464 1356 quaerebant,
477 1331 539 1358 quae
547 1324 580 1350 ad
591 1324 740 1358 perfectam
750 1325 866 1354 formam
876 1321 955 1360 proli'

165 1366 353 1400 tribuendam,
369 1371 396 1394 et
419 1367 452 1394 ad
477 1368 567 1395 lucem
592 1369 802 1404 impertiendam
829 1370 946 1397 maxime

164 1420 213 1446 par
226 1413 309 1440 foret.
334 1413 456 1440 Materno
484 1413 576 1449 itaque
606 1419 686 1442 utero
713 1416 890 1451 gestabantur
914 1423 946 1444 ac

1000 868 1119 902 ἐδέησεν,
1134 869 1239 902 ὅσαπερ
1255 869 1336 894 οἱονεὶ
1348 869 1432 903 μητρὶ
1444 869 1609 904 χρήσασθαι,
1623 869 1691 904 πρὸς
1706 869 1785 902 στερ-

1000 912 1051 948 ῥάν
1064 921 1092 938 τε
1110 913 1255 939 διάπλασιν
1268 913 1314 940 καὶ
1324 914 1536 948 ἀμετάπτωτον,
1551 915 1588 945 ὡς
1604 915 1654 948 τῆς
1671 914 1785 949 πρώτης

999 959 1111 994 ἐκείνης
1129 959 1233 995 μητρὸς
1260 960 1401 995 ἐρείψιμον
1431 960 1549 996 ἐχούσης
1567 960 1616 995 τὴν
1643 958 1783 992 σύστασιν,

1000 1005 1116 1040 ἐπείπερ
1133 1003 1166 1040 ἦν
1197 1005 1272 1040 χοῦς,
1288 1006 1334 1033 καὶ
1350 1006 1442 1042 βολαῖς
1467 1007 1627 1042 ἡττωμένην
1655 1006 1782 1040 πνευμά-

999 1059 1053 1076 των
1068 1059 1075 1066 ’
1099 1052 1148 1077 καὶ
1163 1051 1193 1077 οὐ
1225 1051 1310 1086 Ἀδὰμ
1328 1052 1418 1086 μόνον,
1435 1053 1503 1079 ἀλλὰ
1518 1053 1564 1080 καὶ
1581 1054 1594 1079 ὁ
1614 1053 1699 1084 πολὺς
1727 1051 1783 1078 τῶν

998 1097 1028 1128 ἐξ
1046 1097 1152 1123 ἐκείνου
1171 1097 1302 1132 σύλλογος
1315 1098 1364 1132 τῆς
1378 1099 1452 1130 οείας
1470 1099 1537 1133 ἄχρι
1554 1099 1650 1130 παιδὸς
1664 1099 1781 1132 ταύτης,

999 1143 1128 1177 καθάπερ
1156 1144 1262 1175 οἰκείας
1292 1144 1408 1176 ἕκαστος
1434 1145 1628 1177 ἐξωδελικότες
1643 1144 1779 1179 μητέρας,

998 1188 1035 1219 ὡς
1050 1187 1134 1221 ἀτελῆ
1150 1188 1307 1221 τικτούσας,
1325 1190 1370 1215 καὶ
1384 1187 1440 1215 οἷον
1456 1189 1543 1225 πηρὰ,
1562 1189 1611 1223 τὴν
1635 1188 1733 1222 καινὴν
1748 1187 1782 1221 δὴ

998 1233 1100 1267 ταύτην
1118 1232 1232 1266 ἐζήτουν
1247 1233 1295 1258 καὶ
1309 1233 1609 1269 τελεσιουργικωτάτην
1630 1234 1677 1260 καὶ
1691 1241 1782 1266 φωτο-

998 1279 1088 1305 aenea
1102 1279 1208 1313 μητέρα
1221 1287 1227 1293 “
1249 1279 1311 1305 ὅθεν
1321 1279 1448 1306 ὡδίνοντὸ
1464 1290 1493 1307 τε
1506 1281 1553 1307 καὶ
1565 1279 1761 1314 διεμορφοῠντο
1772 1286 1779 1293 ·

1000 1325 1048 1351 καὶ
1059 1325 1114 1350 τότ’
1130 1325 1236 1359 ἀληθῶς
1250 1326 1384 1361 προῆλθον
1400 1327 1440 1358 εἰς
1455 1327 1523 1360 φῶς,
1542 1327 1579 1352 ὅτ’
1592 1328 1633 1356 et;
1649 1327 1702 1358 γῆν
1713 1322 1783 1357 αὕτη

1000 1370 1143 1404 προελθεῖν
1158 1371 1188 1402 ea
1202 1371 1289 1406 αὐτῆς
1307 1372 1354 1398 καὶ
1370 1372 1416 1398 τὸν
1431 1372 1496 1406 ἐμὸν
1511 1371 1709 1406 ὲκαινούργησε
1727 1371 1784 1396 Σω-

999 1424 1032 1446 τη
1037 1424 1080 1450 ρει.

164 1461 367 1494 formabantur;
385 1466 496 1497 tumque
513 1471 606 1490 revera
624 1465 650 1491 in
665 1464 754 1492 lucem
774 1465 841 1492 editi
864 1469 928 1493 sunt
943 1484 949 1496 ,
980 1464 1091 1498 quando
1119 1465 1176 1500 ipsa
1217 1474 1288 1494 novo
1313 1474 1404 1494 rerum
1429 1465 1526 1493 ordine
1562 1472 1652 1491 meum
1673 1471 1783 1498 quoque

164 1506 334 1534 Salvatorem
350 1515 383 1535 ex
399 1515 460 1536 sese
474 1509 576 1536 mundo
591 1510 714 1543 protulit.

200 1563 269 1592 Hinc
282 1565 364 1592 etiam
378 1565 451 1591 ausit
462 1565 516 1600 jam
532 1566 668 1601 quispiam
682 1567 813 1594 eximium
830 1568 898 1595 illud
913 1568 948 1596 de

163 1619 195 1639 ea
211 1612 398 1645 pronuntiare,
414 1612 488 1646 quod
510 1613 602 1648 lingua
621 1614 722 1641 tonitru
744 1615 852 1650 fragore
874 1623 949 1643 reso-

165 1665 233 1684 nans
255 1657 324 1684 dixit
347 1666 354 1684 :
386 1658 501 1686 Vidimus
525 1659 639 1694 gloriam
663 1661 719 1695 ejus
742 1663 817 1696 quasi
836 1662 948 1697 gloriam

165 1703 312 1738 unigenita-
325 1703 373 1730 Dei
386 1703 495 1737 Matris;
509 1704 588 1740 plena
602 1707 695 1740 gratim
712 1711 736 1733 et
750 1708 867 1734 veritatis
881 1707 946 1742 (l5).

199 1748 259 1776 Non
275 1749 292 1776 ii
308 1754 400 1777 autem
415 1750 515 1781 solum,
532 1751 579 1785 qui
596 1752 661 1778 olim
676 1756 704 1779 et
718 1757 782 1780 ante
798 1753 884 1788 ipsam
897 1761 946 1781 ex-

166 1795 306 1826 stiterunt,
319 1795 370 1822 hoc
381 1795 545 1823 beneficium
556 1797 645 1823 sortiti
656 1802 729 1830 sunt,
740 1804 771 1825 ut
782 1806 813 1825 ea
828 1799 947 1830 ratione,

166 1848 248 1875 quam
264 1841 393 1874 diximus,
411 1841 445 1868 ab
460 1842 556 1869 eadem
578 1843 605 1870 in
619 1843 707 1870 lucem
725 1844 888 1876 ederentur;
900 1844 947 1872 sed

166 1886 294 1914 universo
320 1894 440 1921 quoque,
465 1887 511 1922 qui
534 1892 596 1921 post
617 1888 702 1922 ipsam
716 1888 783 1922 fuit,
798 1890 946 1917 electorum

164 1931 266 1967 populo
290 1933 460 1967 regeneratio
476 1937 502 1959 et
520 1941 583 1960 vera
600 1933 663 1966 vita,
688 1942 720 1961 ac
734 1934 864 1968 splendor
879 1936 949 1963 lucis

164 1984 213 2010 per
229 1977 315 2011 ipsam
328 1977 432 2004 tril-uta
447 1978 570 2006 fuerunt.
584 1977 637 2005 Sed
649 1983 677 2005 et
691 1980 803 2014 insuper
812 1981 946 2015 ejusmodi

164 2024 299 2051 beneficia
323 2023 468 2051 effundere
497 2023 687 2051 laudatissima
719 2025 801 2061 Virgo
829 2026 948 2053 cessabit

164 2077 316 2103 nunquam,
344 2076 488 2103 quousque
505 2077 619 2103 magnus
637 2070 681 2097 ille
693 2075 721 2097 et.
735 2071 910 2104 novissimus,
921 2077 949 2099 et

165 2115 363 2142 inaccessibilis
375 2115 506 2149 splendor
525 2116 670 2149 effulserit,
697 2117 720 2143 is
743 2117 879 2150 videlicet,
896 2118 943 2152 qui
971 2135 977 2142 .

163 2159 365 2187 fecundissimae
391 2159 471 2194 hujus
497 2165 525 2187 et
547 2159 608 2187 filia:
633 2165 660 2187 et
684 2161 779 2189 matris
801 2167 830 2189 et
860 2162 946 2197 virgi-
963 2180 985 2207 Β

164 2205 210 2233 uis
227 2205 284 2240 ipse
299 2212 408 2240 quoque
423 2205 512 2232 factus
526 2210 567 2233 est
581 2206 664 2233 filius.

202 2252 386 2285 Quamobrem
399 2251 442 2279 fas
455 2256 507 2283 est,
517 2251 609 2279 verbis
629 2253 770 2287 paululum
786 2254 945 2288 immutatis,

167 2298 202 2326 de
227 2298 286 2332 ipsa
309 2296 498 2332 pronuntiare,
517 2297 591 2331 quod
606 2298 704 2326 beatus
721 2300 822 2329 Paulus
837 2302 872 2330 de
887 2303 947 2330 Sal-

166 2349 262 2372 vatore
275 2343 365 2378 inquit
382 2352 388 2369 :
404 2342 463 2370 Vita
473 2347 562 2370 nostra
569 2343 721 2372 absaoudita
732 2352 788 2374 erat
804 2355 866 2375 cum
878 2349 946 2384 ipsa;

166 2394 195 2419 et
208 2389 315 2424 quando
328 2389 386 2423 ipsa
411 2390 534 2424 apparuit
556 2389 615 2416 Vita
638 2396 738 2424 nostra,
759 2397 821 2420 tunc
844 2400 871 2422 et
898 2404 948 2424 nos

168 2436 342 2470 apparuimus
364 2443 423 2462 cum
447 2436 503 2467 ipsa
518 2436 544 2467 in
560 2436 645 2471 gloria
662 2438 692 2464 ‘°.
710 2438 844 2468 Praeterea
858 2449 949 2479 neque

203 2515 225 2535 ἐί
242 2515 346 2543 Coloss.
365 2522 404 2548 In,
420 2514 447 2546 3,
463 2515 491 2545 Δ,

1037 1556 1133 1582 Ἔνθεν
1144 1564 1186 1582 τοι
1203 1556 1251 1582 καὶ
1277 1555 1350 1582 κατὰ
1373 1554 1423 1589 τὴν
1448 1554 1632 1588 βροντὸφωνον
1656 1554 1782 1588 γλῶτταν

998 1601 1162 1636 θαρρήσειεν
1177 1602 1209 1628 ἄν
1225 1610 1266 1632 τις
1283 1600 1410 1635 λαμπρὸν
1428 1599 1600 1633 φθέγξιαθαι
1627 1599 1675 1626 καὶ
1701 1599 1781 1625 τοῦτο

999 1648 1064 1682 περὶ
1094 1647 1198 1682 αὐτῆς·
1228 1646 1432 1680 Ἐθεασάμεθα
1470 1646 1525 1679 τὴν
1554 1646 1649 1677 δόξαν
1675 1644 1781 1678 αὐτῆς,

998 1694 1093 1727 δόξαν
1108 1694 1147 1726 ὡς
1164 1693 1325 1728 μονογενοῦς
1341 1693 1452 1727 Μητρὸς
1468 1692 1535 1718 Θεοῦ
1546 1701 1552 1707 ·
1565 1692 1684 1725 πλήρης
1701 1691 1783 1725 χάρι-

998 1748 1048 1771 τος
1060 1739 1108 1767 καὶ
1120 1740 1273 1772 ἀληθείας.

1035 1785 1071 1811 Οὐ
1091 1786 1147 1815 τοῖς
1163 1784 1249 1811 πάλαι
1265 1785 1292 1811 δὲ
1317 1785 1398 1820 μόνον
1420 1784 1466 1813 καὶ
1484 1784 1537 1818 πρὸ
1551 1783 1635 1818 αὐτῆς
1649 1784 1666 1817 ἡ
1695 1783 1733 1814 εἰς
1751 1782 1780 1808 τὶ)

1000 1831 1057 1866 φῶς
1075 1830 1140 1865 παρ’
1155 1831 1239 1866 αὐτῆς
1254 1830 1283 1857 ὃν
1297 1831 1403 1866 εἴρηται
1418 1831 1519 1865 τρόπον
1543 1828 1692 1864 δεδώρηται
1711 1828 1779 1862 πρό-

999 1878 1068 1910 οδος,
1082 1877 1149 1903 ἀλλὰ
1162 1877 1209 1904 καὶ
1225 1877 1308 1903 παντὶ
1326 1875 1364 1910 τῷ
1391 1876 1438 1902 ἀπ’
1454 1875 1564 1909 ἐκείνης
1590 1873 1655 1908 ξερῴ
1680 1872 1779 1906 συστή-

1001 1933 1066 1959 ματι
1084 1924 1264 1957 ὰναγέννησις
1280 1925 1328 1948 καὶ
1343 1922 1399 1957 ζωὴ
1423 1921 1536 1956 ἀληθὴς,
1561 1921 1608 1947 καὶ
1629 1917 1717 1954 φωτὸς
1739 1918 1781 1944 ἕλ-

1000 1969 1171 2005 λαμψιςοὲτι
1193 1969 1221 1995 δὲ
1239 1968 1286 1996 καὶ
1311 1969 1387 1994 ἐσαεὶ
1412 1967 1562 1994 διατελέσει
1585 1965 1719 2000 βλὺςουςα
1747 1963 1781 1990 τὰ

999 2014 1140 2049 τοιαῦταὴ
1158 2013 1359 2047 πολυύμνητος,
1377 2013 1429 2043 ἕως
1448 2012 1480 2038 ἂν
1495 2011 1524 2037 τὸ
1538 2011 1609 2045 μέγα
1621 2010 1669 2035 καὶ
1690 2008 1783 2034 τελευ-

999 2064 1074 2088 ταῖον
1089 2063 1187 2089 ἄδυτον
1203 2060 1345 2095 ἐπιλάμψῃ
1364 2058 1476 2093 φέγγος,
1493 2058 1507 2084 ὃ
1522 2058 1553 2092 δὴ
1567 2057 1616 2091 τῆς
1631 2056 1780 2083 πολυτόκου

999 2107 1102 2141 ’ταύτης
1129 2106 1175 2132 καὶ
1202 2104 1293 2136 τοῦτο,
1319 2105 1367 2130 καὶ
1396 2103 1502 2135 παιδὸς,
1518 2104 1565 2129 καὶ
1594 2101 1706 2137 μητρὸς,
1736 2100 1782 2126 καὶ

1002 2152 1136 2187 παρθένου
1153 2150 1260 2185 πέφυκε
1279 2149 1386 2184 κύημα.

1038 2256 1121 2282 Ὅθεν
1136 2255 1224 2281 εἰπεῖν
1242 2253 1330 2286 ἔξεστι
1345 2252 1407 2285 περὶ
1427 2251 1511 2284 αὐτῆς
1529 2249 1626 2284 μικρὸν
1654 2247 1783 2282 παριιιδή-

1004 2311 1114 2333 σαντας,
1135 2301 1149 2327 ὃ
1175 2300 1239 2334 περὶ
1269 2297 1316 2324 τοῦ
1347 2296 1473 2331 Σωτῆρος
1496 2296 1511 2321 ὁ
1532 2295 1666 2330 μακάριος
1688 2293 1782 2328 εἴρηκε

1003 2349 1128 2378 Παῦλος’
1146 2347 1186 2373 ὅτι
1205 2344 1239 2371 Ἠ
1253 2343 1307 2377 ζωὴ
1322 2341 1406 2376 ἡμῶν
1434 2342 1600 2374 ἐκέκρυπτο
1627 2341 1674 2366 σὺν
1700 2339 1779 2372 αὐτῇ.

1005 2395 1049 2422 καὶ
1065 2394 1135 2420 Ὅτε
1162 2391 1236 2423 αὕτη
1258 2386 1461 2422 πεφανέρωται
1476 2386 1495 2420 ἠ
1523 2385 1579 2419 ζωὴ
1599 2384 1692 2418 ἡμῶν,
1716 2383 1782 2409 τότε

1004 2441 1051 2468 καὶ
1065 2440 1145 2475 ἡμεῖς
1160 2436 1220 2466 σὺν
1235 2434 1311 2469 αὐτῇ
1321 2433 1549 2468 ἐξανερώθημεν
1563 2433 1596 2460 ὲν
1612 2431 1685 2469 δόξῃ
1717 2429 1780 2456 κάν-

791 2597 862 2626 Ant.
886 2595 1032 2627 Ballerini
1054 2599 1148 2626 notae.

204 2657 259 2691 (t5)
288 2656 404 2684 Terram
429 2655 562 2691 intellige,
589 2664 604 2684 c
623 2664 676 2692 qua
707 2658 793 2685 Atiam
806 2658 941 2685 formatus
979 2658 984 2695 ξ
1036 2656 1218 2697 μόμοοηη,
1235 2657 1275 2697 tt.
1291 2656 1413 2697 Advorte.
1439 2655 1480 2694 hic

1002 2690 1109 2730 oriyiuis
1117 2692 1329 2730 praerogativam
1347 2690 1493 2730 celebrari.
1519 2696 1580 2730 qua:
1595 2690 1698 2727 nemini
1713 2693 1781 2730 prmj

166 2695 267 2763 estati)»
281 2727 390 2754 Videsis
404 2727 519 2754 Mariam
537 2734 590 2754 non
603 2728 756 2762 computari
775 2729 801 2756 in
812 2729 888 2763 prole
903 2728 949 2754 illa

166 2761 326 2824 imsicrfifcta
338 2767 367 2789 et
385 2770 465 2795 caeca,
493 2770 552 2797 qua
564 2770 640 2790 nova:
668 2761 699 2791 ac
718 2761 840 2792 melioris
854 2763 949 2791 matris

168 2804 195 2831 tu
218 2804 258 2835 Ige
280 2801 316 2828 at.

168 2804 316 2831 metuebat.

1038 2658 1092 2692 (15)
1106 2656 1185 2684 Joan.
1200 2665 1218 2686 I,
1235 2657 1275 2683 ti.
1291 2656 1413 2692 Advorte
1439 2654 1485 2692 hic
1501 2661 1611 2688 quoque
1636 2651 1782 2692 quamdam

1003 2721 1169 2755 tervMari'am
1191 2721 1345 2752 communis
1356 2725 1402 2754 sit.
1433 2732 1465 2751 ac
1488 2721 1783 2758 proptcrcaunigcuilw

1001 2762 1209 2797 appellationem
1228 2761 1276 2795 ipsi
1293 2760 1430 2786 tribuerit.
