1932 3072
173 93 208 124 23
698 97 847 127 ISlDORl
866 98 1085 129 THESSALON
1092 100 1238 130 lCENSlS
1344 119 1352 127 .
1751 103 1786 134 24

174 150 303 177 adducat.
317 149 413 185 Neque
425 151 505 178 aliter
516 158 544 178 se
560 159 604 179 res
619 152 710 184 habet,
727 153 749 179 si
764 152 826 187 quis
837 152 953 180 hominis

1011 155 1106 190 ίρυπδν
1131 156 1338 191 συνεισήνεγκε,
1354 156 1405 192 τὴν
1418 157 1446 183 δὲ
1458 157 1507 193 τῆς
1526 158 1625 193 τέχνης
1649 159 1791 195 ἐπιτηδει-

171 200 291 223 statuam
306 204 340 223 ex
362 204 431 224 auro
457 197 613 229 efﬁnxerit;
638 205 726 232 neque
749 199 821 224 enim
837 205 951 230 aurum,

171 241 250 276 quasi
264 242 317 268 hoc
331 249 365 269 ex
381 242 530 278 semetipso
545 242 685 276 hauriens,
701 242 814 277 praebet,
831 242 879 270 sed
895 249 954 269 me-

171 294 230 313 ram
244 287 313 313 artis
325 286 488 314 industriam
503 288 561 323 ipse
575 287 693 315 confert.

206 331 253 358 IX.
280 331 360 364 Quod
387 339 455 359 vero
484 333 619 360 universis
653 333 884 368 quibuseunque,
913 332 954 359 uti

170 377 303 410 diximus,
317 377 400 413 Virgo
413 378 493 414 longe
509 378 667 414 praecellat,
690 387 780 415 neque
795 379 884 414 imago
899 378 954 406 ulla

171 423 222 457 ipsi
252 423 350 450 similis
374 424 488 459 reperiri
514 424 541 451 in
567 425 744 453 terrestribus
766 425 863 460 possit,
891 424 955 451 hinc

171 469 236 496 licet
259 469 462 504 dignoscamus.
485 470 581 498 Omnia
609 471 683 498 enim
708 478 879 507 quaecunque
905 476 954 496 na-

171 519 299 545 scuntur.
316 515 513 550 generantibus
529 523 598 550 opus
612 516 728 550 habent;
751 522 780 545 et
804 518 845 545 sin
862 520 954 547 minus

171 559 204 585 ad
218 559 292 586 aliud
306 560 458 594 quidpiam,
472 565 547 588 certe
565 561 598 588 iis
612 569 682 596 opus
705 562 806 591 habent
820 564 853 591 ad
867 565 954 600 ipsam

171 605 387 640 generationem,
406 605 637 640 quemadmodum
653 611 681 634 et
688 607 785 641 planta:
793 613 820 635 et
829 609 954 637 animan-

172 652 207 677 tia
225 650 317 677 omnia
333 651 477 679 manifeste
492 653 631 680 evincunt.

205 696 307 724 Contra
323 704 389 724 vero
402 697 493 731 Anna,
506 703 593 726 mater
609 701 774 733 veneranda,
793 709 856 728 cum
870 709 955 738 gene-

171 748 254 777 raret,
268 744 323 772 tilia
335 752 384 772 sua
399 745 551 780 indigebat,
569 750 599 773 ut
617 754 836 782 regeneraretur;
852 755 954 779 etcum

171 789 198 816 in
238 794 316 816 utero
342 793 480 825 gestaret,
509 790 567 825 ipsa
606 800 675 820 nova
708 795 831 828 quadam.
850 796 955 825 ratione

1004 201 1090 236 ότητα
1111 201 1207 235 μόνην.

1040 323 1079 351 Θ¹.
1095 324 1156 350 "Ott
1166 324 1199 356 δ’,
1215 321 1288 360 ᾗπερ
1302 323 1548 360 ἔφημενίπάντων
1560 335 1590 353 τε
1606 327 1622 362 ἡ
1635 327 1776 363 Παρθένος

1005 369 1097 396 ἐπάνω
1115 370 1163 396 καὶ
1178 370 1264 405 γῆθεν
1286 371 1337 398 οὐκ
1362 371 1437 398 ἐστιν
1464 373 1556 407 εὑρεῖν
1582 373 1691 408 ἐμφερῆ
1718 374 1787 409 πρὺς

1005 415 1107 452 ⁴ταύτην
1123 416 1229 450 εξχόνα,
1250 418 1329 453 γνοίη
1341 426 1384 450 τις
1404 418 1438 445 ἂν
1466 418 1594 445 ἐνθένδε·
1622 420 1710 447 ἅπασι
1738 421 1789 454 μὲν

1006 460 1060 496 γὰρ
1076 463 1132 493 τοῖς
1155 462 1333 496 γεννωμένοις
1363 462 1471 497 ἀνάγκη
1492 463 1547 489 τῶν
1573 464 1744 498 γεννώντων,
1763 466 1788 490 εἰ

1006 507 1054 533 καὶ
1075 506 1112 540 μὴ
1136 506 1203 540 πρὸς
1229 507 1305 534 οὐδὲν
1333 507 1398 539 lout:
1415 508 1522 543 ἓτερον,
1551 509 1621 536 ἀλλὰ
1641 510 1675 536 δι’
1701 510 1788 543 αὐτὴν

1005 551 1140 585 δήπουθεν
1154 551 1258 578 δεῖσθαι
1271 552 1322 587 τὴν
1337 555 1476 589 γέννησιν,
1488 554 1526 585 ὡς
1539 554 1592 589 ἄρα
1605 555 1676 589 φυτά
1691 564 1720 581 τε
1739 556 1788 582 καὶ

1007 597 1063 628 ζῶα
1078 597 1165 624 πάντα
1179 598 1281 633 τρανὴν
1296 599 1427 634 κηρύττει
1443 599 1492 632 τὴν
1513 601 1681 636 μαρτυρίαν.

1044 699 1127 725 Ἅννα
1146 698 1173 724 δὲ
1188 699 1204 732 ὴ
1221 686 1371 732 deﬁnitio;
1387 697 1480 732 μήτηρ
1497 697 1717 732 ἀναγεννηῦῆνειι
1737 697 1788 731 τῆς

1007 744 1103 775 παιδὸς
1119 745 1207 770 ὲδεϊτο
1224 744 1359 778 γεννῶσα,
1387 743 1435 771 καὶ
1449 741 1494 779 ἦν,
1510 743 1550 769 ὅτ’
1577 743 1664 775 ἐκύει,
1691 743 1787 769 καινόν

1006 799 1067 816 τινα
1080 790 1289 825 κυοφορουμένη
1311 790 1425 824 τρόπον.
1441 790 1496 816 Καὶ
1526 789 1576 824 οὐχ
1598 791 1614 824 ἡ
1631 790 1789 825 προσευχῆς

171 835 198 860 in
220 838 298 862 utero
322 835 490 869 gestabatur.
506 836 600 872 Neque
615 838 673 872 ipsa
696 839 796 873 solum,
820 849 882 876 qua:
904 851 953 877 per

1011 834 1075 869 αὕτη
1094 835 1187 869 μήτηρ
1204 835 1294 868 μόνον,
1311 835 1379 861 ἀλλὰ
1396 835 1443 861 καὶ
1460 834 1498 869 τῷ
1513 836 1669 869 προπάτορι
1683 834 1789 868 ταύτης

170 888 265 915 preces
281 884 369 908 mater
385 881 411 909 ei
426 882 488 915 fuit,
504 883 551 909 sed
562 883 684 917 ejusdem
699 886 781 912 etiam
796 889 955 921 progenitor

169 933 240 960 opus
251 926 358 959 habuit,
373 932 403 954 ut
415 927 500 961 ipsam
513 928 597 955 veluti
610 934 724 957 matrem
738 932 952 965 nancisceretur,

169 973 203 999 ad
220 972 336 1000 solidam
355 973 461 1001 scilicet
483 974 645 1010 ﬁrmamque
661 975 852 1004 formationem
877 985 954 1005 asse-

170 1019 319 1053 quendam,
330 1020 460 1055 quoniam
473 1021 560 1055 prima
572 1022 617 1049 illa
631 1023 794 1057 mater(l5),
805 1031 867 1051 cum
881 1029 954 1052 terra

168 1070 282 1093 essetac
291 1065 390 1100 pulvis,
405 1065 483 1093 fluxae
495 1071 555 1093 erat
568 1067 745 1101 conditionis,
764 1077 796 1096 ac
808 1075 953 1097 ventorum

171 1111 274 1145 impetu
290 1111 538 1145 circumagebatur.
561 1112 657 1147 Neque
673 1122 768 1142 rursus
788 1115 872 1142 Adam
894 1120 954 1143 tan-

162 1157 321 1193 _tummodo,
346 1156 394 1184 sed
420 1162 548 1184 natorum
574 1158 609 1185 ab
631 1165 662 1185 ea
687 1160 783 1194 ingens
806 1160 953 1188 tuultitndo

171 1208 258 1235 usque
274 1201 307 1228 ad
320 1201 438 1236 puellam
455 1202 526 1228 hanc
541 1202 661 1229 divinam
679 1211 743 1230 suas
758 1204 874 1238 quisque
895 1213 952 1232 ma-

171 1251 237 1278 tres,
261 1251 357 1281 utpote
384 1247 572 1281 imperfectam
586 1255 618 1275 ac
630 1248 715 1275 veluti
729 1256 826 1276 caecam
847 1250 951 1284 prolem

169 1291 285 1325 enixas(
300 1291 350 1325 ll)
366 1312 372 1322 ,
394 1299 456 1318 cum
474 1292 676 1326 repudiassent,
693 1300 866 1320 communem
882 1295 953 1322 hanc

171 1339 285 1362 matrem
300 1335 471 1370 qumrcbant,
484 1344 545 1371 quae
554 1337 587 1363 ad
597 1337 746 1371 perfectam
756 1338 872 1367 formam
883 1333 961 1373 proli-

172 1379 360 1413 tribuendam,
375 1384 403 1408 et
425 1381 459 1407 ad
484 1381 573 1408 lucem
599 1383 809 1416 impertiendam
834 1383 952 1410 maxime

171 1433 219 1460 par
233 1426 315 1453 foret.
341 1425 462 1456 Materno
490 1427 583 1462 itaque
613 1432 692 1456 utero
719 1429 896 1464 gestabantur
920 1436 952 1456 ac

1006 881 1125 915 ἐδέησεν,
1140 881 1245 915 ὅσαπερ
1260 881 1342 906 οἱονεὶ
1353 881 1438 915 μητρὶ
1450 881 1614 916 χρήσασθαι,
1629 881 1697 915 πρὸς
1712 881 1790 914 στερ-

1006 925 1057 960 ράν
1070 933 1098 950 τε
1116 925 1261 951 διάπλασιν
1273 926 1320 952 καὶ
1330 926 1541 960 ἀμετάπτωτον,
1556 927 1594 957 ὡς
1610 927 1660 961 τῆς
1676 925 1790 961 πρώτης

1006 971 1116 1006 ἐκείνης
1134 971 1239 1007 μητρὸς
1265 972 1407 1007 ἐρείψιμον
1437 973 1554 1008 ἐχούσης
1572 972 1621 1007 τὴν
1648 971 1789 1004 σύστασιν,

1006 1017 1122 1053 ἐπείπερ
1139 1015 1172 1052 ἦν
1202 1017 1278 1053 χοῦς,
1294 1019 1340 1045 καὶ
1356 1018 1448 1054 βολαῖς
1473 1019 1633 1054 ἡττωμένην
1661 1018 1787 1051 πνευμά-

1005 1072 1059 1089 των
1073 1072 1080 1078 ⁸
1104 1064 1154 1089 καὶ
1169 1063 1199 1090 οὐ
1230 1064 1315 1098 Ἀδὰμ
1333 1064 1424 1099 μόνον,
1441 1065 1509 1091 ἀλλὰ
1523 1065 1570 1092 καὶ
1586 1066 1599 1091 ὁ
1619 1065 1705 1096 πολὺς
1733 1063 1789 1090 τῶν

1004 1109 1034 1140 ἐξ
1053 1109 1158 1136 ἐκείνου
1176 1109 1307 1144 σύλλογος
1320 1110 1370 1144 τῆς
1384 1111 1458 1142 θείας
1476 1111 1542 1145 ἄχρι
1559 1111 1655 1142 παιδὸς
1670 1110 1786 1143 ταύτης.

1006 1155 1134 1190 καθάπερ
1162 1157 1268 1187 οἰκείας
1298 1156 1414 1188 ἕκαστος
1440 1156 1633 1189 ἑξωὸελικότες
1649 1156 1784 1191 μητέρας,

1004 1201 1042 1231 ὡς
1057 1200 1140 1234 ἀτελῆ
1156 1201 1313 1233 τικτούσας,
1331 1202 1377 1227 καὶ
1390 1199 1446 1227 οἷον
1462 1201 1549 1236 πηρὰ,
1567 1201 1617 1235 τὴν
1642 1200 1739 1234 καινὴν
1754 1199 1788 1233 δὴ

1004 1245 1106 1280 ταύτην
1124 1245 1239 1279 ἐζήτουν
1253 1245 1301 1271 καὶ
1315 1245 1615 1281 τελεσιουργικωτάτην
1636 1245 1682 1271 καὶ
1696 1252 1787 1278 φωτο-

1005 1291 1095 1318 δότιδα
1108 1292 1214 1326 μητέρα
1227 1300 1233 1306 ⁸
1255 1292 1316 1318 ὅθεν
1327 1291 1453 1318 ὡδίνοντό
1469 1301 1499 1319 τε
1512 1293 1559 1319 καὶ
1571 1290 1767 1326 διεμορφοῦντο
1778 1298 1785 1305 ·

1007 1338 1054 1363 καὶ
1066 1337 1119 1363 τότ’
1136 1338 1243 1371 ἀληθῶς
1256 1338 1390 1373 προῆλθον
1406 1340 1445 1369 εἰς
1461 1338 1529 1372 φῶς,
1547 1339 1585 1364 ὅτ’
1598 1339 1639 1368 εἰς
1655 1338 1708 1370 γῆν
1719 1334 1789 1368 αὕτη

1006 1382 1149 1417 προελθεῖν
1165 1383 1194 1415 ἐξ
1209 1383 1296 1418 αὐτῆς
1313 1384 1360 1410 καὶ
1376 1384 1422 1410 τὸν
1436 1383 1502 1418 ἐμὸν
1517 1383 1716 1418 ὲκαινούργησε
1734 1383 1790 1408 Σω-

1005 1436 1087 1462 τηρα.

170 1474 374 1508 I'ormabantur;
391 1479 502 1510 tumque
520 1485 613 1504 revera
631 1478 656 1504 in
671 1477 760 1505 lucem
781 1477 847 1506 editi
870 1483 934 1505 sunt
949 1497 955 1508 .
986 1477 1097 1511 quando
1125 1478 1182 1513 ipsa
1222 1486 1293 1506 novo
1319 1486 1410 1506 rerum
1435 1477 1532 1505 ordine
1568 1483 1659 1503 meum
1679 1483 1789 1510 quoque

171 1520 341 1548 Salvatorem
357 1528 390 1548 ex
406 1529 467 1549 sese
481 1523 583 1550 mundo
598 1523 721 1556 protulit.

207 1577 276 1605 Hinc
289 1579 371 1605 etiam
385 1578 458 1605 ausit
468 1579 523 1614 jam
538 1579 675 1614 quispiam
689 1580 819 1607 eximium
837 1581 904 1608 illud
919 1581 954 1608 de

170 1632 202 1652 ea
217 1625 405 1658 pronuntiare,
420 1625 494 1660 quod
516 1625 608 1660 lingua
627 1627 729 1654 tonitru
751 1628 859 1663 fragore
880 1636 955 1656 reso-

172 1679 240 1698 nans
261 1671 330 1698 dixit
353 1680 360 1698 :
393 1671 508 1698 Vidimus
531 1672 645 1707 gloriam
670 1675 725 1708 ejus
748 1676 823 1709 quasi
842 1675 955 1709 gloriam

171 1716 318 1751 unigenitzr
333 1717 379 1744 Dei
392 1717 501 1751 Matris;
516 1718 594 1752 plena
609 1720 702 1753 gratia:
719 1724 742 1746 et
757 1721 873 1747 veritatis
887 1720 953 1755 (l5).

205 1762 266 1789 Non
281 1762 299 1789 ii
315 1767 406 1790 autem
422 1763 522 1794 solum,
538 1764 586 1798 qui
602 1765 668 1791 olim
683 1769 711 1792 et
725 1769 788 1793 ante
804 1766 890 1800 ipsam
903 1774 953 1794 ex-

173 1808 313 1840 stiterunt,
325 1808 377 1835 hoc
388 1808 551 1836 beneﬁcium
563 1810 652 1837 sortiti
662 1815 736 1843 sunt,
747 1817 777 1838 ut
788 1819 820 1838 ca
834 1812 953 1843 ratione.

173 1861 255 1889 quam
270 1854 399 1887 diximus,
417 1854 452 1881 ab
467 1855 562 1882 eadem
584 1856 611 1882 in
626 1856 713 1884 lucem
732 1857 894 1889 ederentur;
906 1857 955 1884 sed

173 1899 301 1927 universo
326 1907 446 1934 quoque,
472 1900 518 1935 qui
541 1905 602 1935 post
623 1902 709 1935 ipsam
723 1902 789 1935 fuit,
804 1903 953 1930 electorum

171 1945 273 1981 populo
296 1945 467 1980 regeneratio
482 1950 509 1972 et
526 1954 589 1973 vera
606 1947 669 1979 vita,
694 1955 726 1974 ac
740 1948 870 1982 splendor
885 1948 955 1975 lucis

170 1997 220 2024 per
236 1990 321 2024 ipsam
335 1990 439 2017 tributa
454 1991 576 2019 fuerunt.
591 1991 644 2018 Sed
656 1997 683 2019 et
697 1993 810 2026 insuper
818 1994 953 2028 ejusmodi

172 2037 305 2064 beneficia
330 2035 475 2064 effundere
504 2037 694 2064 laudatissima
726 2038 807 2073 Virgo
835 2039 954 2066 cessabit

171 2089 323 2116 nunquam,
350 2089 494 2116 quousque
511 2091 626 2115 magnus
643 2083 688 2110 ille
700 2088 727 2110 et
741 2083 916 2116 novissimus,
928 2090 955 2112 et

172 2127 370 2155 inaccessibilis
382 2128 512 2163 splendor
532 2129 676 2162 effulserit,
703 2130 726 2156 is
749 2130 885 2163 videlicet,
903 2131 950 2165 qui
977 2147 983 2154 .

170 2173 372 2201 fecundissima;
398 2173 478 2208 hujus
504 2179 532 2200 et
554 2173 615 2201 filim
639 2178 667 2201 et
691 2174 786 2202 matris
808 2180 836 2202 et
866 2175 952 2211 virgi-
969 2193 991 2220 υ

171 2219 216 2246 nis
233 2219 291 2254 ipse
306 2226 415 2254 quoque
429 2219 519 2246 factus
533 2223 574 2247 est
588 2219 670 2247 filius.

209 2266 392 2299 Quamobrem
406 2265 448 2293 fas
461 2271 513 2298 est,
523 2266 615 2293 verbis
636 2267 776 2301 paululum
792 2268 952 2301 immutatis,

174 2312 209 2340 de
234 2312 294 2347 ipsa
316 2311 505 2346 pronuntiare,
524 2312 598 2346 quod
612 2312 711 2340 beatus
727 2313 829 2342 Paulus
844 2316 878 2343 de
894 2316 954 2344 Sal-

173 2363 269 2386 vatore
282 2358 371 2393 inquit
389 2367 395 2384 :
411 2357 470 2385 Vita
479 2362 568 2385 nostra
576 2358 728 2386 abscondita
739 2365 795 2387 erat
811 2369 872 2388 cum
885 2362 953 2397 ipsa;

173 2408 202 2433 et
215 2404 322 2438 quando
335 2403 393 2438 ipsa
418 2405 541 2440 apparuit
563 2404 622 2431 Vita
645 2410 745 2438 nostra,
766 2411 827 2434 tunc
851 2413 878 2435 et
904 2417 955 2436 nos

175 2450 349 2485 apparuimus
371 2458 430 2477 cum
454 2451 510 2482 ipsa
525 2451 551 2481 in
566 2450 651 2486 gloria
668 2452 699 2478 ¹⁶.
717 2452 851 2481 Praeterea
864 2462 955 2491 neque

211 2530 233 2550 *⁸
249 2529 354 2557 Coloss.
372 2537 411 2562 ιιι,
427 2529 454 2562 5,
470 2530 498 2561 4.

1043 1568 1139 1595 Ἔνθεν
1151 1577 1192 1595 τοι
1209 1568 1257 1595 καὶ
1284 1567 1356 1595 κατὰ
1379 1567 1429 1601 τὴν
1454 1566 1638 1601 βροντὸφωνον
1663 1565 1788 1599 γλῶτταν

1004 1614 1168 1649 θαρρήσειεν
1183 1614 1215 1641 ἄν
1231 1622 1272 1644 τις
1289 1612 1416 1647 λαμπρὸν
1434 1611 1606 1646 φθέγξασθαι
1634 1612 1681 1638 καὶ
1708 1611 1787 1637 τοῦτο

1006 1661 1070 1695 περὶ
1100 1660 1204 1695 αὑτῆς-
1235 1659 1439 1693 Ἐθεασάμεθα
1476 1658 1532 1691 τὴν
1560 1658 1655 1689 δόξαν
1681 1656 1787 1690 αὐτῆς,

1005 1707 1099 1739 δόξαν
1114 1707 1153 1738 ὡς
1170 1706 1331 1741 μονογενοῦς
1347 1705 1458 1740 Μητρὸς
1474 1704 1541 1730 Θεοῦ
1552 1712 1558 1719 ·
1571 1704 1690 1737 πλήρης
1707 1702 1789 1737 χάρι-

1005 1761 1054 1783 τος
1066 1751 1114 1779 καὶ
1126 1752 1279 1785 ἀληθείας.

1041 1798 1078 1824 Οὺ
1097 1799 1153 1827 τοῖς
1170 1797 1255 1823 πάλαι
1272 1797 1299 1823 δὲ
1323 1797 1404 1831 μόνον
1426 1796 1472 1825 καὶ
1490 1795 1543 1830 πρὸ
1557 1795 1640 1829 αὐτῆς
1656 1795 1672 1829 ἡ
1701 1795 1739 1825 εἰς
1757 1794 1786 1820 τδ

1007 1844 1063 1878 φῶς
1080 1843 1146 1878 παρ’
1161 1844 1245 1878 αὐτῆς
1260 1842 1289 1869 ὃν
1303 1843 1409 1878 εἴρηται
1424 1842 1525 1877 τρόπον
1549 1840 1699 1876 δεδώρηται
1717 1840 1785 1873 προῦ-

1005 1891 1074 1921 οδος,
1088 1889 1155 1916 ἀλλὰ
1168 1889 1215 1917 καὶ
1231 1889 1314 1915 παντὶ
1332 1887 1370 1922 τῷ
1397 1888 1444 1914 ἀπ’
1460 1887 1569 1921 ἐκείνης
1596 1885 1662 1920 ἱερῷ
1685 1884 1784 1917 συστή-

1007 1945 1072 1971 ματι
1091 1936 1271 1969 ἁναγέννησις
1286 1936 1334 1960 καὶ
1349 1933 1406 1968 ζωὴ
1429 1933 1543 1968 ἀληθὴς,
1568 1933 1614 1959 καὶ
1635 1929 1723 1965 φωτὸς
1745 1929 1786 1954 ἕλ-

1006 1982 1177 2018 λαμψις·ἕτι
1199 1982 1228 2007 δὲ
1245 1980 1293 2008 καὶ
1317 1981 1393 2006 ἐσαεὶ
1418 1979 1568 2006 διατελέσει
1592 1977 1724 2012 βλύςουσα
1752 1974 1787 2001 τὰ

1005 2027 1118 2054 τοιαῦτα.
1130 2028 1146 2061 ἡ
1164 2026 1365 2059 πολυύμνητος,
1383 2025 1436 2055 ἕως
1455 2024 1486 2050 ἂν
1501 2023 1530 2049 τδ
1544 2023 1615 2057 μέγα
1627 2021 1674 2048 καὶ
1695 2019 1789 2046 τελευ-

1005 2077 1080 2101 ταῖον
1096 2075 1193 2101 ἄδυτον
1209 2072 1352 2107 ἐπιλάμψῃ
1371 2071 1482 2106 φέγγος,
1500 2071 1513 2097 ὃ
1528 2070 1559 2104 δὴ
1573 2069 1622 2103 τῆς
1636 2068 1786 2094 πολυτόκου

1005 2120 1109 2153 ταύτης
1135 2119 1181 2145 καὶ
1208 2117 1299 2148 τοῦτο,
1325 2117 1373 2142 καὶ
1403 2115 1508 2148 παιδὸς,
1524 2116 1571 2141 καὶ
1599 2113 1712 2149 μητρὸς,
1743 2111 1789 2137 καὶ

1008 2164 1142 2200 παρθένου
1160 2162 1266 2197 πέφυκε
1285 2161 1392 2197 κύημα.

1044 2268 1127 2295 Ὅθεν
1142 2267 1230 2293 εἰπεῖν
1247 2265 1335 2298 ἔξεστι
1351 2264 1413 2297 περὶ
1432 2263 1518 2296 αὐτῆς
1535 2261 1632 2296 μικρὸν
1660 2258 1790 2294 παρῳδή-

1010 2323 1120 2345 σαντας,
1141 2313 1155 2340 ὃ
1181 2312 1245 2346 περὶ
1275 2310 1322 2337 τοῦ
1352 2309 1479 2343 Σωτῆρος
1502 2308 1517 2333 ὁ
1538 2307 1673 2341 μακάριος
1694 2304 1789 2339 εἴρηκε

1009 2361 1116 2391 Παῦλος
1127 2367 1134 2375 ·
1151 2358 1192 2385 ὅτι
1211 2356 1246 2383 ’11
1259 2355 1313 2389 ζωὴ
1328 2353 1412 2389 ἡμῶν
1440 2354 1607 2386 ἐκέκρυπτο
1633 2352 1681 2377 σὺν
1706 2350 1786 2383 αὐτῇ,

1011 2407 1055 2434 καὶ
1071 2407 1141 2432 Ὅτε
1168 2403 1243 2436 αὕτη
1264 2399 1467 2435 πεφανέρωται
1483 2398 1501 2432 ἡ
1529 2398 1585 2431 ζωὴ
1606 2396 1698 2430 ἡμῶν,
1723 2394 1790 2420 τότε

1010 2453 1057 2481 καὶ
1071 2452 1151 2488 ἡμεῖς
1166 2450 1226 2479 σὺν
1241 2447 1317 2482 αὐτῇ
1328 2445 1556 2481 ὲρανερώθημεν
1570 2445 1603 2471 ἐν
1619 2443 1692 2476 δόξῃ
1723 2440 1787 2467 κάν·

799 2609 868 2638 Ant.
892 2608 1039 2640 Ballerini
1061 2612 1155 2639 notae.

212 2671 267 2705 (l5)
296 2671 412 2698 Terram
437 2669 569 2704 lntellige,
596 2678 611 2697 e
630 2677 684 2705 qua
714 2670 799 2697 Adam
813 2669 947 2698 tenuatus
986 2670 991 2707 _‘
1043 2669 1224 2709 tt_5)_Joan.i,
1242 2669 1282 2709 tt.
1299 2669 1420 2709 Advorte
1446 2669 1487 2706 hic

1009 2702 1115 2740 originis
1124 2703 1335 2740 praerogativam
1354 2702 1500 2740 celebrari.
1526 2708 1587 2734 qum
1603 2702 1705 2738 nemini
1720 2705 1789 2740 prte-

173 2710 275 2781 fsl'ltt
289 2741 397 2769 Videsis
411 2740 526 2768 Mariam
544 2747 598 2767 non
610 2740 808 2781 computat-tiu
819 2742 895 2781 prole
910 2741 956 2781 illa

174 2776 333 2838 imperlscta
345 2781 374 2804 et
392 2783 473 2808 caeca,
501 2783 560 2810 quae
571 2783 647 2803 novae
675 2784 706 2804 ac
725 2777 847 2804 melioris
860 2776 955 2804 matris

176 2812 212 2846 int
225 2810 265 2848 ige
287 2815 323 2843 at.

176 2819 323 2846 “tingebat.

1045 2671 1099 2705 (l5)
1113 2669 1192 2696 Joan.
1207 2677 1224 2698 ι,
1242 2669 1282 2705 Ιιι.
1299 2667 1420 2705 Advorte
1446 2666 1492 2705 hic
1508 2672 1618 2700 quoque
1643 2662 1791 2703 quamdam

1009 2733 1175 2767 tervhlari'um
1197 2733 1410 2766 comunmissit,
1440 2744 1472 2764 ac
1495 2733 1791 2770 proptercamtigenittu

1008 2774 1216 2809 appellationem
1235 2773 1283 2807 ipsi
1300 2771 1438 2798 tribuerit.
