1932 3072
149 101 187 131 25
565 105 712 134 -SERMO
732 106 774 136 ΙΝ
795 105 939 136 NATIVI'J

995 107 1057 137 'EM
1076 109 1109 138 Β.
1133 110 1165 140 ν.
1189 110 1332 141 MARl/E.
1740 115 1774 145 ‘26

146 159 242 186 ταῦθα
258 158 306 186 καὶ
317 161 347 186 τὸ
359 160 405 186 τοῦ
422 161 521 196 σεμνοῦ
541 163 701 198 ’Λὸϐωιοῦμ
711 164 761 190 οὐκ
777 164 939 196 ἀπεικότως,

995 166 1134 194 immerito
1147 167 1295 202 quispiam,
1314 173 1344 195 ut
1359 169 1423 195 mihi
1441 169 1552 203 quidem
1570 169 1690 201 videtur,
1703 179 1775 205 pra:-

147 205 215 239 ἐμοὶ
243 205 326 237 δοκῶ,
353 206 556 242 μεθαρμὸσειεν
578 208 611 235 ἄν
634 216 696 240 τις·
731 207 876 242 Ἐξῆλθες
897 211 940 242 εἰς

147 253 304 285 σωτηρίαν
322 253 401 284 λαοῦ
420 262 489 286 σου,
514 254 568 281 τοῦ
584 253 682 281 σῶσαι
705 254 776 288 τοὺς
797 256 940 289 χριστοή·

146 305 209 324 σου
224 298 388 332 ἐλήλυθας.

191 343 275 369 Ἀλλὰ
286 343 320 379 δὴ
335 345 384 371 καὶ
399 346 411 371 ὁ
429 346 569 380 Ζαχαρίας
586 345 688 382 ἔφησεν
703 347 717 372 ό
740 347 919 377 οεόπνευστος
930 354 939 363 ⁸

154 389 365 423 Ἐπεσκέψατο
379 391 458 425 ἡμᾶς
467 392 602 425 ἀνατολὴ
616 391 651 424 ἐξ
671 392 781 426 ῦψους.
798 393 941 426 ἐπιφᾶναι

147 434 215 467 τοῖς
241 435 277 460 ἐν
294 436 398 462 σκότει
415 436 464 463 καὶ
487 436 562 470 σκιᾷ
591 438 723 465 θανάτου
748 439 939 472 καθημένοις.

148 480 221 506 Σκιέι
244 480 301 515 γὰρ
330 481 454 517 ἀτεχνῶς
479 483 572 509 ἐκεῖνα
588 483 623 509 τὰ
654 483 750 513 πάλαι,
768 484 815 510 καὶ
843 485 939 510 σκᾶτου

150 526 237 560 μηδὲν
263 526 434 554 ἀποδέοντα*
453 528 526 563 ἅπερ
547 529 657 556 ἅπαντα
679 530 726 556 καὶ
749 529 828 556 ὡδινε
851 539 941 565 παρα-

146 571 233 604 δόξως
247 573 264 608 ἡ
283 574 411 609 μακαρία.
427 575 480 609 πρὸ
496 575 544 601 τοῦ
562 577 692 610 φανῆναι,
721 576 793 602 καθὰ
815 577 939 611 προέφη⁴

149 626 214 651 μεν,
238 619 287 644 καὶ
299 618 472 654 γεννηθεῖσα,
500 621 569 654 πρὸς
596 621 684 655 ἀληθῆ
704 622 831 655 γέννησιν
850 621 939 656 ἤγαγε

146 663 196 688 καὶ
214 663 272 696 φῶς
286 663 383 698 ὥσπερ
399 665 449 690 οὐκ
465 665 650 700 ἀνασχομένη,
672 666 710 700 μὴ
734 667 781 692 καὶ
797 666 888 697 ἄλλοις
903 663 939 692 ὧν

151 708 308 743 ἐπλούτησε
321 710 494 744 μεταδοῦναι,
507 711 579 745 λέγω
594 712 622 737 δὲ
642 711 690 747 τὴν
702 713 836 747 φωτεινὴν
852 712 940 748 ὓπαρ-

149 753 202 785 ξιν,
219 752 276 780 οἷὸν
292 764 317 781 τι
337 757 482 783 κάλλιστον
508 757 604 792 μύρον,
621 755 664 789 οἷς
690 758 722 784 ἂν
747 758 936 793 κοινωνήσειε,

147 800 198 836 τὴν
214 802 281 836 παρ’
295 802 393 829 ἑαυτοῦ
407 804 542 839 χορηγοῦν
554 805 666 840 ἀρετήν.
686 804 827 831 Ἐντεῦθεν
838 805 937 837 τοίνυν,

150 848 284 881 μυστικόν
296 857 358 875 τινα
374 849 465 883 λόγον,
482 851 512 876 οὺ
529 850 676 882 καλλίπαις
701 851 792 884 μόνον,
810 851 875 877 ἀλλὰ
890 850 938 877 καὶ
956 843 975 868 Β

147 893 286 926 πολύπαις
302 895 417 929 γέγονεν
443 897 460 931 ἡ
487 897 634 931 Παρυένος,
659 897 743 932 Ἀχὰῦ
770 897 876 923 ἐκείνου
890 899 938 924 καὶ

146 938 253 965 Γεδεὼν
290 940 427 975 κρείττων
469 943 501 976 τῇ
531 943 693 977 πολυτεκνίᾳ
733 943 937 977 γνωριζομένη.

146 984 315 1019 Θαυμαστὸν
335 987 363 1013 δὲ
376 987 461 1019 οὐδὲν,
476 989 500 1014 εἰ
518 988 613 1019 τόκους
631 987 703 1014 οὕτω
717 989 839 1019 καινοὺῖ,
865 988 938 1015 οὕτω

148 1031 267 1062 πολλοὺς
291 1034 490 1059 καινοτοκείνί
516 1033 594 1067 λόγος
609 1033 729 1060 δείκνυσι
756 1033 806 1068 τὴν
830 1033 939 1068 Παρθέ-

148 1086 204 1109 νον,
220 1078 263 1104 ὅτι
281 1078 339 1111 καὶ,
356 1078 387 1104 τὸ
401 1079 572 1110 καινότατον,
583 1079 630 1106 τὸν
645 1079 699 1105 τῶν
719 1080 848 1106 ἁπάντων
860 1080 937 1105 ἔτεκε

146 1124 316 1159 δημιουργὸν
337 1125 384 1152 καὶ
400 1127 493 1154 τοκέα.

991 211 1061 238 soliti
1081 212 1119 238 rei
1136 212 1202 239 illud
1218 219 1325 247 aptaret
1337 214 1486 241 venerandi
1503 215 1628 242 llabacuc
1642 224 1649 242 :
1662 215 1775 250 Egressi:

991 266 1017 284 es
1031 259 1058 285 in
1074 258 1187 285 salutem
1201 260 1292 294 populi
1306 261 1355 292 tui;
1369 260 1404 287 ad
1415 261 1573 287 saluandam
1587 262 1698 288 cltrittos
1719 266 1775 290 tuos

990 305 1083 331 venisti
1098 305 1107 339 (
1120 305 1152 331 lli
1161 305 1181 338 ).

1027 350 1079 377 Sed
1097 357 1124 377 et
1138 351 1284 377 Zacharias
1307 358 1322 377 a
1346 351 1401 378 Deo
1429 351 1580 385 inspiratus
1611 353 1774 387 inquiebat:

996 396 1118 423 Visilavi!
1137 404 1183 423 nos
1208 397 1294 422 oriens
1311 404 1343 422 ex
1366 396 1430 428 allo,
1454 397 1607 428 illuminare
1621 399 1663 430 iis,
1686 399 1730 433 qui
1749 400 1775 426 in

992 442 1102 468 tenebris
1111 446 1134 468 et
1145 442 1239 468 umbra
1249 443 1340 468 mortis
1351 443 1440 468 sedent
1453 443 1485 470 ”.
1498 443 1598 470 Umbra
1612 444 1684 470 enim
1698 444 1776 478 plane

991 488 1194 521 erantantiqua
1218 488 1274 518 illa,
1298 491 1326 514 et
1352 487 1420 513 nihil
1447 496 1460 514 a
1487 488 1608 515 tenebris
1620 489 1772 515 distabant.

992 534 1057 566 Qua:
1085 533 1195 567 quidem
1225 533 1317 559 omnia
1341 533 1460 559 mirabili
1477 533 1595 566 quadam
1610 535 1727 565 ratione,
1746 539 1776 561 ut

991 577 1097 612 praefati
1113 585 1218 609 sumus,
1231 577 1310 604 beata
1324 578 1404 612 Virgo
1419 578 1541 612 gestabat
1557 579 1583 604 in
1597 583 1685 611 utero,
1699 580 1775 613 prius

990 623 1072 650 etiam
1089 630 1170 656 quam
1183 623 1210 649 in
1222 623 1310 648 lucem
1325 622 1381 656 ipsa
1397 624 1529 655 prodiret.
1548 623 1695 656 Postquam
1713 631 1776 650 vero

990 668 1082 701 genita
1099 672 1150 697 est,
1164 675 1255 694 veram
1269 667 1302 693 iis
1318 667 1490 694 nativitatem
1510 675 1658 702 veramque
1675 667 1776 702 imper-

992 714 1052 740 tivit
1065 713 1166 744 lucem,
1184 713 1256 747 quod
1270 712 1343 740 ferre
1358 721 1456 747 nempe
1471 714 1527 748 ipsa
1546 720 1601 739 non
1618 718 1710 747 posset
1722 732 1730 743 .
1745 719 1776 739 ut

990 759 1082 787 canori
1110 767 1220 793 quoque
1244 766 1340 786 omnes
1363 759 1390 785 in
1417 764 1519 792 partem
1538 767 1592 786 non
1615 763 1778 785 vocarentur

990 815 1084 833 eorum
1102 806 1247 835 bonorum,
1269 813 1383 838 quorum
1405 805 1462 839 ipsa
1478 805 1553 832 dives
1567 805 1689 839 apprime
1705 809 1774 836 erat,

989 851 1164 878 abundantiae
1179 851 1284 877 scilicet
1302 851 1375 878 illius
1389 851 1458 878 lucis
1475 852 1609 884 (l7),qu:e
1623 852 1709 877 instar
1726 858 1775 884 op-

989 896 1048 923 timi
1067 898 1198 932 unguenti
1224 905 1301 924 suam
1331 897 1382 929 eis,
1406 897 1507 930 quibus
1524 897 1606 922 luerit
1621 896 1774 929 impertita,

989 944 1117 970 virtutem
1143 944 1299 978 participat.
1318 944 1387 970 llinc
1405 951 1469 970 vero
1488 943 1567 977 plane
1583 942 1773 976 consequitur,

987 989 1124 1024 spirituali
1156 990 1273 1024 quadatn
1303 990 1408 1016 ratione
1433 988 1571 1021 Virginem
1597 988 1699 1014 sobolis
1723 995 1777 1013 non

991 1036 1074 1062 modo
1098 1036 1265 1070 prmstantia,
1281 1035 1328 1062 sed
1342 1035 1425 1061 etiam
1441 1035 1519 1068 copia
1535 1034 1670 1068 insignem
1689 1033 1777 1060 exsti—

993 1082 1068 1113 tisse,
1085 1088 1117 1107 ac
1134 1081 1218 1107 multo
1235 1080 1352 1107 ﬁliorum
1368 1088 1484 1106 numero
1499 1073 1639 1106 Aéhabum
1658 1079 1733 1106 illuxit
1746 1087 1778 1105 ac

992 1127 1149 1154 Gedeonem
1177 1126 1320 1153 manifeste
1344 1126 1453 1153 vicisse.
1483 1126 1538 1152 Nec
1566 1125 1664 1151 mirum
1690 1124 1777 1150 videri

146 1171 242 1203 debet,
257 1172 332 1206 quod
347 1173 451 1207 prolem
464 1173 534 1200 adeo
549 1180 658 1205 novam,
690 1173 814 1206 adeoque
845 1172 1024 1206 multiplicem
1057 1181 1073 1200 e
1097 1173 1208 1208 Virgine
1226 1173 1396 1208 progenitum
1414 1179 1483 1198 nova
1500 1171 1544 1197 illa
1563 1170 1668 1197 ratione
1701 1170 1778 1197 dica-

147 1225 222 1247 mus.
240 1223 386 1253 postquam
402 1218 494 1253 (quod
513 1219 628 1246 maxime
647 1226 749 1245 novum
764 1219 826 1253 est)
845 1226 936 1245 rerum
957 1219 1079 1246 omnium
1095 1220 1268 1247 conditorem
1284 1227 1315 1247 ac
1330 1223 1471 1254 parentem
1489 1218 1546 1252 ipsa
1561 1217 1710 1252 generavit.

184 1265 214 1291 l’.
232 1265 327 1296 ’Δξιον
347 1265 376 1291 δὲ
391 1265 445 1291 κάκ
459 1265 552 1296 τίνων,
571 1266 618 1291 καὶ
636 1266 711 1296 ὅπως
726 1265 777 1299 ἔφυ
800 1265 938 1291 διαλασεῖν

146 1311 178 1335 τδ
206 1310 298 1344 πάσης
322 1311 434 1345 ἡλικίας
459 1311 667 1346 νουνεχέστερον
697 1311 808 1346 βρέφος,
831 1311 862 1337 τὸ
887 1311 940 1345 γῆς

148 1356 264 1390 ἁπάσης
285 1356 333 1383 καὶ
346 1356 463 1391 οὐρανοῦ
482 1357 513 1383 π)
520 1357 652 1392 ατύτερον
667 1357 803 1391 γέννημα,
818 1357 835 1392 ἡ
852 1357 939 1392 ὑπερ-

148 1401 222 1435 φυὴς
233 1401 279 1426 καὶ
296 1401 452 1437 ἀπόρρητος
463 1402 637 1437 Μητρόπαις.

195 1490 327 1526 Ἱωακεὶμ
342 1492 389 1517 καὶ
416 1492 500 1518 Ἀννα
526 1493 592 1524 δυὰς
617 1493 768 1528 ἐτύγχανον
799 1493 883 1520 πάλαι
899 1493 938 1528 τῷ

150 1536 203 1570 βίῳ
222 1536 384 1572 δικαιοτάτη
398 1546 405 1553 ·
431 1538 515 1573 νόμον
545 1547 575 1565 τε
594 1538 715 1573 φύλακες
737 1539 863 1574 ἀκριϐεῖς
892 1539 939 1565 καὶ

148 1581 314 1615 φιλοσοφίαν
326 1582 479 1616 φιλοῦντες,
491 1584 540 1618 ὅση
551 1593 581 1610 τε
597 1583 664 1620 ἦθος
677 1582 706 1610 εὖ
723 1585 875 1620 ζωγραφεῖ,
892 1585 938 1610 καὶ

147 1625 226 1653 εἶκον
242 1628 382 1662 εἱρηναῖον
392 1629 483 1663 τίθησι
497 1631 543 1656 καὶ
560 1631 744 1658 ἀστασίαστον
755 1639 761 1645 “
781 1631 882 1665 σφόδρα
908 1639 938 1656 τε

149 1673 332 1707 περίϐλεπτοι
350 1674 396 1700 διὰ
410 1674 507 1708 ταῦτα,
519 1676 567 1702 καὶ
578 1676 610 1702 τὸ
621 1677 716 1711 περιὸν
730 1677 770 1708 είς
781 1677 938 1711 μετάδοσιν,

148 1716 193 1749 οἷς
213 1719 336 1753 ἐδέησεν,
360 1717 397 1747 ὧν
413 1721 560 1756 ἐκέκτηντο
571 1730 578 1738 ·
594 1718 664 1756 ἦσαν
684 1723 739 1756 γὰρ
759 1723 806 1749 καὶ
821 1723 938 1749 πλούτου

151 1765 350 1800 μετειληφότες
373 1767 479 1801 βαθέος.
491 1767 573 1794 Ὅθεν
590 1768 645 1795 τῶν
658 1769 707 1803 μὲν
721 1769 809 1795 ἄλλων
824 1769 940 1800 ἕκαστος

150 1811 224 1845 ὑπὲρ
239 1812 339 1839 ἑαυτοῦ
356 1813 438 1847 μόνον
463 1814 497 1840 τὰ
516 1815 591 1849 δῶρα
610 1815 648 1850 τῷ
670 1815 765 1850 Κυρίῳ
781 1815 919 1850 προσῆγον
931 1823 938 1830 ⁶

150 1856 228 1883 οὗτοι
241 1859 263 1884 δ’
284 1859 401 1895 ἀφθονίᾳ
416 1860 486 1894 βίου,
505 1861 608 1895 μᾶλλον
619 1861 647 1887 δὲ
657 1861 772 1896 γνώμης
787 1861 939 1897 ἐλευθερίᾳ,

152 1905 200 1929 καῖ
216 1905 283 1938 πρδς
296 1904 327 1930 τὸ
338 1905 416 1938 γένος
433 1905 547 1940 φίλτρῳ,
560 1906 666 1932 ἑαυτῶν
678 1914 708 1931 τε
721 1905 804 1932 ἕνεκα
825 1907 871 1932 καὶ
892 1906 939 1932 τοῦ

150 1949 219 1975 λαοῦ
238 1949 340 1980 παντὸς
354 1950 452 1984 διπλῆν
477 1950 619 1977 ἐποιοῦντο
634 1951 683 1986 τὴν
699 1951 859 1986 προσένεξιν
872 1960 879 1966 ·
900 1952 940 1977 διὸ

150 1997 200 2021 καὶ
216 1996 256 2026 είς
270 1995 396 2031 πρώτους
410 1996 519 2023 ἐτέλουν
531 1996 581 2032 τῆς
603 1997 754 2032 Ἰουδαϊκῆς
768 1998 877 2033 ἐκείνης
892 1999 939 2023 καὶ

151 2041 373 2076 βασιλικωτάτης
389 2042 486 2077 φυλῆς.

188 2177 305 2208 Τούτοις
328 2177 374 2204 οὖν
404 2177 494 2213 γάμου
518 2178 568 2213 μὲν
597 2175 630 2212 ἦν
656 2178 772 2204 ἐπιπολὺ
799 2178 939 2211 κοινωνία,

151 2224 250 2255 παιδὸς
267 2223 290 2249 δ’
310 2223 442 2259 εὐκληρία
458 2224 564 2259 προσῆν
582 2224 714 2259 οὐδαμοῦ·
730 2224 811 2251 τοῦτο
836 2224 863 2250 δὲ
880 2224 941 2250 λίαν

150 2269 267 2303 ἀνιαρὸν
281 2270 380 2301 ἐδόκει,
395 2269 442 2296 xui.
455 2271 574 2304 πλῆττον
587 2270 618 2296 οὺ
636 2271 722 2309 μικρὰ
738 2270 787 2305 τὴν
805 2270 921 2304 καρδίαν
933 2277 940 2285 ·

150 2316 200 2342 καί
211 2324 277 2342 ποτε
297 2317 376 2348 γοῦν,
391 2316 441 2351 τῆς
462 2316 594 2351 μεγίστης
625 2317 691 2351 παρ’
710 2316 827 2347 ἐκείνοις
842 2315 940 2350 ἑορτῆς

150 2361 318 2397 ἐπιστάσης,
336 2362 387 2393 τὰς
406 2363 435 2388 ὲν
462 2362 527 2396 ἱερῷ
550 2361 622 2388 κατὰ
645 2362 676 2388 τὸ
702 2361 796 2392 είωθδς
811 2361 942 2396 ἐκόμιζον

151 2408 314 2443 προσφοράς
328 2415 336 2422 ’
356 2409 371 2434 ὁ
388 2408 416 2434 δὲ
429 2407 480 2442 τῆς
494 2407 632 2442 ἱερατείας
654 2408 716 2434 τότε
746 2406 862 2443 Ῥουῧὶμ
877 2408 945 2442 πρὸς

150 2453 328 2488 λειτουργίαν,
337 2453 423 2480 τελῶν
437 2452 499 2480 οὔτε
513 2453 648 2488 λαμϐάνει
663 2453 698 2479 τὰ
711 2453 794 2488 δῶρα,
807 2455 855 2479 καὶ
870 2453 945 2480 ὀνείι

191 2523 212 2539 ’⁷
223 2523 290 2551 Luc.
306 2532 325 2557 t,
344 2523 445 2557 18,19.

1027 1265 1062 1293 Χ.
1085 1267 1169 1294 Porro
1195 1275 1285 1302 operte
1310 1266 1428 1301 pretium
1457 1265 1541 1291 fuerit
1567 1264 1633 1290 illud
1667 1265 1779 1298 insuper

991 1312 1173 1346 perpendere,
1196 1319 1210 1338 e
1234 1312 1335 1346 quibus
1358 1315 1386 1337 et
1415 1317 1469 1344 quo
1490 1314 1568 1343 pacto
1584 1313 1645 1335 nata
1669 1308 1705 1335 sit
1722 1309 1778 1335 Inec

991 1357 1082 1384 infans
1104 1357 1178 1383 omni
1204 1361 1283 1383 aetate
1306 1355 1475 1390 sapientior,
1501 1355 1557 1381 btuc
1580 1353 1688 1380 soboles
1706 1357 1778 1379 terra

991 1402 1118 1430 universa
1135 1410 1167 1429 ac
1181 1402 1251 1429 ccelo
1265 1401 1393 1436 amplior,
1407 1408 1489 1435 supra
1504 1404 1628 1426 naturam
1642 1402 1670 1424 et
1681 1398 1779 1424 inclia-

991 1447 1083 1474 biliter
1094 1447 1177 1481 Virgo
1194 1447 1288 1474 Mater.

1026 1491 1149 1520 Joacbim
1159 1496 1186 1518 et
1197 1491 1274 1518 Anna
1299 1492 1514 1526 conjugescrant
1537 1490 1594 1524 qui,
1610 1497 1657 1523 per
1669 1495 1778 1514 omnem

991 1544 1058 1564 sane
1073 1536 1230 1563 diuturnam
1241 1537 1324 1563 vitam
1338 1536 1494 1571 justissimi.
1509 1534 1696 1562 custodienda:
1711 1533 1778 1567 legis

991 1583 1118 1615 studiosi,
1133 1582 1205 1609 illam
1223 1583 1373 1617 diligebant
1387 1582 1559 1616 sapientiam,
1571 1588 1630 1614 qua:
1645 1586 1672 1606 et
1688 1587 1779 1606 mores

990 1628 1099 1663 egregie
1122 1627 1240 1660 ellingit,
1260 1636 1292 1654 ac
1310 1628 1421 1654 domum
1442 1627 1581 1660 paciﬁcam
1599 1630 1682 1659 atque
1698 1624 1779 1652 dissi-

991 1673 1045 1700 diis
1069 1673 1236 1700 inaccessam
1272 1677 1373 1699 servat.
1401 1672 1486 1698 Valde
1511 1676 1601 1698 autem
1632 1668 1775 1703 conspicui

991 1723 1070 1745 erant
1086 1723 1142 1745 tum
1160 1718 1233 1745 bisce
1249 1718 1283 1744 de
1298 1718 1398 1747 causis,
1416 1723 1470 1743 tum
1491 1714 1653 1749 etiam‘quod
1671 1720 1778 1747 semper

991 1768 1092 1799 praesto
1105 1763 1159 1790 illis
1172 1768 1254 1795 esset,
1271 1763 1345 1798 quod
1362 1763 1396 1790 iis
1411 1761 1614 1791 distribuerint,
1629 1760 1678 1794 qui
1694 1758 1789 1793 iacui-1

992 1814 1079 1836 tatum
1096 1816 1208 1836 suarum
1225 1816 1276 1843 ope
1297 1808 1471 1843 indigerent;
1493 1815 1555 1834 nam
1570 1811 1597 1833 et
1622 1804 1778 1839 ingentibus

991 1855 1139 1882 adfluebant
1159 1854 1270 1881 divitiis.
1289 1853 1366 1881 Unde
1391 1861 1454 1880 cum
1472 1861 1520 1887 pro
1537 1860 1566 1879 se
1587 1849 1776 1879 tantummodo

992 1909 1104 1929 tnunera
1131 1900 1247 1928 Domino
1270 1900 1361 1927 cmteri
1374 1899 1476 1934 quique
1505 1898 1645 1927 oli‘crrentI
1667 1895 1695 1921 bi
1721 1900 1776 1928 prte

991 1948 1150 1975 divitiarum
1160 1947 1314 1981 copia,imo
1332 1946 1421 1980 potius
1448 1944 1593 1979 prteanimi
1615 1940 1778 1968 liberalitate

991 1999 1018 2020 et
1037 1993 1171 2020 charitate
1188 1993 1215 2018 in
1232 1992 1346 2026 gentiles
1362 1998 1438 2021 suos,
1454 1995 1506 2015 tam
1523 1996 1572 2022 pro
1584 1995 1612 2014 se
1627 1994 1707 2021 quam
1728 1993 1778 2018 pro

993 2041 1122 2066 universo
1135 2039 1236 2073 populo
1249 2037 1414 2072 dupliculatn
1422 2034 1586 2062 exhibebant
1596 2033 1777 2059 oblationem.

992 2086 1125 2118 Quocirca
1136 2084 1207 2111 inter
1213 2083 1348 2118 primores
1362 2080 1592 2116 prtestantissitna:
1601 2079 1676 2105 illius
1689 2077 1779 2104 tribus

959 2141 979 2168 Β
993 2131 1070 2158 ludat
1084 2130 1205 2164 insignes
1218 2129 1414 2156 censebantur.

1028 2177 1061 2204 Hi
1081 2177 1184 2210 itaque,
1199 2182 1355 2209 quanquam
1371 2172 1502 2200 connubii
1517 2171 1578 2206 jure
1593 2169 1697 2205 jamdiu
1713 2175 1779 2193 con-

989 2221 1090 2257 juncti,
1106 2221 1190 2255 prolis
1202 2225 1292 2247 tamen
1305 2219 1403 2246 solatio
1419 2225 1531 2253 prorsus
1543 2215 1776 2246 destituebantur,

992 2267 1064 2302 quod
1095 2266 1206 2301 quidem
1235 2265 1313 2292 valde
1337 2273 1419 2299 grave
1442 2264 1598 2294 videbatur,
1623 2268 1775 2295 eorumque

993 2313 1077 2341 corda
1100 2312 1172 2338 haud
1191 2311 1298 2338 modica
1315 2311 1426 2337 tristitia
1442 2309 1587 2336 alliciebat.
1604 2307 1691 2340 Atque
1716 2305 1780 2331 inde

994 2359 1077 2386 etiam
1089 2357 1235 2392 aliquando
1249 2358 1376 2391 contigit,
1390 2361 1420 2384 ut
1434 2363 1495 2383 cum
1506 2353 1687 2381 celeberrima
1701 2350 1780 2377 festi-

996 2406 1066 2434 vitas
1080 2405 1151 2440 apud
1168 2405 1230 2432 illos
1242 2408 1378 2439 ageretur,
1394 2407 1477 2436 atque
1486 2400 1639 2428 oblationes
1654 2398 1688 2425 de
1704 2404 1780 2423 more

995 2453 1029 2481 ad
1045 2452 1177 2487 templum
1202 2451 1369 2478 all'errentur
1380 2469 1387 2482 ,
1407 2449 1507 2475 Bubim
1523 2446 1634 2481 quidam
1650 2444 1717 2480 (18),
1733 2441 1782 2476 qui

780 2572 854 2603 Ant.
879 2570 1028 2602 Ballerini
1051 2574 1145 2600 notae.

188 2640 245 2674 (l6)
266 2638 435 2674 llabacittt,
449 2638 505 2674 13.
527 2637 626 2674 Utrum
646 2637 768 2674 lsidorus
787 2638 818 2664 τὸ
839 2637 942 2674 ἐλήλυ-

153 2672 203 2706 Θας
229 2673 305 2708 quod
318 2682 332 2700 a
345 2672 415 2700 LXX
431 2673 520 2705 abest,
543 2672 604 2699 ideo
620 2672 768 2703 addiderit.
797 2672 873 2707 quod
903 2672 943 2708 ita

154 2711 181 2738 in
193 2705 297 2737 Codice
309 2709 422 2743 legeret,
438 2708 589 2740 incertum;
605 2708 677 2742 quod
710 2715 774 2735 vero
796 2705 944 2741 scripserit

154 2744 282 2780 χριστοός
300 2752 358 2780 σον,
376 2743 473 2780 conjici
499 2743 637 2780 potestita
653 2750 715 2770 euut
746 2743 857 2777 legisse,
876 2749 944 2770 cum

155 2777 181 2807 ἱῖί
197 2779 396 2807 A‘exandrinus
409 2777 492 2805 codex
507 2778 543 2804 ita
559 2777 667 2805 habeat.

193 2818 245 2849 μη
268 2814 335 2841 Vide
365 2818 531 2842 constantem
573 2813 642 2840 inter
671 2820 756 2848 genus
789 2813 945 2841 humanum

993 2637 1100 2670 lapsum
1117 2641 1148 2660 ae
1163 2631 1496 2670 Deiparamantithesim,
1519 2633 1549 2654 ut
1562 2625 1779 2670 μεριεῖν-χρῖε

995 2660 1085 2698 etrlux
1098 2670 1159 2696 aliis
1170 2660 1252 2695 etiam
1272 2668 1334 2694 dein
1359 2663 1587 2701 communicanda
1602 2660 1777 2701 exbibea‘tur,

996 2692 1188 2733 i’tidiiéib'in
1217 2692 1338 2730 tenebris
1360 2702 1426 2729 etin
1453 2699 1548 2727 umbra
1562 2696 1660 2724 mortis
1683 2692 1782 2720 sedens

997 2746 1138 2768 CCl'nBllll'.
1607 2766 1621 2768 Α
1649 2766 1653 2768 ,
1755 2762 1760 2766 .

1035 2766 1090 2810 (Ῑὸ)
1105 2774 1235 2805 Isidorus,
1250 2777 1280 2800 ut
1293 2772 1412 2810 videtur,
1432 2769 1586 2810 Rubim_se_u
1605 2766 1699 2810 Ruben

1253 2798 1412 2844 vproprium'
1436 2803 1606 2833 sacerdotis;
1638 2802 1702 2828 dum
1737 2798 1780 2823 alii
