  <div class='ocr_page' id='page_1' title='image "/cluster/home/n/w/nwhite01/storage/ocr_20150623/139/njp.32101077773131/037.png"; bbox 0 0 1932 3072; ppageno 0'>
   <div class='ocr_carea' id='block_1_1' title="bbox 147 103 1770 137">
    <p class='ocr_par' dir='ltr' id='par_1_1' title="bbox 147 103 1770 137">
     <span class='ocr_line' id='line_1_1' title="bbox 147 103 1770 137; baseline -0.001 0"><span class='ocrx_word' id='word_1_1' title='bbox 147 106 181 137; x_wconf 71' lang='lat'><strong>39</strong></span> <span class='ocrx_word' id='word_1_2' title='bbox 676 103 825 133; x_wconf 75' lang='lat' dir='ltr'><strong>ISIDORI</strong></span> <span class='ocrx_word' id='word_1_3' title='bbox 846 103 1218 135; x_wconf 76' lang='lat' dir='ltr'><strong>TIIESSAI.()NICENSIS</strong></span> <span class='ocrx_word' id='word_1_4' title='bbox 1736 106 1770 135; x_wconf 73' lang='grc'><strong>40</strong></span> 
     </span>
    </p>
   </div>
   <div class='ocr_carea' id='block_1_2' title="bbox 184 156 931 198">
    <p class='ocr_par' dir='ltr' id='par_1_2' title="bbox 184 156 931 194">
     <span class='ocr_line' id='line_1_2' title="bbox 184 156 931 194; baseline -0.007 -6"><span class='ocrx_word' id='word_1_5' title='bbox 184 159 320 189; x_wconf 85' lang='lat' dir='ltr'><strong>Omnibus</strong></span> <span class='ocrx_word' id='word_1_6' title='bbox 337 158 419 194; x_wconf 76' lang='lat' dir='ltr'><strong>igitur</strong></span> <span class='ocrx_word' id='word_1_7' title='bbox 435 156 591 184; x_wconf 93' lang='lat' dir='ltr'><strong>rationibus</strong></span> <span class='ocrx_word' id='word_1_8' title='bbox 613 158 766 192; x_wconf 86' lang='lat' dir='ltr'><strong>perpensis,</strong></span> <span class='ocrx_word' id='word_1_9' title='bbox 799 156 931 184; x_wconf 85' lang='lat' dir='ltr'><strong>laudatis-</strong></span> 
     </span>
    </p>
   </div>
   <div class='ocr_carea' id='block_1_3' title="bbox 988 156 1769 198">
    <p class='ocr_par' dir='ltr' id='par_1_3' title="bbox 1023 158 1769 198">
     <span class='ocr_line' id='line_1_3' title="bbox 1023 158 1769 198; baseline 0.008 -14"><span class='ocrx_word' id='word_1_10' title='bbox 1023 158 1127 190; x_wconf 79' lang='grc' dir='ltr'>Πάσαις</span> <span class='ocrx_word' id='word_1_11' title='bbox 1141 159 1230 185; x_wconf 80' lang='grc' dir='ltr'>τοίνυν</span> <span class='ocrx_word' id='word_1_12' title='bbox 1251 159 1352 195; x_wconf 68' lang='grc' dir='ltr'>ψήφοις</span> <span class='ocrx_word' id='word_1_13' title='bbox 1380 160 1517 196; x_wconf 70' lang='grc' dir='ltr'>ἄφθαρτος</span> <span class='ocrx_word' id='word_1_14' title='bbox 1541 163 1557 197; x_wconf 89' lang='grc' dir='ltr'>ἠ</span> <span class='ocrx_word' id='word_1_15' title='bbox 1583 163 1769 198; x_wconf 47' lang='lat' dir='ltr'><strong>navium-ton</strong></span> 
     </span>
    </p>
   </div>
   <div class='ocr_carea' id='block_1_4' title="bbox 147 202 934 237">
    <p class='ocr_par' dir='ltr' id='par_1_4' title="bbox 147 202 934 237">
     <span class='ocr_line' id='line_1_4' title="bbox 147 202 934 237; baseline -0.006 -3"><span class='ocrx_word' id='word_1_16' title='bbox 147 207 216 234; x_wconf 88' lang='lat' dir='ltr'><strong>sima</strong></span> <span class='ocrx_word' id='word_1_17' title='bbox 231 206 276 233; x_wconf 90' lang='lat' dir='ltr'><strong>illa</strong></span> <span class='ocrx_word' id='word_1_18' title='bbox 290 213 344 232; x_wconf 93' lang='lat' dir='ltr'><strong>non</strong></span> <span class='ocrx_word' id='word_1_19' title='bbox 362 203 444 230; x_wconf 91' lang='lat' dir='ltr'><strong>modo</strong></span> <span class='ocrx_word' id='word_1_20' title='bbox 469 202 698 237; x_wconf 88' lang='lat' dir='ltr'><strong>incorruptibilis,</strong></span> <span class='ocrx_word' id='word_1_21' title='bbox 728 210 783 237; x_wconf 90' lang='lat' dir='ltr'><strong>quo</strong></span> <span class='ocrx_word' id='word_1_22' title='bbox 815 203 934 229; x_wconf 80' lang='lat' dir='ltr'><strong>diximus</strong></span> 
     </span>
    </p>
   </div>
   <div class='ocr_carea' id='block_1_5' title="bbox 147 248 935 288">
    <p class='ocr_par' dir='ltr' id='par_1_5' title="bbox 147 248 935 288">
     <span class='ocr_line' id='line_1_5' title="bbox 147 248 935 288; baseline -0.008 -8"><span class='ocrx_word' id='word_1_23' title='bbox 147 252 238 283; x_wconf 81' lang='lat' dir='ltr'><strong>modo,</strong></span> <span class='ocrx_word' id='word_1_24' title='bbox 249 249 421 286; x_wconf 67' lang='lat' dir='ltr'><strong>praedicanda</strong></span> <span class='ocrx_word' id='word_1_25' title='bbox 438 252 490 281; x_wconf 87' lang='lat' dir='ltr'><strong>est,</strong></span> <span class='ocrx_word' id='word_1_26' title='bbox 518 248 566 275; x_wconf 85' lang='lat' dir='ltr'><strong>sed</strong></span> <span class='ocrx_word' id='word_1_27' title='bbox 581 248 693 288; x_wconf 66' lang='lat' dir='ltr'><strong>insuper</strong></span> <span class='ocrx_word' id='word_1_28' title='bbox 723 248 853 283; x_wconf 76' lang='lat' dir='ltr'><strong>angelicis</strong></span> <span class='ocrx_word' id='word_1_29' title='bbox 867 256 935 282; x_wconf 88' lang='lat' dir='ltr'><strong>quo-</strong></span> 
     </span>
    </p>
   </div>
   <div class='ocr_carea' id='block_1_6' title="bbox 147 293 934 333">
    <p class='ocr_par' dir='ltr' id='par_1_6' title="bbox 147 293 934 333">
     <span class='ocr_line' id='line_1_6' title="bbox 147 293 934 333; baseline -0.006 -9"><span class='ocrx_word' id='word_1_30' title='bbox 147 306 201 333; x_wconf 89' lang='lat' dir='ltr'><strong>que</strong></span> <span class='ocrx_word' id='word_1_31' title='bbox 220 296 364 324; x_wconf 89' lang='lat' dir='ltr'><strong>ordinibus</strong></span> <span class='ocrx_word' id='word_1_32' title='bbox 374 295 467 329; x_wconf 88' lang='lat' dir='ltr'><strong>hujus,</strong></span> <span class='ocrx_word' id='word_1_33' title='bbox 495 301 577 328; x_wconf 90' lang='lat' dir='ltr'><strong>quam</strong></span> <span class='ocrx_word' id='word_1_34' title='bbox 604 293 789 325; x_wconf 86' lang='lat' dir='ltr'><strong>meminimus,</strong></span> <span class='ocrx_word' id='word_1_35' title='bbox 810 293 934 320; x_wconf 89' lang='lat' dir='ltr'><strong>incorru-</strong></span> 
     </span>
    </p>
   </div>
   <div class='ocr_carea' id='block_1_7' title="bbox 147 337 934 377">
    <p class='ocr_par' dir='ltr' id='par_1_7' title="bbox 147 337 934 377">
     <span class='ocr_line' id='line_1_7' title="bbox 147 337 934 377; baseline -0.005 -9"><span class='ocrx_word' id='word_1_36' title='bbox 147 341 304 377; x_wconf 85' lang='lat' dir='ltr'><strong>ptibilitatis</strong></span> <span class='ocrx_word' id='word_1_37' title='bbox 321 340 374 367; x_wconf 80' lang='lat' dir='ltr'><strong>fuit</strong></span> <span class='ocrx_word' id='word_1_38' title='bbox 384 339 502 369; x_wconf 77' lang='lat' dir='ltr'><strong>auctrix,</strong></span> <span class='ocrx_word' id='word_1_39' title='bbox 517 337 748 373; x_wconf 80' lang='lat' dir='ltr'><strong>quemadmodum</strong></span> <span class='ocrx_word' id='word_1_40' title='bbox 758 343 892 372; x_wconf 64' lang='lat' dir='ltr'><strong>praeterea</strong></span> <span class='ocrx_word' id='word_1_41' title='bbox 905 341 934 364; x_wconf 89' lang='lat' dir='ltr'><strong>et</strong></span> 
     </span>
    </p>
   </div>
   <div class='ocr_carea' id='block_1_8' title="bbox 147 383 934 419">
    <p class='ocr_par' dir='ltr' id='par_1_8' title="bbox 147 383 934 419">
     <span class='ocr_line' id='line_1_8' title="bbox 147 383 934 419; baseline -0.003 -6"><span class='ocrx_word' id='word_1_42' title='bbox 147 388 230 414; x_wconf 84' lang='lat' dir='ltr'><strong>rebus</strong></span> <span class='ocrx_word' id='word_1_43' title='bbox 242 386 381 417; x_wconf 84' lang='lat' dir='ltr'><strong>omnibus,</strong></span> <span class='ocrx_word' id='word_1_44' title='bbox 412 385 446 412; x_wconf 89' lang='lat' dir='ltr'><strong>de</strong></span> <span class='ocrx_word' id='word_1_45' title='bbox 459 384 560 419; x_wconf 86' lang='lat' dir='ltr'><strong>quibus</strong></span> <span class='ocrx_word' id='word_1_46' title='bbox 572 384 676 410; x_wconf 90' lang='lat' dir='ltr'><strong>dictum</strong></span> <span class='ocrx_word' id='word_1_47' title='bbox 699 388 752 415; x_wconf 82' lang='lat' dir='ltr'><strong>est,</strong></span> <span class='ocrx_word' id='word_1_48' title='bbox 767 383 934 411; x_wconf 73' lang='lat' dir='ltr'><strong>cxsistentia:</strong></span> 
     </span>
    </p>
   </div>
   <div class='ocr_carea' id='block_1_9' title="bbox 147 432 361 459">
    <p class='ocr_par' dir='ltr' id='par_1_9' title="bbox 147 432 361 459">
     <span class='ocr_line' id='line_1_9' title="bbox 147 432 361 459; baseline -0.005 0"><span class='ocrx_word' id='word_1_49' title='bbox 147 440 228 459; x_wconf 87' lang='lat' dir='ltr'><strong>causa</strong></span> <span class='ocrx_word' id='word_1_50' title='bbox 244 432 361 459; x_wconf 84' lang='lat' dir='ltr'><strong>exstitit.</strong></span> 
     </span>
    </p>
   </div>
   <div class='ocr_carea' id='block_1_10' title="bbox 181 476 933 511">
    <p class='ocr_par' dir='ltr' id='par_1_10' title="bbox 181 476 933 511">
     <span class='ocr_line' id='line_1_10' title="bbox 181 476 933 511; baseline -0.004 -5"><span class='ocrx_word' id='word_1_51' title='bbox 181 479 275 506; x_wconf 75' lang='lat' dir='ltr'><strong>XVIII.</strong></span> <span class='ocrx_word' id='word_1_52' title='bbox 290 478 391 505; x_wconf 84' lang='lat' dir='ltr'><strong>Verum</strong></span> <span class='ocrx_word' id='word_1_53' title='bbox 409 485 463 511; x_wconf 92' lang='lat' dir='ltr'><strong>quo</strong></span> <span class='ocrx_word' id='word_1_54' title='bbox 487 476 596 503; x_wconf 84' lang='lat' dir='ltr'><strong>tandem</strong></span> <span class='ocrx_word' id='word_1_55' title='bbox 618 476 754 511; x_wconf 86' lang='lat' dir='ltr'><strong>quispiam</strong></span> <span class='ocrx_word' id='word_1_56' title='bbox 765 476 888 508; x_wconf 84' lang='lat' dir='ltr'><strong>nomine,</strong></span> <span class='ocrx_word' id='word_1_57' title='bbox 900 484 933 503; x_wconf 88' lang='lat' dir='ltr'><strong>ne</strong></span> 
     </span>
    </p>
   </div>
   <div class='ocr_carea' id='block_1_11' title="bbox 145 523 932 561">
    <p class='ocr_par' dir='ltr' id='par_1_11' title="bbox 145 523 932 561">
     <span class='ocr_line' id='line_1_11' title="bbox 145 523 932 561; baseline -0.004 -9"><span class='ocrx_word' id='word_1_58' title='bbox 145 526 211 561; x_wconf 84' lang='lat' dir='ltr'><strong>quid</strong></span> <span class='ocrx_word' id='word_1_59' title='bbox 226 525 307 552; x_wconf 90' lang='lat' dir='ltr'><strong>nimis</strong></span> <span class='ocrx_word' id='word_1_60' title='bbox 323 525 394 551; x_wconf 80' lang='lat' dir='ltr'><strong>inl&#39;ra</strong></span> <span class='ocrx_word' id='word_1_61' title='bbox 410 524 572 558; x_wconf 77' lang='lat' dir='ltr'><strong>dignitatem</strong></span> <span class='ocrx_word' id='word_1_62' title='bbox 587 523 639 550; x_wconf 81' lang='lat' dir='ltr'><strong>fari</strong></span> <span class='ocrx_word' id='word_1_63' title='bbox 670 523 807 554; x_wconf 85' lang='lat' dir='ltr'><strong>videatur,</strong></span> <span class='ocrx_word' id='word_1_64' title='bbox 838 530 932 550; x_wconf 87' lang='lat' dir='ltr'><strong>sacra-</strong></span> 
     </span>
    </p>
   </div>
   <div class='ocr_carea' id='block_1_12' title="bbox 147 569 933 604">
    <p class='ocr_par' dir='ltr' id='par_1_12' title="bbox 147 569 933 604">
     <span class='ocr_line' id='line_1_12' title="bbox 147 569 933 604; baseline -0.004 -5"><span class='ocrx_word' id='word_1_65' title='bbox 147 573 284 599; x_wconf 87' lang='lat' dir='ltr'><strong>tissimum</strong></span> <span class='ocrx_word' id='word_1_66' title='bbox 302 571 395 597; x_wconf 80' lang='lat' dir='ltr'><strong>liocac</strong></span> <span class='ocrx_word' id='word_1_67' title='bbox 416 570 496 604; x_wconf 80' lang='lat' dir='ltr'><strong>plane</strong></span> <span class='ocrx_word' id='word_1_68' title='bbox 528 569 731 604; x_wconf 81' lang='lat' dir='ltr'><strong>dignissimum,</strong></span> <span class='ocrx_word' id='word_1_69' title='bbox 760 569 832 603; x_wconf 90' lang='lat' dir='ltr'><strong>quod</strong></span> <span class='ocrx_word' id='word_1_70' title='bbox 860 569 933 596; x_wconf 88' lang='lat' dir='ltr'><strong>Deus</strong></span> 
     </span>
    </p>
   </div>
   <div class='ocr_carea' id='block_1_13' title="bbox 145 615 933 650">
    <p class='ocr_par' dir='ltr' id='par_1_13' title="bbox 145 615 933 650">
     <span class='ocr_line' id='line_1_13' title="bbox 145 615 933 650; baseline -0.005 -6"><span class='ocrx_word' id='word_1_71' title='bbox 145 617 346 648; x_wconf 77' lang='lat' dir='ltr'><strong>eﬂormarerit,</strong></span> <span class='ocrx_word' id='word_1_72' title='bbox 360 623 470 650; x_wconf 77' lang='lat' dir='ltr'><strong>germen</strong></span> <span class='ocrx_word' id='word_1_73' title='bbox 478 615 642 649; x_wconf 87' lang='lat' dir='ltr'><strong>compellare</strong></span> <span class='ocrx_word' id='word_1_74' title='bbox 652 615 756 649; x_wconf 86' lang='lat' dir='ltr'><strong>possit?</strong></span> <span class='ocrx_word' id='word_1_75' title='bbox 768 615 821 641; x_wconf 91' lang='lat' dir='ltr'><strong>Aut</strong></span> <span class='ocrx_word' id='word_1_76' title='bbox 833 615 933 648; x_wconf 88' lang='lat' dir='ltr'><strong>quibus</strong></span> 
     </span>
    </p>
   </div>
   <div class='ocr_carea' id='block_1_14' title="bbox 145 660 932 695">
    <p class='ocr_par' dir='ltr' id='par_1_14' title="bbox 145 660 932 695">
     <span class='ocr_line' id='line_1_14' title="bbox 145 660 932 695; baseline -0.004 -6"><span class='ocrx_word' id='word_1_77' title='bbox 145 671 205 689; x_wconf 89' lang='lat' dir='ltr'><strong>eam</strong></span> <span class='ocrx_word' id='word_1_78' title='bbox 233 662 362 689; x_wconf 79' lang='lat' dir='ltr'><strong>laudibus</strong></span> <span class='ocrx_word' id='word_1_79' title='bbox 380 661 502 695; x_wconf 84' lang='lat' dir='ltr'><strong>undique</strong></span> <span class='ocrx_word' id='word_1_80' title='bbox 526 667 702 692; x_wconf 79' lang='lat' dir='ltr'><strong>exorncmus,</strong></span> <span class='ocrx_word' id='word_1_81' title='bbox 720 668 734 686; x_wconf 90' lang='lat' dir='ltr'><strong>a</strong></span> <span class='ocrx_word' id='word_1_82' title='bbox 765 668 819 694; x_wconf 87' lang='lat' dir='ltr'><strong>qua</strong></span> <span class='ocrx_word' id='word_1_83' title='bbox 851 660 932 687; x_wconf 85' lang='lat' dir='ltr'><strong>tantis</strong></span> 
     </span>
    </p>
   </div>
   <div class='ocr_carea' id='block_1_15' title="bbox 146 705 931 738">
    <p class='ocr_par' dir='ltr' id='par_1_15' title="bbox 146 705 931 738">
     <span class='ocr_line' id='line_1_15' title="bbox 146 705 931 738; baseline -0.005 -3"><span class='ocrx_word' id='word_1_84' title='bbox 146 707 290 735; x_wconf 82' lang='lat' dir='ltr'><strong>beneﬁciis</strong></span> <span class='ocrx_word' id='word_1_85' title='bbox 305 707 435 734; x_wconf 82' lang='lat' dir='ltr'><strong>cumulati</strong></span> <span class='ocrx_word' id='word_1_86' title='bbox 454 713 550 733; x_wconf 90' lang='lat' dir='ltr'><strong>sumus</strong></span> <span class='ocrx_word' id='word_1_87' title='bbox 565 706 576 732; x_wconf 86' lang='lat'><strong>&#39;!</strong></span> <span class='ocrx_word' id='word_1_88' title='bbox 594 706 621 732; x_wconf 84' lang='lat' dir='ltr'><strong>Si</strong></span> <span class='ocrx_word' id='word_1_89' title='bbox 636 706 672 732; x_wconf 86' lang='lat' dir='ltr'><strong>ita</strong></span> <span class='ocrx_word' id='word_1_90' title='bbox 705 706 793 738; x_wconf 79' lang='lat' dir='ltr'><strong>vobis,</strong></span> <span class='ocrx_word' id='word_1_91' title='bbox 822 705 931 735; x_wconf 74' lang='lat' dir='ltr'><strong>fratres,</strong></span> 
     </span>
    </p>
   </div>
   <div class='ocr_carea' id='block_1_16' title="bbox 146 751 932 789">
    <p class='ocr_par' dir='ltr' id='par_1_16' title="bbox 146 751 932 789">
     <span class='ocr_line' id='line_1_16' title="bbox 146 751 932 789; baseline -0.006 -8"><span class='ocrx_word' id='word_1_92' title='bbox 146 752 376 789; x_wconf 81' lang='lat' dir='ltr'><strong>quemadmodum</strong></span> <span class='ocrx_word' id='word_1_93' title='bbox 391 756 465 778; x_wconf 87' lang='lat' dir='ltr'><strong>certe</strong></span> <span class='ocrx_word' id='word_1_94' title='bbox 479 755 506 778; x_wconf 87' lang='lat' dir='ltr'><strong>et</strong></span> <span class='ocrx_word' id='word_1_95' title='bbox 525 751 602 781; x_wconf 83' lang='lat' dir='ltr'><strong>milii,</strong></span> <span class='ocrx_word' id='word_1_96' title='bbox 631 751 750 781; x_wconf 82' lang='lat' dir='ltr'><strong>videtur,</strong></span> <span class='ocrx_word' id='word_1_97' title='bbox 784 758 834 784; x_wconf 82' lang='lat' dir='ltr'><strong>pro</strong></span> <span class='ocrx_word' id='word_1_98' title='bbox 854 758 932 776; x_wconf 83' lang='lat' dir='ltr'><strong>accc-</strong></span> 
     </span>
    </p>
   </div>
   <div class='ocr_carea' id='block_1_17' title="bbox 147 795 933 833">
    <p class='ocr_par' dir='ltr' id='par_1_17' title="bbox 147 795 933 833">
     <span class='ocr_line' id='line_1_17' title="bbox 147 795 933 833; baseline -0.005 -7"><span class='ocrx_word' id='word_1_99' title='bbox 147 799 199 833; x_wconf 75' lang='lat' dir='ltr'><strong>ptis</strong></span> <span class='ocrx_word' id='word_1_100' title='bbox 213 799 246 826; x_wconf 88' lang='lat' dir='ltr'><strong>ab</strong></span> <span class='ocrx_word' id='word_1_101' title='bbox 258 806 289 825; x_wconf 88' lang='lat' dir='ltr'><strong>ea</strong></span> <span class='ocrx_word' id='word_1_102' title='bbox 313 795 454 825; x_wconf 74' lang='lat' dir='ltr'><strong>bcneliciis</strong></span> <span class='ocrx_word' id='word_1_103' title='bbox 469 796 550 823; x_wconf 90' lang='lat' dir='ltr'><strong>simul</strong></span> <span class='ocrx_word' id='word_1_104' title='bbox 583 804 644 823; x_wconf 91' lang='lat' dir='ltr'><strong>cum</strong></span> <span class='ocrx_word' id='word_1_105' title='bbox 668 796 774 830; x_wconf 80' lang='lat' dir='ltr'><strong>angelis</strong></span> <span class='ocrx_word' id='word_1_106' title='bbox 801 795 874 831; x_wconf 86' lang='lat' dir='ltr'><strong>(nam</strong></span> <span class='ocrx_word' id='word_1_107' title='bbox 905 799 933 822; x_wconf 60' lang='grc' dir='ltr'><strong>οι</strong></span> 
     </span>
    </p>
   </div>
   <div class='ocr_carea' id='block_1_18' title="bbox 146 840 934 878">
    <p class='ocr_par' dir='ltr' id='par_1_18' title="bbox 146 840 934 878">
     <span class='ocr_line' id='line_1_18' title="bbox 146 840 934 878; baseline -0.008 -8"><span class='ocrx_word' id='word_1_108' title='bbox 146 844 256 878; x_wconf 82' lang='lat' dir='ltr'><strong>angelos</strong></span> <span class='ocrx_word' id='word_1_109' title='bbox 267 843 375 877; x_wconf 82' lang='lat' dir='ltr'><strong>hymnis</strong></span> <span class='ocrx_word' id='word_1_110' title='bbox 385 841 557 876; x_wconf 84' lang='lat' dir='ltr'><strong>purissimam</strong></span> <span class='ocrx_word' id='word_1_111' title='bbox 566 840 638 866; x_wconf 91' lang='lat' dir='ltr'><strong>illam</strong></span> <span class='ocrx_word' id='word_1_112' title='bbox 649 840 787 866; x_wconf 84' lang='lat' dir='ltr'><strong>celebrare</strong></span> <span class='ocrx_word' id='word_1_113' title='bbox 798 840 864 866; x_wconf 80' lang='lat' dir='ltr'><strong>milii</strong></span> <span class='ocrx_word' id='word_1_114' title='bbox 875 847 934 866; x_wconf 82' lang='lat' dir='ltr'><strong>cer-</strong></span> 
     </span>
    </p>
   </div>
   <div class='ocr_carea' id='block_1_19' title="bbox 147 886 935 923">
    <p class='ocr_par' dir='ltr' id='par_1_19' title="bbox 147 886 935 923">
     <span class='ocr_line' id='line_1_19' title="bbox 147 886 935 923; baseline -0.006 -7"><span class='ocrx_word' id='word_1_115' title='bbox 147 895 203 916; x_wconf 86' lang='lat' dir='ltr'><strong>tum</strong></span> <span class='ocrx_word' id='word_1_116' title='bbox 218 890 270 923; x_wconf 85' lang='lat' dir='ltr'><strong>est)</strong></span> <span class='ocrx_word' id='word_1_117' title='bbox 285 889 406 915; x_wconf 88' lang='lat' dir='ltr'><strong>divinum</strong></span> <span class='ocrx_word' id='word_1_118' title='bbox 417 887 490 913; x_wconf 93' lang='lat' dir='ltr'><strong>illum</strong></span> <span class='ocrx_word' id='word_1_119' title='bbox 505 886 631 913; x_wconf 87' lang='lat' dir='ltr'><strong>nuntium</strong></span> <span class='ocrx_word' id='word_1_120' title='bbox 644 886 765 920; x_wconf 76' lang='lat' dir='ltr'><strong>Deiparze</strong></span> <span class='ocrx_word' id='word_1_121' title='bbox 779 890 935 919; x_wconf 81' lang='lat' dir='ltr'><strong>repetamus</strong></span> 
     </span>
    </p>
   </div>
   <div class='ocr_carea' id='block_1_20' title="bbox 146 930 934 967">
    <p class='ocr_par' dir='ltr' id='par_1_20' title="bbox 146 930 934 967">
     <span class='ocr_line' id='line_1_20' title="bbox 146 930 934 967; baseline -0.006 -7"><span class='ocrx_word' id='word_1_122' title='bbox 146 933 210 964; x_wconf 79' lang='lat' dir='ltr'><strong>Ave,</strong></span> <span class='ocrx_word' id='word_1_123' title='bbox 221 933 308 967; x_wconf 86' lang='lat' dir='ltr'><strong>gratia</strong></span> <span class='ocrx_word' id='word_1_124' title='bbox 321 931 400 966; x_wconf 78' lang='lat' dir='ltr'><strong>plena</strong></span> <span class='ocrx_word' id='word_1_125' title='bbox 415 930 448 963; x_wconf 78' lang='grc' dir='ltr'>ὀ,</span> <span class='ocrx_word' id='word_1_126' title='bbox 462 939 511 965; x_wconf 88' lang='lat' dir='ltr'><strong>per</strong></span> <span class='ocrx_word' id='word_1_127' title='bbox 527 938 606 964; x_wconf 89' lang='lat' dir='ltr'><strong>quam</strong></span> <span class='ocrx_word' id='word_1_128' title='bbox 623 931 712 957; x_wconf 88' lang='lat' dir='ltr'><strong>omnis</strong></span> <span class='ocrx_word' id='word_1_129' title='bbox 725 937 848 956; x_wconf 74' lang='lat' dir='ltr'><strong>creatura</strong></span> <span class='ocrx_word' id='word_1_130' title='bbox 869 938 934 964; x_wconf 81' lang='lat' dir='ltr'><strong>gau-</strong></span> 
     </span>
    </p>
   </div>
   <div class='ocr_carea' id='block_1_21' title="bbox 147 975 931 1010">
    <p class='ocr_par' dir='ltr' id='par_1_21' title="bbox 147 975 931 1010">
     <span class='ocr_line' id='line_1_21' title="bbox 147 975 931 1010; baseline -0.005 -6"><span class='ocrx_word' id='word_1_131' title='bbox 147 979 194 1005; x_wconf 81' lang='lat' dir='ltr'><strong>det</strong></span> <span class='ocrx_word' id='word_1_132' title='bbox 211 988 218 1010; x_wconf 84' lang='lat'><strong>;</strong></span> <span class='ocrx_word' id='word_1_133' title='bbox 238 978 362 1003; x_wconf 83' lang='lat' dir='ltr'><strong>Dominus</strong></span> <span class='ocrx_word' id='word_1_134' title='bbox 374 981 468 1007; x_wconf 76' lang='lat' dir='ltr'><strong>terum,</strong></span> <span class='ocrx_word' id='word_1_135' title='bbox 482 976 528 1010; x_wconf 90' lang='lat' dir='ltr'><strong>qui</strong></span> <span class='ocrx_word' id='word_1_136' title='bbox 542 975 590 1001; x_wconf 89' lang='lat' dir='ltr'><strong>tibi</strong></span> <span class='ocrx_word' id='word_1_137' title='bbox 607 975 694 1001; x_wconf 82' lang='lat' dir='ltr'><strong>adfuit</strong></span> <span class='ocrx_word' id='word_1_138' title='bbox 718 979 746 1001; x_wconf 88' lang='lat' dir='ltr'><strong>et</strong></span> <span class='ocrx_word' id='word_1_139' title='bbox 758 979 821 1001; x_wconf 84' lang='lat' dir='ltr'><strong>ante</strong></span> <span class='ocrx_word' id='word_1_140' title='bbox 837 975 931 1005; x_wconf 79' lang='lat' dir='ltr'><strong>vitam,</strong></span> 
     </span>
    </p>
   </div>
   <div class='ocr_carea' id='block_1_22' title="bbox 145 1021 930 1057">
    <p class='ocr_par' dir='ltr' id='par_1_22' title="bbox 145 1021 930 1057">
     <span class='ocr_line' id='line_1_22' title="bbox 145 1021 930 1057; baseline -0.006 -6"><span class='ocrx_word' id='word_1_141' title='bbox 145 1029 174 1051; x_wconf 89' lang='lat' dir='ltr'><strong>ct</strong></span> <span class='ocrx_word' id='word_1_142' title='bbox 199 1031 261 1050; x_wconf 86' lang='lat' dir='ltr'><strong>cum</strong></span> <span class='ocrx_word' id='word_1_143' title='bbox 285 1023 375 1057; x_wconf 81' lang='lat' dir='ltr'><strong>genita</strong></span> <span class='ocrx_word' id='word_1_144' title='bbox 390 1030 430 1053; x_wconf 83' lang='lat' dir='ltr'><strong>es,</strong></span> <span class='ocrx_word' id='word_1_145' title='bbox 447 1027 475 1048; x_wconf 87' lang='lat' dir='ltr'><strong>et</strong></span> <span class='ocrx_word' id='word_1_146' title='bbox 495 1026 558 1047; x_wconf 87' lang='lat' dir='ltr'><strong>ante</strong></span> <span class='ocrx_word' id='word_1_147' title='bbox 572 1021 778 1052; x_wconf 80' lang='lat' dir='ltr'><strong>salutationem,</strong></span> <span class='ocrx_word' id='word_1_148' title='bbox 791 1026 818 1047; x_wconf 91' lang='lat' dir='ltr'><strong>ct</strong></span> <span class='ocrx_word' id='word_1_149' title='bbox 834 1021 860 1046; x_wconf 91' lang='lat' dir='ltr'><strong>in</strong></span> <span class='ocrx_word' id='word_1_150' title='bbox 874 1021 930 1053; x_wconf 89' lang='lat' dir='ltr'><strong>illa,</strong></span> 
     </span>
    </p>
   </div>
   <div class='ocr_carea' id='block_1_23' title="bbox 147 1066 931 1102">
    <p class='ocr_par' dir='ltr' id='par_1_23' title="bbox 147 1066 931 1102">
     <span class='ocr_line' id='line_1_23' title="bbox 147 1066 931 1102; baseline -0.004 -6"><span class='ocrx_word' id='word_1_151' title='bbox 147 1074 175 1096; x_wconf 85' lang='lat' dir='ltr'><strong>et</strong></span> <span class='ocrx_word' id='word_1_152' title='bbox 188 1070 242 1096; x_wconf 85' lang='lat' dir='ltr'><strong>alio</strong></span> <span class='ocrx_word' id='word_1_153' title='bbox 255 1071 336 1095; x_wconf 86' lang='lat' dir='ltr'><strong>modo</strong></span> <span class='ocrx_word' id='word_1_154' title='bbox 352 1068 495 1102; x_wconf 89' lang='lat' dir='ltr'><strong>postillam</strong></span> <span class='ocrx_word' id='word_1_155' title='bbox 512 1067 579 1102; x_wconf 70' lang='lat' dir='ltr'><strong>(i2).</strong></span> <span class='ocrx_word' id='word_1_156' title='bbox 595 1067 647 1093; x_wconf 88' lang='lat' dir='ltr'><strong>Pro</strong></span> <span class='ocrx_word' id='word_1_157' title='bbox 670 1066 811 1093; x_wconf 81' lang='lat' dir='ltr'><strong>beneﬁciis</strong></span> <span class='ocrx_word' id='word_1_158' title='bbox 828 1072 931 1098; x_wconf 78' lang='lat' dir='ltr'><strong>autem,</strong></span> 
     </span>
    </p>
   </div>
   <div class='ocr_carea' id='block_1_24' title="bbox 146 1112 933 1149">
    <p class='ocr_par' dir='ltr' id='par_1_24' title="bbox 146 1112 933 1149">
     <span class='ocr_line' id='line_1_24' title="bbox 146 1112 933 1149; baseline -0.004 -8"><span class='ocrx_word' id='word_1_159' title='bbox 146 1115 248 1149; x_wconf 88' lang='lat' dir='ltr'><strong>quibus</strong></span> <span class='ocrx_word' id='word_1_160' title='bbox 263 1115 297 1141; x_wconf 87' lang='lat' dir='ltr'><strong>ab</strong></span> <span class='ocrx_word' id='word_1_161' title='bbox 318 1121 350 1140; x_wconf 85' lang='lat' dir='ltr'><strong>ea</strong></span> <span class='ocrx_word' id='word_1_162' title='bbox 366 1113 444 1140; x_wconf 88' lang='lat' dir='ltr'><strong>ditati</strong></span> <span class='ocrx_word' id='word_1_163' title='bbox 463 1121 568 1144; x_wconf 88' lang='lat' dir='ltr'><strong>sumus,</strong></span> <span class='ocrx_word' id='word_1_164' title='bbox 578 1112 764 1146; x_wconf 82' lang='lat' dir='ltr'><strong>nosmetipsos</strong></span> <span class='ocrx_word' id='word_1_165' title='bbox 785 1113 813 1139; x_wconf 92' lang='lat' dir='ltr'><strong>in</strong></span> <span class='ocrx_word' id='word_1_166' title='bbox 829 1120 860 1138; x_wconf 85' lang='lat' dir='ltr'><strong>ea</strong></span> <span class='ocrx_word' id='word_1_167' title='bbox 875 1120 933 1139; x_wconf 86' lang='lat' dir='ltr'><strong>ser-</strong></span> 
     </span>
    </p>
   </div>
   <div class='ocr_carea' id='block_1_25' title="bbox 145 1158 932 1193">
    <p class='ocr_par' dir='ltr' id='par_1_25' title="bbox 145 1158 932 1193">
     <span class='ocr_line' id='line_1_25' title="bbox 145 1158 932 1193; baseline -0.004 -6"><span class='ocrx_word' id='word_1_168' title='bbox 145 1161 385 1190; x_wconf 78' lang='lat' dir='ltr'><strong>vemasnovitatc,</strong></span> <span class='ocrx_word' id='word_1_169' title='bbox 404 1167 484 1193; x_wconf 92' lang='lat' dir='ltr'><strong>quam</strong></span> <span class='ocrx_word' id='word_1_170' title='bbox 510 1166 558 1192; x_wconf 87' lang='lat' dir='ltr'><strong>per</strong></span> <span class='ocrx_word' id='word_1_171' title='bbox 572 1159 809 1192; x_wconf 72' lang='lat' dir='ltr'><strong>regenerationem</strong></span> <span class='ocrx_word' id='word_1_172' title='bbox 839 1158 932 1192; x_wconf 80' lang='lat' dir='ltr'><strong>adepti</strong></span> 
     </span>
    </p>
   </div>
   <div class='ocr_carea' id='block_1_26' title="bbox 145 1203 931 1240">
    <p class='ocr_par' dir='ltr' id='par_1_26' title="bbox 145 1203 931 1240">
     <span class='ocr_line' id='line_1_26' title="bbox 145 1203 931 1240; baseline -0.004 -7"><span class='ocrx_word' id='word_1_173' title='bbox 145 1214 242 1234; x_wconf 86' lang='lat' dir='ltr'><strong>sumus</strong></span> <span class='ocrx_word' id='word_1_174' title='bbox 257 1213 362 1240; x_wconf 74' lang='lat' dir='ltr'><strong>meque</strong></span> <span class='ocrx_word' id='word_1_175' title='bbox 378 1205 451 1231; x_wconf 91' lang='lat' dir='ltr'><strong>cnim</strong></span> <span class='ocrx_word' id='word_1_176' title='bbox 478 1204 531 1230; x_wconf 88' lang='lat' dir='ltr'><strong>alia</strong></span> <span class='ocrx_word' id='word_1_177' title='bbox 552 1212 580 1230; x_wconf 88' lang='lat' dir='ltr'><strong>re</strong></span> <span class='ocrx_word' id='word_1_178' title='bbox 594 1204 680 1237; x_wconf 73' lang='lat' dir='ltr'><strong>magis</strong></span> <span class='ocrx_word' id='word_1_179' title='bbox 709 1203 931 1230; x_wconf 88' lang='lat' dir='ltr'><strong>innocentissima</strong></span> 
     </span>
    </p>
   </div>
   <div class='ocr_carea' id='block_1_27' title="bbox 147 1249 929 1283">
    <p class='ocr_par' dir='ltr' id='par_1_27' title="bbox 147 1249 929 1283">
     <span class='ocr_line' id='line_1_27' title="bbox 147 1249 929 1283; baseline -0.005 -4"><span class='ocrx_word' id='word_1_180' title='bbox 147 1253 192 1279; x_wconf 78' lang='lat' dir='ltr'><strong>illa</strong></span> <span class='ocrx_word' id='word_1_181' title='bbox 206 1253 381 1283; x_wconf 46' lang='lat' dir='ltr'><strong>delectatur,</strong></span> <span class='ocrx_word' id='word_1_182' title='bbox 395 1251 472 1283; x_wconf 83' lang='lat' dir='ltr'><strong>Quod</strong></span> <span class='ocrx_word' id='word_1_183' title='bbox 501 1251 605 1277; x_wconf 80' lang='lat' dir='ltr'><strong>utinam</strong></span> <span class='ocrx_word' id='word_1_184' title='bbox 635 1249 743 1283; x_wconf 82' lang='lat' dir='ltr'><strong>assequi</strong></span> <span class='ocrx_word' id='word_1_185' title='bbox 764 1257 929 1281; x_wconf 83' lang='lat' dir='ltr'><strong>mereamur,</strong></span> 
     </span>
    </p>
   </div>
   <div class='ocr_carea' id='block_1_28' title="bbox 148 1295 930 1332">
    <p class='ocr_par' dir='ltr' id='par_1_28' title="bbox 148 1295 930 1332">
     <span class='ocr_line' id='line_1_28' title="bbox 148 1295 930 1332; baseline -0.003 -8"><span class='ocrx_word' id='word_1_186' title='bbox 148 1297 278 1332; x_wconf 89' lang='lat' dir='ltr'><strong>precibus</strong></span> <span class='ocrx_word' id='word_1_187' title='bbox 294 1296 541 1324; x_wconf 76' lang='lat' dir='ltr'><strong>intemeratissima:</strong></span> <span class='ocrx_word' id='word_1_188' title='bbox 568 1300 650 1329; x_wconf 90' lang='lat' dir='ltr'><strong>atque</strong></span> <span class='ocrx_word' id='word_1_189' title='bbox 678 1295 858 1322; x_wconf 72' lang='lat' dir='ltr'><strong>inunaculatte</strong></span> <span class='ocrx_word' id='word_1_190' title='bbox 883 1296 930 1323; x_wconf 83' lang='lat' dir='ltr'><strong>Dei</strong></span> 
     </span>
    </p>
   </div>
   <div class='ocr_carea' id='block_1_29' title="bbox 145 1342 931 1377">
    <p class='ocr_par' dir='ltr' id='par_1_29' title="bbox 145 1342 931 1377">
     <span class='ocr_line' id='line_1_29' title="bbox 145 1342 931 1377; baseline -0.003 -7"><span class='ocrx_word' id='word_1_191' title='bbox 145 1344 231 1375; x_wconf 61' lang='lat' dir='ltr'><strong>Filiae,</strong></span> <span class='ocrx_word' id='word_1_192' title='bbox 244 1343 278 1370; x_wconf 85' lang='lat' dir='ltr'><strong>ad</strong></span> <span class='ocrx_word' id='word_1_193' title='bbox 293 1342 407 1377; x_wconf 78' lang='lat' dir='ltr'><strong>gloriam</strong></span> <span class='ocrx_word' id='word_1_194' title='bbox 426 1342 621 1375; x_wconf 75' lang='lat' dir='ltr'><strong>omnipotentis</strong></span> <span class='ocrx_word' id='word_1_195' title='bbox 631 1346 659 1368; x_wconf 85' lang='lat' dir='ltr'><strong>et</strong></span> <span class='ocrx_word' id='word_1_196' title='bbox 673 1345 774 1368; x_wconf 62' lang='lat' dir='ltr'><strong>sanctae</strong></span> <span class='ocrx_word' id='word_1_197' title='bbox 788 1342 931 1369; x_wconf 85' lang='lat' dir='ltr'><strong>&#39;l&#39;rinitatis</strong></span> 
     </span>
    </p>
   </div>
   <div class='ocr_carea' id='block_1_30' title="bbox 145 1387 930 1424">
    <p class='ocr_par' dir='ltr' id='par_1_30' title="bbox 145 1387 930 1424">
     <span class='ocr_line' id='line_1_30' title="bbox 145 1387 930 1424; baseline -0.001 -7"><span class='ocrx_word' id='word_1_198' title='bbox 145 1390 189 1417; x_wconf 91' lang='lat' dir='ltr'><strong>cui</strong></span> <span class='ocrx_word' id='word_1_199' title='bbox 203 1389 288 1424; x_wconf 78' lang='lat' dir='ltr'><strong>gloria</strong></span> <span class='ocrx_word' id='word_1_200' title='bbox 298 1389 414 1416; x_wconf 90' lang='lat' dir='ltr'><strong>debetur</strong></span> <span class='ocrx_word' id='word_1_201' title='bbox 430 1388 456 1414; x_wconf 89' lang='lat' dir='ltr'><strong>in</strong></span> <span class='ocrx_word' id='word_1_202' title='bbox 472 1389 640 1422; x_wconf 83' lang='lat' dir='ltr'><strong>sempiterna</strong></span> <span class='ocrx_word' id='word_1_203' title='bbox 650 1387 812 1414; x_wconf 66' lang='lat' dir='ltr'><strong>saeculorum</strong></span> <span class='ocrx_word' id='word_1_204' title='bbox 820 1389 930 1416; x_wconf 65' lang='lat' dir='ltr'><strong>sarcula.</strong></span> 
     </span>
    </p>
   </div>
   <div class='ocr_carea' id='block_1_31' title="bbox 146 1439 245 1463">
    <p class='ocr_par' dir='ltr' id='par_1_31' title="bbox 146 1439 245 1463">
     <span class='ocr_line' id='line_1_31' title="bbox 146 1439 245 1463; baseline -0.01 0"><span class='ocrx_word' id='word_1_205' title='bbox 146 1439 245 1463; x_wconf 78' lang='lat' dir='ltr'><strong>Amen.</strong></span> 
     </span>
    </p>
   </div>
   <div class='ocr_carea' id='block_1_32' title="bbox 452 1501 622 1529">
    <p class='ocr_par' dir='ltr' id='par_1_32' title="bbox 452 1501 622 1529">
     <span class='ocr_line' id='line_1_32' title="bbox 452 1501 622 1529; baseline 0 -1"><span class='ocrx_word' id='word_1_206' title='bbox 452 1501 569 1529; x_wconf 77' lang='lat' dir='ltr'><strong>SERMO</strong></span> <span class='ocrx_word' id='word_1_207' title='bbox 589 1501 622 1528; x_wconf 93' lang='lat' dir='ltr'><strong>ll.</strong></span> 
     </span>
    </p>
   </div>
   <div class='ocr_carea' id='block_1_33' title="bbox 145 1559 932 1594">
    <p class='ocr_par' dir='ltr' id='par_1_33' title="bbox 145 1559 932 1594">
     <span class='ocr_line' id='line_1_33' title="bbox 145 1559 932 1594; baseline 0.001 -8"><span class='ocrx_word' id='word_1_208' title='bbox 145 1560 177 1586; x_wconf 83' lang='lat' dir='ltr'><strong>In</strong></span> <span class='ocrx_word' id='word_1_209' title='bbox 197 1560 343 1594; x_wconf 75' lang='lat' dir='ltr'><strong>ingressum</strong></span> <span class='ocrx_word' id='word_1_210' title='bbox 367 1559 618 1586; x_wconf 77' lang='lat' dir='ltr'><strong>immaculatissimre</strong></span> <span class='ocrx_word' id='word_1_211' title='bbox 630 1559 751 1586; x_wconf 71' lang='lat' dir='ltr'><strong>Dominae</strong></span> <span class='ocrx_word' id='word_1_212' title='bbox 769 1565 866 1587; x_wconf 65' lang='lat' dir='ltr'><strong>nostra</strong></span> <span class='ocrx_word' id='word_1_213' title='bbox 886 1560 932 1587; x_wconf 81' lang='lat' dir='ltr'><strong>[)ci</strong></span> 
     </span>
    </p>
   </div>
   <div class='ocr_carea' id='block_1_34' title="bbox 181 1594 931 1629">
    <p class='ocr_par' dir='ltr' id='par_1_34' title="bbox 181 1594 931 1629">
     <span class='ocr_line' id='line_1_34' title="bbox 181 1594 931 1629; baseline 0.004 -10"><span class='ocrx_word' id='word_1_214' title='bbox 181 1594 318 1622; x_wconf 76' lang='lat' dir='ltr'><strong>Ccnitricis</strong></span> <span class='ocrx_word' id='word_1_215' title='bbox 344 1599 368 1620; x_wconf 76' lang='lat' dir='ltr'><strong>ut</strong></span> <span class='ocrx_word' id='word_1_216' title='bbox 396 1602 499 1627; x_wconf 74' lang='lat' dir='ltr'><strong>aeniper</strong></span> <span class='ocrx_word' id='word_1_217' title='bbox 521 1594 628 1629; x_wconf 79' lang='lat' dir='ltr'><strong>virginis</strong></span> <span class='ocrx_word' id='word_1_218' title='bbox 656 1595 749 1622; x_wconf 80' lang='lat' dir='ltr'><strong>Maria:</strong></span> <span class='ocrx_word' id='word_1_219' title='bbox 773 1595 808 1622; x_wconf 85' lang='lat' dir='ltr'><strong>ad</strong></span> <span class='ocrx_word' id='word_1_220' title='bbox 831 1595 931 1622; x_wconf 75' lang='lat' dir='ltr'><strong>Sancta</strong></span> 
     </span>
    </p>
   </div>
   <div class='ocr_carea' id='block_1_35' title="bbox 179 1634 344 1655">
    <p class='ocr_par' dir='ltr' id='par_1_35' title="bbox 179 1634 344 1655">
     <span class='ocr_line' id='line_1_35' title="bbox 179 1634 344 1655; baseline 0.006 -1"><span class='ocrx_word' id='word_1_221' title='bbox 179 1634 344 1655; x_wconf 72' lang='lat' dir='ltr'><strong>sanctorum.</strong></span> 
     </span>
    </p>
   </div>
   <div class='ocr_carea' id='block_1_36' title="bbox 181 1694 930 1727">
    <p class='ocr_par' dir='ltr' id='par_1_36' title="bbox 181 1694 930 1727">
     <span class='ocr_line' id='line_1_36' title="bbox 181 1694 930 1727; baseline 0.003 -5"><span class='ocrx_word' id='word_1_222' title='bbox 181 1694 202 1722; x_wconf 86' lang='grc' dir='ltr'><strong>Ι.</strong></span> <span class='ocrx_word' id='word_1_223' title='bbox 218 1694 452 1727; x_wconf 88' lang='lat' dir='ltr'><strong>Quemadmodum</strong></span> <span class='ocrx_word' id='word_1_224' title='bbox 468 1695 490 1722; x_wconf 90' lang='lat' dir='ltr'><strong>si</strong></span> <span class='ocrx_word' id='word_1_225' title='bbox 511 1703 615 1722; x_wconf 87' lang='lat' dir='ltr'><strong>sacram</strong></span> <span class='ocrx_word' id='word_1_226' title='bbox 631 1703 753 1723; x_wconf 83' lang='lat' dir='ltr'><strong>mensam</strong></span> <span class='ocrx_word' id='word_1_227' title='bbox 768 1701 832 1724; x_wconf 93' lang='lat' dir='ltr'><strong>tunc</strong></span> <span class='ocrx_word' id='word_1_228' title='bbox 842 1698 930 1724; x_wconf 86' lang='lat' dir='ltr'><strong>solum</strong></span> 
     </span>
    </p>
   </div>
   <div class='ocr_carea' id='block_1_37' title="bbox 145 1741 931 1777">
    <p class='ocr_par' dir='ltr' id='par_1_37' title="bbox 145 1741 931 1777">
     <span class='ocr_line' id='line_1_37' title="bbox 145 1741 931 1777; baseline 0.003 -10"><span class='ocrx_word' id='word_1_229' title='bbox 145 1741 297 1767; x_wconf 82' lang='lat' dir='ltr'><strong>adeundam</strong></span> <span class='ocrx_word' id='word_1_230' title='bbox 316 1741 378 1775; x_wconf 87' lang='lat' dir='ltr'><strong>quis</strong></span> <span class='ocrx_word' id='word_1_231' title='bbox 400 1741 592 1774; x_wconf 82' lang='lat' dir='ltr'><strong>arbitraretur,</strong></span> <span class='ocrx_word' id='word_1_232' title='bbox 621 1749 682 1769; x_wconf 89' lang='lat' dir='ltr'><strong>cum</strong></span> <span class='ocrx_word' id='word_1_233' title='bbox 700 1750 731 1769; x_wconf 84' lang='lat' dir='ltr'><strong>ea</strong></span> <span class='ocrx_word' id='word_1_234' title='bbox 750 1743 853 1775; x_wconf 87' lang='lat' dir='ltr'><strong>omnia,</strong></span> <span class='ocrx_word' id='word_1_235' title='bbox 871 1750 931 1777; x_wconf 75' lang='lat' dir='ltr'><strong>qua:</strong></span> 
     </span>
    </p>
   </div>
   <div class='ocr_carea' id='block_1_38' title="bbox 146 1786 932 1821">
    <p class='ocr_par' dir='ltr' id='par_1_38' title="bbox 146 1786 932 1821">
     <span class='ocr_line' id='line_1_38' title="bbox 146 1786 932 1821; baseline 0.004 -9"><span class='ocrx_word' id='word_1_236' title='bbox 146 1791 200 1812; x_wconf 86' lang='lat' dir='ltr'><strong>tam</strong></span> <span class='ocrx_word' id='word_1_237' title='bbox 216 1786 326 1813; x_wconf 87' lang='lat' dir='ltr'><strong>sublimi</strong></span> <span class='ocrx_word' id='word_1_238' title='bbox 355 1786 484 1821; x_wconf 80' lang='lat' dir='ltr'><strong>mysterio</strong></span> <span class='ocrx_word' id='word_1_239' title='bbox 510 1792 692 1814; x_wconf 87' lang='lat' dir='ltr'><strong>consentanea</strong></span> <span class='ocrx_word' id='word_1_240' title='bbox 714 1793 787 1820; x_wconf 87' lang='lat' dir='ltr'><strong>sunt,</strong></span> <span class='ocrx_word' id='word_1_241' title='bbox 804 1794 932 1816; x_wconf 87' lang='lat' dir='ltr'><strong>accurate</strong></span> 
     </span>
    </p>
   </div>
   <div class='ocr_carea' id='block_1_39' title="bbox 145 1832 931 1870">
    <p class='ocr_par' dir='ltr' id='par_1_39' title="bbox 145 1832 931 1870">
     <span class='ocr_line' id='line_1_39' title="bbox 145 1832 931 1870; baseline 0.005 -12"><span class='ocrx_word' id='word_1_242' title='bbox 145 1839 254 1859; x_wconf 79' lang='lat' dir='ltr'><strong>servare</strong></span> <span class='ocrx_word' id='word_1_243' title='bbox 267 1832 318 1859; x_wconf 88' lang='lat' dir='ltr'><strong>sibi</strong></span> <span class='ocrx_word' id='word_1_244' title='bbox 356 1832 507 1864; x_wconf 79' lang='lat' dir='ltr'><strong>rideretur,</strong></span> <span class='ocrx_word' id='word_1_245' title='bbox 538 1841 689 1868; x_wconf 87' lang='lat' dir='ltr'><strong>nunquam,</strong></span> <span class='ocrx_word' id='word_1_246' title='bbox 713 1840 744 1861; x_wconf 90' lang='lat' dir='ltr'><strong>ut</strong></span> <span class='ocrx_word' id='word_1_247' title='bbox 766 1835 873 1870; x_wconf 75' lang='lat' dir='ltr'><strong>opinor,</strong></span> <span class='ocrx_word' id='word_1_248' title='bbox 898 1835 931 1862; x_wconf 86' lang='lat' dir='ltr'><strong>ad</strong></span> 
     </span>
    </p>
   </div>
   <div class='ocr_carea' id='block_1_40' title="bbox 145 1877 931 1915">
    <p class='ocr_par' dir='ltr' id='par_1_40' title="bbox 145 1877 931 1915">
     <span class='ocr_line' id='line_1_40' title="bbox 145 1877 931 1915; baseline 0.006 -12"><span class='ocrx_word' id='word_1_249' title='bbox 145 1885 251 1904; x_wconf 74' lang='lat' dir='ltr'><strong>etnnam</strong></span> <span class='ocrx_word' id='word_1_250' title='bbox 267 1877 386 1904; x_wconf 78' lang='lat' dir='ltr'><strong>divinam</strong></span> <span class='ocrx_word' id='word_1_251' title='bbox 400 1879 542 1906; x_wconf 67' lang='lat' dir='ltr'><strong>accederet</strong></span> <span class='ocrx_word' id='word_1_252' title='bbox 559 1887 565 1905; x_wconf 92' lang='lat'>:</span> <span class='ocrx_word' id='word_1_253' title='bbox 584 1880 732 1915; x_wconf 89' lang='lat' dir='ltr'><strong>(quomodo</strong></span> <span class='ocrx_word' id='word_1_254' title='bbox 750 1881 822 1907; x_wconf 90' lang='lat' dir='ltr'><strong>enim</strong></span> <span class='ocrx_word' id='word_1_255' title='bbox 838 1881 931 1912; x_wconf 86' lang='lat' dir='ltr'><strong>homo,</strong></span> 
     </span>
    </p>
   </div>
   <div class='ocr_carea' id='block_1_41' title="bbox 145 1923 932 1958">
    <p class='ocr_par' dir='ltr' id='par_1_41' title="bbox 145 1923 932 1958">
     <span class='ocr_line' id='line_1_41' title="bbox 145 1923 932 1958; baseline 0.005 -9"><span class='ocrx_word' id='word_1_256' title='bbox 145 1923 203 1957; x_wconf 94' lang='lat' dir='ltr'><strong>qui,</strong></span> <span class='ocrx_word' id='word_1_257' title='bbox 226 1931 316 1958; x_wconf 82' lang='lat' dir='ltr'><strong>neque</strong></span> <span class='ocrx_word' id='word_1_258' title='bbox 349 1924 371 1950; x_wconf 90' lang='lat' dir='ltr'><strong>si</strong></span> <span class='ocrx_word' id='word_1_259' title='bbox 397 1931 477 1950; x_wconf 83' lang='lat' dir='ltr'><strong>unam</strong></span> <span class='ocrx_word' id='word_1_260' title='bbox 505 1929 609 1950; x_wconf 88' lang='lat' dir='ltr'><strong>tantum</strong></span> <span class='ocrx_word' id='word_1_261' title='bbox 633 1925 704 1951; x_wconf 88' lang='lat' dir='ltr'><strong>diem</strong></span> <span class='ocrx_word' id='word_1_262' title='bbox 729 1925 828 1952; x_wconf 78' lang='lat' dir='ltr'><strong>vixerit</strong></span> <span class='ocrx_word' id='word_1_263' title='bbox 847 1926 932 1956; x_wconf 84' lang='lat' dir='ltr'><strong>“.uti</strong></span> 
     </span>
    </p>
   </div>
   <div class='ocr_carea' id='block_1_42' title="bbox 143 1957 954 2004">
    <p class='ocr_par' dir='ltr' id='par_1_42' title="bbox 143 1957 954 2004">
     <span class='ocr_line' id='line_1_42' title="bbox 143 1957 954 2004; baseline 0 -9"><span class='ocrx_word' id='word_1_264' title='bbox 143 1975 222 1995; x_wconf 85' lang='lat' dir='ltr'><strong>sacra</strong></span> <span class='ocrx_word' id='word_1_265' title='bbox 235 1957 344 1996; x_wconf 64' lang='lat' dir='ltr'><strong>oracula</strong></span> <span class='ocrx_word' id='word_1_266' title='bbox 355 1969 517 2004; x_wconf 88' lang='lat' dir='ltr'><strong>loquuntur,</strong></span> <span class='ocrx_word' id='word_1_267' title='bbox 532 1970 591 1997; x_wconf 87' lang='lat' dir='ltr'><strong>sine</strong></span> <span class='ocrx_word' id='word_1_268' title='bbox 603 1971 708 1997; x_wconf 85' lang='lat' dir='ltr'><strong>macula</strong></span> <span class='ocrx_word' id='word_1_269' title='bbox 721 1978 782 1998; x_wconf 88' lang='lat' dir='ltr'><strong>esse</strong></span> <span class='ocrx_word' id='word_1_270' title='bbox 799 1971 930 2003; x_wconf 89' lang='lat' dir='ltr'><strong>creditur,</strong></span> <span class='ocrx_word' id='word_1_271' title='bbox 951 1993 954 1995; x_wconf 93' lang='lat'><em>_</em></span> 
     </span>
    </p>
   </div>
   <div class='ocr_carea' id='block_1_43' title="bbox 144 2015 933 2050">
    <p class='ocr_par' dir='ltr' id='par_1_43' title="bbox 144 2015 933 2050">
     <span class='ocr_line' id='line_1_43' title="bbox 144 2015 933 2050; baseline 0.003 -8"><span class='ocrx_word' id='word_1_272' title='bbox 144 2015 361 2042; x_wconf 75' lang='lat' dir='ltr'><strong>mundiSsimuui</strong></span> <span class='ocrx_word' id='word_1_273' title='bbox 374 2016 440 2042; x_wconf 88' lang='lat' dir='ltr'><strong>illud</strong></span> <span class='ocrx_word' id='word_1_274' title='bbox 455 2016 626 2050; x_wconf 83' lang='lat' dir='ltr'><strong>terrenisque</strong></span> <span class='ocrx_word' id='word_1_275' title='bbox 641 2016 770 2043; x_wconf 86' lang='lat' dir='ltr'><strong>omnibus</strong></span> <span class='ocrx_word' id='word_1_276' title='bbox 788 2017 933 2044; x_wconf 88' lang='lat' dir='ltr'><strong>sublimius</strong></span> 
     </span>
    </p>
   </div>
   <div class='ocr_carea' id='block_1_44' title="bbox 145 2061 932 2097">
    <p class='ocr_par' dir='ltr' id='par_1_44' title="bbox 145 2061 932 2097">
     <span class='ocr_line' id='line_1_44' title="bbox 145 2061 932 2097; baseline 0.003 -10"><span class='ocrx_word' id='word_1_277' title='bbox 145 2061 281 2095; x_wconf 81' lang='lat' dir='ltr'><strong>condigne</strong></span> <span class='ocrx_word' id='word_1_278' title='bbox 320 2062 453 2096; x_wconf 77' lang='lat' dir='ltr'><strong>attingere</strong></span> <span class='ocrx_word' id='word_1_279' title='bbox 483 2070 600 2095; x_wconf 81' lang='lat' dir='ltr'><strong>utiquam</strong></span> <span class='ocrx_word' id='word_1_280' title='bbox 622 2062 784 2091; x_wconf 80' lang='lat' dir='ltr'><strong>videatur?)</strong></span> <span class='ocrx_word' id='word_1_281' title='bbox 807 2063 841 2089; x_wconf 90' lang='lat' dir='ltr'><strong>ita</strong></span> <span class='ocrx_word' id='word_1_282' title='bbox 858 2063 932 2097; x_wconf 85' lang='lat' dir='ltr'><strong>quis-</strong></span> 
     </span>
    </p>
   </div>
   <div class='ocr_carea' id='block_1_45' title="bbox 145 2106 932 2142">
    <p class='ocr_par' dir='ltr' id='par_1_45' title="bbox 145 2106 932 2142">
     <span class='ocr_line' id='line_1_45' title="bbox 145 2106 932 2142; baseline 0.004 -11"><span class='ocrx_word' id='word_1_283' title='bbox 145 2106 207 2140; x_wconf 88' lang='lat' dir='ltr'><strong>quis</strong></span> <span class='ocrx_word' id='word_1_284' title='bbox 217 2113 370 2133; x_wconf 88' lang='lat' dir='ltr'><strong>sermonem</strong></span> <span class='ocrx_word' id='word_1_285' title='bbox 385 2106 436 2133; x_wconf 86' lang='lat' dir='ltr'><strong>sibi</strong></span> <span class='ocrx_word' id='word_1_286' title='bbox 446 2111 525 2140; x_wconf 68' lang='lat' dir='ltr'><strong>prsest</strong></span> <span class='ocrx_word' id='word_1_287' title='bbox 537 2110 594 2133; x_wconf 81' lang='lat' dir='ltr'><strong>luat</strong></span> <span class='ocrx_word' id='word_1_288' title='bbox 605 2107 714 2139; x_wconf 78' lang='lat' dir='ltr'><strong>elIerre,</strong></span> <span class='ocrx_word' id='word_1_289' title='bbox 729 2107 775 2141; x_wconf 89' lang='lat' dir='ltr'><strong>qui</strong></span> <span class='ocrx_word' id='word_1_290' title='bbox 789 2108 932 2142; x_wconf 85' lang='lat' dir='ltr'><strong>purissima</strong></span> 
     </span>
    </p>
   </div>
   <div class='ocr_carea' id='block_1_46' title="bbox 147 2149 917 2187">
    <p class='ocr_par' dir='ltr' id='par_1_46' title="bbox 147 2149 917 2187">
     <span class='ocr_line' id='line_1_46' title="bbox 147 2149 917 2187; baseline 0.004 -11"><span class='ocrx_word' id='word_1_291' title='bbox 147 2149 202 2184; x_wconf 71' lang='grc'><strong>(45)</strong></span> <span class='ocrx_word' id='word_1_292' title='bbox 231 2150 274 2177; x_wconf 81' lang='lat' dir='ltr'><strong>illa</strong></span> <span class='ocrx_word' id='word_1_293' title='bbox 304 2155 332 2178; x_wconf 89' lang='lat' dir='ltr'><strong>et</strong></span> <span class='ocrx_word' id='word_1_294' title='bbox 357 2151 404 2178; x_wconf 87' lang='lat' dir='ltr'><strong>Dei</strong></span> <span class='ocrx_word' id='word_1_295' title='bbox 430 2151 512 2178; x_wconf 83' lang='lat' dir='ltr'><strong>Verbi</strong></span> <span class='ocrx_word' id='word_1_296' title='bbox 541 2151 680 2179; x_wconf 85' lang='lat' dir='ltr'><strong>Genitricc</strong></span> <span class='ocrx_word' id='word_1_297' title='bbox 707 2153 859 2187; x_wconf 79' lang='lat' dir='ltr'><strong>condignus</strong></span> <span class='ocrx_word' id='word_1_298' title='bbox 883 2154 917 2181; x_wconf 82' lang='lat' dir='ltr'><strong>sit</strong></span> 
     </span>
    </p>
   </div>
   <div class='ocr_carea' id='block_1_47' title="bbox 146 2195 928 2231">
    <p class='ocr_par' dir='ltr' id='par_1_47' title="bbox 146 2195 928 2231">
     <span class='ocr_line' id='line_1_47' title="bbox 146 2195 928 2231; baseline 0.005 -10"><span class='ocrx_word' id='word_1_299' title='bbox 146 2195 213 2222; x_wconf 91' lang='lat' dir='ltr'><strong>nihil</strong></span> <span class='ocrx_word' id='word_1_300' title='bbox 230 2196 370 2223; x_wconf 87' lang='lat' dir='ltr'><strong>enimvero</strong></span> <span class='ocrx_word' id='word_1_301' title='bbox 391 2203 404 2222; x_wconf 89' lang='lat' dir='ltr'><strong>a</strong></span> <span class='ocrx_word' id='word_1_302' title='bbox 420 2196 501 2223; x_wconf 83' lang='lat' dir='ltr'><strong>mutis</strong></span> <span class='ocrx_word' id='word_1_303' title='bbox 520 2197 641 2231; x_wconf 88' lang='lat' dir='ltr'><strong>piscibus</strong></span> <span class='ocrx_word' id='word_1_304' title='bbox 664 2197 765 2224; x_wconf 85' lang='lat' dir='ltr'><strong>distare</strong></span> <span class='ocrx_word' id='word_1_305' title='bbox 779 2198 928 2225; x_wconf 77' lang='lat' dir='ltr'><strong>videbitur.</strong></span> 
     </span>
    </p>
   </div>
   <div class='ocr_carea' id='block_1_48' title="bbox 183 2264 777 2299">
    <p class='ocr_par' dir='ltr' id='par_1_48' title="bbox 183 2264 777 2299">
     <span class='ocr_line' id='line_1_48' title="bbox 183 2264 777 2299; baseline 0.003 -8"><span class='ocrx_word' id='word_1_306' title='bbox 183 2264 207 2280; x_wconf 81' lang='lat'><em>“</em></span> <span class='ocrx_word' id='word_1_307' title='bbox 221 2264 288 2292; x_wconf 89' lang='lat' dir='ltr'><strong>Luc.</strong></span> <span class='ocrx_word' id='word_1_308' title='bbox 300 2273 319 2297; x_wconf 89' lang='grc' dir='ltr'><strong>ι,</strong></span> <span class='ocrx_word' id='word_1_309' title='bbox 333 2265 378 2293; x_wconf 71' lang='grc'><strong>28.</strong></span> <span class='ocrx_word' id='word_1_310' title='bbox 416 2266 436 2280; x_wconf 76' lang='grc'><strong>¹¹</strong></span> <span class='ocrx_word' id='word_1_311' title='bbox 451 2265 503 2293; x_wconf 84' lang='lat' dir='ltr'><strong>Job</strong></span> <span class='ocrx_word' id='word_1_312' title='bbox 513 2274 568 2299; x_wconf 78' lang='lat' dir='ltr'><strong>xiv,</strong></span> <span class='ocrx_word' id='word_1_313' title='bbox 584 2266 611 2298; x_wconf 72' lang='grc'>4,</span> <span class='ocrx_word' id='word_1_314' title='bbox 624 2274 678 2294; x_wconf 86' lang='lat' dir='ltr'><strong>sec.</strong></span> <span class='ocrx_word' id='word_1_315' title='bbox 694 2265 777 2293; x_wconf 77' lang='lat' dir='ltr'><strong>LXX.</strong></span> 
     </span>
    </p>
   </div>
   <div class='ocr_carea' id='block_1_49' title="bbox 921 2174 967 2201">
    <p class='ocr_par' dir='ltr' id='par_1_49' title="bbox 921 2174 967 2201">
     <span class='ocr_line' id='line_1_49' title="bbox 921 2174 967 2201; baseline 0 0"><span class='ocrx_word' id='word_1_316' title='bbox 921 2174 928 2186; x_wconf 89' lang='lat'>’</span> <span class='ocrx_word' id='word_1_317' title='bbox 946 2174 967 2201; x_wconf 85' lang='grc' dir='ltr'><strong>ι)</strong></span> 
     </span>
    </p>
   </div>
   <div class='ocr_carea' id='block_1_50' title="bbox 985 202 1770 242">
    <p class='ocr_par' dir='ltr' id='par_1_50' title="bbox 985 202 1770 242">
     <span class='ocr_line' id='line_1_50' title="bbox 985 202 1770 242; baseline 0.009 -14"><span class='ocrx_word' id='word_1_318' title='bbox 985 202 1014 228; x_wconf 78' lang='grc' dir='ltr'>ὃν</span> <span class='ocrx_word' id='word_1_319' title='bbox 1023 203 1174 238; x_wconf 84' lang='grc' dir='ltr'>εἰρήκαμεν</span> <span class='ocrx_word' id='word_1_320' title='bbox 1190 205 1308 239; x_wconf 65' lang='grc' dir='ltr'>τρόπον*</span> <span class='ocrx_word' id='word_1_321' title='bbox 1321 206 1370 231; x_wconf 79' lang='grc' dir='ltr'>καὶ</span> <span class='ocrx_word' id='word_1_322' title='bbox 1387 207 1416 232; x_wconf 64' lang='grc' dir='ltr'>ιὺ</span> <span class='ocrx_word' id='word_1_323' title='bbox 1432 207 1510 233; x_wconf 78' lang='grc' dir='ltr'>τοῦτο</span> <span class='ocrx_word' id='word_1_324' title='bbox 1525 208 1616 242; x_wconf 75' lang='grc' dir='ltr'>μόνον,</span> <span class='ocrx_word' id='word_1_325' title='bbox 1640 209 1709 235; x_wconf 80' lang='grc' dir='ltr'><strong>ἀλλά</strong></span> <span class='ocrx_word' id='word_1_326' title='bbox 1724 209 1770 235; x_wconf 71' lang='grc' dir='ltr'>καὶ</span> 
     </span>
    </p>
   </div>
   <div class='ocr_carea' id='block_1_51' title="bbox 984 249 1766 290">
    <p class='ocr_par' dir='ltr' id='par_1_51' title="bbox 984 249 1766 290">
     <span class='ocr_line' id='line_1_51' title="bbox 984 249 1766 290; baseline 0.009 -16"><span class='ocrx_word' id='word_1_327' title='bbox 984 249 1151 284; x_wconf 77' lang='grc' dir='ltr'>ἀφθαρσίας,</span> <span class='ocrx_word' id='word_1_328' title='bbox 1166 250 1199 285; x_wconf 84' lang='grc' dir='ltr'>ἣν</span> <span class='ocrx_word' id='word_1_329' title='bbox 1210 251 1224 277; x_wconf 85' lang='grc' dir='ltr'><strong>ὁ</strong></span> <span class='ocrx_word' id='word_1_330' title='bbox 1234 251 1312 285; x_wconf 80' lang='grc' dir='ltr'><strong>λόγος</strong></span> <span class='ocrx_word' id='word_1_331' title='bbox 1327 251 1438 284; x_wconf 76' lang='grc' dir='ltr'>ἔδειξεν,</span> <span class='ocrx_word' id='word_1_332' title='bbox 1451 253 1525 279; x_wconf 72' lang='grc' dir='ltr'>αἰτία</span> <span class='ocrx_word' id='word_1_333' title='bbox 1541 254 1579 289; x_wconf 80' lang='grc' dir='ltr'>τῷ</span> <span class='ocrx_word' id='word_1_334' title='bbox 1596 254 1685 290; x_wconf 83' lang='grc' dir='ltr'>νοητῷ</span> <span class='ocrx_word' id='word_1_335' title='bbox 1710 254 1766 288; x_wconf 75' lang='grc' dir='ltr'><strong>φαε-</strong></span> 
     </span>
    </p>
   </div>
   <div class='ocr_carea' id='block_1_52' title="bbox 985 295 1769 336">
    <p class='ocr_par' dir='ltr' id='par_1_52' title="bbox 985 295 1769 336">
     <span class='ocr_line' id='line_1_52' title="bbox 985 295 1769 336; baseline 0.009 -16"><span class='ocrx_word' id='word_1_336' title='bbox 985 303 1059 321; x_wconf 81' lang='grc' dir='ltr'>νεται</span> <span class='ocrx_word' id='word_1_337' title='bbox 1074 295 1224 331; x_wconf 77' lang='grc' dir='ltr'><strong>διακόσμῳ,</strong></span> <span class='ocrx_word' id='word_1_338' title='bbox 1252 296 1288 328; x_wconf 86' lang='grc' dir='ltr'><strong>ὡς</strong></span> <span class='ocrx_word' id='word_1_339' title='bbox 1315 299 1363 324; x_wconf 73' lang='grc' dir='ltr'><strong>καὶ</strong></span> <span class='ocrx_word' id='word_1_340' title='bbox 1387 299 1532 330; x_wconf 72' lang='grc' dir='ltr'>γενέσεως.</span> <span class='ocrx_word' id='word_1_341' title='bbox 1548 297 1589 331; x_wconf 76' lang='grc' dir='ltr'><strong>οἷς</strong></span> <span class='ocrx_word' id='word_1_342' title='bbox 1603 300 1673 336; x_wconf 78' lang='grc' dir='ltr'>ὑπὲρ</span> <span class='ocrx_word' id='word_1_343' title='bbox 1690 301 1769 327; x_wconf 78' lang='grc' dir='ltr'>τοῦτο</span> 
     </span>
    </p>
   </div>
   <div class='ocr_carea' id='block_1_53' title="bbox 986 340 1230 368">
    <p class='ocr_par' dir='ltr' id='par_1_53' title="bbox 986 340 1230 368">
     <span class='ocr_line' id='line_1_53' title="bbox 986 340 1230 368; baseline 0.008 -2"><span class='ocrx_word' id='word_1_344' title='bbox 986 340 1121 367; x_wconf 73' lang='grc' dir='ltr'><strong>δέδεικται</strong></span> <span class='ocrx_word' id='word_1_345' title='bbox 1137 342 1230 368; x_wconf 85' lang='grc' dir='ltr'>πᾶσιν.</span> 
     </span>
    </p>
   </div>
   <div class='ocr_carea' id='block_1_54' title="bbox 1020 471 1772 511">
    <p class='ocr_par' dir='ltr' id='par_1_54' title="bbox 1020 471 1772 511">
     <span class='ocr_line' id='line_1_54' title="bbox 1020 471 1772 511; baseline 0.009 -11"><span class='ocrx_word' id='word_1_346' title='bbox 1020 471 1073 501; x_wconf 88' lang='lat' dir='ltr'><strong>IH&#39;.</strong></span> <span class='ocrx_word' id='word_1_347' title='bbox 1105 474 1186 501; x_wconf 77' lang='grc' dir='ltr'>Ἀλλὰ</span> <span class='ocrx_word' id='word_1_348' title='bbox 1209 475 1236 501; x_wconf 83' lang='grc' dir='ltr'><strong>τί</strong></span> <span class='ocrx_word' id='word_1_349' title='bbox 1261 475 1294 502; x_wconf 83' lang='grc' dir='ltr'>ἄν</span> <span class='ocrx_word' id='word_1_350' title='bbox 1318 484 1362 506; x_wconf 81' lang='grc' dir='ltr'>τις</span> <span class='ocrx_word' id='word_1_351' title='bbox 1379 476 1408 502; x_wconf 68' lang='grc' dir='ltr'>τὺ</span> <span class='ocrx_word' id='word_1_352' title='bbox 1433 476 1668 511; x_wconf 81' lang='grc' dir='ltr'>θεουργικώτατον</span> <span class='ocrx_word' id='word_1_353' title='bbox 1692 477 1772 507; x_wconf 77' lang='grc' dir='ltr'>τοῦτο</span> 
     </span>
    </p>
   </div>
   <div class='ocr_carea' id='block_1_55' title="bbox 984 521 1773 559">
    <p class='ocr_par' dir='ltr' id='par_1_55' title="bbox 984 521 1773 559">
     <span class='ocr_line' id='line_1_55' title="bbox 984 521 1773 559; baseline 0.004 -13"><span class='ocrx_word' id='word_1_354' title='bbox 984 521 1142 556; x_wconf 75' lang='grc' dir='ltr'>προσειπὼν</span> <span class='ocrx_word' id='word_1_355' title='bbox 1156 521 1204 547; x_wconf 80' lang='grc' dir='ltr'>καὶ</span> <span class='ocrx_word' id='word_1_356' title='bbox 1219 522 1529 557; x_wconf 73' lang='grc' dir='ltr'>πλαστουργικώτατον,</span> <span class='ocrx_word' id='word_1_357' title='bbox 1546 523 1583 555; x_wconf 82' lang='grc' dir='ltr'><strong>ὡς</strong></span> <span class='ocrx_word' id='word_1_358' title='bbox 1597 525 1698 555; x_wconf 80' lang='grc' dir='ltr'>εἰπεῖν,</span> <span class='ocrx_word' id='word_1_359' title='bbox 1710 526 1773 559; x_wconf 74' lang='grc' dir='ltr'><strong>γέν-</strong></span> 
     </span>
    </p>
   </div>
   <div class='ocr_carea' id='block_1_56' title="bbox 984 566 1770 604">
    <p class='ocr_par' dir='ltr' id='par_1_56' title="bbox 984 566 1770 604">
     <span class='ocr_line' id='line_1_56' title="bbox 984 566 1770 604; baseline 0.006 -12"><span class='ocrx_word' id='word_1_360' title='bbox 984 575 1070 601; x_wconf 85' lang='grc' dir='ltr'>νημα,</span> <span class='ocrx_word' id='word_1_361' title='bbox 1086 566 1123 602; x_wconf 86' lang='grc' dir='ltr'>μὴ</span> <span class='ocrx_word' id='word_1_362' title='bbox 1138 567 1233 601; x_wconf 73' lang='grc' dir='ltr'>πόρρω</span> <span class='ocrx_word' id='word_1_363' title='bbox 1248 566 1295 593; x_wconf 83' lang='grc' dir='ltr'>τοῦ</span> <span class='ocrx_word' id='word_1_364' title='bbox 1312 567 1380 602; x_wconf 71' lang='grc' dir='ltr'>προς</span> <span class='ocrx_word' id='word_1_365' title='bbox 1397 569 1476 600; x_wconf 77' lang='grc' dir='ltr'>ἀξίαν</span> <span class='ocrx_word' id='word_1_366' title='bbox 1490 569 1574 600; x_wconf 79' lang='grc' dir='ltr'>δόξειε</span> <span class='ocrx_word' id='word_1_367' title='bbox 1586 571 1719 604; x_wconf 76' lang='grc' dir='ltr'>φράζεινς</span> <span class='ocrx_word' id='word_1_368' title='bbox 1736 572 1770 597; x_wconf 86' lang='grc' dir='ltr'><strong>’Ἡ</strong></span> 
     </span>
    </p>
   </div>
   <div class='ocr_carea' id='block_1_57' title="bbox 983 612 1770 649">
    <p class='ocr_par' dir='ltr' id='par_1_57' title="bbox 983 612 1770 649">
     <span class='ocr_line' id='line_1_57' title="bbox 983 612 1770 649; baseline 0.004 -11"><span class='ocrx_word' id='word_1_369' title='bbox 983 612 1044 638; x_wconf 79' lang='grc' dir='ltr'>τίνα</span> <span class='ocrx_word' id='word_1_370' title='bbox 1057 612 1089 638; x_wconf 83' lang='grc' dir='ltr'><strong>ἂν</strong></span> <span class='ocrx_word' id='word_1_371' title='bbox 1108 613 1154 638; x_wconf 73' lang='grc' dir='ltr'>τὸν</span> <span class='ocrx_word' id='word_1_372' title='bbox 1169 612 1262 638; x_wconf 74' lang='grc' dir='ltr'>εἰκότα</span> <span class='ocrx_word' id='word_1_373' title='bbox 1291 613 1438 646; x_wconf 73' lang='grc' dir='ltr'><strong>πλέξαντες</strong></span> <span class='ocrx_word' id='word_1_374' title='bbox 1461 615 1626 649; x_wconf 80' lang='grc' dir='ltr'>ἁποδοίημεν</span> <span class='ocrx_word' id='word_1_375' title='bbox 1650 617 1770 646; x_wconf 77' lang='grc' dir='ltr'>ἔπαινον,</span> 
     </span>
    </p>
   </div>
   <div class='ocr_carea' id='block_1_58' title="bbox 984 657 1771 696">
    <p class='ocr_par' dir='ltr' id='par_1_58' title="bbox 984 657 1771 696">
     <span class='ocr_line' id='line_1_58' title="bbox 984 657 1771 696; baseline 0.008 -14"><span class='ocrx_word' id='word_1_376' title='bbox 984 657 1045 683; x_wconf 83' lang='grc' dir='ltr'>ὅθεν</span> <span class='ocrx_word' id='word_1_377' title='bbox 1072 657 1191 683; x_wconf 77' lang='grc' dir='ltr'>τοσαῦτα</span> <span class='ocrx_word' id='word_1_378' title='bbox 1219 658 1463 693; x_wconf 73' lang='grc' dir='ltr'>εὐηργετήθημεν;</span> <span class='ocrx_word' id='word_1_379' title='bbox 1483 660 1552 685; x_wconf 79' lang='grc' dir='ltr'>Ἀλλ’</span> <span class='ocrx_word' id='word_1_380' title='bbox 1573 663 1596 686; x_wconf 88' lang='grc' dir='ltr'>εἰ</span> <span class='ocrx_word' id='word_1_381' title='bbox 1615 662 1661 687; x_wconf 79' lang='grc' dir='ltr'>καὶ</span> <span class='ocrx_word' id='word_1_382' title='bbox 1695 662 1771 696; x_wconf 80' lang='grc' dir='ltr'>ὑμῖν,</span> 
     </span>
    </p>
   </div>
   <div class='ocr_carea' id='block_1_59' title="bbox 983 702 1772 743">
    <p class='ocr_par' dir='ltr' id='par_1_59' title="bbox 983 702 1772 743">
     <span class='ocr_line' id='line_1_59' title="bbox 983 702 1772 743; baseline 0.008 -15"><span class='ocrx_word' id='word_1_383' title='bbox 983 703 1103 736; x_wconf 65' lang='grc' dir='ltr'>ἀδελφοὶ,</span> <span class='ocrx_word' id='word_1_384' title='bbox 1131 702 1167 734; x_wconf 83' lang='grc' dir='ltr'><strong>ὥς</strong></span> <span class='ocrx_word' id='word_1_385' title='bbox 1185 711 1215 736; x_wconf 84' lang='grc' dir='ltr'>γε</span> <span class='ocrx_word' id='word_1_386' title='bbox 1226 704 1311 738; x_wconf 69' lang='grc' dir='ltr'>κάμοὶ</span> <span class='ocrx_word' id='word_1_387' title='bbox 1323 705 1455 736; x_wconf 77' lang='grc' dir='ltr'><strong>συνδοκεῖ,</strong></span> <span class='ocrx_word' id='word_1_388' title='bbox 1469 705 1536 740; x_wconf 80' lang='grc' dir='ltr'>ὑπὲρ</span> <span class='ocrx_word' id='word_1_389' title='bbox 1546 706 1595 740; x_wconf 73' lang='grc' dir='ltr'><strong>μὲν</strong></span> <span class='ocrx_word' id='word_1_390' title='bbox 1606 707 1660 733; x_wconf 81' lang='grc' dir='ltr'><strong>τῶν</strong></span> <span class='ocrx_word' id='word_1_391' title='bbox 1669 708 1772 743; x_wconf 73' lang='grc' dir='ltr'>ταύτης</span> 
     </span>
    </p>
   </div>
   <div class='ocr_carea' id='block_1_60' title="bbox 983 749 1770 786">
    <p class='ocr_par' dir='ltr' id='par_1_60' title="bbox 983 749 1770 786">
     <span class='ocr_line' id='line_1_60' title="bbox 983 749 1770 786; baseline 0.006 -11"><span class='ocrx_word' id='word_1_392' title='bbox 983 750 1102 786; x_wconf 81' lang='grc' dir='ltr'><strong>χαρίτων</strong></span> <span class='ocrx_word' id='word_1_393' title='bbox 1118 751 1194 785; x_wconf 80' lang='grc' dir='ltr'>κοινῇ</span> <span class='ocrx_word' id='word_1_394' title='bbox 1213 749 1272 784; x_wconf 81' lang='grc' dir='ltr'>μετ’</span> <span class='ocrx_word' id='word_1_395' title='bbox 1292 750 1426 783; x_wconf 76' lang='grc' dir='ltr'>ἀγγέλων·</span> <span class='ocrx_word' id='word_1_396' title='bbox 1443 751 1573 786; x_wconf 78' lang='grc' dir='ltr'>πείθομαι</span> <span class='ocrx_word' id='word_1_397' title='bbox 1598 753 1653 786; x_wconf 71' lang='grc' dir='ltr'><strong>γὰρ</strong></span> <span class='ocrx_word' id='word_1_398' title='bbox 1673 754 1770 780; x_wconf 76' lang='grc' dir='ltr'>κάκεί-</span> 
     </span>
    </p>
   </div>
   <div class='ocr_carea' id='block_1_61' title="bbox 985 795 1773 834">
    <p class='ocr_par' dir='ltr' id='par_1_61' title="bbox 985 795 1773 834">
     <span class='ocr_line' id='line_1_61' title="bbox 985 795 1773 834; baseline 0.005 -14"><span class='ocrx_word' id='word_1_399' title='bbox 985 804 1047 826; x_wconf 78' lang='grc' dir='ltr'>νους</span> <span class='ocrx_word' id='word_1_400' title='bbox 1063 795 1111 829; x_wconf 81' lang='grc' dir='ltr'>τὴν</span> <span class='ocrx_word' id='word_1_401' title='bbox 1133 796 1272 829; x_wconf 67' lang='grc' dir='ltr'>πάναγνεν</span> <span class='ocrx_word' id='word_1_402' title='bbox 1296 798 1450 830; x_wconf 82' lang='grc' dir='ltr'>συνυμνεῖν·</span> <span class='ocrx_word' id='word_1_403' title='bbox 1466 797 1495 823; x_wconf 71' lang='grc' dir='ltr'>τὺ</span> <span class='ocrx_word' id='word_1_404' title='bbox 1513 797 1585 823; x_wconf 81' lang='grc' dir='ltr'>Θείον</span> <span class='ocrx_word' id='word_1_405' title='bbox 1607 799 1696 824; x_wconf 80' lang='grc' dir='ltr'>ἐκεῖνο</span> <span class='ocrx_word' id='word_1_406' title='bbox 1719 801 1773 834; x_wconf 84' lang='grc' dir='ltr'><strong>μή-</strong></span> 
     </span>
    </p>
   </div>
   <div class='ocr_carea' id='block_1_62' title="bbox 989 842 1772 879">
    <p class='ocr_par' dir='ltr' id='par_1_62' title="bbox 989 842 1772 879">
     <span class='ocr_line' id='line_1_62' title="bbox 989 842 1772 879; baseline 0.005 -12"><span class='ocrx_word' id='word_1_407' title='bbox 989 851 1060 876; x_wconf 84' lang='grc' dir='ltr'>νυμα</span> <span class='ocrx_word' id='word_1_408' title='bbox 1076 843 1108 876; x_wconf 84' lang='grc' dir='ltr'>τῇ</span> <span class='ocrx_word' id='word_1_409' title='bbox 1122 842 1246 876; x_wconf 81' lang='grc' dir='ltr'>Θεοτὸκῳ</span> <span class='ocrx_word' id='word_1_410' title='bbox 1269 843 1463 877; x_wconf 75' lang='grc' dir='ltr'><strong>προσείπωμεν</strong></span> <span class='ocrx_word' id='word_1_411' title='bbox 1476 852 1482 859; x_wconf 86' lang='grc'>·</span> <span class='ocrx_word' id='word_1_412' title='bbox 1504 843 1591 878; x_wconf 71' lang='grc' dir='ltr'>Χαῖρε</span> <span class='ocrx_word' id='word_1_413' title='bbox 1616 853 1772 879; x_wconf 67' lang='grc' dir='ltr'>κεχαριτω-</span> 
     </span>
    </p>
   </div>
   <div class='ocr_carea' id='block_1_63' title="bbox 985 886 1771 925">
    <p class='ocr_par' dir='ltr' id='par_1_63' title="bbox 985 886 1771 925">
     <span class='ocr_line' id='line_1_63' title="bbox 985 886 1771 925; baseline 0.006 -12"><span class='ocrx_word' id='word_1_414' title='bbox 985 888 1072 921; x_wconf 78' lang='grc' dir='ltr'>μένη,</span> <span class='ocrx_word' id='word_1_415' title='bbox 1087 886 1163 923; x_wconf 74' lang='grc' dir='ltr'>δι’ἦς</span> <span class='ocrx_word' id='word_1_416' title='bbox 1191 888 1282 924; x_wconf 78' lang='grc' dir='ltr'><strong>χαίρει</strong></span> <span class='ocrx_word' id='word_1_417' title='bbox 1294 890 1368 915; x_wconf 78' lang='grc' dir='ltr'>πᾶσα</span> <span class='ocrx_word' id='word_1_418' title='bbox 1417 890 1506 921; x_wconf 79' lang='grc' dir='ltr'>κτίσις</span> <span class='ocrx_word' id='word_1_419' title='bbox 1521 899 1527 906; x_wconf 65' lang='grc' dir='ltr'><strong>ε</strong></span> <span class='ocrx_word' id='word_1_420' title='bbox 1547 892 1563 917; x_wconf 82' lang='grc' dir='ltr'><strong><em>ό</em></strong></span> <span class='ocrx_word' id='word_1_421' title='bbox 1579 892 1684 925; x_wconf 77' lang='grc' dir='ltr'>Κύριος</span> <span class='ocrx_word' id='word_1_422' title='bbox 1697 894 1771 925; x_wconf 66' lang='grc' dir='ltr'><strong>μετὰ</strong></span> 
     </span>
    </p>
   </div>
   <div class='ocr_carea' id='block_1_64' title="bbox 987 933 1773 971">
    <p class='ocr_par' dir='ltr' id='par_1_64' title="bbox 987 933 1773 971">
     <span class='ocr_line' id='line_1_64' title="bbox 987 933 1773 971; baseline 0.005 -12"><span class='ocrx_word' id='word_1_423' title='bbox 987 933 1055 965; x_wconf 80' lang='grc' dir='ltr'>σοῦ,</span> <span class='ocrx_word' id='word_1_424' title='bbox 1086 935 1114 964; x_wconf 72' lang='grc' dir='ltr'><strong>ὃς</strong></span> <span class='ocrx_word' id='word_1_425' title='bbox 1140 942 1180 959; x_wconf 87' lang='grc' dir='ltr'><strong>σοι</strong></span> <span class='ocrx_word' id='word_1_426' title='bbox 1208 934 1301 969; x_wconf 75' lang='grc' dir='ltr'>παρῆν</span> <span class='ocrx_word' id='word_1_427' title='bbox 1329 935 1376 961; x_wconf 69' lang='grc' dir='ltr'>καὶ</span> <span class='ocrx_word' id='word_1_428' title='bbox 1403 935 1457 970; x_wconf 78' lang='grc' dir='ltr'><strong>πρὸ</strong></span> <span class='ocrx_word' id='word_1_429' title='bbox 1483 936 1530 962; x_wconf 81' lang='grc' dir='ltr'>τοῦ</span> <span class='ocrx_word' id='word_1_430' title='bbox 1562 937 1632 971; x_wconf 81' lang='grc' dir='ltr'>βίου,</span> <span class='ocrx_word' id='word_1_431' title='bbox 1645 939 1692 963; x_wconf 74' lang='grc' dir='ltr'>καὶ</span> <span class='ocrx_word' id='word_1_432' title='bbox 1711 946 1773 971; x_wconf 87' lang='grc' dir='ltr'>γεν-</span> 
     </span>
    </p>
   </div>
   <div class='ocr_carea' id='block_1_65' title="bbox 987 979 1772 1016">
    <p class='ocr_par' dir='ltr' id='par_1_65' title="bbox 987 979 1772 1016">
     <span class='ocr_line' id='line_1_65' title="bbox 987 979 1772 1016; baseline 0.006 -11"><span class='ocrx_word' id='word_1_433' title='bbox 987 979 1109 1014; x_wconf 79' lang='grc' dir='ltr'>νηΟείσῃ,</span> <span class='ocrx_word' id='word_1_434' title='bbox 1131 980 1179 1006; x_wconf 80' lang='grc' dir='ltr'>καὶ</span> <span class='ocrx_word' id='word_1_435' title='bbox 1194 981 1246 1014; x_wconf 82' lang='grc' dir='ltr'>πρό</span> <span class='ocrx_word' id='word_1_436' title='bbox 1262 989 1293 1014; x_wconf 86' lang='grc' dir='ltr'>γε</span> <span class='ocrx_word' id='word_1_437' title='bbox 1311 981 1357 1006; x_wconf 80' lang='grc' dir='ltr'>τοῦ</span> <span class='ocrx_word' id='word_1_438' title='bbox 1371 981 1528 1016; x_wconf 76' lang='grc' dir='ltr'><strong>ἀσπασμοῦ,</strong></span> <span class='ocrx_word' id='word_1_439' title='bbox 1546 983 1592 1009; x_wconf 65' lang='grc' dir='ltr'><strong>καὶ</strong></span> <span class='ocrx_word' id='word_1_440' title='bbox 1615 984 1675 1010; x_wconf 74' lang='grc' dir='ltr'><strong>κιτ*</strong></span> <span class='ocrx_word' id='word_1_441' title='bbox 1699 985 1772 1010; x_wconf 75' lang='grc' dir='ltr'>ἐκεῖ·</span> 
     </span>
    </p>
   </div>
   <div class='ocr_carea' id='block_1_66' title="bbox 985 1026 1772 1063">
    <p class='ocr_par' dir='ltr' id='par_1_66' title="bbox 985 1026 1772 1063">
     <span class='ocr_line' id='line_1_66' title="bbox 985 1026 1772 1063; baseline 0.004 -11"><span class='ocrx_word' id='word_1_442' title='bbox 985 1034 1030 1052; x_wconf 88' lang='grc' dir='ltr'><strong>νον</strong></span> <span class='ocrx_word' id='word_1_443' title='bbox 1045 1026 1087 1060; x_wconf 82' lang='grc' dir='ltr'><strong>δὴ,</strong></span> <span class='ocrx_word' id='word_1_444' title='bbox 1102 1026 1148 1052; x_wconf 74' lang='grc' dir='ltr'><strong>καὶ</strong></span> <span class='ocrx_word' id='word_1_445' title='bbox 1160 1027 1218 1061; x_wconf 83' lang='grc' dir='ltr'>μετ’</span> <span class='ocrx_word' id='word_1_446' title='bbox 1237 1028 1340 1053; x_wconf 73' lang='grc' dir='ltr'>ἐκεῖνον</span> <span class='ocrx_word' id='word_1_447' title='bbox 1362 1028 1463 1063; x_wconf 83' lang='grc' dir='ltr'>τρόπον</span> <span class='ocrx_word' id='word_1_448' title='bbox 1486 1028 1590 1062; x_wconf 64' lang='grc' dir='ltr'>ἕτερον.</span> <span class='ocrx_word' id='word_1_449' title='bbox 1615 1029 1686 1055; x_wconf 85' lang='grc' dir='ltr'>Ἂνθ’</span> <span class='ocrx_word' id='word_1_450' title='bbox 1701 1026 1738 1055; x_wconf 79' lang='grc' dir='ltr'>ὧν</span> <span class='ocrx_word' id='word_1_451' title='bbox 1750 1030 1772 1055; x_wconf 67' lang='grc' dir='ltr'>δ’</span> 
     </span>
    </p>
   </div>
   <div class='ocr_carea' id='block_1_67' title="bbox 986 1071 1773 1109">
    <p class='ocr_par' dir='ltr' id='par_1_67' title="bbox 986 1071 1773 1109">
     <span class='ocr_line' id='line_1_67' title="bbox 986 1071 1773 1109; baseline 0.004 -12"><span class='ocrx_word' id='word_1_452' title='bbox 986 1071 1179 1106; x_wconf 81' lang='grc' dir='ltr'><strong>ἀπελαύσαμεν</strong></span> <span class='ocrx_word' id='word_1_453' title='bbox 1189 1072 1296 1108; x_wconf 83' lang='grc' dir='ltr'>δωρεῶν</span> <span class='ocrx_word' id='word_1_454' title='bbox 1310 1074 1424 1105; x_wconf 74' lang='grc' dir='ltr'>ἐκεῖθεν,</span> <span class='ocrx_word' id='word_1_455' title='bbox 1440 1075 1514 1109; x_wconf 80' lang='grc' dir='ltr'>ἡμᾶς</span> <span class='ocrx_word' id='word_1_456' title='bbox 1525 1074 1621 1105; x_wconf 71' lang='grc' dir='ltr'>αὐτοὺς</span> <span class='ocrx_word' id='word_1_457' title='bbox 1632 1075 1758 1101; x_wconf 65' lang='grc' dir='ltr'>διεσώσω</span> <span class='ocrx_word' id='word_1_458' title='bbox 1769 1092 1773 1096; x_wconf 75' lang='grc'>.</span> 
     </span>
    </p>
   </div>
   <div class='ocr_carea' id='block_1_68' title="bbox 988 1117 1771 1154">
    <p class='ocr_par' dir='ltr' id='par_1_68' title="bbox 988 1117 1771 1154">
     <span class='ocr_line' id='line_1_68' title="bbox 988 1117 1771 1154; baseline 0.004 -11"><span class='ocrx_word' id='word_1_459' title='bbox 988 1126 1048 1152; x_wconf 87' lang='grc' dir='ltr'>μεν,</span> <span class='ocrx_word' id='word_1_460' title='bbox 1065 1117 1136 1149; x_wconf 84' lang='grc' dir='ltr'>οἴους</span> <span class='ocrx_word' id='word_1_461' title='bbox 1159 1118 1204 1144; x_wconf 83' lang='grc' dir='ltr'>διὰ</span> <span class='ocrx_word' id='word_1_462' title='bbox 1218 1119 1267 1152; x_wconf 84' lang='grc' dir='ltr'><strong>τῆς</strong></span> <span class='ocrx_word' id='word_1_463' title='bbox 1283 1119 1490 1153; x_wconf 66' lang='grc' dir='ltr'>ἀναγεννήσεως</span> <span class='ocrx_word' id='word_1_464' title='bbox 1515 1120 1713 1154; x_wconf 79' lang='grc' dir='ltr'>ὲνεούργησεν·</span> <span class='ocrx_word' id='word_1_465' title='bbox 1740 1117 1771 1147; x_wconf 59' lang='grc' dir='ltr'><strong>αὖ</strong></span> 
     </span>
    </p>
   </div>
   <div class='ocr_carea' id='block_1_69' title="bbox 987 1163 1769 1200">
    <p class='ocr_par' dir='ltr' id='par_1_69' title="bbox 987 1163 1769 1200">
     <span class='ocr_line' id='line_1_69' title="bbox 987 1163 1769 1200; baseline 0.004 -10"><span class='ocrx_word' id='word_1_466' title='bbox 987 1164 1088 1198; x_wconf 69' lang='grc' dir='ltr'>μᾶλλον</span> <span class='ocrx_word' id='word_1_467' title='bbox 1107 1164 1194 1190; x_wconf 70' lang='grc' dir='ltr'>οὐδενὶ</span> <span class='ocrx_word' id='word_1_468' title='bbox 1209 1165 1262 1191; x_wconf 83' lang='grc' dir='ltr'>τῶν</span> <span class='ocrx_word' id='word_1_469' title='bbox 1275 1166 1405 1192; x_wconf 74' lang='grc' dir='ltr'>ἁπάντων</span> <span class='ocrx_word' id='word_1_470' title='bbox 1416 1166 1433 1200; x_wconf 83' lang='grc' dir='ltr'>ἡ</span> <span class='ocrx_word' id='word_1_471' title='bbox 1450 1166 1587 1198; x_wconf 78' lang='grc' dir='ltr'>πάναγνος</span> <span class='ocrx_word' id='word_1_472' title='bbox 1611 1167 1702 1200; x_wconf 83' lang='grc' dir='ltr'>χαίρει</span> <span class='ocrx_word' id='word_1_473' title='bbox 1715 1175 1721 1180; x_wconf 92' lang='grc'><strong>·</strong></span> <span class='ocrx_word' id='word_1_474' title='bbox 1738 1163 1769 1193; x_wconf 72' lang='grc' dir='ltr'>ὦ</span> 
     </span>
    </p>
   </div>
   <div class='ocr_carea' id='block_1_70' title="bbox 985 1210 1770 1246">
    <p class='ocr_par' dir='ltr' id='par_1_70' title="bbox 985 1210 1770 1246">
     <span class='ocr_line' id='line_1_70' title="bbox 985 1210 1770 1246; baseline 0.003 -10"><span class='ocrx_word' id='word_1_475' title='bbox 985 1211 1031 1236; x_wconf 69' lang='grc' dir='ltr'>καὶ</span> <span class='ocrx_word' id='word_1_476' title='bbox 1045 1212 1135 1246; x_wconf 80' lang='grc' dir='ltr'>τυχεῖν</span> <span class='ocrx_word' id='word_1_477' title='bbox 1145 1210 1327 1246; x_wconf 77' lang='grc' dir='ltr'><strong>ἀξιωθείημεν</strong></span> <span class='ocrx_word' id='word_1_478' title='bbox 1348 1212 1436 1243; x_wconf 81' lang='grc' dir='ltr'><strong>λιταῖς</strong></span> <span class='ocrx_word' id='word_1_479' title='bbox 1446 1211 1496 1246; x_wconf 84' lang='grc' dir='ltr'>τῆς</span> <span class='ocrx_word' id='word_1_480' title='bbox 1508 1211 1699 1246; x_wconf 70' lang='grc' dir='ltr'>παναχράντου</span> <span class='ocrx_word' id='word_1_481' title='bbox 1722 1213 1770 1238; x_wconf 77' lang='grc' dir='ltr'>καὶ</span> 
     </span>
    </p>
   </div>
   <div class='ocr_carea' id='block_1_71' title="bbox 985 1257 1771 1293">
    <p class='ocr_par' dir='ltr' id='par_1_71' title="bbox 985 1257 1771 1293">
     <span class='ocr_line' id='line_1_71' title="bbox 985 1257 1771 1293; baseline 0.003 -11"><span class='ocrx_word' id='word_1_482' title='bbox 985 1257 1139 1291; x_wconf 77' lang='grc' dir='ltr'>ἀμωμήτου</span> <span class='ocrx_word' id='word_1_483' title='bbox 1156 1257 1304 1288; x_wconf 80' lang='grc' dir='ltr'>Θεόπαιδος</span> <span class='ocrx_word' id='word_1_484' title='bbox 1323 1259 1364 1289; x_wconf 85' lang='grc' dir='ltr'><strong>εἰς</strong></span> <span class='ocrx_word' id='word_1_485' title='bbox 1376 1257 1454 1289; x_wconf 80' lang='grc' dir='ltr'>δόξαν</span> <span class='ocrx_word' id='word_1_486' title='bbox 1464 1258 1515 1293; x_wconf 83' lang='grc' dir='ltr'><strong>τῆς</strong></span> <span class='ocrx_word' id='word_1_487' title='bbox 1529 1257 1698 1290; x_wconf 83' lang='grc' dir='ltr'>πανσθενοῦς</span> <span class='ocrx_word' id='word_1_488' title='bbox 1722 1259 1771 1284; x_wconf 77' lang='grc' dir='ltr'><strong>καὶ</strong></span> 
     </span>
    </p>
   </div>
   <div class='ocr_carea' id='block_1_72' title="bbox 986 1301 1771 1339">
    <p class='ocr_par' dir='ltr' id='par_1_72' title="bbox 986 1301 1771 1339">
     <span class='ocr_line' id='line_1_72' title="bbox 986 1301 1771 1339; baseline 0.004 -11"><span class='ocrx_word' id='word_1_489' title='bbox 986 1302 1065 1336; x_wconf 76' lang='grc' dir='ltr'>ἁγίας</span> <span class='ocrx_word' id='word_1_490' title='bbox 1074 1303 1198 1337; x_wconf 79' lang='grc' dir='ltr'>Τριάδος,</span> <span class='ocrx_word' id='word_1_491' title='bbox 1247 1303 1346 1339; x_wconf 84' lang='grc' dir='ltr'>πρέπει</span> <span class='ocrx_word' id='word_1_492' title='bbox 1357 1302 1419 1336; x_wconf 79' lang='grc' dir='ltr'>δόξα</span> <span class='ocrx_word' id='word_1_493' title='bbox 1432 1303 1472 1335; x_wconf 85' lang='grc' dir='ltr'><strong>εἰς</strong></span> <span class='ocrx_word' id='word_1_494' title='bbox 1484 1303 1654 1338; x_wconf 82' lang='grc' dir='ltr'><strong>ἀπεράντους</strong></span> <span class='ocrx_word' id='word_1_495' title='bbox 1668 1304 1771 1336; x_wconf 74' lang='grc' dir='ltr'>αἰῶνας</span> 
     </span>
    </p>
   </div>
   <div class='ocr_carea' id='block_1_73' title="bbox 985 1349 1303 1384">
    <p class='ocr_par' dir='ltr' id='par_1_73' title="bbox 985 1349 1303 1384">
     <span class='ocr_line' id='line_1_73' title="bbox 985 1349 1303 1384; baseline 0.006 -10"><span class='ocrx_word' id='word_1_496' title='bbox 985 1349 1042 1375; x_wconf 83' lang='grc' dir='ltr'><strong>τῶν</strong></span> <span class='ocrx_word' id='word_1_497' title='bbox 1056 1349 1171 1375; x_wconf 80' lang='grc' dir='ltr'>αἰώνων.</span> <span class='ocrx_word' id='word_1_498' title='bbox 1205 1349 1303 1384; x_wconf 79' lang='grc' dir='ltr'><strong>’Δμήν.</strong></span> 
     </span>
    </p>
   </div>
   <div class='ocr_carea' id='block_1_74' title="bbox 1294 1502 1458 1529">
    <p class='ocr_par' dir='ltr' id='par_1_74' title="bbox 1294 1502 1458 1529">
     <span class='ocr_line' id='line_1_74' title="bbox 1294 1502 1458 1529; baseline 0.006 -1"><span class='ocrx_word' id='word_1_499' title='bbox 1294 1503 1406 1529; x_wconf 88' lang='grc' dir='ltr'><strong>ΛΟΓΟΣ</strong></span> <span class='ocrx_word' id='word_1_500' title='bbox 1422 1502 1458 1529; x_wconf 87' lang='grc' dir='ltr'><strong>Β’.</strong></span> 
     </span>
    </p>
   </div>
   <div class='ocr_carea' id='block_1_75' title="bbox 982 1555 1768 1594">
    <p class='ocr_par' dir='ltr' id='par_1_75' title="bbox 982 1555 1768 1594">
     <span class='ocr_line' id='line_1_75' title="bbox 982 1555 1768 1594; baseline -0.001 -7"><span class='ocrx_word' id='word_1_501' title='bbox 982 1560 1034 1592; x_wconf 74' lang='grc' dir='ltr'><strong>Εἷς</strong></span> <span class='ocrx_word' id='word_1_502' title='bbox 1065 1555 1123 1593; x_wconf 72' lang='grc' dir='ltr'><strong>τὴν</strong></span> <span class='ocrx_word' id='word_1_503' title='bbox 1148 1560 1192 1592; x_wconf 77' lang='grc' dir='ltr'><strong>εις</strong></span> <span class='ocrx_word' id='word_1_504' title='bbox 1221 1559 1257 1585; x_wconf 82' lang='grc' dir='ltr'>τὰ</span> <span class='ocrx_word' id='word_1_505' title='bbox 1284 1560 1365 1594; x_wconf 75' lang='grc' dir='ltr'>’Ἅγια</span> <span class='ocrx_word' id='word_1_506' title='bbox 1390 1560 1449 1586; x_wconf 82' lang='grc' dir='ltr'><strong>τῶν</strong></span> <span class='ocrx_word' id='word_1_507' title='bbox 1464 1560 1556 1593; x_wconf 73' lang='grc' dir='ltr'>ἁγίων</span> <span class='ocrx_word' id='word_1_508' title='bbox 1574 1559 1698 1586; x_wconf 76' lang='grc' dir='ltr'><strong>εἴσοδον</strong></span> <span class='ocrx_word' id='word_1_509' title='bbox 1712 1561 1768 1594; x_wconf 76' lang='grc' dir='ltr'><strong>τῆς</strong></span> 
     </span>
    </p>
   </div>
   <div class='ocr_carea' id='block_1_76' title="bbox 1018 1594 1768 1629">
    <p class='ocr_par' dir='ltr' id='par_1_76' title="bbox 1018 1594 1768 1629">
     <span class='ocr_line' id='line_1_76' title="bbox 1018 1594 1768 1629; baseline 0.003 -8"><span class='ocrx_word' id='word_1_510' title='bbox 1018 1595 1230 1629; x_wconf 75' lang='grc' dir='ltr'>παναχράντου</span> <span class='ocrx_word' id='word_1_511' title='bbox 1258 1594 1425 1627; x_wconf 75' lang='grc' dir='ltr'><strong>Δεσποίνης</strong></span> <span class='ocrx_word' id='word_1_512' title='bbox 1451 1594 1535 1628; x_wconf 75' lang='grc' dir='ltr'><strong>ἡμῶν</strong></span> <span class='ocrx_word' id='word_1_513' title='bbox 1560 1595 1703 1622; x_wconf 81' lang='grc' dir='ltr'>Θεοτόκου</span> <span class='ocrx_word' id='word_1_514' title='bbox 1719 1595 1768 1623; x_wconf 74' lang='grc' dir='ltr'><strong>καὶ</strong></span> 
     </span>
    </p>
   </div>
   <div class='ocr_carea' id='block_1_77' title="bbox 1017 1629 1347 1664">
    <p class='ocr_par' dir='ltr' id='par_1_77' title="bbox 1017 1629 1347 1664">
     <span class='ocr_line' id='line_1_77' title="bbox 1017 1629 1347 1664; baseline -0.006 -8"><span class='ocrx_word' id='word_1_515' title='bbox 1017 1630 1212 1664; x_wconf 77' lang='grc' dir='ltr'>ἀειπαρθένου</span> <span class='ocrx_word' id='word_1_516' title='bbox 1225 1629 1347 1662; x_wconf 79' lang='grc' dir='ltr'>Μαρίας.</span> 
     </span>
    </p>
   </div>
   <div class='ocr_carea' id='block_1_78' title="bbox 1018 1694 1770 1731">
    <p class='ocr_par' dir='ltr' id='par_1_78' title="bbox 1018 1694 1770 1731">
     <span class='ocr_line' id='line_1_78' title="bbox 1018 1694 1770 1731; baseline -0.001 -9"><span class='ocrx_word' id='word_1_517' title='bbox 1018 1696 1057 1722; x_wconf 78' lang='grc' dir='ltr'><strong>Λ¹.</strong></span> <span class='ocrx_word' id='word_1_518' title='bbox 1072 1696 1207 1730; x_wconf 76' lang='grc' dir='ltr'>Καθάπερ</span> <span class='ocrx_word' id='word_1_519' title='bbox 1228 1696 1261 1729; x_wconf 80' lang='grc' dir='ltr'>τῇ</span> <span class='ocrx_word' id='word_1_520' title='bbox 1285 1694 1344 1729; x_wconf 76' lang='grc' dir='ltr'>ἱερᾷ</span> <span class='ocrx_word' id='word_1_521' title='bbox 1372 1694 1498 1731; x_wconf 75' lang='grc' dir='ltr'>τραπέζῃ</span> <span class='ocrx_word' id='word_1_522' title='bbox 1508 1695 1605 1721; x_wconf 82' lang='grc' dir='ltr'>εἰτότε</span> <span class='ocrx_word' id='word_1_523' title='bbox 1623 1694 1703 1730; x_wconf 69' lang='grc' dir='ltr'>μόνον</span> <span class='ocrx_word' id='word_1_524' title='bbox 1715 1695 1770 1721; x_wconf 77' lang='grc' dir='ltr'>δεῖν</span> 
     </span>
    </p>
   </div>
   <div class='ocr_carea' id='block_1_79' title="bbox 983 1739 1768 1775">
    <p class='ocr_par' dir='ltr' id='par_1_79' title="bbox 983 1739 1768 1775">
     <span class='ocr_line' id='line_1_79' title="bbox 983 1739 1768 1775; baseline -0.004 -7"><span class='ocrx_word' id='word_1_525' title='bbox 983 1750 1024 1773; x_wconf 78' lang='grc' dir='ltr'>τις</span> <span class='ocrx_word' id='word_1_526' title='bbox 1039 1740 1107 1775; x_wconf 77' lang='grc' dir='ltr'>ᾤετο</span> <span class='ocrx_word' id='word_1_527' title='bbox 1128 1740 1284 1775; x_wconf 80' lang='grc' dir='ltr'>προσιέναι,</span> <span class='ocrx_word' id='word_1_528' title='bbox 1308 1739 1391 1774; x_wconf 80' lang='grc' dir='ltr'>ἡνίκα</span> <span class='ocrx_word' id='word_1_529' title='bbox 1407 1739 1438 1767; x_wconf 83' lang='grc' dir='ltr'>ἂν</span> <span class='ocrx_word' id='word_1_530' title='bbox 1452 1739 1520 1775; x_wconf 72' lang='grc' dir='ltr'>πρὸς</span> <span class='ocrx_word' id='word_1_531' title='bbox 1542 1739 1630 1766; x_wconf 78' lang='grc' dir='ltr'>ἐκεῖνο</span> <span class='ocrx_word' id='word_1_532' title='bbox 1656 1741 1685 1766; x_wconf 76' lang='grc' dir='ltr'><strong>τὸ</strong></span> <span class='ocrx_word' id='word_1_533' title='bbox 1703 1740 1768 1774; x_wconf 61' lang='grc' dir='ltr'>ὒτος</span> 
     </span>
    </p>
   </div>
   <div class='ocr_carea' id='block_1_80' title="bbox 984 1785 1770 1822">
    <p class='ocr_par' dir='ltr' id='par_1_80' title="bbox 984 1785 1770 1822">
     <span class='ocr_line' id='line_1_80' title="bbox 984 1785 1770 1822; baseline -0.001 -10"><span class='ocrx_word' id='word_1_534' title='bbox 984 1787 1079 1813; x_wconf 72' lang='grc' dir='ltr'>ἑαυτὸν</span> <span class='ocrx_word' id='word_1_535' title='bbox 1096 1785 1219 1822; x_wconf 75' lang='grc' dir='ltr'>ἀκριϐῶς</span> <span class='ocrx_word' id='word_1_536' title='bbox 1238 1785 1360 1821; x_wconf 80' lang='grc' dir='ltr'>συνορῴη</span> <span class='ocrx_word' id='word_1_537' title='bbox 1386 1785 1421 1811; x_wconf 80' lang='grc' dir='ltr'>τὰ</span> <span class='ocrx_word' id='word_1_538' title='bbox 1441 1785 1536 1812; x_wconf 82' lang='grc' dir='ltr'>δέοντα</span> <span class='ocrx_word' id='word_1_539' title='bbox 1562 1785 1671 1817; x_wconf 80' lang='grc' dir='ltr'>σώζειν,</span> <span class='ocrx_word' id='word_1_540' title='bbox 1697 1785 1770 1811; x_wconf 67' lang='grc' dir='ltr'><strong>οὖδέ-</strong></span> 
     </span>
    </p>
   </div>
   <div class='ocr_carea' id='block_1_81' title="bbox 985 1829 1767 1866">
    <p class='ocr_par' dir='ltr' id='par_1_81' title="bbox 985 1829 1767 1866">
     <span class='ocr_line' id='line_1_81' title="bbox 985 1829 1767 1866; baseline -0.005 -6"><span class='ocrx_word' id='word_1_541' title='bbox 985 1833 1044 1860; x_wconf 75' lang='grc' dir='ltr'>ποτ¹</span> <span class='ocrx_word' id='word_1_542' title='bbox 1069 1833 1102 1859; x_wconf 81' lang='grc' dir='ltr'><strong>ἂν</strong></span> <span class='ocrx_word' id='word_1_543' title='bbox 1121 1832 1224 1866; x_wconf 74' lang='grc' dir='ltr'>ἔγγιον,</span> <span class='ocrx_word' id='word_1_544' title='bbox 1251 1829 1341 1865; x_wconf 79' lang='grc' dir='ltr'>οἶμαι,</span> <span class='ocrx_word' id='word_1_545' title='bbox 1372 1831 1419 1857; x_wconf 79' lang='grc' dir='ltr'>τοῦ</span> <span class='ocrx_word' id='word_1_546' title='bbox 1433 1831 1504 1857; x_wconf 76' lang='grc' dir='ltr'>θείου</span> <span class='ocrx_word' id='word_1_547' title='bbox 1521 1831 1624 1864; x_wconf 83' lang='grc' dir='ltr'>γένοιτο</span> <span class='ocrx_word' id='word_1_548' title='bbox 1638 1831 1747 1857; x_wconf 86' lang='grc' dir='ltr'>δείπνου</span> <span class='ocrx_word' id='word_1_549' title='bbox 1760 1839 1767 1845; x_wconf 93' lang='grc'><strong>·</strong></span> 
     </span>
    </p>
   </div>
   <div class='ocr_carea' id='block_1_82' title="bbox 984 1875 1771 1914">
    <p class='ocr_par' dir='ltr' id='par_1_82' title="bbox 984 1875 1771 1914">
     <span class='ocr_line' id='line_1_82' title="bbox 984 1875 1771 1914; baseline -0.005 -8"><span class='ocrx_word' id='word_1_550' title='bbox 984 1878 1035 1906; x_wconf 83' lang='grc' dir='ltr'>ποῦ</span> <span class='ocrx_word' id='word_1_551' title='bbox 1052 1879 1107 1914; x_wconf 79' lang='grc' dir='ltr'>γὰρ</span> <span class='ocrx_word' id='word_1_552' title='bbox 1130 1878 1286 1912; x_wconf 78' lang='grc' dir='ltr'>ἄνθρωπος,</span> <span class='ocrx_word' id='word_1_553' title='bbox 1301 1877 1341 1909; x_wconf 83' lang='grc' dir='ltr'><strong>ὃς,</strong></span> <span class='ocrx_word' id='word_1_554' title='bbox 1358 1877 1414 1903; x_wconf 72' lang='grc' dir='ltr'>οὐδ’</span> <span class='ocrx_word' id='word_1_555' title='bbox 1430 1877 1454 1903; x_wconf 84' lang='grc' dir='ltr'><strong>εί</strong></span> <span class='ocrx_word' id='word_1_556' title='bbox 1474 1877 1539 1911; x_wconf 83' lang='grc' dir='ltr'>μίαν</span> <span class='ocrx_word' id='word_1_557' title='bbox 1551 1875 1689 1910; x_wconf 81' lang='grc' dir='ltr'>βεῦιωκὼς</span> <span class='ocrx_word' id='word_1_558' title='bbox 1703 1877 1771 1911; x_wconf 65' lang='grc' dir='ltr'>ἠμέν</span> 
     </span>
    </p>
   </div>
   <div class='ocr_carea' id='block_1_83' title="bbox 985 1921 1770 1961">
    <p class='ocr_par' dir='ltr' id='par_1_83' title="bbox 985 1921 1770 1961">
     <span class='ocr_line' id='line_1_83' title="bbox 985 1921 1770 1961; baseline -0.006 -10"><span class='ocrx_word' id='word_1_559' title='bbox 985 1933 1035 1961; x_wconf 83' lang='grc' dir='ltr'><strong>ραν</strong></span> <span class='ocrx_word' id='word_1_560' title='bbox 1047 1924 1101 1959; x_wconf 75' lang='grc' dir='ltr'>εἴη,</span> <span class='ocrx_word' id='word_1_561' title='bbox 1124 1924 1161 1954; x_wconf 77' lang='grc' dir='ltr'><strong>ὡς</strong></span> <span class='ocrx_word' id='word_1_562' title='bbox 1191 1922 1226 1949; x_wconf 82' lang='grc' dir='ltr'><strong>τὰ</strong></span> <span class='ocrx_word' id='word_1_563' title='bbox 1251 1922 1312 1948; x_wconf 83' lang='grc' dir='ltr'><strong>θεῖά</strong></span> <span class='ocrx_word' id='word_1_564' title='bbox 1324 1931 1391 1957; x_wconf 78' lang='grc' dir='ltr'>φησι</span> <span class='ocrx_word' id='word_1_565' title='bbox 1403 1922 1492 1956; x_wconf 84' lang='grc' dir='ltr'>λόγια,</span> <span class='ocrx_word' id='word_1_566' title='bbox 1509 1922 1596 1956; x_wconf 78' lang='grc' dir='ltr'>ῥύπου</span> <span class='ocrx_word' id='word_1_567' title='bbox 1611 1921 1701 1955; x_wconf 78' lang='grc' dir='ltr'>μένειν</span> <span class='ocrx_word' id='word_1_568' title='bbox 1716 1921 1770 1951; x_wconf 76' lang='grc' dir='ltr'><strong>ἔξω</strong></span> 
     </span>
    </p>
   </div>
   <div class='ocr_carea' id='block_1_84' title="bbox 984 1964 1768 2001">
    <p class='ocr_par' dir='ltr' id='par_1_84' title="bbox 984 1964 1768 2001">
     <span class='ocr_line' id='line_1_84' title="bbox 984 1964 1768 2001; baseline -0.006 -6"><span class='ocrx_word' id='word_1_569' title='bbox 984 1970 1175 2001; x_wconf 81' lang='grc' dir='ltr'>πεπίστευται,</span> <span class='ocrx_word' id='word_1_570' title='bbox 1207 1967 1383 2001; x_wconf 79' lang='grc' dir='ltr'>προσομιλεῖν</span> <span class='ocrx_word' id='word_1_571' title='bbox 1407 1967 1440 1993; x_wconf 86' lang='grc' dir='ltr'>ἄν</span> <span class='ocrx_word' id='word_1_572' title='bbox 1461 1974 1521 1992; x_wconf 78' lang='grc' dir='ltr'>τοτε</span> <span class='ocrx_word' id='word_1_573' title='bbox 1534 1966 1601 2000; x_wconf 79' lang='grc' dir='ltr'>πρὸς</span> <span class='ocrx_word' id='word_1_574' title='bbox 1618 1964 1697 1997; x_wconf 77' lang='grc' dir='ltr'>ἀξίαν</span> <span class='ocrx_word' id='word_1_575' title='bbox 1715 1974 1768 1999; x_wconf 73' lang='grc' dir='ltr'><strong>φα-</strong></span> 
     </span>
    </p>
   </div>
   <div class='ocr_carea' id='block_1_85' title="bbox 983 2011 1768 2049">
    <p class='ocr_par' dir='ltr' id='par_1_85' title="bbox 983 2011 1768 2049">
     <span class='ocr_line' id='line_1_85' title="bbox 983 2011 1768 2049; baseline -0.006 -8"><span class='ocrx_word' id='word_1_576' title='bbox 983 2016 1042 2049; x_wconf 84' lang='grc' dir='ltr'>νείη</span> <span class='ocrx_word' id='word_1_577' title='bbox 1054 2015 1092 2049; x_wconf 84' lang='grc' dir='ltr'>τῷ</span> <span class='ocrx_word' id='word_1_578' title='bbox 1110 2014 1292 2049; x_wconf 83' lang='grc' dir='ltr'>παναχράντῳ</span> <span class='ocrx_word' id='word_1_579' title='bbox 1308 2013 1404 2047; x_wconf 81' lang='grc' dir='ltr'>ἐκείνῳ</span> <span class='ocrx_word' id='word_1_580' title='bbox 1419 2012 1467 2039; x_wconf 77' lang='grc' dir='ltr'>καὶ</span> <span class='ocrx_word' id='word_1_581' title='bbox 1493 2011 1654 2047; x_wconf 73' lang='grc' dir='ltr'>περιπεζίου</span> <span class='ocrx_word' id='word_1_582' title='bbox 1667 2011 1768 2040; x_wconf 72' lang='grc' dir='ltr'>παντὸς</span> 
     </span>
    </p>
   </div>
   <div class='ocr_carea' id='block_1_86' title="bbox 984 2057 1767 2095">
    <p class='ocr_par' dir='ltr' id='par_1_86' title="bbox 984 2057 1767 2095">
     <span class='ocr_line' id='line_1_86' title="bbox 984 2057 1767 2095; baseline -0.006 -8"><span class='ocrx_word' id='word_1_583' title='bbox 984 2061 1130 2095; x_wconf 71' lang='grc' dir='ltr'>ἀνωτέρῳς</span> <span class='ocrx_word' id='word_1_584' title='bbox 1155 2059 1264 2090; x_wconf 82' lang='grc' dir='ltr'>οὓτωςό</span> <span class='ocrx_word' id='word_1_585' title='bbox 1280 2059 1328 2094; x_wconf 76' lang='grc' dir='ltr'>τὴν</span> <span class='ocrx_word' id='word_1_586' title='bbox 1345 2059 1423 2090; x_wconf 68' lang='grc' dir='ltr'>ἀξίαν</span> <span class='ocrx_word' id='word_1_587' title='bbox 1450 2058 1596 2084; x_wconf 72' lang='grc' dir='ltr'>ἀποδοῦναι</span> <span class='ocrx_word' id='word_1_588' title='bbox 1620 2057 1713 2091; x_wconf 74' lang='grc' dir='ltr'>φωνὴν</span> <span class='ocrx_word' id='word_1_589' title='bbox 1734 2058 1767 2090; x_wconf 79' lang='grc' dir='ltr'>τῇ</span> 
     </span>
    </p>
   </div>
   <div class='ocr_carea' id='block_1_87' title="bbox 985 2103 1768 2140">
    <p class='ocr_par' dir='ltr' id='par_1_87' title="bbox 985 2103 1768 2140">
     <span class='ocr_line' id='line_1_87' title="bbox 985 2103 1768 2140; baseline -0.006 -8"><span class='ocrx_word' id='word_1_590' title='bbox 985 2105 1150 2140; x_wconf 65' lang='grc' dir='ltr'><strong>’κιναμώμῳ</strong></span> <span class='ocrx_word' id='word_1_591' title='bbox 1164 2104 1253 2140; x_wconf 75' lang='grc' dir='ltr'>ζητῶν</span> <span class='ocrx_word' id='word_1_592' title='bbox 1267 2105 1313 2130; x_wconf 78' lang='grc' dir='ltr'><strong>καὶ</strong></span> <span class='ocrx_word' id='word_1_593' title='bbox 1338 2104 1422 2139; x_wconf 74' lang='grc' dir='ltr'>μητρὶ</span> <span class='ocrx_word' id='word_1_594' title='bbox 1437 2104 1483 2130; x_wconf 82' lang='grc' dir='ltr'>τοῦ</span> <span class='ocrx_word' id='word_1_595' title='bbox 1509 2104 1576 2130; x_wconf 77' lang='grc' dir='ltr'>Θεοῦ</span> <span class='ocrx_word' id='word_1_596' title='bbox 1595 2104 1680 2136; x_wconf 80' lang='grc' dir='ltr'>Λόγου</span> <span class='ocrx_word' id='word_1_597' title='bbox 1714 2103 1768 2128; x_wconf 71' lang='grc' dir='ltr'>τιῖιν</span> 
     </span>
    </p>
   </div>
   <div class='ocr_carea' id='block_1_88' title="bbox 986 2147 1769 2186">
    <p class='ocr_par' dir='ltr' id='par_1_88' title="bbox 986 2147 1769 2186">
     <span class='ocr_line' id='line_1_88' title="bbox 986 2147 1769 2186; baseline -0.006 -9"><span class='ocrx_word' id='word_1_598' title='bbox 986 2151 1091 2178; x_wconf 77' lang='grc' dir='ltr'>ἀλάλων</span> <span class='ocrx_word' id='word_1_599' title='bbox 1109 2150 1207 2186; x_wconf 81' lang='grc' dir='ltr'>ἰχθύων</span> <span class='ocrx_word' id='word_1_600' title='bbox 1225 2150 1300 2176; x_wconf 80' lang='grc' dir='ltr'>οὐδὲν</span> <span class='ocrx_word' id='word_1_601' title='bbox 1318 2150 1371 2185; x_wconf 75' lang='grc' dir='ltr'><strong>ἄρα</strong></span> <span class='ocrx_word' id='word_1_602' title='bbox 1385 2150 1480 2176; x_wconf 82' lang='grc' dir='ltr'>διοίσει</span> <span class='ocrx_word' id='word_1_603' title='bbox 1493 2158 1500 2165; x_wconf 93' lang='grc'><strong>·</strong></span> <span class='ocrx_word' id='word_1_604' title='bbox 1513 2149 1571 2176; x_wconf 84' lang='grc' dir='ltr'>ἀλλ’</span> <span class='ocrx_word' id='word_1_605' title='bbox 1599 2148 1693 2184; x_wconf 79' lang='grc' dir='ltr'>ὥσπερ</span> <span class='ocrx_word' id='word_1_606' title='bbox 1730 2147 1769 2182; x_wconf 73' lang='grc' dir='ltr'>τῷ</span> 
     </span>
    </p>
   </div>
   <div class='ocr_carea' id='block_1_89' title="bbox 983 2195 1767 2232">
    <p class='ocr_par' dir='ltr' id='par_1_89' title="bbox 983 2195 1767 2232">
     <span class='ocr_line' id='line_1_89' title="bbox 983 2195 1767 2232; baseline -0.004 -9"><span class='ocrx_word' id='word_1_607' title='bbox 983 2197 1092 2232; x_wconf 82' lang='grc' dir='ltr'>γαληνῷ</span> <span class='ocrx_word' id='word_1_608' title='bbox 1106 2197 1152 2223; x_wconf 76' lang='grc' dir='ltr'>τοῦ</span> <span class='ocrx_word' id='word_1_609' title='bbox 1167 2197 1294 2231; x_wconf 78' lang='grc' dir='ltr'>Σωτῆρος</span> <span class='ocrx_word' id='word_1_610' title='bbox 1308 2196 1520 2232; x_wconf 68' lang='grc' dir='ltr'>τεθαρρηκότες,</span> <span class='ocrx_word' id='word_1_611' title='bbox 1534 2198 1582 2230; x_wconf 78' lang='grc' dir='ltr'><strong>τῆς</strong></span> <span class='ocrx_word' id='word_1_612' title='bbox 1609 2195 1767 2230; x_wconf 71' lang='grc' dir='ltr'>ἀπορρήτου</span> 
     </span>
    </p>
   </div>
   <div class='ocr_carea' id='block_1_90' title="bbox 771 2343 1130 2376">
    <p class='ocr_par' dir='ltr' id='par_1_90' title="bbox 771 2343 1130 2376">
     <span class='ocr_line' id='line_1_90' title="bbox 771 2343 1130 2376; baseline 0 -2"><span class='ocrx_word' id='word_1_613' title='bbox 771 2349 843 2376; x_wconf 85' lang='lat' dir='ltr'><strong>Ant.</strong></span> <span class='ocrx_word' id='word_1_614' title='bbox 867 2343 1013 2374; x_wconf 82' lang='lat' dir='ltr'><strong>Ballerini</strong></span> <span class='ocrx_word' id='word_1_615' title='bbox 1035 2349 1130 2375; x_wconf 72' lang='lat' dir='ltr'><strong>noue.</strong></span> 
     </span>
    </p>
   </div>
   <div class='ocr_carea' id='block_1_91' title="bbox 146 2427 930 2464">
    <p class='ocr_par' dir='ltr' id='par_1_91' title="bbox 146 2427 930 2464">
     <span class='ocr_line' id='line_1_91' title="bbox 146 2427 930 2464; baseline -0.001 -10"><span class='ocrx_word' id='word_1_616' title='bbox 146 2427 418 2464; x_wconf 54' lang='lat' dir='ltr'><strong>incorruptihiliorem</strong></span> <span class='ocrx_word' id='word_1_617' title='bbox 442 2429 543 2464; x_wconf 81' lang='lat' dir='ltr'><strong>angelis</strong></span> <span class='ocrx_word' id='word_1_618' title='bbox 570 2439 628 2457; x_wconf 82' lang='lat' dir='ltr'><strong>eam</strong></span> <span class='ocrx_word' id='word_1_619' title='bbox 650 2438 703 2457; x_wconf 79' lang='lat' dir='ltr'><strong>esse</strong></span> <span class='ocrx_word' id='word_1_620' title='bbox 718 2428 930 2464; x_wconf 71' lang='lat' dir='ltr'><strong>existimandum.</strong></span> 
     </span>
    </p>
   </div>
   <div class='ocr_carea' id='block_1_92' title="bbox 147 2463 932 2500">
    <p class='ocr_par' dir='ltr' id='par_1_92' title="bbox 147 2463 932 2500">
     <span class='ocr_line' id='line_1_92' title="bbox 147 2463 932 2500; baseline 0.001 -11"><span class='ocrx_word' id='word_1_621' title='bbox 147 2471 204 2493; x_wconf 74' lang='lat' dir='ltr'><strong>aute</strong></span> <span class='ocrx_word' id='word_1_622' title='bbox 226 2463 389 2500; x_wconf 74' lang='lat' dir='ltr'><strong>angelorum</strong></span> <span class='ocrx_word' id='word_1_623' title='bbox 414 2463 669 2500; x_wconf 75' lang='lat' dir='ltr'><strong>incorruptibilitatis</strong></span> <span class='ocrx_word' id='word_1_624' title='bbox 696 2470 773 2499; x_wconf 79' lang='lat' dir='ltr'><strong>atque</strong></span> <span class='ocrx_word' id='word_1_625' title='bbox 795 2463 932 2497; x_wconf 67' lang='lat' dir='ltr'><strong>ﬁrmitatis</strong></span> 
     </span>
    </p>
   </div>
   <div class='ocr_carea' id='block_1_93' title="bbox 145 2499 931 2535">
    <p class='ocr_par' dir='ltr' id='par_1_93' title="bbox 145 2499 931 2535">
     <span class='ocr_line' id='line_1_93' title="bbox 145 2499 931 2535; baseline 0.001 -12"><span class='ocrx_word' id='word_1_626' title='bbox 145 2499 249 2535; x_wconf 51' lang='lat' dir='ltr'><strong>auctrix</strong></span> <span class='ocrx_word' id='word_1_627' title='bbox 262 2499 401 2526; x_wconf 72' lang='lat' dir='ltr'><strong>exstiterit.</strong></span> <span class='ocrx_word' id='word_1_628' title='bbox 416 2500 475 2527; x_wconf 85' lang='lat' dir='ltr'><strong>Non</strong></span> <span class='ocrx_word' id='word_1_629' title='bbox 491 2499 556 2535; x_wconf 79' lang='lat' dir='ltr'><strong>ergo</strong></span> <span class='ocrx_word' id='word_1_630' title='bbox 583 2500 704 2527; x_wconf 87' lang='lat' dir='ltr'><strong>lsidorus</strong></span> <span class='ocrx_word' id='word_1_631' title='bbox 726 2502 931 2535; x_wconf 19' lang='lat' dir='ltr'><strong>suanirscnten-</strong></span> 
     </span>
    </p>
   </div>
   <div class='ocr_carea' id='block_1_94' title="bbox 148 2533 931 2570">
    <p class='ocr_par' dir='ltr' id='par_1_94' title="bbox 148 2533 931 2570">
     <span class='ocr_line' id='line_1_94' title="bbox 148 2533 931 2570; baseline -0.001 -11"><span class='ocrx_word' id='word_1_632' title='bbox 148 2533 213 2560; x_wconf 83' lang='lat' dir='ltr'><strong>tiam</strong></span> <span class='ocrx_word' id='word_1_633' title='bbox 229 2534 266 2570; x_wconf 83' lang='lat' dir='ltr'><strong>ita</strong></span> <span class='ocrx_word' id='word_1_634' title='bbox 282 2540 412 2570; x_wconf 81' lang='lat' dir='ltr'><strong>coarctat,</strong></span> <span class='ocrx_word' id='word_1_635' title='bbox 430 2539 459 2562; x_wconf 90' lang='lat' dir='ltr'><strong>ut</strong></span> <span class='ocrx_word' id='word_1_636' title='bbox 476 2535 502 2562; x_wconf 92' lang='lat' dir='ltr'><strong>in</strong></span> <span class='ocrx_word' id='word_1_637' title='bbox 522 2533 612 2570; x_wconf 76' lang='lat' dir='ltr'><strong>aliquo</strong></span> <span class='ocrx_word' id='word_1_638' title='bbox 627 2535 730 2570; x_wconf 77' lang='lat' dir='ltr'><strong>angelis</strong></span> <span class='ocrx_word' id='word_1_639' title='bbox 745 2534 858 2561; x_wconf 84' lang='lat' dir='ltr'><strong>cessisse</strong></span> <span class='ocrx_word' id='word_1_640' title='bbox 876 2533 931 2570; x_wconf 63' lang='grc' dir='ltr'><strong>Μςμ</strong></span> 
     </span>
    </p>
   </div>
   <div class='ocr_carea' id='block_1_95' title="bbox 148 2568 932 2603">
    <p class='ocr_par' dir='ltr' id='par_1_95' title="bbox 148 2568 932 2603">
     <span class='ocr_line' id='line_1_95' title="bbox 148 2568 932 2603; baseline -0.001 -9"><span class='ocrx_word' id='word_1_641' title='bbox 148 2569 216 2595; x_wconf 80' lang='lat' dir='ltr'><strong>riam</strong></span> <span class='ocrx_word' id='word_1_642' title='bbox 242 2569 389 2603; x_wconf 77' lang='lat' dir='ltr'><strong>signiticet.</strong></span> <span class='ocrx_word' id='word_1_643' title='bbox 412 2570 523 2597; x_wconf 89' lang='lat' dir='ltr'><strong>Interim</strong></span> <span class='ocrx_word' id='word_1_644' title='bbox 550 2568 611 2596; x_wconf 81' lang='lat' dir='ltr'><strong>cum</strong></span> <span class='ocrx_word' id='word_1_645' title='bbox 630 2568 676 2597; x_wconf 59' lang='grc' dir='ltr'><strong>(δι’</strong></span> <span class='ocrx_word' id='word_1_646' title='bbox 691 2570 773 2596; x_wconf 89' lang='lat' dir='ltr'><strong>dictis</strong></span> <span class='ocrx_word' id='word_1_647' title='bbox 790 2569 868 2602; x_wconf 87' lang='lat' dir='ltr'><strong>plane</strong></span> <span class='ocrx_word' id='word_1_648' title='bbox 884 2568 932 2593; x_wconf 87' lang='lat' dir='ltr'><strong>ab-</strong></span> 
     </span>
    </p>
   </div>
   <div class='ocr_carea' id='block_1_96' title="bbox 147 2603 930 2639">
    <p class='ocr_par' dir='ltr' id='par_1_96' title="bbox 147 2603 930 2639">
     <span class='ocr_line' id='line_1_96' title="bbox 147 2603 930 2639; baseline -0.003 -9"><span class='ocrx_word' id='word_1_649' title='bbox 147 2603 261 2630; x_wconf 63' lang='lat' dir='ltr'><strong>surdum</strong></span> <span class='ocrx_word' id='word_1_650' title='bbox 289 2604 334 2635; x_wconf 77' lang='lat' dir='ltr'><strong>sit,</strong></span> <span class='ocrx_word' id='word_1_651' title='bbox 366 2605 470 2639; x_wconf 85' lang='lat' dir='ltr'><strong>angelis</strong></span> <span class='ocrx_word' id='word_1_652' title='bbox 503 2605 630 2639; x_wconf 88' lang='lat' dir='ltr'><strong>puritatis</strong></span> <span class='ocrx_word' id='word_1_653' title='bbox 662 2612 799 2631; x_wconf 90' lang='lat' dir='ltr'><strong>summum</strong></span> <span class='ocrx_word' id='word_1_654' title='bbox 823 2603 930 2637; x_wconf 76' lang='lat' dir='ltr'><strong>adeptis</strong></span> 
     </span>
    </p>
   </div>
   <div class='ocr_carea' id='block_1_97' title="bbox 147 2639 929 2674">
    <p class='ocr_par' dir='ltr' id='par_1_97' title="bbox 147 2639 929 2674">
     <span class='ocr_line' id='line_1_97' title="bbox 147 2639 929 2674; baseline 0 -10"><span class='ocrx_word' id='word_1_655' title='bbox 147 2646 302 2672; x_wconf 81' lang='lat' dir='ltr'><strong>possecum</strong></span> <span class='ocrx_word' id='word_1_656' title='bbox 327 2640 465 2673; x_wconf 85' lang='lat' dir='ltr'><strong>puriorem</strong></span> <span class='ocrx_word' id='word_1_657' title='bbox 494 2639 648 2673; x_wconf 59' lang='lat' dir='ltr'><strong>prtrdicari.</strong></span> <span class='ocrx_word' id='word_1_658' title='bbox 673 2640 719 2674; x_wconf 87' lang='lat' dir='ltr'><strong>qui</strong></span> <span class='ocrx_word' id='word_1_659' title='bbox 736 2648 770 2665; x_wconf 77' lang='lat' dir='ltr'><strong>nc</strong></span> <span class='ocrx_word' id='word_1_660' title='bbox 794 2646 853 2664; x_wconf 83' lang='lat' dir='ltr'><strong>eam</strong></span> <span class='ocrx_word' id='word_1_661' title='bbox 870 2646 929 2672; x_wconf 70' lang='grc' dir='ltr'>«ιυι-</span> 
     </span>
    </p>
   </div>
   <div class='ocr_carea' id='block_1_98' title="bbox 148 2673 930 2709">
    <p class='ocr_par' dir='ltr' id='par_1_98' title="bbox 148 2673 930 2709">
     <span class='ocr_line' id='line_1_98' title="bbox 148 2673 930 2709; baseline -0.001 -11"><span class='ocrx_word' id='word_1_662' title='bbox 148 2673 209 2699; x_wconf 87' lang='lat' dir='ltr'><strong>dem</strong></span> <span class='ocrx_word' id='word_1_663' title='bbox 234 2679 420 2709; x_wconf 76' lang='lat' dir='ltr'><strong>summitatem</strong></span> <span class='ocrx_word' id='word_1_664' title='bbox 447 2675 578 2709; x_wconf 80' lang='lat' dir='ltr'><strong>attigerit,</strong></span> <span class='ocrx_word' id='word_1_665' title='bbox 612 2673 726 2708; x_wconf 26' lang='lat' dir='ltr'><strong>quie’in</strong></span> <span class='ocrx_word' id='word_1_666' title='bbox 765 2674 930 2700; x_wconf 75' lang='lat' dir='ltr'><strong>iumutuitute</strong></span> 
     </span>
    </p>
   </div>
   <div class='ocr_carea' id='block_1_99' title="bbox 147 2707 931 2744">
    <p class='ocr_par' dir='ltr' id='par_1_99' title="bbox 147 2707 931 2744">
     <span class='ocr_line' id='line_1_99' title="bbox 147 2707 931 2744; baseline 0.001 -11"><span class='ocrx_word' id='word_1_667' title='bbox 147 2707 249 2734; x_wconf 63' lang='lat' dir='ltr'><strong>actuali</strong></span> <span class='ocrx_word' id='word_1_668' title='bbox 269 2717 284 2735; x_wconf 86' lang='lat' dir='ltr'><strong>a</strong></span> <span class='ocrx_word' id='word_1_669' title='bbox 305 2714 416 2742; x_wconf 85' lang='lat' dir='ltr'><strong>peccato</strong></span> <span class='ocrx_word' id='word_1_670' title='bbox 433 2707 570 2743; x_wconf 72' lang='lat' dir='ltr'><strong>constitit;</strong></span> <span class='ocrx_word' id='word_1_671' title='bbox 587 2707 704 2744; x_wconf 74' lang='lat' dir='ltr'><strong>cuinquc</strong></span> <span class='ocrx_word' id='word_1_672' title='bbox 721 2710 834 2743; x_wconf 82' lang='lat' dir='ltr'><strong>Deipara</strong></span> <span class='ocrx_word' id='word_1_673' title='bbox 853 2709 931 2741; x_wconf 60' lang='lat' dir='ltr'><strong>Virgo</strong></span> 
     </span>
    </p>
   </div>
   <div class='ocr_carea' id='block_1_100' title="bbox 148 2744 931 2779">
    <p class='ocr_par' dir='ltr' id='par_1_100' title="bbox 148 2744 931 2779">
     <span class='ocr_line' id='line_1_100' title="bbox 148 2744 931 2779; baseline 0 -11"><span class='ocrx_word' id='word_1_674' title='bbox 148 2750 202 2768; x_wconf 92' lang='lat' dir='ltr'><strong>non</strong></span> <span class='ocrx_word' id='word_1_675' title='bbox 226 2744 307 2770; x_wconf 90' lang='lat' dir='ltr'><strong>unius</strong></span> <span class='ocrx_word' id='word_1_676' title='bbox 322 2744 433 2779; x_wconf 88' lang='lat' dir='ltr'><strong>quidem</strong></span> <span class='ocrx_word' id='word_1_677' title='bbox 461 2749 508 2770; x_wconf 85' lang='lat' dir='ltr'><strong>aut</strong></span> <span class='ocrx_word' id='word_1_678' title='bbox 526 2744 650 2777; x_wconf 83' lang='lat' dir='ltr'><strong>alterius,</strong></span> <span class='ocrx_word' id='word_1_679' title='bbox 666 2745 714 2772; x_wconf 83' lang='lat' dir='ltr'><strong>sed</strong></span> <span class='ocrx_word' id='word_1_680' title='bbox 731 2745 852 2771; x_wconf 91' lang='lat' dir='ltr'><strong>omnium</strong></span> <span class='ocrx_word' id='word_1_681' title='bbox 880 2744 931 2770; x_wconf 69' lang='lat' dir='ltr'><strong>l’a-</strong></span> 
     </span>
    </p>
   </div>
   <div class='ocr_carea' id='block_1_101' title="bbox 149 2779 933 2814">
    <p class='ocr_par' dir='ltr' id='par_1_101' title="bbox 149 2779 933 2814">
     <span class='ocr_line' id='line_1_101' title="bbox 149 2779 933 2814; baseline 0.001 -11"><span class='ocrx_word' id='word_1_682' title='bbox 149 2783 220 2804; x_wconf 89' lang='lat' dir='ltr'><strong>trum</strong></span> <span class='ocrx_word' id='word_1_683' title='bbox 235 2785 369 2806; x_wconf 84' lang='lat' dir='ltr'><strong>consensu</strong></span> <span class='ocrx_word' id='word_1_684' title='bbox 396 2784 523 2814; x_wconf 86' lang='lat' dir='ltr'><strong>tanquam</strong></span> <span class='ocrx_word' id='word_1_685' title='bbox 551 2781 657 2807; x_wconf 88' lang='lat' dir='ltr'><strong>cunctis</strong></span> <span class='ocrx_word' id='word_1_686' title='bbox 688 2779 832 2806; x_wconf 84' lang='lat' dir='ltr'><strong>\irtutibus</strong></span> <span class='ocrx_word' id='word_1_687' title='bbox 857 2786 933 2813; x_wconf 72' lang='lat' dir='ltr'><strong>puri-</strong></span> 
     </span>
    </p>
   </div>
   <div class='ocr_carea' id='block_1_102' title="bbox 150 2814 932 2849">
    <p class='ocr_par' dir='ltr' id='par_1_102' title="bbox 150 2814 932 2849">
     <span class='ocr_line' id='line_1_102' title="bbox 150 2814 932 2849; baseline 0.003 -11"><span class='ocrx_word' id='word_1_688' title='bbox 150 2816 203 2839; x_wconf 89' lang='lat' dir='ltr'><strong>tate</strong></span> <span class='ocrx_word' id='word_1_689' title='bbox 239 2814 407 2842; x_wconf 78' lang='lat' dir='ltr'><strong>antecellens</strong></span> <span class='ocrx_word' id='word_1_690' title='bbox 434 2815 603 2848; x_wconf 87' lang='lat' dir='ltr'><strong>celebretur;</strong></span> <span class='ocrx_word' id='word_1_691' title='bbox 631 2823 663 2842; x_wconf 92' lang='lat' dir='ltr'><strong>co</strong></span> <span class='ocrx_word' id='word_1_692' title='bbox 694 2815 752 2849; x_wconf 74' lang='lat' dir='ltr'><strong>ipsc</strong></span> <span class='ocrx_word' id='word_1_693' title='bbox 777 2815 932 2840; x_wconf 72' lang='lat' dir='ltr'><strong>universam</strong></span> 
     </span>
    </p>
   </div>
   <div class='ocr_carea' id='block_1_103' title="bbox 984 2427 1768 2461">
    <p class='ocr_par' dir='ltr' id='par_1_103' title="bbox 984 2427 1768 2461">
     <span class='ocr_line' id='line_1_103' title="bbox 984 2427 1768 2461; baseline -0.001 -6"><span class='ocrx_word' id='word_1_694' title='bbox 984 2428 1113 2455; x_wconf 72' lang='lat' dir='ltr'><strong>Ecclesiae</strong></span> <span class='ocrx_word' id='word_1_695' title='bbox 1126 2428 1299 2455; x_wconf 86' lang='lat' dir='ltr'><strong>traditionem</strong></span> <span class='ocrx_word' id='word_1_696' title='bbox 1315 2427 1479 2455; x_wconf 71' lang='lat' dir='ltr'><strong>omnimodae</strong></span> <span class='ocrx_word' id='word_1_697' title='bbox 1501 2427 1621 2461; x_wconf 79' lang='lat' dir='ltr'><strong>Virginis</strong></span> <span class='ocrx_word' id='word_1_698' title='bbox 1637 2427 1768 2454; x_wconf 87' lang='lat' dir='ltr'><strong>immuni-</strong></span> 
     </span>
    </p>
   </div>
   <div class='ocr_carea' id='block_1_104' title="bbox 986 2463 1668 2498">
    <p class='ocr_par' dir='ltr' id='par_1_104' title="bbox 986 2463 1668 2498">
     <span class='ocr_line' id='line_1_104' title="bbox 986 2463 1668 2498; baseline 0 -8"><span class='ocrx_word' id='word_1_699' title='bbox 986 2463 1034 2490; x_wconf 89' lang='lat' dir='ltr'><strong>tati</strong></span> <span class='ocrx_word' id='word_1_700' title='bbox 1047 2471 1062 2490; x_wconf 85' lang='lat' dir='ltr'><strong>a</strong></span> <span class='ocrx_word' id='word_1_701' title='bbox 1078 2463 1176 2497; x_wconf 91' lang='lat' dir='ltr'><strong>quovis</strong></span> <span class='ocrx_word' id='word_1_702' title='bbox 1191 2467 1302 2498; x_wconf 81' lang='lat' dir='ltr'><strong>peccato</strong></span> <span class='ocrx_word' id='word_1_703' title='bbox 1314 2463 1508 2498; x_wconf 78' lang='lat' dir='ltr'><strong>sull&#39;ragantem</strong></span> <span class='ocrx_word' id='word_1_704' title='bbox 1526 2463 1668 2498; x_wconf 83' lang='lat' dir='ltr'><strong>habemus.</strong></span> 
     </span>
    </p>
   </div>
   <div class='ocr_carea' id='block_1_105' title="bbox 1021 2497 1768 2532">
    <p class='ocr_par' dir='ltr' id='par_1_105' title="bbox 1021 2497 1768 2532">
     <span class='ocr_line' id='line_1_105' title="bbox 1021 2497 1768 2532; baseline -0.001 -8"><span class='ocrx_word' id='word_1_705' title='bbox 1021 2498 1074 2532; x_wconf 68' lang='grc'><strong>(49.)</strong></span> <span class='ocrx_word' id='word_1_706' title='bbox 1095 2497 1197 2524; x_wconf 64' lang='lat' dir='ltr'><strong>Palaur</strong></span> <span class='ocrx_word' id='word_1_707' title='bbox 1210 2503 1262 2528; x_wconf 84' lang='lat' dir='ltr'><strong>cst,</strong></span> <span class='ocrx_word' id='word_1_708' title='bbox 1285 2502 1424 2525; x_wconf 83' lang='lat' dir='ltr'><strong>auctorem</strong></span> <span class='ocrx_word' id='word_1_709' title='bbox 1462 2497 1616 2532; x_wconf 75' lang='lat' dir='ltr'><strong>signiﬁcare</strong></span> <span class='ocrx_word' id='word_1_710' title='bbox 1637 2497 1768 2528; x_wconf 78' lang='lat' dir='ltr'><strong>voluisse,</strong></span> 
     </span>
    </p>
   </div>
   <div class='ocr_carea' id='block_1_106' title="bbox 985 2532 1767 2567">
    <p class='ocr_par' dir='ltr' id='par_1_106' title="bbox 985 2532 1767 2567">
     <span class='ocr_line' id='line_1_106' title="bbox 985 2532 1767 2567; baseline 0.001 -9"><span class='ocrx_word' id='word_1_711' title='bbox 985 2533 1069 2559; x_wconf 83' lang='lat' dir='ltr'><strong>Deum</strong></span> <span class='ocrx_word' id='word_1_712' title='bbox 1085 2539 1223 2567; x_wconf 85' lang='lat' dir='ltr'><strong>nunquam</strong></span> <span class='ocrx_word' id='word_1_713' title='bbox 1252 2540 1313 2560; x_wconf 90' lang='lat' dir='ltr'><strong>cum</strong></span> <span class='ocrx_word' id='word_1_714' title='bbox 1339 2533 1422 2559; x_wconf 83' lang='lat' dir='ltr'><strong>Maria</strong></span> <span class='ocrx_word' id='word_1_715' title='bbox 1438 2541 1493 2558; x_wconf 91' lang='lat' dir='ltr'><strong>non</strong></span> <span class='ocrx_word' id='word_1_716' title='bbox 1509 2532 1611 2567; x_wconf 81' lang='lat' dir='ltr'><strong>luisse:</strong></span> <span class='ocrx_word' id='word_1_717' title='bbox 1628 2533 1700 2567; x_wconf 85' lang='lat' dir='ltr'><strong>quod</strong></span> <span class='ocrx_word' id='word_1_718' title='bbox 1719 2541 1767 2559; x_wconf 80' lang='lat' dir='ltr'><strong>ex-</strong></span> 
     </span>
    </p>
   </div>
   <div class='ocr_carea' id='block_1_107' title="bbox 984 2566 1767 2602">
    <p class='ocr_par' dir='ltr' id='par_1_107' title="bbox 984 2566 1767 2602">
     <span class='ocr_line' id='line_1_107' title="bbox 984 2566 1767 2602; baseline -0.001 -8"><span class='ocrx_word' id='word_1_719' title='bbox 984 2575 1108 2602; x_wconf 74' lang='lat' dir='ltr'><strong>pressum</strong></span> <span class='ocrx_word' id='word_1_720' title='bbox 1134 2566 1211 2602; x_wconf 78' lang='lat' dir='ltr'><strong>putat</strong></span> <span class='ocrx_word' id='word_1_721' title='bbox 1234 2567 1261 2594; x_wconf 91' lang='lat' dir='ltr'><strong>in</strong></span> <span class='ocrx_word' id='word_1_722' title='bbox 1291 2568 1338 2595; x_wconf 86' lang='lat' dir='ltr'><strong>illo</strong></span> <span class='ocrx_word' id='word_1_723' title='bbox 1363 2567 1512 2602; x_wconf 76' lang='lat' dir='ltr'><strong>Evangelii.</strong></span> <span class='ocrx_word' id='word_1_724' title='bbox 1535 2566 1767 2602; x_wconf 67' lang='lat' dir='ltr'><strong>Dominustecum.</strong></span> 
     </span>
    </p>
   </div>
   <div class='ocr_carea' id='block_1_108' title="bbox 983 2601 1771 2637">
    <p class='ocr_par' dir='ltr' id='par_1_108' title="bbox 983 2601 1771 2637">
     <span class='ocr_line' id='line_1_108' title="bbox 983 2601 1771 2637; baseline -0.003 -8"><span class='ocrx_word' id='word_1_725' title='bbox 983 2601 1016 2629; x_wconf 81' lang='lat' dir='ltr'><strong>At</strong></span> <span class='ocrx_word' id='word_1_726' title='bbox 1030 2603 1087 2630; x_wconf 73' lang='lat' dir='ltr'><strong>hzcc</strong></span> <span class='ocrx_word' id='word_1_727' title='bbox 1103 2601 1212 2637; x_wconf 85' lang='lat' dir='ltr'><strong>quoque</strong></span> <span class='ocrx_word' id='word_1_728' title='bbox 1228 2603 1373 2632; x_wconf 82' lang='lat' dir='ltr'><strong>sententia.</strong></span> <span class='ocrx_word' id='word_1_729' title='bbox 1395 2608 1424 2629; x_wconf 90' lang='lat' dir='ltr'><strong>ut</strong></span> <span class='ocrx_word' id='word_1_730' title='bbox 1438 2601 1504 2629; x_wconf 80' lang='lat' dir='ltr'><strong>alias</strong></span> <span class='ocrx_word' id='word_1_731' title='bbox 1528 2601 1656 2633; x_wconf 77' lang='lat' dir='ltr'><strong>vidimus.</strong></span> <span class='ocrx_word' id='word_1_732' title='bbox 1676 2611 1771 2629; x_wconf 73' lang='lat' dir='ltr'><strong>ncces-</strong></span> 
     </span>
    </p>
   </div>
   <div class='ocr_carea' id='block_1_109' title="bbox 982 2637 1767 2672">
    <p class='ocr_par' dir='ltr' id='par_1_109' title="bbox 982 2637 1767 2672">
     <span class='ocr_line' id='line_1_109' title="bbox 982 2637 1767 2672; baseline -0.003 -8"><span class='ocrx_word' id='word_1_733' title='bbox 982 2639 1055 2665; x_wconf 81' lang='lat' dir='ltr'><strong>sario</strong></span> <span class='ocrx_word' id='word_1_734' title='bbox 1082 2639 1212 2672; x_wconf 82' lang='lat' dir='ltr'><strong>postulat.</strong></span> <span class='ocrx_word' id='word_1_735' title='bbox 1231 2646 1264 2665; x_wconf 88' lang='lat' dir='ltr'><strong>ne</strong></span> <span class='ocrx_word' id='word_1_736' title='bbox 1295 2638 1383 2671; x_wconf 86' lang='lat' dir='ltr'><strong>ipsum</strong></span> <span class='ocrx_word' id='word_1_737' title='bbox 1411 2638 1473 2663; x_wconf 63' lang='lat' dir='ltr'><strong>vitae</strong></span> <span class='ocrx_word' id='word_1_738' title='bbox 1500 2637 1608 2663; x_wconf 92' lang='lat' dir='ltr'><strong>initium</strong></span> <span class='ocrx_word' id='word_1_739' title='bbox 1639 2639 1664 2664; x_wconf 91' lang='lat' dir='ltr'><strong>iu</strong></span> <span class='ocrx_word' id='word_1_740' title='bbox 1685 2638 1767 2663; x_wconf 76' lang='lat' dir='ltr'><strong>Maria</strong></span> 
     </span>
    </p>
   </div>
   <div class='ocr_carea' id='block_1_110' title="bbox 983 2672 1769 2706">
    <p class='ocr_par' dir='ltr' id='par_1_110' title="bbox 983 2672 1769 2706">
     <span class='ocr_line' id='line_1_110' title="bbox 983 2672 1769 2706; baseline 0 -8"><span class='ocrx_word' id='word_1_741' title='bbox 983 2674 1102 2699; x_wconf 86' lang='lat' dir='ltr'><strong>alienum</strong></span> <span class='ocrx_word' id='word_1_742' title='bbox 1119 2681 1132 2698; x_wconf 90' lang='lat' dir='ltr'><strong>a</strong></span> <span class='ocrx_word' id='word_1_743' title='bbox 1146 2673 1202 2700; x_wconf 84' lang='lat' dir='ltr'><strong>Deo</strong></span> <span class='ocrx_word' id='word_1_744' title='bbox 1215 2674 1396 2700; x_wconf 85' lang='lat' dir='ltr'><strong>existimetur.</strong></span> <span class='ocrx_word' id='word_1_745' title='bbox 1421 2672 1496 2699; x_wconf 87' lang='lat' dir='ltr'><strong>Adeo</strong></span> <span class='ocrx_word' id='word_1_746' title='bbox 1513 2680 1542 2699; x_wconf 87' lang='lat' dir='ltr'><strong>se</strong></span> <span class='ocrx_word' id='word_1_747' title='bbox 1555 2672 1656 2706; x_wconf 87' lang='lat' dir='ltr'><strong>ubique</strong></span> <span class='ocrx_word' id='word_1_748' title='bbox 1672 2678 1769 2706; x_wconf 77' lang='lat' dir='ltr'><strong>spoule</strong></span> 
     </span>
    </p>
   </div>
   <div class='ocr_carea' id='block_1_111' title="bbox 983 2707 1764 2742">
    <p class='ocr_par' dir='ltr' id='par_1_111' title="bbox 983 2707 1764 2742">
     <span class='ocr_line' id='line_1_111' title="bbox 983 2707 1764 2742; baseline -0.003 -8"><span class='ocrx_word' id='word_1_749' title='bbox 983 2709 1074 2742; x_wconf 89' lang='lat' dir='ltr'><strong>prodit</strong></span> <span class='ocrx_word' id='word_1_750' title='bbox 1097 2708 1155 2734; x_wconf 67' lang='lat' dir='ltr'><strong>liazc</strong></span> <span class='ocrx_word' id='word_1_751' title='bbox 1176 2709 1287 2735; x_wconf 86' lang='lat' dir='ltr'><strong>Patrum</strong></span> <span class='ocrx_word' id='word_1_752' title='bbox 1304 2707 1441 2736; x_wconf 88' lang='lat' dir='ltr'><strong>mentibus</strong></span> <span class='ocrx_word' id='word_1_753' title='bbox 1457 2708 1510 2734; x_wconf 89' lang='lat' dir='ltr'><strong>alte</strong></span> <span class='ocrx_word' id='word_1_754' title='bbox 1525 2707 1764 2734; x_wconf 68' lang='lat' dir='ltr'><strong>infixadoclriuai</strong></span> 
     </span>
    </p>
   </div>
   <div class='ocr_carea' id='block_1_112' title="bbox 1020 2742 1768 2777">
    <p class='ocr_par' dir='ltr' id='par_1_112' title="bbox 1020 2742 1768 2777">
     <span class='ocr_line' id='line_1_112' title="bbox 1020 2742 1768 2777; baseline -0.004 -8"><span class='ocrx_word' id='word_1_755' title='bbox 1020 2744 1076 2777; x_wconf 70' lang='grc'><strong>(45)</strong></span> <span class='ocrx_word' id='word_1_756' title='bbox 1092 2743 1161 2770; x_wconf 75' lang='lat' dir='ltr'><strong>Vide</strong></span> <span class='ocrx_word' id='word_1_757' title='bbox 1177 2751 1279 2770; x_wconf 88' lang='lat' dir='ltr'><strong>morem</strong></span> <span class='ocrx_word' id='word_1_758' title='bbox 1298 2743 1323 2768; x_wconf 94' lang='lat' dir='ltr'><strong>in</strong></span> <span class='ocrx_word' id='word_1_759' title='bbox 1339 2743 1459 2770; x_wconf 86' lang='lat' dir='ltr'><strong>Ecclesia</strong></span> <span class='ocrx_word' id='word_1_760' title='bbox 1474 2747 1627 2777; x_wconf 86' lang='lat' dir='ltr'><strong>receptum,</strong></span> <span class='ocrx_word' id='word_1_761' title='bbox 1642 2747 1671 2769; x_wconf 86' lang='lat' dir='ltr'><strong>ut</strong></span> <span class='ocrx_word' id='word_1_762' title='bbox 1685 2742 1768 2768; x_wconf 85' lang='lat' dir='ltr'><strong>Maria</strong></span> 
     </span>
    </p>
   </div>
   <div class='ocr_carea' id='block_1_113' title="bbox 985 2777 1768 2813">
    <p class='ocr_par' dir='ltr' id='par_1_113' title="bbox 985 2777 1768 2813">
     <span class='ocr_line' id='line_1_113' title="bbox 985 2777 1768 2813; baseline -0.003 -8"><span class='ocrx_word' id='word_1_763' title='bbox 985 2779 1203 2805; x_wconf 87' lang='lat' dir='ltr'><strong>antonomastice</strong></span> <span class='ocrx_word' id='word_1_764' title='bbox 1220 2779 1269 2813; x_wconf 75' lang='grc' dir='ltr'><strong>τῆς</strong></span> <span class='ocrx_word' id='word_1_765' title='bbox 1290 2777 1474 2812; x_wconf 82' lang='grc' dir='ltr'>παναμώμου,</span> <span class='ocrx_word' id='word_1_766' title='bbox 1500 2779 1572 2804; x_wconf 81' lang='lat' dir='ltr'><strong>omni</strong></span> <span class='ocrx_word' id='word_1_767' title='bbox 1595 2777 1698 2804; x_wconf 77' lang='lat' dir='ltr'><strong>mantia</strong></span> <span class='ocrx_word' id='word_1_768' title='bbox 1724 2784 1768 2802; x_wconf 80' lang='lat' dir='ltr'><strong>ca-</strong></span> 
     </span>
    </p>
   </div>
   <div class='ocr_carea' id='block_1_114' title="bbox 985 2812 1414 2847">
    <p class='ocr_par' dir='ltr' id='par_1_114' title="bbox 985 2812 1414 2847">
     <span class='ocr_line' id='line_1_114' title="bbox 985 2812 1414 2847; baseline 0.009 -11"><span class='ocrx_word' id='word_1_769' title='bbox 985 2813 1077 2846; x_wconf 71' lang='lat' dir='ltr'><strong>rentis,</strong></span> <span class='ocrx_word' id='word_1_770' title='bbox 1090 2813 1201 2840; x_wconf 82' lang='lat' dir='ltr'><strong>nomine</strong></span> <span class='ocrx_word' id='word_1_771' title='bbox 1212 2812 1414 2847; x_wconf 83' lang='lat' dir='ltr'><strong>indigitaretur.</strong></span> 
     </span>
    </p>
   </div>
  </div>
