1932 3072
154 119 190 150 49

553 122 682 152 SERMO
702 122 742 155 IN
760 123 1123 155 PILESENTATlONEM
1143 126 1176 156 B.
1193 127 1226 157 V.
1243 126 1388 158 MARIE.

1751 131 1790 161 50

153 177 257 204 merito
283 177 357 204 inter
384 177 496 204 nomina
510 184 681 212 censeretur,
698 187 759 215 quae
783 180 889 215 aptiora
915 180 948 207 ad
968 179 1106 209 ineii‘abile
1139 182 1191 210 hoc
1215 183 1261 211 Dei
1280 184 1450 212 domicilium
1471 185 1669 221 designandum
1704 188 1789 217 videri

152 223 273 250 debent.

190 270 220 295 ι’.
233 269 311 294 Δοκῶ
325 268 354 295 δέ
373 277 419 303 μοι
433 269 480 295 καὶ
495 268 585 302 τοῦτο,
602 270 640 302 ὡς
653 270 684 296 οὖ
700 271 749 305 τῆς
763 271 825 306 ἴσης
841 270 873 297 ἂν
892 271 943 297 ὲνε-

1038 270 1073 297 Χ.
1095 270 1163 297 illud
1191 270 1302 304 insuper
1333 279 1494 306 persuasum
1525 271 1628 303 habeo,
1653 281 1790 300 summum

149 316 263 349 φορεῑτο
281 315 412 348 θεοπτίας
430 317 444 343 ὁ
464 317 537 349 ἅπαξ
554 317 588 344 τὰ
605 318 691 345 ἄδυτα
706 317 800 344 εἰσιὼν
819 319 950 353 ἱεράρχης

149 362 258 393 ἐκεῖνα,
276 362 327 396 τῆς
342 370 373 388 τε
390 362 590 397 παμϐασιλίδος
607 365 662 394 τοῖς
678 363 791 394 οἰκείοις
807 363 950 398 παρούσης

149 407 317 441 βασιλείοις,
335 409 383 435 καὶ
401 409 446 435 ὅτε
465 410 502 443 μὴ
520 409 593 436 τοῦτ’
611 409 737 443 ἐγίγνετο
750 418 756 425 ·
774 409 842 437 ἀλλὰ
859 408 950 444 πολλῴ

150 453 311 487 κρείττονος
340 454 374 480 δι’
403 455 493 481 ἐκεῖνο
524 455 683 490 μετειλήφει
713 455 830 490 θεωρίας
858 454 874 490 ἢ
902 454 952 489 τῆς

149 499 305 534 Δεσποίνης
318 500 453 535 ἀπούσης.
463 500 542 527 Ἐπεὶ
552 501 608 536 γὰρ
619 501 729 528 πάντων
740 499 893 536 ἀνθρώπων
903 499 952 526 καὶ

150 543 293 578 ίεραρχῶν
316 544 347 577 ἐξ
369 545 494 579 ἀνάγκης
515 545 701 581 πλησιεστέρα
721 545 793 580 Θεῷ,
814 545 869 571 οὐδ’
886 545 948 572 ὅσον

148 590 240 616 εἰπεῖν
263 591 379 623 ἔνεστιν,
393 592 410 626 ὴ
434 591 581 625 Παρθένος,
603 591 747 625 ἀναλόγως
763 591 811 618 καὶ
838 591 948 618 πάντων

148 636 284 664 ἐπέκεινα
311 637 457 672 θεαμάτων
483 637 516 666 ἂν
541 638 653 673 ὑψηλῶν
679 638 827 672 ἐτύγχανεν
855 637 949 671 εὐμοι-

149 682 238 717 ροῦσα
251 691 258 698 ·
274 682 304 714 ὃς
318 683 341 709 δ’
355 684 447 720 ἐκείνῃ
463 685 559 719 συνῆν,
574 684 746 719 τηλικούτων
759 682 947 718 ἀπολαὸοὗσῃ,

148 727 268 761 βελτίων
295 728 328 755 ἂν
353 727 387 764 ἦν
415 729 515 756 ἑαυτοῦ
543 731 663 762 πάντως.
692 729 819 765 καθάπερ
852 729 949 764 φώτων

148 773 222 808 ὑπὲρ
249 774 381 809 βασιλέως
404 777 595 811 προκειμένων
612 776 807 812 φωτεινότερον
827 775 853 802 οἱ
876 783 949 810 παρ-

145 819 225 850 όντες
245 819 358 855 ὁρῶσιν.

999 316 1181 347 sacerdotem,
1205 316 1250 350 qui
1275 316 1357 343 semel
1391 325 1439 351 per
1466 324 1567 343 annum
1597 317 1622 343 in
1648 325 1725 344 sacra
1746 318 1790 344 illa

1000 361 1152 397 penetralia
1174 361 1271 395 pedem
1303 361 1450 394 inferebat,
1481 362 1552 388 haud
1573 363 1632 397 pari
1663 371 1790 390 mensura

1001 408 1102 435 divinis
1111 408 1263 434 visionibus
1275 409 1449 435 consuevisse
1459 408 1523 437 frui.
1535 409 1644 443 quando
1653 409 1679 435 iu
1688 417 1735 435 sua
1746 409 1791 435 illa

998 455 1072 488 regia
1083 461 1202 488 praesens
1212 453 1373 480 versabatur
1383 454 1505 480 omnium
1517 455 1630 489 Regina,
1639 463 1669 482 ac
1680 455 1791 490 quando

999 499 1063 527 inde
1071 500 1128 534 ipsa
1137 500 1230 526 aberat
1241 508 1248 531 ;
1260 499 1306 526 sed
1318 500 1397 534 longe
1406 499 1518 527 uberius
1527 500 1636 528 domina
1645 505 1790 536 prtesente,

997 553 1080 580 quam
1088 545 1181 571 eadem
1192 545 1315 577 absente,
1330 545 1453 572 caeleslib
1459 553 1489 571 us
1497 546 1790 573 revelatinuibusdila-

998 594 1055 616 tum
1068 589 1160 616 fuisse.
1171 590 1239 616 Cum
1254 590 1326 616 enim
1338 588 1418 623 Virgo
1430 597 1486 624 prae
1498 590 1625 617 omnibus
1649 591 1728 624 plane
1740 590 1789 616 ho-

997 635 1127 666 minibus,
1142 643 1173 662 ac
1189 634 1303 669 proinde
1314 642 1370 669 pra:
1387 635 1503 662 summis
1519 642 1629 669 quoque
1642 635 1789 663 sacerduti.

995 681 1059 714 bus,
1067 686 1198 716 quantum
1211 689 1299 716 neque
1311 682 1404 709 verbis
1419 681 1511 716 eloqui
1524 681 1563 708 fas
1572 685 1624 712 est,
1633 681 1745 715 propius
1755 682 1787 707 ad

999 728 1085 755 Deum
1103 728 1263 758 accederet;
1277 736 1331 762 pne
1345 728 1473 755 omnibus
1489 731 1691 762 consequenter
1705 727 1787 753 etiam

998 774 1163 802 sublimibus
1188 774 1341 801 visionibus
1364 774 1505 806 fruebatur
1523 773 1588 808 (58).
1610 773 1696 800 Porro
1715 773 1790 807 quis—

1001 818 1064 854 quis
1077 818 1214 853 ejusmodi
1240 819 1395 852 visionibus
1422 819 1524 849 fruenti
1542 825 1662 853 prmsens
1682 818 1788 849 aderat,

147 873 266 898 Prorsus
292 875 322 894 se
345 867 405 902 ipso
425 868 516 903 aptior
534 869 655 896 evadere
670 869 777 902 debuit,
796 876 853 896 non
869 874 950 895 secus
970 872 1003 892 ac
1021 865 1131 900 quando
1166 865 1313 896 luminaria
1333 874 1382 902 pro
1402 873 1465 902 rege
1497 864 1694 896 accenduntur,
1710 869 1790 898 quot-

146 917 220 946 quot
242 917 394 946 praesentes
408 914 520 947 adsunt,
535 915 638 942 clarius
654 914 759 942 vident.

185 958 242 984 ΙΝ.
261 958 333 984 Ἀλλ’
346 959 481 994 ὑμνητέον
494 961 593 995 μικρὸν
606 960 711 987 ἄνωθεν
726 960 760 987 τὰ
774 961 839 995 περὶ
851 959 943 998 αὐτὴν,

1033 954 1080 981 Xl.
1102 954 1203 981 Verum
1231 953 1349 987 pretium
1377 959 1468 987 operae
1499 951 1584 979 fuerit.
1600 959 1643 982 ea,
1670 959 1731 986 qure
1754 951 1789 978 ad

146 1005 182 1030 ἶν’
197 1004 253 1031 ἀπὸ
265 1005 315 1040 τῆς
333 1005 409 1038 θείας
426 1006 511 1040 αὐτῆς
528 1007 558 1034 ὲν
574 1007 625 1042 βίῳ
639 1007 754 1042 προόδου
776 1007 817 1038 είς
840 1005 890 1040 τὴν
905 1006 946 1037 εἰς

146 1053 183 1077 τὰ
196 1051 280 1085 Ἅγια
305 1052 360 1079 τῶν
375 1052 461 1087 ἁγίων
478 1053 581 1080 εἴσοδον
605 1052 761 1085 ἀκολούθως
777 1053 791 1079 ὁ
805 1051 883 1086 λόγος
897 1050 961 1086 τῆν’

148 1097 297 1132 Πάναγνον
315 1097 399 1134 φέρῃ.

187 1226 323 1254 Γεννᾶται
338 1228 428 1255 τοίνυν
444 1228 474 1256 τὺ
486 1229 688 1264 θεαυγέστατον
701 1230 780 1258 τοῦτο
795 1231 903 1265 κάλλος,
916 1231 947 1258 τὸ

148 1271 372 1300 θεοπτικώτατον
392 1273 537 1310 ἔσοπτρον,
561 1276 591 1302 τὸ
619 1276 820 1304 θεοειδέστατον
842 1280 945 1305 κάτοπ-

147 1326 216 1350 τρον
229 1337 237 1349 ,
251 1318 268 1352 ὴ
282 1317 442 1354 Θεολαμπὴς
463 1320 556 1354 αἴγλη,
573 1321 590 1355 ἡ
607 1318 758 1356 θεοτερπῆς
773 1321 925 1357 λαμπηδὼν
936 1341 945 1354 ,

147 1364 164 1396 ἡ
185 1363 343 1398 Θεοπρεπὴς
362 1364 473 1398 ἀγλαΐαι,
492 1366 509 1399 ἠ
527 1365 678 1403 Θεόνυμιρος
694 1367 740 1393 καὶ
755 1367 867 1399 θεόπαις
883 1368 944 1394 Μα-

148 1408 211 1442 pia,
225 1409 257 1435 ὲκ
271 1409 382 1444 στείρας
399 1410 450 1445 μὲν
468 1411 516 1438 καὶ
531 1412 629 1446 ἀγόνου
647 1413 775 1448 γαστρὸς,
794 1414 945 1440 πολυτόκου

146 1455 177 1480 δὲ
207 1454 299 1490 ψυχῆς
332 1457 448 1491 καρπῶν
471 1457 637 1492 θεαρέστων,
662 1459 711 1486 καὶ
735 1459 807 1494 μάλα
831 1460 944 1495 γονίμου

148 1501 333 1534 γεννημάτων
357 1501 469 1536 ἐνθέων,
494 1503 542 1532 καὶ
563 1501 603 1535 οἷς
626 1504 748 1540 ἐντρυφᾷ
769 1505 834 1537 Θεὸς
856 1513 946 1532 τικτο-

152 1545 260 1580 μένοις.

999 1001 1085 1035 ipsam
1104 998 1270 1033 (Deiparam)
1291 1003 1428 1033 spectant,
1449 998 1531 1032 paqu
1547 997 1630 1024 altius
1647 1001 1788 1032 repetere;

998 1045 1067 1073 adeo
1080 1050 1120 1077 ut,
1138 1043 1246 1070 initium
1273 1043 1378 1071 ducens
1404 1051 1418 1070 a
1436 1044 1525 1078 primo
1555 1043 1789 1070 innocentissimze

998 1091 1072 1118 illius
1088 1089 1116 1116 in
1143 1089 1214 1116 hanc
1238 1088 1322 1115 vitam
1351 1089 1475 1123 ingressu
1503 1089 1608 1121 divino,
1637 1096 1727 1115 sermo
1755 1096 1788 1115 c1

997 1136 1094 1164 ordine
1110 1142 1171 1162 eam
1186 1135 1218 1162 ad
1236 1134 1380 1161 introitum
1402 1134 1430 1160 in
1447 1134 1546 1161 Sancta
1562 1139 1720 1161 sanctorum
1736 1135 1786 1162 de-

997 1182 1092 1210 ducat.

1032 1229 1188 1256 Generatur
1213 1228 1307 1263 itaque
1328 1227 1505 1262 pulchritudo
1535 1228 1592 1255 haec
1616 1228 1787 1255 divinissime

998 1273 1145 1308 splendens
1158 1273 1225 1308 (59).
1241 1273 1449 1308 θκρι-οδείεεὶηιο
1466 1273 1513 1300 Dei
1531 1273 1630 1308 imago,
1644 1274 1786 1309 speculum

997 1319 1045 1346 Dei
1064 1319 1183 1353 speciem
1196 1319 1230 1346 ad
1246 1319 1337 1346 vivum
1355 1318 1494 1350 referens,
1511 1319 1640 1353 splendor
1655 1318 1788 1345 divinitus

996 1364 1129 1396 emicans,
1151 1364 1234 1399 jubar
1257 1363 1312 1390 Deo
1335 1363 1534 1398 gratissimum,
1556 1369 1685 1391 venustas
1701 1365 1786 1391 Deum

997 1410 1163 1441 condccens,
1182 1410 1229 1437 Dei
1240 1418 1350 1444 sponsa,
1365 1415 1392 1437 et
1407 1410 1454 1437 Dei
1474 1410 1526 1437 ﬁlia
1535 1410 1638 1442 Maria;
1655 1418 1686 1437 ex
1699 1416 1786 1436 matre

997 1455 1085 1482 sterili
1108 1455 1219 1490 quidem
1239 1460 1317 1482 utero
1345 1459 1373 1482 et
1393 1455 1559 1489 infmcunda,
1584 1464 1680 1483 verum
1696 1456 1785 1490 quoad

995 1501 1114 1528 animam
1127 1501 1265 1528 fructuum
1278 1502 1335 1529 Deo
1350 1502 1519 1537 placentium
1529 1502 1746 1530 fmcundissima.
1759 1507 1787 1529 et

995 1547 1149 1583 germinum
1179 1548 1346 1580 divinorum,
1377 1555 1495 1583 quorum
1527 1552 1608 1583 partu
1638 1547 1786 1575 deiiciatur

995 1593 1080 1625 Deus,
1098 1592 1280 1620 feracissima.

184 1635 236 1662 lB’.
256 1635 330 1663 Ἔδει
348 1637 403 1672 γὰρ
423 1638 578 1673 ἡγήσασθαι
592 1639 671 1667 τοῦτο
692 1639 843 1672 κάνταῦθα,
858 1639 895 1672 ὡς
911 1640 943 1667 ἂν

1031 1638 1090 1666 Χ11.
1110 1639 1200 1666 Etiam
1218 1639 1264 1666 hic
1274 1647 1368 1674 porro,
1388 1647 1448 1667 eam
1462 1639 1568 1667 servari
1582 1638 1696 1666 decebat
1709 1646 1785 1666 (ero-

147 1681 202 1707 ἀπὺ
220 1683 320 1717 μικροῦ
336 1683 484 1718 Θαύματος,
499 1684 548 1720 τὴν
562 1685 722 1712 παιδοτόκον
739 1686 810 1721 φημὶ
821 1687 941 1722 στείραν.

147 1727 179 1752 τὸ
199 1727 272 1761 μέγα
285 1727 334 1754 καὶ
347 1729 577 1764 παραδοξότατον,
598 1731 611 1758 ὁ
627 1731 675 1766 τῆς
693 1731 833 1766 Παρθένου
853 1741 943 1758 καινο-

146 1771 282 1808 τομηθείη
309 1773 399 1806 τόκος,
423 1774 466 1801 ἵνα
486 1775 533 1802 καὶ
554 1777 619 1807 παῖς
644 1777 717 1803 κατὰ
749 1777 850 1811 μητρὸς
873 1777 944 1804 οὕτω

147 1817 293 1852 λαμπρᾶς,
313 1819 385 1846 οὓτω
403 1820 626 1856 Θαυματουργοῦ,
641 1822 713 1858 φέρῃ
728 1823 763 1849 τὰ
778 1823 942 1858 νικητήρια·

149 1863 235 1889 Ἀννα
250 1864 316 1899 γὰρ,
330 1865 347 1900 ή
361 1865 428 1900 μετὰ
444 1865 531 1901 βραχὺ
543 1866 721 1899 καλλίπαιδος
734 1867 827 1902 μήτηρ
838 1868 942 1903 ἐκείνη,

149 1908 198 1934 καὶ
222 1908 353 1944 Ἰωακεὶμ.
369 1911 383 1936 6
398 1910 562 1944 θαυμάσιος,
578 1911 609 1937 τὸ
624 1911 767 1938 θεόλεκτον
781 1913 829 1938 καὶ
841 1912 944 1938 δικαιό-

147 1958 232 1980 τατον
254 1952 363 1988 ζεῦγος,
385 1954 470 1983 τᾶλλα
495 1955 545 1990 μὲν
570 1955 681 1985 πάντων
703 1958 745 1989 είς
767 1958 941 1994 εὐδαιμονίαν

997 1685 1128 1717 nomiam,
1142 1688 1174 1711 ut
1186 1692 1201 1711 e
1213 1685 1313 1712 minori
1324 1685 1468 1718 miraculo,
1483 1685 1586 1712 sterilis
1597 1684 1725 1712 videlicet
1740 1692 1786 1718 pa-

995 1729 1110 1762 rientis,
1144 1737 1273 1764 magnum
1303 1730 1370 1757 illud
1406 1734 1488 1764 atque
1522 1736 1634 1757 sensum
1675 1736 1785 1755 omnem

994 1776 1194 1803 transcenderis
1207 1776 1365 1811 generantis
1379 1776 1501 1812 Virginis
1517 1783 1617 1803 novum
1631 1774 1785 1810 prodigium

994 1821 1162 1854 initiaretur,
1178 1829 1233 1856 quo
1253 1830 1351 1857 nempe
1377 1827 1493 1850 matrem
1509 1829 1620 1857 quoque
1638 1825 1694 1848 tam
1717 1821 1785 1848 insi-

994 1875 1086 1902 gnem,
1117 1871 1228 1903 tamque
1254 1868 1357 1895 claram
1382 1868 1523 1895 miraculis
1547 1867 1601 1895 ﬁlia
1629 1871 1783 1902 superaret.

993 1912 1040 1939 llla
1066 1913 1202 1947 siquidem
1220 1913 1312 1947 Anna,
1328 1921 1388 1948 quae
1416 1913 1518 1941 deinde
1546 1913 1677 1949 speciosae
1702 1912 1783 1947 hujus

996 1958 1095 1994 puellae
1114 1963 1203 1987 mater
1225 1959 1324 1993 evasit,
1353 1964 1381 1987 et
1405 1959 1583 1988 admirandus
1615 1959 1782 1990 Joaohimus,

782 2049 853 2080 Ant.
876 2048 1025 2081 Ballerini
1047 2052 1141 2080 noue.

184 2127 243 2161 (58)
264 2126 390 2165 Levioris
413 2129 546 2156 momenti
571 2129 658 2157 videri
690 2135 852 2165 potuerunt,
879 2139 941 2165 quae

146 2162 347 2199 auctor__habet
361 2164 394 2190 de
411 2169 504 2199 sancta
523 2165 644 2199 Virgine,
664 2162 770 2193 crebris
785 2162 940 2193 visionibus

146 2197 317 2234 caelestibus,
331 2198 487 2234 divinisque
502 2197 717 2228 revelationibus
731 2200 897 2234 perfruente.
907 2203 942 2230 At

147 2240 203 2258 non
227 2232 297 2258 levis
316 2233 440 2266 profecto
464 2235 594 2261 momenti
612 2241 653 2263 est
676 2232 811 2268 doctrina,
826 2236 870 2264 cui
895 2237 940 2265 illa

146 2267 622 2305 quodammodo”superstruuntur,
642 2278 782 2305 quamque
803 2279 818 2298 a
838 2273 942 2299 SallCllS

146 2302 277 2340 Ecclesiae
288 2301 472 2340 Patribus'seu
486 2301 667 2338 praestitutam
683 2313 731 2332 seu
739 2301 940 2340 praesumptam

148 2337 274 2376 reperire
292 2338 414 2376 _est,'_ubi
434 2338 470 2376 de
486 2337 619 2373 quapiam
638 2337 819 2375 praerogativa
836 2337 940 2376 Virgini

147 2371 316 2407 vindicanda
330 2373 428 2407 agitur.
452 2371 582 2406 Quaenam
597 2371 662 2402 vero
684 2383 716 2402 ea
730 2371 777 2403 “est
794 2371 941 2403 doctrina?

147 2406 285 2433 Nimirum
312 2406 419 2446 nullum
442 2409 555 2436 caeleste
576 2409 691 2441 donum,
711 2412 818 2438 nullum
847 2413 941 2446 gratiae

147 2449 250 2468 munus
266 2443 498 2480 tam_pr2cclarum
516 2449 624 2480 tamque
639 2446 772 2472 eximium
789 2443 940 2480 excogitari

148 2484 241 2514 posse,
259 2477 340 2514 quod
358 2477 710 2514 eminenlissimawquadam
731 2483 838 2509 ratione
850 2477 941 2508 lii-ariae

147 2512 279 2550 collatum
300 2512 449 2550 existimari
473 2521 527 2540 non
549 2512 656 2542 delicat.
674 2515 740 2549 Quae
759 2516 872 2550 quidem
890 2518 940 2543 do-

148 2548 250 2585 ctrinm
260 2555 342 2585 quam
368 2549 420 2574 late
437 2553 536 2585 pateat,
558 2548 694 2585 quibusve
710 2548 882 2585 argumentis
907 2559 941 2578 ex

148 2581 215 2615 ipsis
235 2582 297 2608 fidei
321 2587 421 2619 nostra
448 2581 590 2618 principiis
611 2593 662 2619 per
683 2581 779 2613 Patres
803 2586 939 2619 firmetur,

148 2618 341 2644 commentarii
365 2618 455 2651 potius
478 2626 558 2651 quam
575 2618 676 2647 uetula:
691 2621 777 2648 fuerit
792 2618 939 2650 disserere.

147 2651 216 2690 illud
234 2652 346 2690 interim
361 2653 529 2690 perpendere
545 2662 578 2682 ne
592 2660 750 2689 praetereas,
767 2662 940 2690 quantopere

147 2686 399 2724 i_i_ret_deeipiautur
411 2686 449 2724 iet
468 2686 614 2724 decipiant,
633 2690 683 2724 qui
707 2686 822 2718 cum-de
838 2686 940 2719 sancta:

148 2721 274 2761 Virginis.
300 2722 448 2761 priyilegiis
470 2731 503 2761 ac
526 2721 669 2758 speciatim
693 2726 729 2752 de
753 2727 878 2761 ejusdem
905 2728 939 2754 ab

147 2757 276 2797 originali
302 2756 369 2797 vitio
392 2756 562 2797 immunitate
584 2767 677 2787 sermo
702 2756 939 2797 est,'argiimerita

147 2792 284 2831 theologis
302 2793 411 2831 usitata,
427 2798 454 2820 et
471 2802 486 2820 a
498 2793 629 2831 decentia
656 2803 705 2823 seu
732 2792 938 2829 convenientia.

148 2831 175 2854 ut
203 2827 294 2860 aiunt,
313 2827 403 2859 ducta,
428 2829 503 2863 parvi
527 2830 594 2857 adeo
609 2831 735 2865 pendere
749 2827 939 2865 videnlur,,ut

995 2135 1102 2158 tantum
1114 2138 1170 2158 non
1184 2130 1217 2158 ad
1231 2130 1395 2166 quisquilias
1407 2130 1542 2167 rejieiant.
1560 2130 1642 2159 Suam
1660 2132 1783 2167 ipsorum

995 2166 1101 2194 scilicet
1115 2167 1250 2194 inscitiam
1272 2167 1426 2193 luculenter
1439 2166 1570 2201 produnt.
1590 2175 1651 2196 cum
1670 2166 1781 2198 subtili-

995 2202 1096 2228 tatibus
1104 2202 1275 2229 scholasticis
1286 2201 1351 2228 illud
1363 2203 1515 2236 argumenti
1527 2210 1612 2236 genus
1623 2208 1780 2234 acecuseut,

993 2237 1066 2271 quod
1084 2237 1157 2270 apud
1173 2240 1283 2264 sanctos
1305 2236 1433 2272 Ecclesiae.
1449 2236 1544 2263 Patres
1559 2237 1780 2272 receptissiiuum

993 2272 1077 2298 fuisse
1093 2271 1231 2306 ignorant,
1247 2277 1294 2299 aut
1308 2271 1493 2298 dissimulant.
1516 2271 1594 2304 Quod
1619 2271 1640 2298 si
1657 2273 1780 2307 ejusdem

992 2307 1147 2341 argumenti
1171 2307 1226 2333 vim
1247 2315 1279 2334 ac
1307 2307 1391 2333 robur
1411 2308 1454 2333 vix
1475 2311 1522 2334 aut
1545 2315 1578 2335 ne
1601 2307 1646 2334 vix
1669 2308 1781 2342 quidem

994 2349 1090 2368 revera
1104 2343 1153 2375 ipsi
1167 2342 1300 2372 sentiunt,
1323 2342 1392 2368 nihil
1411 2349 1475 2369 sane
1491 2350 1587 2376 aequus
1602 2350 1694 2369 rerqu
1709 2343 1783 2369 aesti-

994 2382 1081 2404 mator
1095 2378 1233 2411 ambiget,
1261 2376 1287 2403 id
1306 2385 1360 2404 non
1389 2377 1427 2403 rei
1458 2377 1508 2411 ipsi
1534 2377 1661 2405 Patribus
1692 2377 1783 2405 minus

994 2417 1145 2446 perspecta:
1162 2412 1347 2444 deputandum
1360 2419 1431 2441 esse.
1447 2412 1494 2440 sed
1511 2413 1603 2439 verius
1617 2412 1784 2439 bebetiislo-

994 2455 1054 2474 rum
1072 2448 1165 2478 menti.
1179 2447 1236 2482 qui.
1255 2447 1320 2481 quid
1335 2447 1388 2474 sibi
1404 2448 1451 2473 Dei
1464 2448 1584 2474 (leniti-ix
1592 2448 1667 2480 velit,
1680 2447 1782 2482 quidve

994 2482 1137 2509 tremenda
1149 2483 1205 2509 haec
1220 2483 1337 2517 dignitas
1353 2482 1451 2509 merito
1464 2483 1593 2516 postulet,
1603 2491 1637 2509 ne
1651 2483 1780 2509 remotis-

992 2517 1061 2578 isime
1076 2518 1188 2552 quidem
1206 2517 1372 2553 suspicando
1395 2525 1474 2552 pares
1491 2525 1520 2545 se
1534 2518 1671 2546 exstitisse
1691 2518 1781 2552 palam

1004 2558 1107 2578 aeiunt.

1004 2553 1107 2579 aciunt.

1028 2588 1084 2622 (59)
1098 2587 1214 2622 inspice,
1228 2587 1317 2622 qualis
1331 2596 1345 2615 a
1358 2587 1417 2615 suis
1429 2588 1515 2623 ipsius
1529 2587 1686 2622 primordiis
1696 2586 1781 2623 Maria

992 2623 1080 2650 oculis
1101 2623 1203 2649 nostris
1225 2624 1397 2651 exhibeatur.
1415 2622 1457 2650 All
1472 2630 1537 2649 vero
1554 2623 1651 2648 animae
1666 2629 1697 2648 ex
1724 2622 1781 2656 pri-

993 2658 1086 2684 mitiva
1100 2658 1159 2684 labe
1173 2657 1288 2685 deformi
1302 2666 1452 2685 consonum
1468 2657 1559 2688 fuerit,
1578 2657 1711 2683 utdivina
1732 2664 1782 2690 ap-

992 2693 1110 2727 pelletur
1135 2693 1340 2727 pulchritudo?
1363 2701 1396 2720 an
1423 2693 1488 2720 Adae
1506 2691 1606 2718 terreni
1633 2693 1781 2724 imaginem

991 2728 1096 2762 gerenti
1110 2729 1247 2762 congruit,
1265 2728 1507 2763 utexpressissima
1525 2727 1571 2753 Dei
1587 2727 1695 2754 dicatur
1711 2728 1780 2753 inia—

992 2763 1055 2799 gu?
1072 2771 1106 2790 an
1131 2764 1253 2799 tenebris
1283 2765 1384 2799 peccati
1415 2763 1563 2799 ουνοιιιιιο⁷
1591 2767 1627 2799 ut
1651 2763 1782 2798 splendor

993 2798 1128 2825 habeatur
1155 2798 1290 2826 dixinitus
1320 2798 1464 2826 emicans?
1486 2806 1520 2824 au
1544 2798 1602 2825 Deo
1623 2798 1726 2829 invism,
1753 2800 1781 2824 ut

991 2833 1072 2868 jubar
1092 2834 1146 2861 Deo
1164 2835 1348 2869 gratissimum
1364 2839 1391 2862 ct
1406 2834 1453 2862 Dei
1469 2833 1524 2861 filia
1538 2834 1720 2862 nominetur?
