1932 3072
146 92 181 125 55
702 96 850 129 tsmout
869 96 1240 129 THESSALUNICENSIS
1732 96 1766 127 se

148 152 281 180 maternis
312 154 444 181 uberibus
480 154 624 190 indigeret.
664 155 732 182 Nam

147 198 266 226 triennis
297 199 323 226 in
351 207 431 228 sacro
455 200 502 228 illo
528 201 632 228 ambitu
659 201 833 234 versabatur,
858 199 929 227 haud

769 154 841 181 sicut
871 161 932 181 cum
949 159 970 186 Α
986 163 1060 189 γετο,
1075 155 1146 182 κατὰ
1161 156 1190 181 τὸ
1208 156 1265 181 ἴσον
1279 155 1367 181 ἐκεῖνο
1390 154 1493 189 θαῦμα,
1516 154 1652 188 ὑπερφυεῖ
1666 162 1717 180 τινι
1733 154 1767 181 ἂν

985 200 1145 235 ἐστηρίζετο
1168 202 1215 227 καὶ
1227 201 1342 236 ἀρρήτῳ
1354 200 1457 235 τρόπῳ.

146 245 266 272 humana
285 246 409 273 alebatur
435 254 540 279 mensa,
556 247 604 274 sed
629 254 729 274 arcana
750 246 867 281 quadam
900 246 1005 273 ratione
1047 247 1186 274 caelestem
1211 247 1314 279 cibum,
1331 247 1431 281 quippe
1462 254 1523 282 quae
1562 246 1768 280 supercmlestis

145 296 230 322 esset,
265 291 439 327 accipiebat;
469 291 505 319 ita
533 291 668 327 siquidem
696 291 729 318 ad
748 289 934 318 'inliabitanda
964 297 1041 318 sacra
1071 291 1151 327 adyta
1177 291 1298 319 adducta
1329 291 1438 324 fuisset,
1468 300 1530 319 cum
1559 292 1648 319 adhuc
1694 291 1767 319 laete

147 337 300 371 indigebat,
333 338 414 365 modo
441 338 560 373 quodam
595 337 797 373 supernaturali
835 342 917 371 atque
937 335 1072 364 ineffabili
1102 337 1176 365 haud
1210 337 1339 365 dissimili
1368 337 1501 365 miraculo
1544 337 1664 365 enutrita
1698 338 1769 365 fuis-

148 388 200 410 SOI.

183 430 240 458 XV.
254 430 302 458 Vel
319 438 384 465 ergo
396 431 433 457 ita
449 430 550 457 factum
566 434 608 457 est
622 437 735 465 propter
752 429 811 456 illas
824 435 932 459 causas,

147 485 215 511 quas
233 477 299 508 dixi,
316 477 357 504 vel
373 477 455 504 ctiam
469 477 533 511 quia
549 484 656 511 aequum
671 480 740 508 erat,
759 480 790 502 ut
805 479 934 510 parentes

147 531 257 557 quoque
268 523 362 550 saltem
375 524 407 549 ad
422 522 503 550 breve
520 527 628 557 tempus
646 521 764 549 infantili
782 525 927 548 venustate

150 567 223 598 filize.
239 575 300 602 qum
327 568 408 602 paulo
434 572 496 602 post
524 568 580 595 Deo
600 567 753 596 dedicanda
784 573 854 600 erat,
886 574 937 594 nec

147 613 218 639 ultra
241 613 411 640 eharissimis
436 613 609 649 genitoribus
631 613 840 648 conspicienda,
862 613 940 640 frue-

147 662 245 684 rentur
267 666 274 691 ;
301 665 316 685 e
336 666 389 692 qua
412 666 474 685 cum
499 659 647 686 maximum
671 659 783 686 haurire
807 658 935 686 solatium

147 703 252 735 liceret,
277 711 332 738 pra!
350 704 401 731 hoe
422 708 512 731 tamen
530 712 676 732 mmmrem
693 704 858 739 privationis
875 705 932 731 ele-

147 755 256 781 gerunt,
273 749 336 777 licet
354 751 439 784 ipsam
454 758 505 778 ceu
524 751 664 785 pra-mium
681 751 808 778 laborum
823 751 933 777 illorum

146 801 178 820 ac
191 794 336 821 multarum
351 796 536 831 lacrymarum
554 796 721 831 recepissent
735 806 742 829 ;
758 804 808 831 pro
823 796 936 831 quibus,
950 780 974 810 Β

147 842 176 864 ut
201 839 267 865 mihi
293 840 403 874 quidem
428 840 548 872 videtur,
579 849 678 874 netnpe
701 849 751 876 pro
774 843 858 869 tantis
885 841 940 868 illis

149 884 289 912 laboribus
316 886 424 920 dignam
459 887 530 914 hanc
562 887 635 914 Deus
661 887 747 914 vicem
772 887 940 915 reddendam

149 927 292 962 iudicavit,
309 937 339 958 ut
351 933 383 959 ad
400 932 550 960 triennium
568 937 623 960 tam
638 933 746 961 eximia:
763 933 825 960 filia:
843 933 940 969 gratiis

147 977 377 1009 jucundarentur.

186 1023 324 1055 Quantqu
337 1024 415 1052 enim
430 1026 579 1060 voluptatis
595 1026 692 1054 afferre
713 1027 873 1062 parentibus
894 1027 940 1055 alii

151 1068 196 1095 lilii
214 1074 275 1096 utut
291 1071 484 1104 speciosissimi
509 1072 601 1098 valent
617 1080 664 1107 per
683 1073 831 1100 tnultorum
854 1081 942 1100 amto-

153 1122 213 1141 rum
234 1117 404 1148 convictum,
430 1118 600 1145 tantumdem
627 1119 737 1146 triennii
754 1121 843 1154 spatio
860 1120 940 1146 inno-

152 1161 313 1189 centissima
346 1162 392 1190 illa
434 1163 558 1198 pmbcre
597 1165 699 1200 potuit,
734 1165 789 1192 imo
824 1166 940 1192 dixerim

153 1207 323 1242 voluptatem
350 1217 383 1236 eo
405 1209 561 1238 uberiorem
589 1216 672 1245 atque
695 1212 918 1239 excellentiorem
932 1231 940 1245 ,

150 1261 206 1285 quo
224 1256 390 1283 eminentius
408 1256 562 1291 cuicunque
579 1258 650 1292 proli
681 1257 739 1292 ipsa
756 1258 939 1292 praecellebat.

153 1298 309 1333 Principum
320 1300 394 1326 enim
406 1301 604 1329 retributiones
621 1303 770 1337 magnifice
784 1311 848 1330 sane
864 1307 939 1336 sunt,

152 1348 179 1368 et
191 1343 364 1377 Iargientium
376 1346 585 1379 magnificentiae
597 1348 805 1382 respondentes.
816 1349 883 1376 Cum
893 1357 942 1376 au-

154 1389 280 1423 temjusti
294 1390 331 1417 illi
340 1396 432 1418 essent
442 1399 475 1419 ac
484 1393 548 1427 justi
559 1399 732 1426 vocarentur,
745 1394 816 1421 haud
825 1403 942 1422 consen-

1020 426 1071 455 lE’.
1102 428 1174 455 Ἀλλ’
1190 428 1205 464 ἣ
1222 430 1300 464 χάριν
1316 425 1354 456 ὧν
1366 429 1475 465 εἴρηταί
1503 439 1559 465 μοι,
1585 428 1660 456 τοῦτ’
1674 429 1770 464 ἐγεγό-

985 474 1065 509 νει,ἢ
1085 475 1125 501 ὃτι
1154 474 1202 501 xa‘t
1231 475 1299 510 πρὸς
1326 476 1412 510 βραχὺ
1453 475 1586 511 βρεφιχῆς
1620 474 1655 511 ἦν
1687 476 1760 506 εἰκὸς

986 521 1043 551 τοῖς
1058 519 1168 546 τοκεῦσι
1196 520 1248 547 κᾶν
1284 520 1437 547 ἀπολαῦσαι
1467 521 1577 556 χάριτος
1609 520 1685 555 παρὰ
1719 521 1770 554 τῆς

988 565 1121 601 παιδὸς,ἢ
1137 566 1195 600 μετ’
1207 566 1298 600 ὀλίγον
1325 566 1472 602 ἐκποίητος
1499 567 1548 601 μὲν
1579 567 1691 602 ἔμελλεν
1710 566 1773 592 ἐσε-

989 611 1135 647 σθαιΘεῷ,
1148 613 1205 644 τοῖς
1232 612 1261 639 δὲ
1277 612 1415 647 φιλτάτοις
1440 613 1546 644 τούτοις
1576 613 1690 648 ἀόρατος
1716 621 1771 638 πα-

987 658 1084 698 τράσιν
1097 666 1104 675 ¹
1126 652 1197 694 ὑπὲρ
1213 656 1257 694 ἧς,
1275 659 1334 685 ἐνὸν
1346 659 1463 694 τρυφᾷν,
1483 659 1586 687 εἴλοντο
1602 658 1772 685 κακοπαθεῖ-

989 704 1063 737 σθαι,
1080 706 1126 731 καὶ
1139 705 1192 732 τῶν
1204 705 1335 740 καμάτων
1367 706 1479 731 ἐκείνων
1509 705 1555 731 καὶ
1591 703 1773 740 πολυρρὑων

988 751 1114 787 δακρύων
1128 751 1230 786 ταύτην
1242 751 1338 778 ἔλαϐον
1356 750 1473 777 ἔπαθλον
1491 759 1499 767 ·
1512 747 1560 781 ὧν,
1574 750 1669 784 ἔμοιγε
1686 749 1773 780 δοκεῖ,

989 797 1043 824 τῶν
1059 798 1193 824 τοσούτων
1207 797 1332 829 ἐκείνων,
1345 797 1428 832 λέγω,
1444 797 1545 828 πόνων,
1579 795 1681 828 ταύτην
1707 793 1774 824 Θεὸς

990 844 1069 877 ἀξίαν
1085 843 1182 877 διέγνω
1198 844 1248 878 τὴν
1261 843 1390 878 ἀμοιϐὴν,
1403 843 1453 877 τὴν
1487 842 1551 877 ἄχρι
1571 840 1690 876 τριετίας
1705 838 1774 867 ἀπά-

990 890 1087 917 λαυσιν
1098 889 1152 916 τῶν
1166 891 1214 925 τῆς
1229 890 1426 925 λαμπροτάτης
1448 889 1568 924 χαρίτων
1598 886 1701 918 παιδός.

1027 1027 1114 1062 Ὀσην
1127 1027 1181 1062 γὰρ
1192 1026 1284 1061 ἔχουσι
1299 1025 1354 1052 τῶν
1368 1025 1470 1052 παίδων
1485 1024 1561 1051 ἄλλοι
1573 1023 1618 1050 καὶ
1635 1022 1774 1050 κάλλιστοι

991 1076 1087 1112 ἡδονὴν
1103 1076 1161 1107 τοῖς
1173 1076 1310 1110 πατράσιν
1327 1074 1447 1101 ἐνθεῖναι
1463 1074 1517 1100 ἀπό
1541 1081 1574 1106 γε
1605 1072 1653 1106 τῆς
1684 1071 1776 1097 συνοί-

991 1130 1040 1148 κου
1059 1120 1214 1153 πολυετίας,
1233 1119 1333 1153 ταύτην
1344 1117 1417 1154 εἶχεν
1429 1120 1446 1154 ἡ
1463 1118 1601 1152 πάναγνος
1615 1117 1775 1144 καταθεῖναι

991 1169 1023 1203 τῇ
1040 1167 1147 1202 τριετίᾳ
1165 1165 1264 1201 ’φαίην
1281 1166 1339 1192 δ’ἂν
1354 1165 1401 1191 καὶ
1415 1163 1612 1199 δαψιλεστέραν
1629 1163 1677 1190 καὶ⁵
1689 1161 1775 1197 μείζω

991 1215 1045 1249 ὅσῳ
1063 1213 1109 1240 καὶ
1124 1212 1261 1248 γεννητῶν
1274 1211 1434 1247 ὑπέρκειται
1448 1210 1573 1237 πάντων·
1590 1209 1619 1235 al
1632 1209 1687 1243 γὰρ
1699 1207 1776 1242 παρὰ

991 1260 1046 1286 τῶν
1063 1259 1200 1294 μεγίστων
1211 1258 1363 1289 ἀντιδόσεις
1387 1256 1524 1292 φιλότιμοι
1537 1256 1584 1282 καὶ
1607 1254 1645 1289 τῷ
1664 1252 1776 1289 μεγέθει

986 1309 1045 1346 ’τῶν
1058 1306 1247 1344 χορηγούντων
1280 1305 1442 1341 κατάλληλοι
1456 1313 1462 1319 ·
1484 1303 1603 1334 δικαίους
1630 1301 1658 1328 δὲ
1695 1301 1778 1346 ὄντας

993 1355 1116 1386 ἐκείνους
1133 1355 1180 1381 καὶ
1195 1353 1379 1387 καλουμένους
1401 1351 1452 1378 οὐκ
1479 1348 1513 1386 ἦν
1531 1350 1563 1377 ἂν
1588 1348 1641 1375 τῶν
1664 1345 1778 1374 ἀκολοῠ⁴

994 1400 1049 1426 θων
1062 1399 1111 1434 τὴν
1125 1399 1250 1434 στάθμην
1278 1397 1430 1433 ὐπερόἦναι
1463 1396 1513 1430 τῆς
1538 1393 1714 1428 ἐπωνυμίας·
1732 1391 1777 1418 διὰ

157 1440 267 1461 laneum
286 1435 392 1469 fuisset,
411 1442 441 1464 ut
459 1445 582 1464 normam
606 1445 789 1473 cognomento
803 1440 941 1475 significa-

1000 1444 1080 1472 ταῦτα
1097 1445 1126 1470 τὸ
1141 1444 1188 1470 τοῦ
1208 1443 1284 1474 ἔτους
1319 1443 1423 1469 δίκαιον
1449 1441 1548 1476 μέτρον
1583 1437 1776 1472 ἀπειληφότες,

157 1485 211 1506 tam
232 1482 521 1516 prwtergrederentur.
546 1483 729 1518 Quapropter,
752 1493 814 1512 cum
839 1486 939 1520 justam

157 1527 289 1560 temporis
328 1536 486 1557 mensuram
519 1530 637 1556 assecttti
668 1530 785 1558 fuissent
823 1530 941 1566 (tequum

156 1576 246 1598 autem
261 1573 376 1607 spatium
391 1575 539 1602 triennium
549 1579 706 1609 erat?,reete
717 1576 750 1604 de
762 1577 943 1612 promissione

158 1619 296 1652 implenda
310 1625 491 1648 curaverunt.

194 1663 264 1691 χνι.
279 1666 414 1697 Quoniam
441 1674 506 1694 vero
535 1667 606 1694 fatna
634 1669 734 1703 reginae
757 1676 789 1696 ac
814 1669 861 1696 Dei
882 1669 945 1698 filim

160 1710 241 1743 pattlo
258 1714 318 1744 post
338 1719 386 1746 per
414 1711 482 1739 fines
503 1713 639 1740 universae
665 1719 744 1741 terra:
766 1721 945 1750 pervagatum

158 1760 228 1785 erat,
244 1755 395 1783 Jerusalem
411 1762 474 1784 ante
488 1757 556 1784 alias
565 1765 662 1785 omnes
677 1759 803 1793 regiones
815 1769 945 1788 coronam

160 1800 328 1828 laudationis
339 1806 443 1834 texere,
461 1806 488 1829 et
509 1809 617 1830 sacrum
635 1803 739 1838 Virgilii
753 1805 884 1839 hymnum
901 1813 947 1833 ca—

162 1853 239 1878 nere,
262 1854 295 1873 ac
318 1847 450 1875 decenter
467 1848 602 1877 modulari
619 1855 766 1884 properat;
786 1851 867 1885 idque
885 1851 947 1886 jure

161 1892 277 1926 optimo.
290 1893 358 1920 Nam
370 1894 499 1920 etJesum
525 1903 623 1928 meum,
640 1895 770 1930 inquit",
787 1897 904 1924 tulerunt
920 1898 948 1924 in

161 1939 311 1966 Jerusalem
328 1943 357 1967 ut
380 1941 501 1967 sisterent
521 1948 581 1967 eum
606 1940 738 1974 Domino;
762 1942 840 1978 cujus
853 1942 949 1978 utique

162 1986 337 2014 characteres
347 1991 435 2014 mater
447 1986 475 2014 in
491 1987 638 2023 semetipsa
650 1987 824 2023 praeferebat.

199 2079 340 2114 Quotquot
352 2087 417 2115 ergo
433 2087 448 2108 e
463 2080 647 2108 nobilioribus
662 2081 760 2109 urbem
782 2082 855 2110 illam
869 2084 948 2111 inco-

166 2125 270 2156 lebant.
287 2130 315 2153 et
328 2125 392 2158 viri,
406 2130 435 2153 et
448 2126 589 2160 mulieres,
603 2131 632 2154 et
650 2128 747 2162 puella:
759 2129 891 2163 virgines,
909 2129 948 2156 illi

121 2166 126 2170 ’
166 2171 279 2205 quidem
295 2171 397 2198 intuitu
415 2171 510 2206 patris,
532 2171 592 2200 istm
611 2172 638 2199 in
659 2173 772 2207 gratiam
795 2174 948 2209 genitricis,

167 2215 278 2250 reliquae
300 2223 367 2243 vero
393 2221 503 2251 propter
524 2217 740 2245 laudatissimam
764 2219 893 2253 puellam,
921 2220 947 2246 in

165 2268 250 2287 unum
264 2260 461 2288 convenientes
475 2260 509 2288 ad
523 2263 654 2297 templum
671 2263 865 2297 ascenderunt,
885 2271 947 2293 cum

202 2333 224 2348 ³⁷
241 2331 307 2359 Luc.
324 2340 353 2364 ιι,
371 2331 417 2359 ‘22.

991 1491 1070 1518 τοῦτο
1093 1491 1120 1517 δὲ
1134 1488 1167 1526 ἦν
1187 1489 1333 1525 ήτριετία,
1360 1488 1398 1524 μὴ
1408 1488 1546 1515 διαπεσεῖν
1559 1485 1590 1513 εὖ
1610 1484 1778 1519 πεπο.ήκασι

992 1538 1040 1565 καὶ
1063 1538 1113 1572 τὴν
1132 1535 1312 1570 ἐπαγγελίαν.

1027 1671 1085 1704 ις’.
1108 1670 1183 1696 Ἐπεὶ
1207 1669 1236 1696 δὲ
1269 1669 1338 1704 μετὰ
1356 1668 1452 1703 μικρὸν
1479 1666 1534 1694 τῶν
1551 1666 1599 1702 τῆς
1620 1664 1781 1700 οἰκουμένης

996 1717 1178 1753 ἐπιϐήσεσθαι
1194 1715 1322 1751 περάτων
1336 1716 1350 1741 ὁ
1367 1715 1416 1749 τῆς
1433 1713 1570 1749 βασιλίδος
1600 1712 1648 1739 καὶ
1668 1711 1779 1739 θεόπαι-

996 1764 1039 1795 Bo;
1049 1763 1158 1798 ᾕμελλε
1183 1762 1292 1798 κρότος,
1317 1761 1411 1795 φθάνει
1430 1760 1464 1787 τὰ
1485 1759 1659 1795 Ἰεροσόλυμα
1690 1758 1780 1791 πάσης

997 1810 1050 1844 γῆς
1075 1809 1159 1844 ἄλλης
1184 1807 1390 1843 πρῡπλέξαντες
1411 1807 1461 1842 τὴν
1479 1806 1628 1840 εὐφημίαν,
1663 1804 1710 1831 καὶ
1736 1803 1781 1830 τὸν

1000 1855 1072 1892 ἱερὸν
1089 1855 1175 1889 ὕμνον
1194 1854 1346 1890 ὲπᾲσαντες
1369 1854 1404 1889 τῇ
1432 1851 1572 1887 Παρθένῳ,
1600 1852 1647 1877 καὶ
1675 1849 1782 1883 σεμνῶς

998 1900 1186 1935 τερετίσαντες
1209 1906 1215 1914 ·
1247 1898 1295 1924 καὶ
1323 1898 1403 1924 τοῦτο
1427 1897 1540 1927 εἰκότως
1558 1904 1565 1911 ·
1592 1896 1632 1921 ὅτι
1655 1895 1704 1921 καὶ
1729 1894 1782 1920 τὸν

999 1945 1072 1979 ἐμὸν
1090 1944 1207 1978 Ἰησοῦν
1223 1943 1387 1979 ἀνήγαγον,
1404 1943 1498 1977 φησιν,
1524 1943 1568 1974 εις
1590 1940 1784 1975 Ἰεροσόλυμα

1001 2000 1054 2026 πα]
1062 1990 1192 2025 αστῆναι
1209 1989 1317 2024 Κυρίῳ,
1333 1984 1363 2016 οὗ
1378 1988 1442 2020 τοὺς
1468 1987 1644 2023 χαρακτῆρας
1658 1988 1675 2022 ὴ
1691 1986 1782 2022 μήτηρ

1001 2038 1030 2065 ιν
1048 2038 1133 2073 ἑαυτῇ
1151 2036 1315 2072 προέφαινε.

1039 2082 1094 2110 Καὶ
1105 2082 1172 2116 γοῦν
1187 2081 1246 2108 ὅσοι
1263 2083 1318 2108 τῶν
1337 2080 1473 2116 ἐκκρίτων
1488 2080 1539 2115 τὴν
1554 2080 1631 2107 πόλιν
1645 2079 1784 2110 οἰκοῦντες

966 2122 987 2149 D
1002 2128 1114 2164 ἐκείνην
1134 2127 1296 2163 ἐτύγχανον,
1316 2126 1422 2162 ἀνδρῶν
1435 2135 1466 2153 τε
1496 2127 1544 2153 καὶ
1574 2126 1710 2160 γυναικῶν
1736 2125 1783 2151 καὶ

1000 2173 1129 2200 νεανίδων
1140 2172 1294 2208 παρθένων,
1306 2173 1336 2199 τὸ
1357 2172 1406 2207 μὲν
1417 2172 1462 2198 τὸν
1471 2172 1586 2208 πατέρα,
1597 2171 1627 2198 τὸ
1640 2171 1667 2198 δὲ
1679 2170 1723 2197 διὰ
1738 2170 1786 2203 τὴν

1002 2220 1119 2255 μητέρα,
1132 2219 1162 2245 τὸ
1172 2218 1265 2245 λοιπὸν
1277 2218 1306 2245 δὲ
1321 2217 1364 2244 διὰ
1377 2217 1427 2253 τὴν
1438 2216 1624 2252 πανύμνητον,
1638 2217 1687 2250 τὴν
1700 2217 1740 2247 είς
1757 2216 1786 2242 τὸ

1001 2265 1072 2300 ἱερὸν
1089 2265 1172 2301 ᾔεσαν
1199 2263 1382 2296 συνελθόντες,
1402 2263 1471 2298 μετὰ
1493 2262 1643 2297 λαμπάδων
1670 2261 1786 2288 ἐνταῦθα

795 2394 865 2423 Ant.
889 2393 1035 2424 Ballerini
1058 2394 1154 2422 notaa.

170 2452 374 2480 Nicomediensis
385 2453 411 2479 in
428 2451 626 2487 Conceptionem
641 2452 762 2487 Deipara:
777 2454 856 2488 (Bibl.
872 2456 952 2482 Cone.

168 2487 335 2522 voLVLpag.
345 2487 390 2518 8?.)
401 2488 516 2515 sollicite
529 2488 659 2515 lectorem
668 2487 837 2520 admoneret,
848 2495 955 2517 veteres

170 2525 196 2551 in
209 2523 373 2550 celebrando
381 2522 575 2559 Conceptionis
582 2522 651 2550 festo
665 2523 732 2559 nihil
745 2524 779 2559 ad
797 2526 956 2559 conceptio-

169 2567 229 2586 nem
245 2558 331 2593 ipsam
349 2557 510 2593 respexisse,
520 2557 545 2584 id
563 2558 649 2591 ipsum
659 2558 692 2585 ad
702 2558 819 2586 invisum
835 2557 960 2593 puritatis

170 2591 342 2625 vocabulum,
351 2592 438 2619 sicubi
451 2591 509 2629 fieri
519 2597 619 2629 posset,
628 2591 961 2629 expungendum'impulit.

168 2629 269 2655 Eadem
280 2629 358 2662 plane
367 2635 448 2654 causa
456 2627 568 2655 invisam
579 2627 963 2656 hominiefl‘ecitimmacialattv

169 2664 333 2691 vocabulum
343 2672 349 2695 ;
361 2667 442 2697 atque
451 2663 553 2690 ideirco
564 2670 625 2690 cum
637 2663 737 2690 Grazcaz
752 2671 832 2690 voces
843 2665 959 2698 ἄμωμος

171 2705 219 2725 aut
229 2698 398 2733 πανὰμωμος
408 2698 442 2725 de
458 2698 538 2724 Maria
556 2703 693 2732 usurpatae
704 2704 890 2730 occurrerent,
903 2707 958 2726 non

170 2733 352 2764 immaculata,
362 2732 495 2767 autplane
509 2733 757 2769 immaculataﬂuae
766 2735 885 2769 cujusvis
896 2741 956 2761 rea-

173 2777 218 2797 tus
237 2769 387 2795 absentiam
413 2767 565 2802 generalia]
592 2768 726 2802 indicant,
752 2767 805 2795 sed'
823 2769 955 2796 vocabula

172 2803 310 2839 praeelegit
319 2804 326 2830 ί
331 2802 552 2838 rreprchcnsibilis
566 2806 612 2829 aut
624 2801 700 2829 clauo
712 2803 954 2833 irrcvrvltcnsibifis.

1009 2460 1070 2487 qua:
1079 2452 1180 2479 scilicet
1199 2450 1232 2477 ad
1244 2450 1567 2487 absentiampreatnsper
1577 2446 1789 2487 actusproprios

1011 2482 1116 2515 inducti
1133 2486 1338 2522 significandam
1352 2482 1627 2522 aptiusadhibentur.
1645 2482 1680 2508 At
1697 2490 1790 2522 rursus

1012 2530 1148 2557 qua-nam,
1160 2519 1265 2556 qua-.50,
1279 2521 1338 2557 laus
1349 2520 1419 2557 foret
1430 2519 1519 2546 Mariae
1532 2523 1579 2545 aut
1595 2519 1731 2557 nascentis
1746 2522 1791 2544 aut

1014 2555 1103 2584 adhuc
1114 2557 1235 2587 infantis,
1250 2555 1322 2591 quod
1340 2555 1415 2581 nullo
1431 2562 1479 2591 per
1497 2559 1574 2591 actus
1588 2560 1652 2591 suos
1672 2556 1748 2591 reatu
1762 2559 1790 2579 se

1015 2592 1168 2627 polluerit?
1187 2588 1312 2618 Haacéine
1329 2589 1527 2627 tam_pr:eclara
1549 2588 1639 2627 Maria:
1652 2590 1733 2626 erant
1744 2594 1791 2614 en—

1017 2622 1113 2656 comia.
1129 2634 1189 2661 qua:
1203 2630 1360 2653 sanctorum
1379 2622 1489 2661 Patrum
1511 2622 1650 2661 sapientia;
1666 2622 1791 2661 ope_i_sta-

1017 2670 1077 2689 rutn
1090 2670 1105 2689 e
1119 2656 1212 2689 Graeco
1225 2667 1379 2687 versmnum
1392 2656 1578 2685 tribuerentur
1588 2658 1679 2684 ?Adeo
1689 2656 1791 2684 scilicet

1018 2697 1134 2730 ineptire
1156 2696 1196 2723 vel
1219 2695 1308 2730 magni
1325 2695 1374 2720 viri
1397 2694 1495 2730 solent.
1525 2693 1570 2730 ubi
1597 2691 1689 2730 potius
1710 2699 1789 2730 quam

1011 2727 1131 2763 veritati,
1154 2727 1276 2765 privatis
1291 2729 1455 2765 praeiudiciis
1480 2728 1633 2762 studiisque
1656 2727 1790 2753 deservire

1010 2768 1130 2795 animum
1143 2765 1276 2794 inducunt
1294 2765 1300 2791 l
