1932 3072
154 95 188 123 fni
699 93 846 124 lSlDORl
866 93 1240 125 THESSALON‘ICENSIS
1744 88 1780 119 M-

154 143 315 165 cmterarum
332 137 467 171 virginum
480 145 529 164 usu
550 136 760 170 alienissimum,
772 138 844 173 quod
857 138 947 165 adhue

1013 139 1155 174 πεδήμησε
1175 137 1215 172 τῷ
1234 136 1296 171 νεῷ.
1319 135 1350 163 ’Π
1374 135 1402 162 δὲ
1417 135 1462 162 καὶ
1478 135 1517 166 εἰς
1532 135 1564 161 τὰ
1582 134 1664 162 ἄδυτα
1680 134 1780 165 εἴσοδος

155 184 265 210 Irimula
286 183 319 210 ad
346 183 558 210 inhabitandum
585 183 610 210 in
637 183 737 217 templo
761 183 937 212 concesserit.

156 229 297 263 Ingressus
315 237 380 256 vero
404 229 431 255 in
450 229 507 263 ipsa
532 236 640 263 quoque
667 229 778 256 sacrarii
801 229 938 256 inaccessa

154 275 316 309 penetralia,
332 275 467 309 quodnam
490 274 575 306 aliud,
589 281 692 309 quaeso.
709 279 867 308 portentum
887 283 941 301 non

992 185 1068 211 ποῖον
1090 185 1120 210 οὐ
1145 183 1220 210 κάτω
1248 183 1338 217 τίθησι
1361 181 1468 216 θαῦμα;
1491 181 1582 207 Πάντα
1599 180 1648 215 μὲν
1671 180 1782 210 πάντως

994 229 1089 261 τᾶλλα,
1112 229 1201 264 μόνων
1214 228 1241 254 δὲ
1264 227 1324 263 δίχα
1339 227 1394 253 τῶν
1413 227 1477 261 παρ’
1501 227 1601 262 ἑαυτῆς
1616 225 1728 261 ἑφεξῆς,
1742 221 1781 252 ὦν

996 275 1154 310 ἡττώμενον
1172 275 1221 301 οὐκ
1242 274 1357 300 αίδείται
1371 273 1419 307 τὴν
1436 271 1533 307 ἧτταν.

155 322 272 348 vicerit?
287 322 404 348 Prorsus
418 321 522 355 reliqua
534 321 636 352 omnia,
651 321 693 347 his
712 325 803 347 tamen
823 321 910 348 solum
931 323 1061 356 exceptis,
1085 329 1146 356 qua:
1164 321 1292 356 deinceps
1317 323 1425 355 peracta
1453 319 1480 345 iu
1503 318 1559 353 ipsa
1582 322 1655 350 sunt,
1681 317 1782 352 quibus

155 374 216 392 cum
235 367 390 393 inveniatur
411 367 535 398 inferius,
550 367 651 401 primas
668 367 770 393 eisdem
789 367 886 394 cedere
901 367 973 395 haud
991 373 1111 396 veretur.

192 411 275 438 XXII.
292 412 487 439 Verumtamen
507 413 664 447 neutiquam
683 421 697 439 a
712 420 788 443 vero,
808 420 867 439 mea
884 413 947 446 qui-

154 459 216 484 dem
238 458 384 492 opinione.
410 459 454 485 illc.
471 458 631 488 abluderet.
648 459 694 493 qui
722 459 774 486 hoc
799 463 826 485 et
848 458 946 485 funda-

157 509 278 531 mentum
293 509 320 530 et
336 504 456 531 radicem
471 505 674 535 sublimiorum.
685 513 744 539 quae
767 504 867 532 deinde
882 512 946 531 con-

156 555 250 577 secuta
274 555 356 578 sunt.
382 551 541 585 appellaret.
565 551 636 577 Nihil
659 551 745 581 enim,
779 550 837 577 sive
860 551 885 576 in
911 549 947 576 iis'

156 604 218 630 qua:
237 596 270 622 ad
287 596 373 630 ipsam
401 600 534 630 spectant.
553 596 610 623 sive
635 596 663 623 in
687 595 801 630 reliquis
816 595 945 622 omnibus
959 615 982 644 Β

164 643 250 676 majus
266 642 388 675 reperire
404 646 455 674 est,
469 650 550 676 quam
566 642 638 676 quod
663 642 736 669 Deus
762 649 796 668 ex
813 641 871 675 ipsa
889 641 944 668 for-

159 696 173 710 ι·
186 695 229 713 am
243 693 364 713 nostram
389 688 567 721 assumpserit
588 688 622 714 At
641 695 706 714 vero
720 691 748 714 ut
764 687 789 713 id
799 686 831 713 ad
848 686 946 714 idonea

157 731 298 762 evaderet,
315 732 376 758 indc
393 732 618 759 innocentissima
635 733 732 767 adepta
749 736 800 760 est.

195 777 262 804 Cum
287 778 359 804 enim
374 779 564 805 sacratissima.
582 779 621 805 illi
645 780 670 806 in
685 781 778 815 templi
792 780 947 808 recessibus

161 823 280 857 degenti,
295 824 362 850 nihil
376 832 408 850 cx
430 824 557 851 humanis
576 825 601 851 in
619 826 717 852 oculos
732 827 897 857 incurreret.
914 827 947 853 ad

160 869 232 903 quod
247 875 333 896 semet
351 870 421 897 forte
434 871 584 905 elﬁngeret.
604 872 650 898 sed
665 873 751 899 Deum
767 874 856 900 solum
874 873 948 908 jugl-

163 918 204 940 ler
224 916 307 941 menti
330 915 522 942 obversantem
537 916 660 946 haberet.
676 918 760 944 Deum
774 919 862 945 solum
879 919 948 945 allo-

161 964 304 992 qucrctur,
330 965 355 986 el
379 961 513 987 meditatio
538 962 623 988 cordis
644 962 711 997 ejus.
731 967 761 988 ut
786 970 847 989 eum
866 963 948 990 David

164 1005 296 1039 propheta
313 1005 409 1040 loquar
424 1005 456 1037 ³³,
475 1007 501 1032 in
519 1011 656 1039 cortspectn
672 1008 718 1034 Dei
732 1016 835 1043 semper
857 1013 930 1035 esset
942 1030 950 1040 ,

164 1056 195 1075 ac
210 1049 266 1076 sola
280 1049 343 1076 cibo
356 1050 490 1078 divinitus
508 1056 604 1085 parato
628 1052 765 1085 aleretur;
787 1054 901 1087 proinde
917 1053 952 1080 ad

166 1095 210 1122 Dei
229 1095 435 1123 similitudinem
453 1097 634 1124 excellentius
651 1099 864 1133 quibuseunque
880 1100 951 1130 aliis.

162 1145 189 1166 et
203 1140 360 1168 hominibus
377 1142 483 1169 scilicet
498 1147 525 1170 et
537 1143 652 1178 angelis,
662 1143 777 1171 formam
790 1144 886 1170 induta
898 1148 950 1176 est,

163 1186 201 1212 illi
226 1187 327 1221 quippe
352 1188 402 1214 soli
433 1196 496 1215 cum
520 1189 577 1223 ipsa
599 1189 701 1224 jugiter
713 1189 897 1222 conversanti,
913 1194 951 1222 et,

164 1237 297 1265 quanlum
310 1232 363 1259 dici
378 1237 478 1267 potest,
495 1233 529 1260 ab
542 1234 600 1268 ipsa
615 1235 742 1269 cognito,
754 1239 851 1267 semet,
863 1235 952 1270 quoad

166 1276 223 1303 lieri
242 1282 345 1311 posset,
363 1278 442 1312 plane
458 1279 576 1305 similem
589 1278 721 1306 efﬁciens.

202 1322 271 1349 Hinc
285 1330 351 1349 vero
362 1327 389 1349 et
402 1323 531 1353 Creator.
546 1331 607 1350 eum
622 1331 692 1358 opus
717 1325 769 1352 hoc
794 1333 873 1352 suum
899 1325 954 1360 (69)

165 1372 290 1393 cerneret
302 1372 355 1394 tam
373 1367 483 1394 sublimi
495 1367 643 1402 divinaque
660 1368 866 1402 pulchritudine
882 1368 956 1395 nite.

165 1420 252 1444 scere,
269 1413 340 1440 haud
357 1414 497 1448 indignum
512 1414 600 1447 duxit,
616 1419 646 1442 ut
660 1414 701 1441 vel
715 1415 830 1442 formam
844 1415 956 1442 facturae

166 1465 222 1485 suae
259 1459 316 1493 ipse
350 1459 498 1492 indueret,
525 1460 616 1487 sciens
638 1460 778 1494 aequitatis
797 1468 875 1494 esse,
901 1461 956 1488 imo

168 1504 254 1538 magis
278 1505 389 1539 proprie
415 1505 542 1537 dixerim,
560 1506 748 1541 benignitatis,
763 1511 794 1533 ut
815 1507 872 1536 illi.
897 1514 958 1542 qua:

171 1550 296 1583 quidem,
313 1556 446 1585 quantum
462 1556 595 1578 creatura:
615 1552 703 1585 licuit,
729 1560 763 1579 eo
777 1552 902 1580 ascendit
928 1556 959 1580 ut

170 1597 315 1624 maximam
331 1605 393 1624 cum
407 1605 441 1625 eo
454 1598 662 1625 similitudinem
677 1604 802 1633 gereret,
812 1599 883 1625 hanc
897 1587 960 1633 ἔιδο-

171 1644 235 1669 Iiam
253 1643 368 1670 invicem
385 1643 567 1678 rependeret,
592 1649 622 1671 ut
641 1649 669 1671 et
688 1645 746 1679 ipse
766 1644 958 1677 descenderet,

170 1692 198 1713 et
213 1689 335 1715 eamdem
351 1697 412 1715 cum
431 1697 464 1716 ea
485 1689 612 1721 formam,
629 1694 655 1716 et
671 1697 842 1725 quacunque
855 1690 907 1718 alia
925 1690 959 1717 ad

172 1735 255 1761 vitam
278 1739 413 1769 spectant,
439 1735 598 1762 communia
620 1743 682 1762 cum
712 1736 769 1770 ipsa
784 1737 906 1763 haberet.
927 1737 962 1764 Et

172 1781 270 1807 exinde
298 1786 410 1815 propter
436 1781 555 1816 Virginis
581 1789 643 1808 cum
669 1782 725 1809 Deo
744 1782 960 1815 similitudinem,

174 1827 245 1853 Deus
260 1835 368 1862 quoque
381 1836 413 1855 ex
430 1829 485 1862 ipsa
499 1827 588 1855 factus
599 1834 641 1856 est
653 1828 732 1855 nobis
744 1828 852 1855 similis.

207 1873 304 1900 ΧΧΙΠ.
322 1873 398 1906 Quod
413 1874 435 1901 si
449 1874 601 1908 purissimae
618 1874 657 1901 illi
671 1878 776 1901 tantum
797 1873 962 1902 innocentia:

171 1920 355 1954 suppetebat,
385 1925 415 1948 ut
441 1921 599 1956 ubicunque
627 1920 738 1947 demum
779 1925 959 1952 versaretur,

1033 415 1098 441 KB’.
1125 413 1194 441 Ἀλλ’
1212 413 1307 448 ἔμοιγε
1322 412 1413 445 δοκεῖ.
1433 410 1512 437 τοῦτο
1529 410 1576 437 καὶ
1593 410 1718 445 θεμέλιον
1735 411 1783 436 καὶ

997 460 1075 498 ῥίζαν
1092 460 1144 486 τῶν
1163 460 1285 494 ὲπχὰτων
1299 459 1346 484 καὶ
1363 457 1471 492 ὑψηλῶν
1487 457 1538 484 οὐκ
1556 457 1588 483 ἄν
1603 465 1643 488 τις
1662 456 1782 492 ἁμάρτοι

995 507 1129 537 καλέσας·
1147 505 1224 530 οὐδὲν
1242 504 1292 539 μὲν
1314 505 1368 538 γὰρ
1384 502 1561 538 ὑψηλότερον,
1578 502 1595 537 ἡ
1609 510 1635 528 τι
1652 501 1705 528 τῶν
1720 501 1782 528 κατ’

995 551 1091 586 αὐτὴν,
1105 551 1122 586 ἦ
1138 559 1164 577 τι
1180 550 1234 576 τῶν
1251 550 1380 576 ἁπάντων
1392 548 1497 581 ἕτερον,
1514 548 1530 583 ἢ
1543 548 1612 574 Θεὸν
1632 547 1694 574 καθ’
1708 547 1784 581 ἡμᾶς

996 599 1025 631 ἐξ
1050 599 1136 632 αὐτῆς
1162 595 1361 632 μορφωθῆναι”
1390 595 1459 631 πρὸς
1485 594 1513 621 δὲ
1539 594 1617 622 τοῦτο
1638 594 1744 621 ἐκεῖθεν
1766 594 1784 629 ἡ

996 645 1134 679 πάναγνος
1149 643 1213 678 ἔσχε
1229 641 1278 678 τὴν
1293 641 1511 677 ἐπιτηδειότητα.

1039 777 1084 804 Ἐν
1099 777 1152 812 γὰρ
1174 777 1231 808 τοῖς
1246 776 1357 808 ἀϐάτοις
1371 777 1388 812 ἡ
1417 776 1571 810 πάνσεμνος
1590 775 1766 810 διατρίϐουσα
1777 794 1786 807 ,

999 825 1061 852 ἐπεὶ
1077 824 1127 851 οὐκ
1143 821 1178 859 ἦν
1197 832 1224 850 τι
1241 823 1295 850 τῶν
1310 823 1490 858 ἀνθρωπείων
1511 823 1587 854 ἰδεῖν,
1603 820 1624 856 ᾦ
1641 823 1672 849 ἂν
1688 822 1788 856 ἑαυτὴν

999 870 1171 905 ὁμοιώσειεν,
1186 871 1229 897 ἀεὶ
1244 869 1271 896 δὲ
1284 869 1350 896 Θεὸν
1364 868 1397 905 ἦν
1415 869 1493 904 μόνον
1511 868 1712 903 φανταζομένη,
1727 868 1788 902 Θεῷ

1002 917 1075 951 μόνῳ
1100 915 1310 952 προσλαλοῦσαι,
1338 915 1387 942 καὶ
1410 916 1429 949 ἠ
1450 915 1562 950 μελέτη
1586 914 1641 949 τῆς
1665 914 1789 948 καρδίας

1000 962 1103 996 αὐτῆς,
1121 962 1192 989 κατὰ
1213 962 1258 988 τὸν
1281 963 1425 997 προφήτην
1443 962 1525 995 φάναι
1542 961 1634 992 Δαόὶδ,
1656 961 1786 987 ἐνώπιον

1002 1009 1076 1036 Θεοῦ
1099 1008 1272 1041 διαπαντὸς,
1290 1008 1383 1035 θεόθεν
1401 1008 1469 1042 μόνη
1484 1008 1655 1042 τυγχάνουσα
1668 1007 1788 1042 τροφῆς,

1001 1057 1049 1082 καὶ
1064 1055 1132 1089 πρὸς
1146 1055 1275 1088 ὁμοίωσιν
1289 1053 1356 1080 Θεοῦ
1381 1054 1450 1088 ὑπὲρ
1469 1055 1608 1086 ἅπαντας,
1626 1053 1789 1088 ἀνθρώπους

1002 1101 1074 1136 φημὶ
1091 1101 1138 1127 καὶ
1151 1100 1299 1134 ἀγγέλους,
1321 1099 1421 1134 ἔφθασε
1439 1098 1633 1134 μορφωθεῖσι,
1655 1098 1743 1132 τούτῳ
1758 1097 1791 1133 δὴ

1004 1147 1078 1182 μόνῳ
1093 1147 1131 1181 τῷ
1157 1147 1244 1181 συχνὰ
1269 1145 1522 1181 προσομιλουμένῳ,
1552 1145 1598 1172 καὶ
1622 1143 1678 1171 οἷον
1702 1144 1792 1171 εἰπεῖν

1001 1191 1207 1227 γνωριζομένῳ,
1225 1191 1334 1226 ἑαυτὴν,
1353 1190 1391 1222 ὼς
1414 1187 1470 1216 οἷόν
1491 1198 1521 1217 τε
1542 1187 1586 1225 ἦν,
1604 1188 1713 1224 ἐμφερῆ
1732 1197 1793 1216 ποι-

1003 1236 1129 1272 ησαμένη
1145 1235 1248 1270 σαφῶς.

1043 1326 1087 1352 Διὺ
1112 1326 1160 1352 καὶ
1180 1325 1194 1351 ὁ
1220 1323 1344 1359 Πλάστης
1371 1323 1411 1355 είς
1434 1323 1561 1350 τοσοῦτον
1579 1322 1681 1358 ὑψηλοῦ
1703 1330 1732 1348 τε
1746 1321 1795 1348 καὶ

1007 1371 1083 1398 θείου
1117 1370 1232 1402 κάλλους
1264 1368 1395 1404 ἑωρακὼς
1427 1368 1458 1394 τὸ
1489 1369 1589 1394 οἰκεῖον
1615 1366 1794 1401 λαμπρυνθὲν

1007 1418 1115 1453 ποίημα
1125 1437 1132 1450 ,
1146 1417 1222 1443 οὐδὲν
1236 1416 1348 1449 ἀνάξιον
1361 1415 1430 1450 ᾤετο
1447 1415 1494 1441 καὶ
1506 1414 1586 1445 αὐτὸς
1603 1414 1652 1448 τὴν
1663 1413 1710 1439 τοῦ
1727 1413 1795 1440 πλά-

1009 1472 1112 1499 σματος
1133 1463 1294 1499 περιθέσθαι
1325 1462 1444 1497 μορφὴν,
1470 1461 1578 1488 δίκαιον
1593 1460 1694 1495 μᾶλλον
1707 1459 1736 1494 ἢ.
1761 1457 1796 1485 ἶν’

1008 1511 1175 1545 οἰκειότερον
1187 1511 1267 1541 είπω,
1289 1509 1483 1544 φιλάνθρωπον
1508 1507 1646 1542 ἐγνωκὼς.
1663 1506 1697 1533 ἵν’
1714 1505 1794 1540 ὅπερ,

1009 1558 1070 1584 ὅσον
1088 1556 1162 1591 ἐξῆν,
1183 1555 1311 1590 ἀνῆλθεν,
1326 1555 1363 1586 ὡς
1381 1554 1440 1580 κατ’
1456 1552 1540 1581 αὑτὸν
1555 1551 1691 1586 γενέσθαι,
1708 1549 1796 1584 τούτῳ

1009 1602 1159 1637 χαρίσηται
1174 1602 1204 1628 τὸ
1217 1600 1370 1632 κατελθεῖν,
1392 1599 1442 1633 τῆς
1456 1607 1485 1625 τε
1502 1598 1605 1629 εἰκόνος
1616 1596 1690 1631 αὑτῷ
1703 1604 1797 1622 κεκοι-

1010 1647 1162 1682 νωνηκέναι
1181 1647 1229 1674 καὶ
1243 1646 1292 1681 τῆς
1308 1645 1390 1680 ἄλλης
1405 1645 1510 1677 διαίτης
1520 1652 1528 1659 υ
1545 1643 1620 1670 ἔνθεν
1636 1642 1684 1669 καὶ
1701 1641 1796 1675 γέγονε

1010 1692 1055 1719 διὰ
1079 1693 1128 1727 τὴν
1151 1692 1199 1726 τῆς
1221 1691 1361 1727 Παρθένου
1385 1690 1455 1726 πρὸς
1484 1690 1550 1718 Θεὸν
1578 1689 1706 1724 ὁμοίωσιν
1732 1688 1798 1719 Θεὸς

1011 1739 1078 1774 ἡμῖν
1093 1737 1122 1770 ἐξ
1136 1738 1221 1773 αὐτῆς
1236 1737 1339 1773 ὅμοιος.

1048 1869 1112 1897 KI".
1131 1869 1163 1896 Εἰ
1178 1869 1232 1905 γὰρ
1247 1869 1295 1896 καὶ
1309 1868 1436 1896 τοσοῦτον
1450 1869 1483 1904 τῇ
1501 1868 1632 1903 πανάγνῳ
1647 1868 1746 1903 περιῆν
1760 1868 1800 1899 είς

1013 1916 1138 1950 ἁγνείαν,
1164 1916 1234 1943 ὥστε
1251 1916 1305 1950 ὅπη
1326 1924 1378 1949 περ
1394 1914 1427 1941 ἂν
1447 1915 1549 1950 παρῆν,
1569 1915 1653 1948 ’Ἅγια
1667 1912 1738 1940 εἶναι
1754 1913 1800 1939 τὸν

174 1968 262 1991 locum
275 1965 363 2000 ipsum
380 1966 406 1993 in
422 1966 518 1994 Sancta
534 1971 690 1995 sanctorum
708 1970 880 1994 converteret
896 1966 951 2001 (70)

1016 1962 1097 1989 τόπον
1127 1962 1214 1996 ἁγίων
1233 1961 1331 1994 εὐθὺς,
1357 1962 1406 1988 καὶ
1432 1961 1535 1997 βραχέα
1558 1960 1574 1996 ἦ
1599 1960 1675 1986 οὐδὲν
1694 1961 1804 1994 ἀναχω-

173 2016 198 2038 ct
212 2012 255 2038 vix
273 2016 319 2038 aut
335 2020 369 2039 ue
385 2013 429 2039 vix
449 2012 560 2047 quidem
584 2019 694 2039 secessu
709 2015 757 2039 aut
777 2011 876 2047 quovis
897 2012 962 2045 alio,

173 2057 246 2090 quod
265 2058 343 2085 locus
367 2058 498 2092 praebeat,
526 2058 655 2093 praasidio
678 2057 832 2093 indigeret:
856 2065 962 2092 nequa-

174 2110 255 2136 quam
284 2107 375 2130 tamen
408 2103 561 2130 concedere
586 2104 721 2138 quispiam
751 2103 866 2138 poterit,
894 2095 963 2129 nihil

175 2155 288 2181 prorsus
301 2148 470 2176 mansionem
480 2149 562 2177 illam.
578 2149 743 2176 inaccessam
756 2153 784 2176 et
797 2148 832 2175 ab
843 2148 963 2175 humana

175 2194 374 2221 consuetudine
393 2199 544 2225 remotam.
570 2195 602 2222 ad
629 2195 748 2222 divinam
777 2193 963 2221 ascensionem

179 2237 281 2272 Virgini
294 2238 440 2273 profuisse,
458 2241 568 2274 quando
581 2241 638 2274 ipse
655 2247 766 2274 quoque
782 2238 917 2271 Salvator,
936 2238 963 2265 in

178 2285 259 2311 terris
270 2292 332 2312 cum
345 2290 512 2316 versaretur.
522 2293 631 2313 recessu
640 2289 668 2313 et
685 2289 787 2317 monte,
799 2284 845 2311 ubi
857 2284 964 2311 Patrem

176 2338 207 2357 ac
218 2331 303 2358 Deum
314 2336 405 2359 araret
416 2336 444 2359 et
455 2332 640 2366 alloqueretur
651 2352 658 2365 ,
667 2331 818 2359 delectatus
829 2330 962 2366 cernitur.

213 2377 252 2404 Re
272 2378 329 2413 ipsa
348 2378 430 2413 igitur
445 2386 522 2406 sacra
538 2379 583 2406 illa
601 2377 753 2413 penetralia
765 2377 855 2404 Beata:
867 2381 964 2410 comi;-

177 2423 278 2458 lerunt,
291 2429 321 2451 ut
339 2425 450 2452 domum
467 2433 542 2453 suam
555 2425 761 2452 administraret
775 2422 923 2458 sapienter,
935 2426 964 2450 et

214 2495 236 2511 "
256 2494 328 2522 Psal.
346 2503 424 2528 xvnt,
439 2495 483 2523 15.

1019 2011 1125 2046 ρήσεως
1142 2009 1159 2045 ἢ
1177 2009 1228 2043 τῆς
1244 2009 1276 2036 ἐκ
1290 2009 1373 2035 τόπου
1389 2008 1493 2035 δεῖσθαι
1511 2007 1672 2042 συνεργείας
1686 2007 1782 2040 ἑτέρας
1793 2025 1801 2038 ,

1018 2056 1076 2083 ἀλλ’
1091 2056 1141 2082 οὐκ
1155 2055 1188 2083 ἃν
1205 2055 1262 2090 ἔχοι
1285 2063 1329 2086 τις
1353 2055 1402 2081 καὶ
1424 2054 1479 2081 ἀπὸ
1501 2053 1551 2088 τῆς
1569 2053 1671 2080 ἀϐάτου
1687 2053 1733 2079 καὶ
1747 2051 1803 2078 τῶν

1018 2101 1196 2137 ἀνθρωπείων
1223 2101 1329 2134 ἐρήμου
1360 2099 1502 2134 διατριϐῆς
1525 2099 1635 2133 ἐκείνης
1668 2098 1706 2133 μὴ
1735 2099 1803 2132 πρὸς

1018 2147 1093 2174 θείαν
1111 2146 1216 2182 ὕψωσιν
1230 2146 1323 2173 δοῦναι
1339 2147 1482 2181 συνεργεῖν
1497 2147 1531 2180 τῇ
1545 2145 1687 2180 Παρθένῳ,
1704 2144 1756 2175 ἕως
1773 2140 1804 2170 οὗ

1017 2193 1065 2220 καὶ
1084 2194 1117 2228 τῇ
1133 2193 1168 2228 γῇ
1194 2192 1289 2227 παρὼν
1313 2192 1327 2218 ὸ
1351 2192 1446 2227 Σωτὴρ
1470 2191 1644 2226 ἀναχωρήσει
1666 2189 1804 2216 δείκνυται

1017 2237 1120 2274 χαίρων
1148 2238 1196 2264 καὶ
1217 2236 1287 2272 ὄρει,
1315 2237 1364 2271 τῆς
1389 2236 1457 2271 πρὸς
1474 2236 1520 2262 τὸν
1541 2235 1651 2270 Πατέρα
1669 2235 1715 2262 καὶ
1736 2235 1804 2261 Θεὸν

1017 2284 1100 2320 εὐχῆς
1115 2284 1195 2319 χάριν
1209 2285 1258 2311 καὶ
1270 2283 1390 2315 ὁμιλίας.

1058 2373 1164 2401 Ἐκεῖνα
1174 2361 1267 2400 τοίνυν
1290 2372 1374 2404 ὅντως
1387 2372 1421 2400 τὰ
1433 2372 1522 2400 ἄϐατα
1538 2372 1571 2407 τῇ
1587 2370 1709 2406 μακαρίᾳ
1728 2377 1802 2403 παρη

1018 2421 1097 2455 έσχον
1125 2419 1265 2455 φρονίμοις
1286 2418 1466 2454 οἰκονομῆσαι
1485 2417 1531 2445 καὶ
1544 2418 1605 2449 ταῖς
1618 2415 1804 2452 θεραπαινίσι,

807 2551 877 2580 Ant.
899 2548 1045 2580 Ballerini
1069 2550 1166 2579 noue.

216 2631 270 2664 (69)
289 2631 347 2658 .lam
365 2638 435 2665 saepe
450 2630 517 2666 alias
529 2628 679 2666 innuimus.
697 2625 808 2666 Mariam
825 2626 886 2666 ideo
909 2625 968 2652 sin-

180 2661 267 2701 gulari
282 2661 488 2702 quadatu'laude
505 2665 543 2691 uti
562 2664 608 2690 Dei
623 2670 686 2702 opus
702 2661 836 2702 celebrari
849 2668 968 2687 consue-

182 2702 264 2730 visse.
279 2701 351 2734 Quod
376 2701 506 2735 s:ngulari
522 2701 700 2734 praerogativa
713 2701 739 2723 in
757 2703 814 2731 Ipsa
836 2702 885 2723 sua
900 2702 969 2723 con-

183 2736 287 2763 ditione
301 2736 540 2763 fueritexornata.
742 2768 747 2770 _
793 2766 807 2770 _
842 2765 857 2770 Α
960 2765 965 2770 _

220 2771 275 2803 (τοι
294 2771 339 2798 llis
367 2779 486 2798 consona
511 2777 542 2797 ea
568 2774 642 2800 sunt.
660 2776 720 2801 quae
742 2768 768 2794 in
790 2766 819 2803 δ.
838 2765 966 2803 Germani

186 2801 298 2834 humilia
321 2806 445 2843 ejusdem
467 2804 620 2842 argumenti
647 2803 762 2839 legimus
785 2801 809 2838 (ξ
835 2802 882 2833 10,
906 2809 967 2836 sup.

1019 2632 1082 2659 pag.
1099 2624 1174 2658 3H).
1191 2630 1254 2659 eum
1274 2621 1405 2659 sacerdos
1416 2620 1572 2659 puellulam
1586 2618 1728 2653 alloquens
1746 2616 1803 2659 ait:

1022 2652 1081 2686 Noun
1094 2652 1201 2685 cuii/tte
1217 2657 1304 2683 altare
1319 2652 1481 2690 sanctiﬁcat,
1503 2657 1556 2682 imo
1569 2662 1630 2690 vero
1645 2652 1660 2680 ὰ
1677 2658 1707 2690 ru.-
1730 2652 1807 2690 uberf

1019 2695 1083 2721 rima
1096 2692 1288 2729 sanctiﬁcatur:
1307 2691 1388 2729 Vides
1403 2689 1494 2718 autem
1506 2691 1564 2717 haec
1579 2689 1612 2729 ad
1623 2689 1764 2729 puritatem
1778 2689 1804 2729 et

1018 2724 1198 2756 innocentiam
1212 2727 1340 2761 puellula:
1357 2731 1571 2762 spectare.rqua-,
1588 2724 1806 2762 singularissima

1020 2764 1082 2791 ideo
1100 2763 1161 2792 fuit.
1176 2759 1252 2797 quia.
1280 2765 1309 2788 ut
1328 2759 1469 2796 inquiebat
1493 2759 1578 2797 {715,
1598 2759 1718 2787 Isidorus
1737 2759 1805 2792 ipse.

1020 2807 1070 2827 non
1088 2800 1113 2827 in
1128 2797 1307 2832 iniquitatibus
1317 2801 1439 2832 concepta
1452 2796 1508 2832 ipse
1522 2796 1619 2830 fuerat.
