1932 3072
181 147 215 176 75
726 141 874 171 ISlDORi
894 140 1266 174 TllESSALONfCENSlS
1770 146 1804 177 76

180 202 253 238 quod
272 203 375 236 pariter
395 200 511 228 aﬂlrmat
527 197 640 226 divinus
660 198 704 226 ille
728 199 828 226 Paulus
853 199 887 230 '°,
905 206 963 226 cum

1021 198 1074 231 θῶς
1091 197 1161 226 εἶναι
1185 199 1273 227 πάντα.
1293 199 1390 234 χαρᾶς,
1410 199 1596 233 ἀγαλλιάσεως
1620 200 1723 235 πλήρη,
1739 212 1803 236 φαι-

179 256 240 279 nos,
266 254 385 282 quorum
410 253 492 274 causa
513 252 587 272 nunc
606 244 695 272 omnis
709 248 832 271 creatura
849 244 961 278 patitur,

179 295 304 322 cmlestia
322 293 413 328 adepti
434 291 580 319 fuerimus.
597 290 695 328 omnia
721 290 813 324 itaque
830 289 962 317 hodierna

1015 245 1124 280 δρότητι
1139 245 1342 280 διαλάμποντα,
1359 245 1459 281 (lt-{itaita
1477 247 1634 282 παντοδαπῇ
1650 249 1696 274 καὶ
1710 249 1802 284 χάριτι

1017 290 1171 317 στίλϐοντα.

181 343 225 369 die
252 340 351 376 gaudio
377 327 527 371 exundant,
552 327 643 364 omnia
667 335 860 363 exsultationis
884 335 964 370 plena
984 341 1058 368 sunt,
1092 336 1230 364 hilaritate
1253 336 1397 371 fulgentia,
1422 338 1496 365 omni
1531 338 1676 373 splendore
1702 348 1733 368 ac
1757 349 1804 369 ve-

179 393 288 416 nustate
307 386 458 414 rutilantia.

215 436 258 463 ιν.
274 434 352 467 Quod
373 440 439 469 vero
462 432 490 458 in
513 431 653 458 communi
672 430 807 463 omnium,
831 433 967 465 quotquot

179 486 299 512 exstant,
315 479 419 511 laetitia,
434 478 479 505 ille
494 477 624 511 nequitiae
635 477 734 504 artifex
750 484 785 503 nc
801 483 885 510 prope
901 475 965 509 qui-

180 530 242 555 dem
259 526 392 554 accedere
416 524 449 550 ad
464 523 534 550 hanc
548 522 749 558 iucunditatem
762 522 872 553 audeat,
896 521 966 548 nihil

178 578 220 601 est
235 571 401 599 mirandum.
418 569 486 596 Cum
499 568 572 595 enim
585 572 683 602 sponte
705 575 754 595 sua
775 567 896 594 tenebris
911 567 964 594 illis

179 626 239 646 sese
260 617 318 651 ipse
337 614 515 646 immerserit,
534 620 600 640 sane
618 613 713 640 volens
730 613 891 647 pravitatem
908 619 964 638 non

179 663 284 697 effugit,
303 668 354 688 nec
374 659 526 687 claritatem
543 658 681 693 quaesivit,
697 658 744 685 sed
771 658 890 693 perstitit
912 657 965 685 illis

179 709 246 744 ipsis
261 715 322 735 sese
346 706 487 734 oblectans
503 704 633 736 miseriis,
653 704 681 731 in
703 711 771 738 quas
788 703 883 738 utique
898 711 963 738 pro-

178 755 271 789 lapsus
283 757 335 780 est.
352 751 517 785 Quicunque
542 758 626 785 porro
650 755 741 778 mente
764 749 871 784 prmdili
889 753 963 780 sunt,

178 800 253 828 haud
280 805 432 826 consonum
459 797 560 823 rationi
587 796 681 828 fuerit,
706 800 736 823 ut
756 796 799 823 vel
827 795 906 822 inviti
932 802 965 822 ea

178 847 380 882 adipiscantur,
406 851 467 879 qua:
492 843 644 885 voluntatis
672 842 788 870 arbitrio
807 846 873 869 suttt
895 840 962 868 sub-

1050 428 1086 454 A'.
1109 426 1141 452 Et
1157 425 1196 458 δὲ,
1213 425 1323 452 πάντων
1345 425 1395 460 μὲν
1413 426 1468 453 τῶν
1486 427 1571 455 ὄντων
1593 432 1680 465 χαρᾶς
1700 432 1803 458 ἀπολα-

1015 473 1128 505 ϐόντων,
1145 471 1294 506 οὐδ’ὲγγὺς
1310 472 1417 505 γίνεται
1438 474 1488 508 τῆς
1502 473 1577 509 ὥρας
1599 478 1612 502 ὀ
1631 477 1678 510 τῆς
1700 479 1802 509 κακίας

1014 519 1189 554 δημιουργὸς,
1203 519 1363 553 θαυμαστὸν
1387 520 1473 546 οὐδέν.
1494 520 1581 547 Ἐκὼν
1602 522 1657 556 γὰρ
1675 521 1752 555 οὗτος
1769 524 1799 551 τὸ

1015 564 1109 594 σκότος
1134 562 1240 594 παθὼν,
1265 562 1336 589 ἑκὼν
1361 564 1392 590 οὺ
1416 564 1529 598 διέφυγε
1554 566 1604 600 τὴν
1631 567 1799 602 μοχθηρίαν·

1013 610 1074 636 οὐδὲ
1101 610 1150 645 τὴν
1182 610 1363 645 λαμπρότητα
1391 611 1582 646 ἐπεζήτησεν,
1605 613 1664 640 ἀλλ’
1692 615 1802 648 ἔμεινεν

1014 655 1165 690 ἐντρυφῶν,
1185 653 1257 692 ᾗπερ
1273 656 1457 690 ἐμπέπτωκεν
1480 657 1632 693 ἀθλιότητι.
1656 660 1689 685 Ἀ
1703 660 1730 685 δὲ
1746 661 1801 687 τῶν

1014 701 1132 727 ἑκόντων
1150 702 1178 727 ὲν
1193 702 1251 732 τοῖς
1265 700 1328 727 νοῦν
1341 701 1459 736 ἔχουσιν,
1476 702 1567 738 εὑρεῖν
1588 704 1700 737 ἄκοντα,
1720 706 1800 739 λόγον

1013 747 1062 773 οὐκ
1084 747 1118 774 ἂν
1134 748 1177 781 εἴη
1205 747 1310 779 σῶζον·
1333 747 1350 774 ἃ
1371 748 1425 784 γὰρ
1451 757 1494 780 τις
1520 750 1684 784 ἀπωθεῖται,
1708 751 1801 778 λαϐεῖν

1013 795 1064 820 οὐκ
1077 794 1126 821 ἔνι.
1143 794 1244 821 Καλεῖν
1265 795 1319 830 ἄρα
1339 796 1408 830 πρὸς
1429 797 1558 836 εὐωχίαν,
1614 799 1683 834 μήτε
1699 799 1801 834 χαίρων

1014 841 1028 866 ὁ
1041 840 1209 875 ἀποστάτης,
1227 841 1297 876 μήτε
1315 842 1429 876 γνώμην
1452 843 1540 874 διδοὺς
1562 841 1607 878 ἦν,
1629 845 1726 880 πόρρω
1745 846 1800 871 τῶν

175 874 263 928 jecta;
291 898 351 925 quae
375 889 448 916 enim
465 888 591 924 quisquis
607 878 708 923 rejicit,
725 894 897 921 nequaquam:
914 894 963 921 par

1015 874 1182 913 ἀκολούθων,
1205 874 1327 920 Ἐγίνετο
1350 874 1412 923 γᾶρ-
1428 887 1461 914 ἂν
1486 874 1800 926 παραπ>.ησιον,ὥσπερ

177 941 230 968 est,
250 940 281 963 ut
293 942 389 962 eorum
407 933 546 969 particeps
560 933 620 967 ipse
634 931 741 960 evadat.
762 932 822 959 Non
836 935 896 958 erat
910 930 963 966 igi-

179 987 224 1010 tur
249 989 265 1008 e
293 988 334 1013 re,
361 979 394 1006 ad
412 978 512 1006 laetitiae
527 977 683 1005 convivium
709 980 860 1012 apostatant
885 976 963 1002 illum

178 1027 323 1058 advocare,
342 1025 389 1060 qui
401 1032 453 1052 nec
464 1024 564 1059 gaudio
580 1023 642 1050 inde
654 1023 770 1050 affectus
785 1022 843 1058 ipse
855 1022 961 1054 fuisset,

178 1079 230 1100 nec
255 1071 389 1098 astitisset
416 1069 526 1096 lubens.
551 1068 668 1096 Perinde
691 1067 765 1095 enim
786 1075 872 1102 prope
893 1067 963 1095 fuis-

177 1122 230 1150 set,
251 1125 283 1145 ac
307 1117 331 1145 si
351 1115 413 1151 quis
426 1122 503 1142 suem
519 1122 598 1142 cteno
613 1113 776 1149 gaudentem
797 1113 963 1148 jucunditati

177 1164 276 1191 ﬂerunt
301 1161 482 1193 immitteret';
502 1167 557 1195 quo
579 1167 646 1187 sane
675 1167 765 1194 neque
789 1163 895 1194 gratum
911 1159 964 1194 ipsi

177 1207 281 1243 aliquid
296 1207 410 1238 faceret,
430 1214 445 1232 a
463 1205 521 1233 suis
535 1206 612 1233 illuni
628 1204 734 1232 deliciis
748 1205 774 1231 vi
788 1204 962 1237 abstrahens,

176 1260 204 1282 et
218 1259 358 1289 pratorqu
375 1254 511 1281 venustati
529 1253 642 1280 inferret
661 1252 798 1287 iniuriam.
814 1252 964 1286 Propterea

177 1308 192 1327 a
206 1300 345 1327 communi
355 1299 477 1326 omnium
490 1298 588 1332 gaudio
600 1297 847 1330 mansitexclusus,
860 1297 962 1331 quippe

177 1346 224 1381 qui
252 1345 358 1373 etiamsi
389 1344 484 1371 fuisset
505 1347 628 1375 vocatus,
651 1342 775 1369 affuisset
800 1342 912 1376 invitus,
935 1347 962 1370 et

176 1393 279 1428 probro
295 1391 405 1418 futurus
423 1394 513 1422 esset;
538 1389 586 1416 sed
608 1390 635 1416 in
645 1389 777 1424 judicium
799 1388 889 1423 magni
910 1388 962 1414 diei

177 1439 288 1468 vinculis
309 1439 412 1465 cateruis
430 1437 476 1464 sub
494 1437 607 1472 caligine
625 1437 646 1452 δι
663 1440 820 1463 reservatus
837 1439 895 1467 est,
918 1435 961 1462 in-

178 1485 247 1520 quit,
269 1484 410 1518 apostolus
424 1483 520 1515 .ludas,
546 1486 573 1510 et
601 1483 628 1510 in
653 1483 739 1517 ignem
755 1483 805 1517 ipsi
825 1485 960 1515 paratum,

1013 931 1040 957 al’
1054 939 1096 963 τις
1121 933 1223 967 χοῖρον,
1245 932 1368 968 βορϐόρῳ
1394 934 1536 969 χαίροντα,
1557 935 1600 961 ἐπ’
1616 936 1720 963 ἀνθέων
1738 937 1800 970 ἄγοι

1012 977 1194 1013 τερπνότητα,
1216 978 1279 1013 μήτ’
1305 979 1412 1006 ἐκεῖνον
1439 980 1605 1015 εὐφραίνων,
1631 981 1687 1008 τῶν
1713 982 1800 1016 φίλων

1013 1023 1151 1057 ἀφέλκων,
1165 1024 1215 1050 καὶ
1239 1024 1294 1051 τῶν
1320 1025 1462 1060 λειμώνων
1485 1026 1604 1061 ὑϐρίζων
1633 1027 1683 1062 τὴν
1708 1028 1798 1062 χάριν.

1013 1068 1063 1096 Διὰ
1083 1069 1163 1096 τοῦτο
1176 1069 1229 1102 ἔξω
1251 1070 1300 1105 μὲν
1314 1071 1364 1105 τῆς
1377 1072 1554 1107 παγκοσμίου
1568 1074 1668 1108 χαρᾶς,
1686 1073 1724 1105 ὡς
1737 1074 1798 1099 οὒτε

1013 1115 1110 1149 θέλων,
1129 1116 1176 1142 καὶ
1192 1116 1395 1152 προσυόρισων,
1410 1117 1463 1152 εἴγ’
1477 1119 1618 1154 ἐκέκλητο,
1632 1120 1781 1155 τετήρηται
1791 1128 1800 1137 ”

1012 1162 1056 1192 εις
1070 1161 1099 1187 δὲ
1117 1161 1219 1195 κρίσιν
1241 1163 1378 1198 μεγάλης
1407 1164 1520 1199 ἡμέρας
1541 1165 1665 1199 δεσμοῖς
1689 1166 1797 1198 ἀιδίοις

1012 1209 1071 1235 ὑπὸ
1087 1208 1186 1242 ζόφον,
1207 1208 1308 1241 Ἰούδας
1323 1210 1405 1245 φησὶν
1417 1211 1430 1236 ὀ
1445 1211 1606 1243 ἀπόστολος,
1621 1212 1667 1238 καὶ
1677 1211 1709 1238 τὸ
1724 1213 1799 1246 ἡτοι-

1010 1253 1168 1288 μασμένον
1180 1253 1251 1287 πῦρ,
1268 1255 1306 1285 ὡς
1329 1256 1358 1282 ὲν
1380 1256 1559 1290 Εὺαγγελίοις
1583 1257 1728 1291 ἀκούομεν.
1750 1253 1800 1282 *Ων

1013 1300 1068 1335 γὰρ
1083 1300 1315 1336 ἀπειλουμένωνῆ
1330 1302 1507 1336 καλουμένων
1524 1303 1696 1338 ἡδιδρθωσις
1710 1304 1801 1330 τίκτε-

1013 1354 1070 1378 ται,
1088 1346 1136 1372 καὶ
1161 1345 1252 1380 τοῦτο,
1277 1347 1392 1374 καθόσον
1419 1349 1552 1384 ἑκάτερον
1573 1350 1733 1384 ὲγχωρεῖ,ἢ
1753 1351 1802 1376 καὶ

1015 1391 1109 1426 ἄμφω,
1134 1391 1239 1418 τούτων
1262 1393 1306 1419 ἀεὶ
1330 1393 1369 1428 τῷ
1396 1393 1456 1429 Θεῷ
1475 1395 1568 1429 μέλεμ
1588 1393 1644 1427 οἷος
1661 1395 1691 1421 δὲ
1717 1395 1754 1430 μὴ
1771 1395 1801 1420 τὸ

1015 1439 1165 1472 σωφρονεῖν
1188 1438 1305 1471 ἐκεῖθεν,
1322 1439 1432 1475 ὄλεθρος
1448 1441 1465 1474 ἡ
1483 1441 1623 1476 ἐπίκρισις
1637 1450 1644 1457 ·
1669 1443 1717 1468 καί
1737 1441 1801 1467 τού-

1015 1491 1069 1508 των
1086 1483 1219 1519 ἑκατέρου
1237 1485 1378 1511 Νινευῖται
1396 1486 1534 1521 μάρτυρες
1549 1489 1595 1513 καὶ
1609 1486 1764 1521 Σοδομῖται.

177 1531 250 1558 sicut
275 1531 302 1557 in
330 1529 485 1564 Evangeliis
511 1528 627 1564 legimus
659 1529 693 1556 “.
726 1527 835 1555 Etenim
865 1527 889 1554 si
912 1527 959 1562 qui
979 1528 1172 1562 emendantur,
1196 1530 1238 1557 vel
1262 1530 1345 1558 nimis
1384 1533 1525 1560 conterriti
1562 1533 1604 1561 vel
1625 1533 1706 1574 suavi
1721 1541 1802 1560 voca-

178 1579 253 1606 tione
267 1578 386 1610 attracti,
403 1582 542 1612 utcuttque
566 1577 592 1604 id
616 1577 674 1604 sive
691 1577 826 1604 alterutro
858 1579 976 1608 tantum,
997 1576 1041 1603 vel
1071 1581 1189 1612 utroque
1215 1578 1297 1605 modo
1313 1579 1588 1614 contingat,.eorum
1626 1581 1699 1609 Deus
1731 1589 1803 1608 nun-

177 1633 260 1661 quam
285 1633 380 1652 curam
396 1632 452 1652 non
468 1624 555 1659 gerit;
572 1624 593 1651 si
608 1625 670 1659 quis
681 1628 772 1651 autem
786 1624 849 1651 inde
868 1631 923 1651 non
936 1624 1079 1659 resipiscat
1094 1625 1161 1660 (Si),
1187 1625 1215 1652 in
1241 1627 1392 1661 perniciem
1405 1629 1541 1664 judicium
1554 1630 1689 1664 vertitur;
1705 1635 1734 1658 et
1749 1631 1802 1659 hoc

177 1672 288 1708 quidem
307 1674 456 1705 utrumque
480 1669 607 1696 Ninivita:
622 1676 653 1696 ac
672 1668 819 1696 Sodontiue
832 1672 978 1696 testantur.

171 1736 175 1739 ι
212 1719 244 1746 V.
263 1718 316 1746 Sed
331 1717 480 1753 praesertim
492 1717 566 1744 nullo
576 1724 688 1751 prorsus
700 1718 781 1746 modo
797 1718 922 1750 decebat,
935 1722 963 1744 ut

1053 1720 1089 1745 E'.
1105 1719 1212 1752 Ἀλλως
1229 1729 1258 1747 τε
1276 1722 1322 1748 καὶ
1338 1722 1392 1748 οὐδ’
1409 1722 1441 1749 ἂν
1464 1724 1579 1756 εἰκότως
1591 1725 1630 1760 τῷ
1644 1726 1718 1761 χορῷ
1739 1735 1802 1753 συν-

176 1763 341 1791 exstantium
367 1762 489 1789 omniuttt
506 1762 592 1789 choro
618 1762 815 1798 adjungeretur
835 1762 890 1795 ille,
917 1761 963 1797 qui

1015 1764 1102 1801 δεθείη
1115 1766 1169 1791 τῶν
1182 1766 1277 1799 ὄντων,
1293 1769 1341 1795 τοῦ
1363 1771 1503 1805 μακαρίου
1521 1772 1567 1798 καὶ
1584 1773 1734 1806 παμφαοῦς
1757 1774 1802 1800 ὗν-

178 1817 241 1837 cunt
258 1801 347 1840 ab'eo,
372 1807 418 1842 qui
435 1815 484 1834 sua
506 1813 605 1834 natura
620 1807 762 1835 beatitudo
785 1812 826 1835 est
841 1816 873 1835 ac
887 1809 966 1843 plena

178 1856 236 1887 lux,
258 1853 415 1885 recesserit,
437 1857 465 1880 et
485 1853 571 1888 caligo
596 1854 653 1888 ipse
666 1853 782 1880 effectus
795 1857 848 1885 est,
876 1859 904 1880 et
918 1854 966 1881 da-

178 1904 234 1927 tam
251 1898 303 1926 sibi
325 1897 487 1925 naturaliter
510 1897 679 1932 intelligendi
697 1897 762 1931 vint,
780 1898 807 1924 in
824 1898 862 1930 id,
888 1898 962 1932 quod

177 1949 220 1973 est
230 1945 358 1976 nihilum,
374 1943 500 1974 insumit.
516 1942 748 1977 quemadmodum
768 1943 878 1970 divinus
895 1951 965 1978 quo-

177 1996 231 2026 que
247 1990 293 2018 ille
309 1989 441 2016 Maximus
456 1988 557 2016 alicubi
574 1988 657 2020 dixit;
673 1987 786 2023 perinde
809 1989 913 2015 scilicet
932 1996 963 2016 ac

177 2036 298 2064 lucidum
317 2042 371 2062 non
386 2038 438 2067 est,
462 2033 596 2069 quidquid
614 2041 647 2060 eo
672 2039 757 2066 caret,
772 2041 787 2061 a
799 2042 853 2068 quo
871 2034 964 2061 lumen

178 2081 306 2115 accipiat,
324 2087 376 2107 nec
391 2079 486 2106 vivens
501 2083 553 2111 est,
570 2078 694 2113 quisquis
715 2087 729 2105 a
746 2079 808 2106 vitae
828 2080 964 2115 principio

178 2125 344 2161 sejungitur.
370 2124 457 2157 Quam
477 2124 560 2150 etiam
585 2124 620 2151 ob
644 2131 765 2157 causam,
782 2130 811 2151 ut
831 2126 962 2158 arbitror,

178 2171 253 2198 Deus
266 2174 360 2196 cuncla
383 2169 460 2196 valde
488 2169 556 2196 bona
582 2170 729 2204 appellavit
751 2170 774 2186 ⁵³
800 2176 862 2206 post
890 2171 962 2199 illan)

178 2220 309 2250 apostatae
329 2215 447 2248 ruinant,
470 2220 615 2250 propterea
635 2215 739 2243 scilicet
757 2217 830 2250 quod
846 2224 860 2243 a
877 2217 964 2244 bono-

179 2270 240 2290 rum
268 2267 340 2289 cmtu
362 2266 457 2288 auctor
472 2261 516 2288 ille
545 2261 678 2288 malorum
698 2263 809 2290 avulsus
831 2269 915 2296 esset,
931 2271 963 2291 ac

1012 1820 1057 1841 τος
1069 1811 1204 1844 ἀποστὰς,
1221 1811 1303 1847 ζόφος
1314 1822 1343 1840 τε
1361 1815 1493 1850 γεγονὼς,
1508 1817 1556 1844 καὶ
1575 1820 1639 1852 περὶ
1658 1818 1688 1844 τὸ
1709 1820 1746 1853 μὴ
1771 1819 1800 1846 ὃν

1014 1857 1063 1890 τὴν
1074 1856 1197 1884 δοθεῖσαν
1213 1859 1289 1894 αὐτῷ
1304 1861 1374 1887 κατὰ
1397 1870 1477 1895 φυσιν
1498 1863 1595 1898 νοερὰν
1609 1865 1738 1891 δαπανῶν
1752 1865 1799 1891 δύ-

1014 1910 1107 1937 ναμιν.
1123 1902 1161 1934 ὥς
1185 1912 1237 1930 που
1260 1906 1308 1932 καὶ
1327 1907 1454 1943 Μάξιμος
1479 1909 1492 1935 ὁ
1521 1909 1665 1942 θεσπέσιος
1681 1911 1777 1946 εἴρηκε
1793 1919 1799 1925 ’

1013 1947 1138 1984 καθάπερ
1163 1949 1194 1975 οὐ
1220 1953 1361 1985 φωτεινὺν,
1378 1953 1392 1979 ὃ
1419 1954 1466 1980 τοῦ
1487 1956 1653 1990 φωτίζοντος
1680 1957 1798 1992 ἔρημον,

1014 1993 1074 2019 οὐδὲ
1085 1994 1140 2026 ζῶν
1159 1996 1173 2021 ό
1189 1996 1227 2031 μὴ
1244 1996 1283 2032 τῷ
1306 1998 1357 2033 τῆς
1373 1999 1445 2034 ζωῆς
1473 2001 1553 2036 αἰτίῳ
1579 2001 1677 2030 συνών.
1694 2003 1734 2029 Δι’
1757 2003 1798 2036 ὃν,

1012 2038 1100 2075 οἶμαι,
1119 2041 1198 2075 λόγον
1226 2043 1273 2069 καὶ
1302 2045 1372 2079 μετὰ
1397 2046 1444 2072 τὺν
1467 2048 1591 2082 κρημνὸν
1616 2049 1723 2075 ἐκεῖνον
1751 2050 1799 2076 τοῦ

1012 2086 1166 2113 ἀποστάτου
1199 2089 1269 2115 καλὰ
1295 2091 1354 2125 μεθ’
1383 2092 1539 2128 ὑπερϐολῆς
1567 2095 1581 2120 ὁ
1614 2094 1680 2126 Θεὸς
1710 2096 1801 2123 πάντα

1012 2133 1172 2168 προσεῖπεν,
1190 2135 1238 2162 ἅτε
1253 2136 1299 2162 τοῦ
1325 2136 1427 2164 κύκλου
1447 2139 1503 2166 τῶν
1525 2140 1616 2167 καλῶν
1633 2142 1800 2177 ἐκραγέντος

1014 2178 1061 2224 τοῦ
1087 2180 1256 2215 ἀρχεκάκου,
1280 2183 1328 2209 καὶ
1357 2185 1439 2211 οἱονεὶ
1466 2186 1675 2224 τεθνηκότος,ἢ
1700 2189 1800 2223 μᾶλλον

1016 2222 1221 2269 διαφθαρέντος,
1241 2228 1289 2254 καὶ
1308 2228 1352 2255 διὰ
1369 2229 1450 2257 τοῦτο
1474 2232 1543 2258 πᾶσι
1563 2232 1601 2268 μὴ
1625 2222 1798 2269 περιγραφο-

1016 2268 1097 2302 μένου
1115 2273 1170 2303 τοῖς
1189 2272 1273 2299 οὖσιν.

178 2308 377 2344 propemodum
395 2312 531 2340 mortuus,
549 2315 596 2334 seu
615 2308 706 2342 potius
741 2312 888 2343 corruptus
919 2315 1000 2346 atque
1021 2314 1089 2342 adeo
1112 2317 1184 2344 inter
1208 2318 1311 2353 reliqua
1326 2321 1427 2351 omnia.
1448 2330 1509 2357 qua:
1522 2330 1671 2358 exstarent,
1689 2327 1800 2356 minime

178 2355 329 2381 rccensitus
346 2353 413 2388 (82).

215 2402 237 2415 ⁵ο
267 2401 346 2427 lion).
366 2407 428 2432 vui,
455 2400 500 2427 2i.
557 2401 579 2416 "
599 2399 663 2427 Jud.
678 2400 704 2427 ϐ.
743 2401 872 2429 "Matth.
889 2409 950 2436 xxv,
967 2404 1012 2431 41.
1050 2406 1151 2434 "Gen.
1166 2409 1238 2441 1,31.

800 2450 870 2480 Ant.
892 2451 1037 2484 Ballerini
1061 2459 1156 2487 notas.
1257 2455 1259 2457 ’

213 2499 267 2535 (81)
290 2498 326 2526 Ex
344 2499 388 2527 his
403 2504 487 2536 patet.
500 2499 634 2536 lsidorttm
645 2500 680 2527 ab
695 2500 728 2528 iis
738 2508 793 2528 non
805 2501 960 2536 dissentire,

177 2537 224 2571 qui
245 2539 352 2569 putant,
367 2535 450 2571 etiam
464 2535 585 2571 diabolo,
600 2537 663 2562 dum
676 2536 767 2563 adlutc
780 2537 867 2564 viator
878 2543 961 2570 esset,

178 2569 225 2606 per
233 2570 353 2597 divinam
365 2569 549 2607 cientenliam,
559 2579 640 2604 quatit
652 2572 779 2605 pervicax
788 2569 963 2607 contempsit,

177 2605 297 2640 anquun
327 2605 503 2639 rcsipiscendi
526 2606 614 2632 locum
638 2606 763 2633 relictum
790 2607 873 2634 fuisse
895 2605 963 2637 ('vid.

178 2642 292 2670 Suarcz.
322 2640 360 2666 De
384 2640 494 2674 angelis.
522 2640 569 2666 lib.
600 2649 664 2673 νιιι,
696 2649 756 2675 cap.
786 2643 812 2675 i)
832 2651 837 2668 :
855 2647 884 2669 et
911 2643 964 2670 huc

177 2681 294 2709 spectat,
318 2675 392 2709 quod
410 2680 507 2701 auctor
524 2675 606 2709 paulo
633 2680 696 2702 ante
725 2677 893 2710 przeiniserat
921 2680 964 2704 in-

178 2713 276 2745 quiens
293 2721 299 2737 :
318 2710 509 2747 Perstililwillis
527 2719 554 2736 se
572 2711 841 2747 ntiscriis_ablectuns,
859 2715 883 2739 tu
900 2722 964 2747 quas

176 2746 314 2780 prolapsus
328 2746 424 2779 fuerat.
435 2746 511 2777 Quod
523 2753 588 2780 ergo
597 2746 672 2772 addit
683 2745 814 2778 Isidorus.
826 2745 962 2775 diabolum

175 2786 394 2807 a.lcomntunetn
420 2780 541 2817 lmtitiam
567 2785 690 2817 vocatum
715 2789 768 2807 non
786 2782 868 2808 fuiSse
887 2784 959 2817 (quae

175 2816 285 2849 quidem
304 2820 394 2849 potius
407 2822 487 2849 quam
503 2815 537 2841 ad
552 2820 659 2849 tempus
676 2816 819 2843 dominica:
832 2815 957 2845 incarna-

176 2851 268 2881 t.onis,
292 2852 432 2877 referenda
446 2851 596 2881 aetteratiln
614 2856 678 2878 sunt
693 2851 725 2878 ad
744 2853 867 2879 OldlllClll
885 2861 957 2880 teco-

978 2507 1001 2536 D
1014 2507 1124 2556 gumiae,
1230 2519 1292 2556 cum
1311 2515 1369 2542 suis
1383 2517 1517 2556 creaturis
1531 2517 1603 2556 Deus
1618 2521 1756 2556 servarit).
1773 2523 1799 2550 id

1014 2543 1236 2589 nonndeiijtegata
1259 2548 1350 2589 aliqua
1364 2543 1517 2589 _vocatione
1532 2543 1602 2580 737d"

1013 2580 1341 2627 gfﬁiﬂfqdﬂgtesthed
1353 2585 1387 2627 de
1398 2588 1556 2627 exclusione
1576 2596 1590 2616 a
1608 2580 1800 2627 iiiii'iéill'amli

1012 2614 1196 2657 gaudioquod
1213 2619 1465 2657 reconciliationem
1481 2614 1617 2657 sequitur:

1049 2648 1350 2696 Emcfslci‘licet'eo
1363 2662 1445 2696 senisu
1460 2648 1619 2696 θέέῲῖέπξὰςὶ
1631 2666 1705 2694 sunt,
1718 2670 1801 2696 quem

1014 2680 1176 2729 Elite-mlas
1192 2686 1241 2729 (ile
1255 2688 1321 2729 mal.

1251 2727 1277 2767 hi
1290 2715 1502 2767 angelisimaiis)
1513 2715 1587 2754 via—it;

1228 2756 1335 2798 naturai
1344 2756 1479 2802 ordiitem;
1491 2756 1552 2790 sum
1564 2756 1800 2802 tantmdcoi‘rwuiifa,

1012 2786 1218 2834 αςρξιιναια,
1233 2799 1278 2834 seu
1297 2793 1438 2834 imminuta

1012 2827 1185 2852 capacitatem
1206 2827 1299 2861 gratim
1312 2828 1352 2855 vel
1361 2829 1462 2864 gloria‘.
