1932 3072
119 180 169 212 109

511 177 638 210 SERMO
665 177 705 207 ΙΝ
734 176 907 207 ΑΝΝΗΝΤΙ

964 175 1081 205 [ΟΝΕΜ
1101 175 1121 204 Β
1153 176 1184 206 V.
1207 174 1349 207 MARLE.
1689 178 1733 209 110

115 239 301 273 κοινωνοῦμεν
332 238 481 275 ἄνθρωποι,
517 238 549 269 ἃς
569 237 586 272 ἡ
612 236 746 269 πᾶναγνος
769 232 905 268 ἑξιστούρ-

961 233 1154 259 immaeulatam
1175 235 1345 267 prmterirent
1358 256 1364 268 ,
1383 236 1468 262 Deum
1491 236 1621 270 precibus
1635 244 1734 263 cxora~

117 290 198 317 γησε,
221 283 268 308 καὶ
287 283 331 309 τὸν
349 283 463 318 Σωτῆρα
479 282 612 308 ἐνέδυσεν.

958 277 1013 310 bat,
1029 282 1058 304 ut
1076 278 1146 304 hanc
1168 279 1329 307 medicinam
1348 281 1485 308 misceret.
1502 282 1550 309 Dei
1575 290 1657 317 porro
1681 290 1736 309 non

117 332 177 356 erat
196 333 339 363 rogantem
354 329 508 363 despicere,
526 332 584 354 tum
599 325 662 360 quia
679 323 760 360 digna
774 329 834 351 erat
862 330 923 358 qua:
941 323 1013 350 votis
1036 331 1091 350 non
1114 323 1304 359 frustraretur,
1332 331 1387 354 tum
1406 327 1470 361 quia
1504 327 1531 354 Id
1554 327 1643 362 ipsum
1665 328 1737 355 Deus

116 377 248 404 ardenter
262 377 420 411 exoptabat.
453 376 561 403 Idcirco
581 372 771 401 admirandum
803 371 869 398 illud
890 375 1030 405 peractum
1067 376 1109 398 est
1129 373 1308 407 mysterium;
1344 378 1371 401 et
1392 374 1589 409 participamus
1613 375 1738 402 homines

117 423 177 450 illas
192 423 241 452 Dei
258 431 367 454 carnes,
387 430 455 456 quas
470 421 617 456 purissima
637 420 681 446 illa
697 418 854 448 contexuit,
875 421 903 444 et
921 417 1021 451 quibus
1039 417 1129 443 induit
1145 417 1323 446 Salvatorem.

153 468 228 500 KG’.
245 466 331 502 Οἶμαι
347 468 386 500 δὲ,
405 469 451 494 καὶ
465 467 539 493 δυοῖν
550 465 656 492 τούτοιν
667 465 747 491 ἕνεκα
758 463 908 499 ἀνθρώπων

118 514 223 548 ἢκουσε
249 515 314 544 παῖς
340 514 357 548 ἡ
382 513 427 539 τὸν
446 511 627 547 ὑπερώνυμον
643 511 779 545 κυήσασα.
807 508 851 534 ἵνα
878 515 907 534 τε

117 558 176 592 Θεῷ
191 559 345 593 κοινωνήσῃ
360 559 407 584 καὶ
420 558 470 592 τῆς
487 558 533 583 ἐπὶ
543 557 593 591 γῆς
606 556 695 590 δόξης,
714 555 777 586 δόξα
799 554 853 588 γὰρ
868 553 908 587 τῷ

117 604 243 639 Δεσπὸτῃ
268 604 315 630 καὶ
330 604 401 638 ἅπερ
430 603 497 638 ἡμῖν
508 601 636 633 ταπεινὰ,
653 601 699 627 καὶ
714 599 807 626 λοιπὸν
833 600 907 630 ὅπως

115 651 173 682 τοῖς
191 649 348 684 ἀνθρώποις
371 649 484 684 γένηται
506 648 598 682 δῆλον,
625 646 706 682 μέχρι
733 646 804 677 τίνος
818 646 832 671 ὁ
852 654 904 680 πη-

116 694 162 725 λλρς
186 694 344 729 ἀναπτῆναι
371 693 494 720 δύναται.
525 692 593 719 Οὔτε
618 692 672 726 γάρ
693 691 763 725 Θεῷ,
793 689 906 723 καὶτῆς

117 739 277 774 ὑπεράγνου
293 739 366 774 δίχα,
393 739 495 774 ἄπορον
512 738 546 774 ἦν
559 740 575 773 ἡ
595 737 641 764 τοῦ
659 737 756 770 γένους
782 736 904 770 βοήθεια,

118 787 164 812 καί
180 786 242 812 οὑδὲ
258 794 300 818 τις
320 783 409 812 εἷλκεν
425 786 531 820 ἀνάγκη
558 785 595 820 μὴ
614 785 646 811 ἂν
663 783 750 812 ἄλλως
766 782 838 816 ἔχειν
857 780 905 816 τὴν

118 832 262 865 πάναγνον
295 831 416 866 δαψιλῶς
445 831 634 866 ἐμφορηθῆναι
664 829 719 855 τῶν
747 827 838 859 θείων,
869 826 905 860 μὴ
925 841 942 867 Β

118 876 258 911 τυχοῦσαν
279 877 333 904 τῶν
359 877 444 904 κάτω.
464 872 520 902 Ἦν
539 876 593 911 γὰρ
617 875 664 902 καὶ
688 873 768 900 τοῦτο
784 872 843 907 Θεῷ
860 871 908 906 ῥᾴ-

118 921 189 954 διον,
215 922 322 948 ἄνωθεν
341 924 476 958 μετρῆσαι
495 923 528 956 τῇ
545 920 677 956 Παρθένῳ
699 919 748 954 τὴν
763 918 868 953 τέρψιν,
884 919 907 943 εἰ

119 968 168 992 καὶ
185 967 222 1002 μὴ
250 968 302 1003 γῆς
323 968 416 1002 ἐκείνη
441 975 474 1001 γε
500 965 609 1001 ἐδεήθη,
638 965 671 1000 ἢν
687 965 703 1000 ἡ
719 964 784 998 παρ’
809 963 908 996 ἑαυτῆς

120 1011 274 1047 λαμπηδὼν
300 1014 357 1044 τοϊς
384 1012 476 1044 ἀΰλοις
506 1012 652 1046 συνῆπτεν.
681 1010 712 1036 Εἰ
739 1009 767 1036 δὲ
798 1009 845 1035 καὶ
870 1009 907 1042 μὴ

119 1059 262 1092 γνώριμος
279 1057 447 1094 ἀνθρώποις,
463 1057 527 1085 οἴων
553 1055 588 1093 ἦν
602 1056 664 1088 ἀξία
679 1056 697 1091 ἡ
716 1054 850 1090 μακαρία,
867 1054 909 1079 ὲν-

120 1102 187 1129 οάδε
210 1103 373 1137 καθίστατο,
393 1104 453 1130 οὐδὲ
469 1103 544 1137 παρὰ
559 1102 639 1129 τοῦτο
652 1102 701 1137 τῆς
717 1100 908 1137 προσηκούσης

122 1149 156 1176 ἂν
172 1149 348 1184 ἀπετύγχανε
374 1149 453 1185 δόξης
467 1151 496 1176 ὲν
511 1149 630 1185 οὐρανῷ.
653 1148 724 1176 Ἀλλ’
747 1148 791 1174 τνα
816 1146 908 1173 τοίνυν

122 1195 164 1221 ὅτι
179 1195 247 1227 Θεὸς
267 1196 297 1222 ἐν
322 1195 443 1231 ὑψηλοῖς,
469 1195 515 1222 xui.
542 1196 598 1227 τοῖς
627 1195 732 1229 γηϊνοις
757 1193 906 1226 δοξάζεται,

123 1240 203 1267 τοῦτο
219 1241 334 1275 κάκείνη
354 1241 465 1276 γένηται
496 1241 593 1276 ἐκείνῳ
621 1239 764 1267 muqu
790 1239 906 1269 ἐοικυῖα,

123 1286 169 1312 καὶ
187 1286 301 1320 μηδενὸς
316 1286 348 1312 ἃν
364 1286 518 1322 ἀμοιροῦσα
537 1286 604 1322 πρὸς
620 1285 700 1318 δόξαν
717 1285 850 1319 τυγχάνῃ,
877 1280 907 1310 οὗ

121 1332 170 1358 καὶ
185 1332 264 1364 Θιδς,
280 1333 328 1358 καὶ
348 1333 422 1363 ὅπως
437 1330 576 1367 ἄνθρωποι
597 1331 634 1366 μὴ
657 1330 796 1362 τοσοῦτον,
810 1329 824 1356 ὖ
841 1329 908 1363 παρ’

121 1376 241 1408 ἑαυτῶν,
255 1374 323 1403 ὦσιν
351 1377 417 1412 ὕψος
429 1376 604 1412 ἠγνοηκότες,
622 1376 666 1402 διὰ
687 1374 774 1402 ταῦτα
797 1374 842 1401 καὶ
857 1373 910 1408 γῆν

121 1421 263 1456 ἑπάτησεν
288 1422 305 1457 ἢ
319 1422 507 1458 ὑπερένδοξος,
531 1422 579 1448 καὶ
593 1421 633 1457 τῷ
655 1421 684 1454 ἐξ
700 1420 785 1454 αὐτῆς
802 1419 908 1454 ὲλύτρῳ

122 1466 302 1503 περιεϐλήθη.

992 462 1086 490 XXVI.
1118 463 1203 490 Porro
1224 464 1306 490 etiam
1329 465 1434 499 duplici
1460 466 1510 493 hac
1531 466 1564 494 de
1589 474 1682 498 causa,
1708 473 1738 493 ut

956 508 1067 542 quidem
1083 508 1212 541 arbitror,
1230 509 1283 536 filia
1297 509 1439 537 hominum
1457 519 1488 537 ea
1503 516 1597 538 vocata
1610 517 1662 544 est,
1676 514 1738 547 ‘qua:

956 553 1031 579 illum
1048 554 1093 588 qui
1110 559 1152 581 est
1164 563 1247 589 super
1280 563 1361 583 omne
1389 564 1488 583 nomen
1516 559 1632 592 peperit,
1660 559 1737 586 vide-

960 598 1026 625 licet
1045 604 1101 624 tum
1125 604 1154 626 ut
1181 608 1354 627 communem
1379 609 1440 628 cum
1466 602 1522 629 Deo
1543 603 1656 630 haberet
1678 612 1737 631 eam

959 644 1071 678 gloriam
1087 653 1148 678 qure
1164 645 1227 672 huic
1242 654 1256 673 ιι
1271 647 1386 674 terrenis
1403 647 1542 680 tribuitur,
1562 657 1622 676 nam
1646 655 1739 677 nostra

959 697 1067 723 quoque
1086 690 1196 716 minima
1214 691 1240 717 in
1253 691 1365 726 gloriam
1383 693 1430 720 Dei
1449 693 1565 727 cedunt;
1583 700 1639 721 tum
1657 696 1738 723 etiam

961 738 989 760 ut
1004 734 1160 761 hominibus
1175 736 1348 763 manifestum
1368 737 1455 769 ﬁeret,
1474 746 1617 773 quousque
1630 741 1740 768 evolare

960 787 1068 807 caluum
1089 787 1212 808 nostrum
1237 789 1330 817 queat.
1348 784 1442 818 Neque
1455 785 1528 812 enim
1546 787 1663 815 arduum
1685 789 1740 816 Deo

959 823 1065 858 fuisset,
1080 827 1161 854 etiam
1177 827 1287 854 absente
1305 828 1350 855 illa
1367 836 1423 862 pra:
1438 830 1512 856 omni
1531 832 1649 864 puritate
1660 841 1740 867 pura,

960 870 1078 898 humano
1102 872 1195 906 generi
1220 880 1299 906 opem
1324 874 1479 908 porrigere,
1495 882 1526 902 ac
1543 877 1615 904 nulla
1639 878 1742 912 pariter

959 915 1073 950 cogebat
1089 917 1251 949 necessitas,
1269 922 1297 944 ut
1314 926 1366 945 non
1383 919 1463 946 aliter
1475 921 1621 954 purissima
1639 923 1684 950 illa
1699 923 1742 951 di-

958 954 1030 988 vinis
1052 963 1212 989 muneribus
1245 963 1356 997 copiose
1385 965 1588 999 rumularetur,
1610 976 1691 1002 quam
1718 971 1742 998 si

957 1015 1054 1034 eorum
1075 1016 1135 1042 quae
1153 1007 1186 1035 ad
1204 1013 1304 1035 terram
1330 1010 1469 1044 pertinent
1498 1013 1636 1048 particeps
1657 1015 1742 1042 exsti-

960 1053 1046 1080 tisset.
1062 1053 1096 1080 Et
1115 1053 1167 1081 hoc
1180 1054 1252 1081 enim
1269 1054 1326 1082 Deo
1340 1055 1418 1083 facile
1431 1061 1506 1089 erat,
1526 1058 1643 1093 Virgini,
1660 1068 1741 1095 quam

959 1106 1026 1125 suus
1040 1098 1170 1133 splendor
1178 1099 1234 1134 jam
1247 1100 1407 1128 coelestibus
1417 1103 1579 1135 associabat,
1593 1112 1741 1140 congruam

959 1152 974 1170 ο
993 1144 1120 1178 supernis
1138 1144 1338 1179 iucunditatem
1364 1146 1514 1180 impertiri,
1539 1149 1591 1176 nisi
1616 1156 1645 1178 et
1670 1157 1742 1179 terra

960 1189 1017 1223 ipsi
1035 1189 1205 1224 indiguisset.
1222 1190 1278 1217 Etsi
1297 1198 1380 1225 porro
1398 1192 1601 1228 incompertum
1622 1196 1742 1224 homini-

959 1235 1011 1262 bus
1028 1235 1344 1270 permansisset,quibus
1361 1237 1415 1264 illic
1431 1238 1582 1267 honoribus
1601 1241 1679 1269 beata
1695 1243 1740 1270 illa

960 1281 1040 1318 digna
1063 1281 1220 1314 haberetur,
1247 1290 1301 1308 non
1318 1282 1419 1309 in‘circo
1444 1288 1534 1311 tamen
1560 1292 1742 1315 consentanea

960 1328 1011 1356 sibi
1029 1328 1115 1364 gloria
1129 1327 1156 1354 in
1172 1327 1249 1354 caelis
1265 1327 1390 1354 fraudata
1407 1328 1512 1356 fuisset.
1533 1330 1632 1359 Verum
1655 1333 1743 1360 enim-

959 1381 1025 1401 vero
1051 1377 1092 1406 ut,
1116 1372 1346 1406 quemadmodum
1364 1373 1436 1401 Deus
1461 1374 1488 1401 in
1506 1377 1641 1410 superuis
1663 1382 1692 1407 et
1715 1379 1743 1407 in

961 1418 1138 1447 terrestribus
1162 1417 1349 1453 gloriﬁcatur,
1365 1418 1391 1446 id
1415 1419 1504 1454 ipsum
1523 1421 1625 1457 Virgini
1650 1428 1744 1458 utpote

959 1466 1016 1493 Deo
1035 1465 1182 1492 simillimae
1199 1465 1385 1500 contingeret,
1404 1473 1472 1492 neve
1484 1474 1581 1500 expers
1600 1467 1657 1496 haec
1673 1469 1745 1498 foret

121 1511 242 1547 alicujus
264 1512 376 1547 gloriae,
393 1521 447 1548 qua
462 1513 535 1542 Deus
554 1513 722 1545 honoratur,
745 1516 801 1539 tum
824 1511 908 1539 etiam
930 1519 959 1539 ut
994 1509 1150 1538 hominibus
1173 1515 1227 1536 tam
1262 1510 1421 1545 praecelsum
1445 1511 1497 1538 hoe
1519 1519 1598 1539 suum
1624 1514 1744 1548 ipsorum

122 1556 210 1584 decus
225 1565 280 1584 non
293 1558 404 1592 penitus
418 1558 526 1590 lateret,
543 1563 686 1594 propterea
710 1556 906 1592 gloriosissima
927 1556 972 1584 illa
1007 1555 1091 1584 etiam
1127 1561 1227 1582 terram
1251 1555 1321 1582 hanc
1338 1555 1464 1588 calcavit,
1486 1562 1513 1583 ct
1533 1563 1642 1586 terreno
1662 1560 1744 1586 indu—

123 1608 218 1630 mento
234 1608 276 1630 est
287 1604 502 1631 circumvestita.

159 1649 227 1677 KZ'.
244 1651 298 1676 Καὶ
311 1650 356 1677 διὰ
369 1650 458 1682 τοῦτο,
475 1650 635 1684 Merulam,
662 1650 755 1686 φησὶν,
782 1649 907 1684 ἐποίησέ

996 1643 1103 1672 XXVII.
1123 1645 1156 1672 Et
1171 1644 1283 1675 idcirco,
1299 1645 1367 1678 fecit,
1384 1644 1484 1679 inquit,
1504 1644 1568 1672 mihi
1586 1655 1682 1682 magna
1700 1650 1746 1684 qui

120 1704 174 1730 μοι
191 1697 209 1722 ὁ
223 1696 363 1728 δυνατός.
387 1696 479 1723 Ταῦτα
499 1697 528 1723 δὲ
548 1697 672 1732 ἐναργῶς
699 1695 765 1732 εἶχε,
790 1697 838 1723 καὶ
859 1696 909 1723 οὐχ

123 1742 212 1768 ιδείτο
226 1742 373 1777 ποιηθῆναι
385 1743 413 1768 τὸ
421 1743 541 1776 γεγονός’
554 1743 612 1769 ἀλλ’
627 1743 809 1777 ἐφανέρωσε,
823 1742 909 1777 σαφῆ

122 1787 201 1815 πᾶσι
217 1787 397 1821 κατέστησε,
412 1788 488 1822 δηλοῖ
506 1789 537 1814 τὸ
552 1788 688 1822 ἐποίησε.
707 1789 762 1815 Καὶ
776 1788 810 1814 δι’
822 1788 910 1814 αίτίαν

124 1833 194 1865 ῐσως
217 1835 346 1870 τοιαύτην
365 1836 379 1861 ὁ
403 1834 532 1870 Γαϐριὴλ,
559 1835 630 1862 κατὰ
644 1835 695 1871 τὴν
711 1835 760 1869 τῆς
786 1834 910 1873 γλώττης

122 1879 278 1912 διακονίαν,
293 1879 391 1913 Χαίρε,
408 1879 543 1915 ὲφώνησε,
557 1879 790 1914 κεχαριτωμένη,
802 1879 850 1906 καί
861 1881 911 1906 εὐ-

124 1925 293 1960 λογημένη,
314 1925 348 1952 ἵν’
365 1926 439 1960 ἡμᾶς
461 1934 490 1951 τε
513 1925 606 1960 διδάξῃ
631 1924 702 1956 οἵαις
731 1925 772 1951 δεῖ
794 1925 909 1960 χρῆσθαι

125 1971 233 2005 φωναῖς
247 1971 315 2006 πρὸς
334 1971 430 2006 αὐτὴν,
455 1971 504 1998 καὶ
532 1968 589 1998 οἷον
607 1972 675 2006 αὐτῇ
695 1971 726 1997 τὺ
753 1970 908 2006 μεγαλεῖον,

123 2015 306 2049 ἀνάγραπτον
334 2016 368 2050 τῇ
394 2014 543 2050 ὲξαγγελίᾳ
569 2015 654 2051 ταύτῃ
677 2015 802 2050 προθείη.
832 2015 907 2042 Ἡδύ-

123 2069 191 2087 νατο
208 2061 262 2096 γὰρ
279 2061 327 2087 καὶ
341 2061 403 2092 ταῖς
430 2061 582 2095 ἀγλώττοις
608 2061 656 2087 τοῦ
681 2060 728 2087 νοῦ
743 2060 849 2091 λαλιαῐς
862 2060 910 2095 τὴν

125 2106 303 2142 λειτουργίαν
330 2107 523 2142 οἰκονομήσειν
549 2107 668 2142 ὲκείνην,
696 2107 744 2133 καὶ
771 2105 810 2141 τῷ
836 2106 911 2140 αὑτῷ

123 2154 273 2189 χρωμένης
288 2153 397 2188 ὀργάνῳ
410 2153 466 2180 τῶν
480 2153 616 2188 λαμπρῶν
628 2153 675 2188 τῆς
693 2152 834 2188 Παρθένου
852 2152 911 2178 δια-

129 2199 244 2225 κοὺσειν
257 2199 400 2233 ῥημάτων.
420 2198 476 2225 Καὶ
492 2199 549 2232 εῑγε
570 2198 608 2234 μὴ
621 2199 721 2233 τρόπος
748 2194 782 2232 ἦν
804 2197 910 2232 ἔτερος,

127 2243 208 2275 οὗτος
220 2243 262 2275 δὲ,
283 2243 337 2274 ἵνα,
354 2243 384 2270 τὺ
396 2243 525 2270 ταπεινὸν
539 2243 554 2269 6
569 2245 708 2278 Δεσπότης
723 2243 912 2278 ἀναϐαλλόμε-

122 2299 179 2322 νος,
200 2289 239 2324 μὴ
254 2289 358 2323 σφόδρα
371 2288 481 2324 ὑψηλῶς
497 2289 545 2316 καὶ
559 2289 596 2324 μὴ
613 2289 789 2324 καταλλήλως
802 2288 912 2315 διασαλ-

961 1695 1051 1725 potens
1077 1695 1114 1716 est
1128 1691 1161 1716 ".
1186 1689 1248 1716 ﬂrec
1270 1697 1352 1724 porro
1376 1691 1509 1725 magnalia
1530 1692 1633 1726 absque
1659 1695 1745 1722 dubio

961 1737 1005 1763 illa
1018 1737 1072 1770 jam
1087 1735 1260 1769 possidebat,
1275 1742 1327 1762 nec
1343 1743 1412 1770 opus
1434 1744 1504 1764 sane
1524 1743 1582 1764 erat
1605 1743 1634 1765 ut
1666 1739 1744 1767 fierot

961 1781 1034 1815 quod
1053 1781 1151 1807 factum
1171 1780 1279 1814 fuerat;
1302 1786 1329 1808 at
1350 1782 1424 1808 vocis
1440 1782 1529 1814 illius,
1543 1783 1623 1818 fecit,
1647 1794 1744 1814 sensus

963 1831 1015 1858 est,
1031 1827 1226 1860 manifestavil,
1249 1831 1277 1854 et
1293 1827 1411 1854 omnibus
1431 1830 1569 1863 perspicua
1593 1831 1683 1864 effecit.
1700 1832 1747 1860 At-

964 1879 1017 1906 que
1042 1871 1138 1898 eadem
1163 1871 1277 1898 fortasse
1302 1872 1335 1899 de
1358 1881 1439 1899 causa
1460 1874 1569 1901 Gabriel
1591 1877 1746 1904 ministero

961 1917 1061 1950 lingua!
1075 1924 1141 1944 usus
1156 1918 1327 1949 exclamavit,
1345 1920 1407 1950 Ave,
1424 1920 1511 1952 gratia
1528 1919 1616 1954 plena,
1635 1922 1746 1948 ειὸειιρε-

961 1961 1041 1993 dicta,
1060 1966 1089 1988 ut
1102 1961 1208 1988 scilicet
1221 1968 1272 1988 nos
1289 1961 1402 1988 doceret
1424 1963 1524 1996 quibus
1556 1966 1746 1991 eamrocihus

963 2007 1128 2041 compellare
1145 2010 1279 2041 oporteat,
1298 2012 1383 2041 utque
1396 2015 1445 2034 suo
1462 2008 1526 2034 huic
1548 2010 1644 2037 nuntio
1661 2011 1745 2038 veluti

964 2052 1127 2087 inscriptum
1152 2057 1341 2087 proponeret,
1371 2059 1474 2087 quanta
1506 2055 1608 2089 Virgini
1643 2057 1747 2084 inesset

962 2098 1134 2126 excellentia.
1150 2098 1259 2125 Poterat
1273 2098 1344 2125 enim
1359 2099 1473 2133 spiritali
1499 2100 1558 2127 sine
1572 2102 1685 2129 vocibus
1705 2104 1746 2130 lo—

961 2144 1073 2171 cutione
1092 2143 1275 2170 ministerium
1300 2144 1366 2171 illud
1386 2144 1478 2178 obire,
1497 2150 1525 2172 ct
1551 2146 1682 2182 virginis,
1706 2149 1748 2176 in-

961 2193 1115 2217 strumento
1133 2189 1209 2216 vocis
1224 2189 1343 2220 utentis,
1360 2189 1461 2217 eximia
1485 2188 1568 2218 Verba
1592 2193 1744 2227 percipere.

961 2235 1124 2270 Quanquam
1150 2243 1204 2262 non
1226 2235 1298 2262 alius
1326 2236 1463 2271 quispiam
1487 2237 1535 2264 sed
1570 2237 1615 2265 hic
1650 2238 1747 2268 modus

963 2282 1089 2313 decebat,
1114 2289 1148 2308 ne
1165 2281 1313 2313 Dominus,
1334 2283 1399 2309 dum
1420 2288 1542 2310 nostram
1564 2284 1745 2312 humilitatem

124 2335 194 2371 πέσῃ
231 2333 271 2369 τῷ
302 2335 457 2370 πράγματι,
483 2336 531 2361 καὶ
556 2334 654 2367 ἄλλως,
686 2335 727 2361 ὅτι
754 2335 800 2361 καὶ
836 2335 908 2369 ἡμᾶς

964 2327 1114 2358 induebat,
1131 2328 1237 2354 ratione
1251 2328 1332 2354 nimis
1347 2329 1474 2360 sublimi,
1493 2335 1521 2356 et
1542 2337 1622 2357 secus
1643 2339 1675 2358 ac
1700 2339 1746 2359 res

121 2381 176 2406 ἔδει
196 2379 325 2414 μυεῖσθαι
339 2380 374 2406 τὰ
389 2380 436 2406 τὸν
460 2380 635 2416 ὑπερήφανον
656 2380 819 2414 πλήττοντα,
841 2380 911 2415 ὑπὲρ

121 2423 158 2453 ὧν
173 2428 190 2461 ἡ
200 2426 343 2460 οἰκονομία
356 2427 404 2453 καὶ
419 2427 541 2460 τοιαύτη.

158 2559 228 2587 KH'.
253 2559 332 2586 Πᾶσα
347 2559 380 2586 ἂν
400 2558 449 2586 καὶ
465 2560 482 2595 ὴ
509 2559 643 2594 ἀγγελικὴ
659 2559 856 2593 διακόσμησις,
871 2556 909 2584 οἷ-

963 2381 1013 2408 per
1037 2380 1066 2400 se
1091 2373 1231 2409 erigeret,
1251 2373 1352 2400 factum
1378 2374 1460 2401 veluti
1489 2376 1553 2402 tuba
1581 2377 1746 2405 annuntiare

963 2419 1118 2450 videretur;
1135 2419 1285 2453 prtescrtim
1297 2427 1362 2446 vero
1388 2421 1460 2454 quod
1474 2427 1568 2454 ctnos,
1583 2430 1633 2456 pro
1645 2423 1746 2457 quibus

963 2465 1016 2492 hoc
1048 2465 1208 2500 mysterium
1239 2459 1423 2500 peragebatur
1442 2486 1449 2497 ,
1475 2467 1568 2494 doceri
1602 2468 1747 2502 oportebat

964 2511 1128 2547 quibusnam
1146 2512 1229 2540 armis
1245 2512 1406 2539 vulneretur
1421 2513 1567 2548 superbus.

1000 2556 1118 2584 XXVI".
1139 2557 1241 2585 Omnes
1257 2557 1362 2591 itaque,
1381 2564 1411 2585 ut
1425 2559 1555 2589 arbitror.
1569 2559 1683 2594 angelici
1699 2566 1745 2586 or-

121 2615 184 2641 μαι,
199 2606 317 2640 οὐρανός
329 2613 359 2631 τε
373 2606 420 2631 καὶ
434 2604 519 2640 ἥλιος,
533 2605 582 2632 καὶ
594 2605 630 2640 γῆ
642 2604 840 2636 καιθάλασσα,
861 2604 908 2630 καὶ

961 2602 1050 2634 dines,
1064 2604 1221 2638 ccelumque
1237 2609 1265 2631 et
1284 2605 1337 2635 sol.
1351 2609 1380 2632 et
1394 2610 1479 2637 terra,
1497 2612 1524 2632 et
1540 2610 1745 2639 mare.etqum-

120 2651 197 2676 πᾶσα
210 2649 272 2676 τότε
287 2650 303 2684 ἡ
318 2649 418 2682 κτίσις,
435 2649 540 2676 ἕκαστα
557 2651 627 2685 μετὰ.
644 2649 770 2684 γλώττης
786 2650 911 2676 ἀναπλα-

959 2649 1001 2676 vis
1023 2649 1076 2676 alia
1101 2655 1236 2682 creatura,
1262 2651 1339 2684 quasi
1363 2650 1478 2687 singulae
1505 2659 1600 2678 rursus
1627 2651 1745 2678 condita

121 2695 232 2726 aeéwa,
250 2694 282 2721 τὸ
297 2694 387 2728 Χαῖρε
401 2695 434 2730 τῇ
459 2694 589 2730 Παρθένῳ
612 2695 780 2727 συνεξεὸόων
796 2695 836 2730 τῷ
858 2696 908 2722 Γα-

961 2696 1052 2730 lingua
1066 2703 1116 2722 sua
1132 2696 1275 2723 instructae
1286 2718 1292 2728 ,
1320 2704 1374 2724 una
1396 2705 1493 2724 omnes
1512 2705 1574 2724 cum
1597 2696 1723 2725 Gabriele
1736 2718 1744 2730 ,

121 2741 205 2777 δριήλ
216 2750 225 2757 ·
258 2741 306 2768 καὶ
324 2740 449 2777 καθάπερ
466 2741 512 2768 ἐπὶ
527 2740 621 2776 χοροῦ,
643 2741 674 2768 τὸ
692 2740 840 2777 μελῲδημα
852 2741 911 2767 διας

119 2789 256 2824 διχόμινα
283 2787 332 2814 τοῦ
360 2783 564 2823 πρωτοστάτόυ,
587 2787 622 2815 τὰ
644 2788 713 2816 αὐτὰ
729 2787 761 2815 ἂν
780 2788 910 2819 πολλάκις

155 2869 178 2885 ’³
197 2868 268 2896 Luc.
285 2877 303 2899 ι.
318 2866 364 2894 69.

961 2741 1024 2774 Ave,
1048 2741 1366 2777 Virginiacclamabant;
1395 2751 1426 2770 ac
1449 2742 1532 2770 veluti
1550 2743 1635 2770 choro
1661 2742 1744 2775 facta.

962 2789 1109 2816 melodiam
1125 2797 1139 2815 ε
1156 2790 1274 2824 chorago
1293 2788 1478 2824 excipientes,
1495 2789 1567 2817 idem.
1589 2789 1687 2825 sacpius
1717 2792 1742 2817 in
