1932 3072
111 128 163 160 12’.)

111 234 144 268 δὴ
156 235 204 268 τῆς
222 234 334 260 πάντων
348 231 504 267 ἀγιωτέρας
517 231 564 257 καὶ
573 229 748 264 ἁσυγκρίτως
761 228 910 262 καλλίστης

112 281 125 305 ὃ
139 280 313 313 εετςιλμένης
333 270 470 304 συνοίκου.
488 275 570 312 Οἶμαι
588 277 615 302 δὲ
629 277 675 302 καὶ
696 275 732 307 ὡς
746 293 753 306 ,
772 274 852 309 εἴπερ
870 275 910 305 είς

115 327 164 358 τήν
175 326 299 355 πλείονος
314 325 353 350 ἔτι
364 323 444 358 δόξης
461 322 515 349 ἔδει
530 324 562 357 τῇ
580 322 721 356 πανάγνῳ,
735 320 781 347 καὶ
796 320 909 355 οὐρανὸς

117 372 160 402 αν,
179 372 226 397 καὶ
242 372 278 404 γῆ
291 391 298 402 ,
316 371 362 397 καὶ
380 369 519 400 θάλασσα,
535 368 582 394 καὶ
601 369 676 394 πᾶσα
692 367 752 393 τότε
769 367 784 401 ἡ
802 366 890 396 κτίσις
901 384 909 397 ,

112 418 215 442 ἑκαετι
236 417 337 450 θρῆνον
357 414 581 448 ἀναπλεξάμενα,
597 413 742 448 δονηθῆναι
761 410 845 447 εἶχον,
863 413 910 438 καὶ

115 463 209 496 γοερίν
234 461 399 496 ἀνοιμῶξαι,
417 461 467 496 τὴν
489 460 622 494 ἐκδημίαν
646 458 833 493 ὀλοφυρόμενοι
860 458 910 491 τῆς

116 508 255 542 Παρθένου
267 516 274 522 ·
292 510 338 534 καὶ
352 509 366 534 ὁ
380 508 535 538 τελευταῖος
551 507 584 533 ἂν
599 506 685 532 ἐδόκει
700 505 822 538 σεισμὸς,
837 502 867 531 οὗ
881 505 910 530 τὸ

115 555 250 588 φρικῶδες
260 554 308 580 καὶ
324 555 437 588 νεκροὺς
452 553 589 588 ἀκούομεν
604 551 767 586 ἀνυψώσειν,
780 549 850 577 ὥστε
863 551 910 575 καὶ

117 601 154 630 εἰς
182 601 283 634 αἰθέρα
307 599 508 633 νεφελοϐατεῖν,
532 598 570 629 ὡς
597 597 683 633 μικρὰ
705 597 840 630 διαφέρων
862 595 911 629 τῆς

117 645 160 671 ἐπ’
178 646 290 679 ἐκείνην
310 645 356 671 τοῦ
375 645 477 680 θρήνου
494 645 650 679 κυκήεεως.
671 644 732 669 Ὀτι
749 642 778 668 δὲ
795 641 843 668 τοῦ
861 649 911 675 με·

117 693 212 726 γίστου
229 693 278 719 καὶ
289 689 319 718 οὗ
335 692 403 726 πρὸς
418 691 498 724 δόξαν
513 689 748 726 περιφανέστερον
762 687 848 718 οὐδὲν,
864 687 912 713 τὸν

116 740 182 766 Θεδν
200 740 320 767 τεκοῦσα
335 740 480 774 τετύχηκε,
497 739 579 772 λόγου
593 738 686 764 λοιπὸν
697 737 747 763 οὐκ
762 733 796 771 ἦν
816 735 891 767 ἄξιον
903 753 910 766 ,

116 785 241 812 τοιοῦτόν
260 794 286 812 τι
309 785 394 820 γῆθεν
409 784 481 811 κατὰ
497 784 546 820 τὴν
567 783 643 810 θείαν
658 783 766 817 ἐκείνην
782 782 911 816 κοίμησιν

115 833 363 867 καινοτομηθῆναι.

543 128 673 158 SERMO
703 127 744 157 lN
767 125 1044 156 DORMJTIONEM
1065 127 1096 155 B.
1120 128 1152 156 V.
1173 126 1316 156 MARMS.
1696 125 1749 155 130
1791 170 1800 175 ‘

110 187 236 222 όόυρμοῦ
264 187 311 214 τὸν
348 186 441 213 κλόνον
471 184 609 216 πενθικῶς
639 183 833 219 προαρύσηςί,
866 182 913 209 ἅτε

971 184 1057 211 batur.
1080 183 1148 210 Erat
1162 183 1201 216 id,
1216 188 1246 210 ut
1259 188 1336 218 puto,
1354 182 1497 217 prodentis
1511 183 1627 214 luctum,
1649 187 1675 208 et
1691 183 1751 209 loco

1696 124 1749 155 130

962 229 1116 264 gemituum
1137 234 1241 255 motum
1265 229 1340 255 illum
1363 228 1480 262 lugubre
1504 236 1535 255 ex
1559 228 1613 254 imo
1641 227 1750 259 Cli'lltis,

962 273 1036 308 quod
1066 274 1175 301 scilicet.
1204 274 1414 301 contubernalis
1446 274 1491 300 illa
1530 281 1591 306 sua,
1629 274 1752 300 sanctior

964 320 1113 351 universis,
1145 325 1173 346 et
1199 320 1267 347 citra
1295 319 1529 354 comparationem
1551 328 1660 346 omnem
1693 320 1751 354 pul-

961 367 1097 394 cherrima
1118 367 1174 402 (12)
1194 367 1248 402 jam
1264 367 1417 394 discessura
1443 372 1525 394 esset.
1549 367 1584 393 Et
1611 367 1747 400 siquidem

962 413 1061 447 majori
1080 413 1195 448 insuper
1216 414 1303 448 gloria
1320 413 1450 440 exornari
1473 413 1500 440 in
1529 413 1610 440 terris
1636 413 1751 448 purissi-

963 466 1035 485 mam
1054 459 1128 486 illam
1146 459 1328 493 oportuisset,
1344 460 1499 491 eninnero,
1524 465 1552 486 ut
1569 462 1619 494 ego
1637 459 1750 493 quidem

966 505 1098 536 arbitror,
1109 506 1245 532 etcuelum
1261 510 1336 538 tunc,
1351 511 1378 532 et
1397 511 1480 537 terra,
1497 511 1524 532 et
1540 513 1624 536 mare,
1637 510 1665 532 et
1675 513 1752 532 erea-

964 556 1032 578 tura:
1054 559 1160 584 omnes,
1186 552 1302 586 lugubre
1325 552 1392 586 quid
1423 552 1537 586 singulae
1561 551 1751 579 concinentes.

964 597 1133 624 commoveri
1151 597 1324 630 debuissent,
1348 603 1375 625 et
1397 598 1518 633 Virginis
1534 597 1687 624 discessum
1712 597 1752 622 Ia—

963 646 1117 668 "tentantes
1131 642 1215 668 ﬂebili
1228 650 1294 669 voce
1313 642 1510 677 ingemiscere;
1538 649 1571 668 ac
1594 642 1651 668 visa
1680 646 1755 668 essu

963 693 1100 722 postrema
1120 688 1166 715 illa
1195 689 1250 724 jam
1275 689 1372 716 adesse
1388 689 1546 718 commotio.
1563 688 1641 723 cujus
1657 687 1756 714 horro-

966 740 1022 760 rem
1040 734 1082 760 vel
1101 733 1176 768 ipsos
1193 739 1318 760 mortuos
1335 734 1463 761 novimus
1481 738 1651 764 erecturum,
1677 736 1707 758 ut
1726 734 1754 758 in

964 787 1028 807 aera
1048 779 1136 806 instar
1156 780 1272 807 nubium
1291 777 1466 812 discurrant;
1499 787 1595 814 parum
1618 779 1686 806 adeo
1703 778 1754 805 ista

967 835 982 853 a
998 826 1110 861 lugubri
1126 827 1171 854 illa
1185 832 1302 861 propter
1315 827 1457 861 Virginem
1477 826 1693 854 conturbatione
1713 827 1755 851 vi-

116 876 231 904 deretur
248 877 396 904 absimilis;
423 878 459 904 At
478 875 611 911 quoniam
632 874 726 909 Virgo,
744 876 840 907 utpote
860 871 908 899 Dei
927 875 1016 898 mater
1051 872 1160 904 etIecta,
1184 872 1269 899 decus
1291 873 1415 899 omnium
1450 872 1612 906 maximum,
1641 877 1670 898 et
1699 879 1755 906 quo

116 926 292 961 splendidius
315 927 385 954 nihil
402 926 529 954 conferre
542 925 575 953 ad
590 925 705 960 gloriam
725 926 827 958 potest,
862 921 961 949 sortita
1002 921 1057 956 jam
1101 921 1200 953 fuerat,
1220 922 1296 948 nulla
1322 921 1480 956 postulabat
1497 921 1578 954 ratio,
1617 925 1647 948 ut
1665 920 1754 957 quod—

117 974 190 1010 piam
218 972 357 1008 ejusmodi
389 980 492 1000 novum
527 975 687 1007 portentum
716 969 751 997 ob
782 968 905 996 divinam
926 968 999 995 illam
1023 967 1222 994 dormitionem
1242 976 1258 996 e
1276 973 1349 996 terra
1361 969 1505 997 ederetur.

152 1022 183 1048 l'.
205 1021 285 1047 Ἐπεὶ
299 1021 327 1047 δὲ
342 1021 356 1047 ὁ
371 1021 419 1055 μὲν
435 1017 507 1051 οἶκος
524 1019 590 1053 ἔστη
604 1019 651 1046 τοῦ
667 1018 775 1048 κλόνου,
789 1017 806 1052 ἡ
822 1016 850 1043 δὲ
864 1024 913 1051 με-

1002 1015 1037 1043 Χ.
1061 1016 1210 1051 Postquam
1228 1024 1294 1052 ergo
1307 1017 1407 1045 domus
1420 1019 1538 1045 cessavit
1555 1026 1570 1045 ο
1589 1024 1676 1050 motu,
1691 1026 1753 1046 cum

118 1067 254 1098 τάστασις
264 1067 354 1100 φωτὸς
366 1066 456 1102 ἔργον,
471 1066 518 1093 καὶ
532 1065 580 1092 τοῦ
591 1065 798 1100 λαμπροτάτου,
811 1063 916 1096 ἀνέπτη

118 1115 198 1148 φῶτα
215 1113 318 1148 ἥκιστά
333 1121 365 1147 γε
379 1112 493 1147 βραχέα,
510 1111 628 1138 τοσαῦτα
645 1111 683 1142 δὲ,
701 1110 751 1136 ὅσα
766 1110 856 1144 πλήρη
870 1108 916 1135 τὸν

118 1158 193 1186 οἷκον
209 1148 298 1193 φωτος
318 1159 366 1185 καὶ
382 1157 523 1192 ὀλολαμπῆ
548 1157 695 1191 πεποίηκε.
716 1155 802 1182 Τοῦτο
821 1155 850 1181 δὲ
864 1153 915 1189 ἦν,

120 1205 217 1240 ἔμοιγε
233 1205 319 1236 δοκεῖ,
334 1205 383 1238 τὴν
398 1203 550 1237 τηνικαῦτα
562 1202 617 1229 τῶν
629 1201 752 1236 ἀγγέλων
766 1200 917 1235 ἐπιδημίαν

123 1251 342 1285 ὑποφαινούσης,
356 1249 402 1276 ἆτε
417 1249 586 1284 καταλλήλου
600 1248 646 1275 τοῦ
660 1247 749 1282 φωτὸς
763 1247 848 1279 ὄντος,
860 1247 917 1277 τοῖς

120 1298 168 1324 τοῦ
185 1297 254 1323 Θεοῦ
266 1296 446 1331 λειτουργοῖς,
462 1295 500 1326 ὡς
517 1296 572 1330 πῦρ
587 1294 685 1329 φλέγον
699 1292 896 1328 πεποιημένοις
909 1299 917 1308 '

120 1344 183 1370 οὐδὲ
207 1344 263 1378 γὰρ
281 1342 354 1378 εἶχεν
374 1343 467 1376 ἕτερον
489 1342 665 1377 οἰκειότερον,
682 1338 704 1374 ᾦ
725 1340 758 1367 ἂν
771 1340 836 1371 τοὺς
855 1339 919 1370 νόας

121 1391 209 1424 γῆθεν
228 1389 364 1422 ξενίσαιτο
377 1396 382 1404 ¹
398 1389 484 1419 ἄλλως
497 1389 520 1414 θ’
534 1390 574 1415 ὃτι
592 1389 641 1414 καὶ
658 1387 760 1421 ςφόδρα
773 1383 808 1421 ἦν
819 1385 848 1412 τὸ
863 1385 920 1419 φῶς

121 1437 226 1462 οἰκεῖον
240 1436 323 1470 αὐτῇ,
340 1436 450 1461 πάντων
465 1434 533 1471 οὔσῃ
546 1433 744 1468 φωτεινοτάτῃ.

968 1063 1102 1090 transitus
1119 1063 1166 1090 ille
1188 1063 1309 1098 Virginis
1336 1065 1368 1091 ad
1393 1072 1477 1098 opera
1495 1064 1567 1091 lucis
1586 1069 1614 1091 et
1641 1065 1754 1098 quidem

968 1108 1180 1144 fulgentissima
1205 1114 1352 1144 spectaret.
1377 1110 1467 1137 statim
1495 1111 1608 1145 exiguas
1632 1111 1690 1144 ipsa
1715 1111 1756 1137 fa-

967 1155 1054 1187 culas,
1070 1163 1172 1190 easque
1194 1159 1234 1182 tot
1257 1156 1394 1187 accendit,
1424 1159 1492 1190 quot
1518 1156 1551 1182 ad
1588 1156 1756 1190 implendam

966 1201 1027 1228 luce
1042 1202 1165 1233 domum,
1177 1209 1293 1236 eamque
1309 1202 1480 1237 splendidam
1498 1202 1619 1237 undique
1636 1202 1757 1229 ellieicu-

967 1249 1029 1276 dam
1046 1250 1114 1277 satis
1135 1255 1238 1277 essent.
1253 1250 1304 1277 Per
1320 1250 1377 1277 haec
1392 1256 1494 1281 autem.
1516 1256 1545 1278 ut
1562 1251 1627 1278 mihi
1644 1252 1756 1286 quidem

967 1295 1087 1328 videtur,
1100 1296 1248 1323 instantem
1260 1297 1315 1332 jam
1329 1298 1492 1332 angelorum
1510 1297 1658 1325 adventum
1682 1298 1758 1324 indi-

969 1342 1059 1375 cabat,
1074 1350 1136 1369 cum
1154 1343 1286 1370 videlicet
1307 1344 1354 1370 Dei
1375 1343 1558 1375 administris,
1586 1345 1687 1379 quippe
1711 1345 1758 1379 qui

969 1388 1033 1415 facti
1051 1392 1116 1415 sunt
1139 1388 1210 1423 ignis
1233 1397 1316 1416 urens
1334 1389 1354 1420 ³,
1389 1390 1435 1416 lux
1459 1397 1577 1415 maxune
1606 1395 1760 1424 congruat;

971 1440 1034 1459 nam
1053 1433 1121 1460 nihil
1150 1433 1268 1461 habebat
1298 1435 1390 1468 aliud,
1422 1443 1476 1469 quo
1506 1437 1597 1471 aptius
1624 1436 1650 1462 in
1681 1435 1762 1463 terris

123 1483 252 1509 caelestes
286 1481 400 1515 spiritus
437 1480 559 1514 hospitio
597 1479 763 1513 exciperet;
791 1477 945 1512 praesertim
966 1485 1032 1505 Vero
1054 1486 1116 1505 cum
1135 1482 1163 1506 et
1180 1479 1232 1514 ipsi
1250 1479 1363 1514 Virgini,
1397 1485 1492 1515 utpote
1519 1490 1610 1508 rerum
1638 1483 1761 1509 omnium

123 1527 315 1558 lueiiissinne,
336 1528 382 1553 lux
397 1531 469 1554 esset
485 1525 701 1552 accommodata.

162 1573 221 1601 Εἶτ’
238 1573 415 1608 ὲκκορήσιισα
429 1573 458 1598 τὸ
474 1572 622 1606 δωμάτιον,
639 1571 686 1596 καὶ
700 1569 749 1605 τὴν
766 1569 843 1604 ἱερὰν
860 1568 920 1594 κλί-

125 1629 177 1654 νην
192 1641 198 1649 ,
220 1619 263 1652 ἐφ’
310 1618 340 1645 τὸ
355 1618 444 1653 τίμιον
459 1617 605 1643 διανέπαυε
622 1615 714 1649 σῶμα,
732 1615 762 1641 εὖ
778 1614 920 1645 διαθεῖσα,

124 1666 212 1692 τᾶλλα
228 1673 256 1690 τε
271 1663 524 1698 παρασκευάσασα,
543 1663 592 1688 ὃσα
607 1662 680 1696 ταφῇ
699 1661 855 1695 νομίζεται,
871 1660 920 1690 τὰς

127 1711 209 1746 φίλας
236 1711 304 1744 αὐτῇ
327 1710 452 1743 γείτονας
475 1708 663 1742 συγκαλεῖται.
685 1707 717 1733 Αἱ
738 1706 767 1732 δὲ
784 1704 855 1740 ἦσαν
874 1705 921 1731 δύο

128 1757 261 1791 πενιχραὶ
283 1756 367 1790 χῆραι
388 1754 441 1780 τῶν
454 1753 550 1780 ἐνδεῶν
571 1754 620 1788 μὲν
640 1754 689 1779 ὅσα
705 1752 773 1787 πρὸς
793 1751 865 1786 βίον,
885 1750 922 1780 ὼς

126 1804 156 1829 δὲ
172 1804 206 1837 τῇ
224 1803 333 1827 πάντων
349 1801 448 1826 οίκεῖαι
467 1799 584 1834 βασιλίδι
597 1819 603 1831 ,
620 1800 668 1825 καὶ
682 1799 738 1824 τῶν
754 1797 840 1832 αὐτῆς
855 1797 922 1830 κλη-

129 1848 254 1883 ρονόμοι,
271 1847 308 1878 ὡς
326 1846 380 1880 ἄρα
397 1846 465 1880 μετὰ
484 1845 582 1880 μικρὸν
597 1845 611 1871 ὀ
625 1845 704 1878 λόγος
724 1842 855 1877 δηλώσει,
869 1841 924 1868 τῶν

129 1896 163 1920 ἐκ
174 1892 300 1928 λιπαρῶν
314 1893 362 1918 καὶ
378 1891 481 1926 βαθέων
494 1891 575 1918 οῐκων
587 1890 839 1925 εὐδαιμονέστεραι.
852 1888 925 1914 Γνω-

130 1941 203 1976 ρίζει
227 1940 318 1979 τοίνυν
342 1938 456 1970 ταύταις
480 1938 529 1972 τὴν
552 1937 703 1972 ἐκδημίαν·
730 1935 778 1961 τοῦ
806 1934 924 1968 ἀγγέλου

128 1988 207 2022 δηλοῖ
226 1987 260 2013 τὰ
279 1987 389 2020 ῥήματα
403 1992 410 2000 ·
427 1984 457 2010 τὸ
475 1984 522 2010 τοῦ
539 1984 637 2018 ἑαυτῆς
654 1982 719 2009 Υἱοῦ
738 1982 784 2008 καὶ
799 1982 925 2016 Σωτῆρος

129 2032 259 2066 ἀγγέλλει
270 2032 397 2066 μήνυμα·
410 2030 529 2056 δείκνυσι
543 2029 589 2056 καὶ
600 2029 645 2055 τὸν
657 2028 764 2058 κλάδον,
776 2027 823 2054 καὶ
837 2026 926 2060 λόγοις

129 2078 281 2113 ὲξιτηρίοις
297 2075 463 2110 διησπάζετο
482 2076 542 2106 ταῖς
560 2074 709 2109 γνωρίμοις
724 2081 731 2088 ·
751 2073 799 2099 καὶ
816 2072 849 2104 ἃς
869 2072 926 2106 εἶχε

129 2125 225 2155 διττὰς
239 2124 369 2158 ἐσθῆτας,
385 2121 438 2148 τῶν
453 2122 546 2157 χηρῶν
564 2121 692 2155 ἐνείματο
709 2119 847 2154 ἑκατέρᾳ·
864 2119 925 2145 οὐδὲ

130 2171 186 2205 γὰρ
208 2169 244 2205 ἦν
265 2170 315 2195 ὅσα
338 2177 370 2202 γε
390 2169 430 2198 είς
454 2167 592 2202 θησαυρὸν
613 2166 708 2200 ἕτερον
732 2166 766 2199 τῇ
792 2165 927 2198 πανάγνῳ

133 2218 146 2249 ί
170 2215 287 2247 πλοῦτος
312 2213 460 2249 ὑπερφυῶν
483 2212 601 2248 ἀρετῶν,
626 2213 673 2237 καὶ
689 2211 703 2237 ὃ
728 2219 755 2236 τι
779 2211 928 2246 ἀναγκαῖον

145 2261 224 2289 ἔικεν
239 2264 255 2297 ἡ
273 2261 362 2297 χρεία.

1011 1570 1115 1597 Deinde
1132 1578 1194 1597 cum
1206 1570 1401 1598 domunculam
1412 1572 1546 1599 verrendo
1558 1577 1762 1607 perpurgassct,

975 1619 1003 1642 et
1023 1616 1210 1642 venerandum
1234 1616 1310 1643 illum
1332 1615 1475 1647 lectulum,
1507 1619 1532 1644 in
1568 1627 1622 1653 quo
1641 1620 1759 1653 aliquant

933 1676 955 1707 Ο
974 1661 1081 1688 solebat
1098 1662 1218 1696 pretioso
1243 1663 1351 1697 corpori
1372 1671 1422 1689 suo
1447 1665 1569 1698 requiem
1597 1665 1672 1698 dare,
1695 1674 1762 1692 eou—

971 1707 1051 1734 einne
1077 1707 1274 1742 disposuisset,
1301 1716 1362 1735 cum
1380 1713 1417 1744 pet
1441 1710 1494 1736 alia
1512 1730 1519 1742 ,
1537 1718 1707 1745 quaecunque
1735 1712 1762 1738 in

971 1753 1116 1780 funeribus
1146 1754 1197 1781 rite
1219 1755 1433 1787 adhibebantur,
1461 1762 1632 1790 apparasset,
1660 1758 1765 1784 vicinas

972 1798 1024 1825 sibi
1034 1799 1137 1825 anticus
1152 1804 1296 1827 convocat.
1313 1800 1373 1827 Istae
1391 1809 1475 1836 porro
1490 1802 1551 1828 dum
1568 1807 1649 1829 erant
1666 1803 1763 1837 inopes

972 1844 1071 1876 viduae,
1084 1852 1218 1879 pauperes
1233 1846 1343 1880 quidem
1359 1847 1430 1882 quod
1450 1848 1483 1875 ad
1500 1849 1561 1875 vita:
1578 1849 1764 1876 conditionem

973 1890 1084 1922 attinet,
1101 1895 1241 1924 quatenus
1258 1897 1351 1919 autem
1380 1893 1482 1928 reginze
1508 1894 1702 1922 universorum
1725 1896 1765 1922 fa—

977 1936 1109 1970 miliares,
1135 1943 1163 1964 et
1189 1938 1216 1964 in
1241 1939 1364 1974 ejusdem
1383 1939 1585 1972 ha-reditatem,
1614 1942 1652 1968 uti
1682 1943 1765 1976 paulo

975 1988 1039 2017 post
1055 1990 1148 2010 sermo
1160 1985 1311 2017 enarrabit,
1339 1985 1443 2017 ascitas,
1474 1987 1646 2020 quibuslibet
1673 1989 1714 2014 vel
1733 1996 1763 2014 es

974 2027 1105 2061 opulenta
1119 2027 1260 2063 nobilique
1283 2029 1364 2056 domo
1389 2030 1498 2057 feminis
1513 2031 1660 2059 feliciores.
1679 2033 1766 2060 llasce

976 2072 1062 2107 igitur
1078 2073 1113 2100 de
1136 2074 1260 2102 discessu
1273 2083 1323 2102 suo
1337 2081 1432 2104 monet
1446 2085 1452 2110 ;
1477 2082 1589 2104 enarrat
1610 2078 1695 2106 verba
1714 2087 1765 2106 an-

977 2119 1050 2154 geli;
1067 2119 1129 2147 Filii
1149 2128 1182 2147 ac
1199 2120 1349 2149 Salvatoris
1370 2123 1412 2150 sui
1439 2124 1568 2150 nuntium
1586 2125 1695 2159 aperit;
1722 2134 1766 2152 ra-

979 2173 1054 2191 mum
1078 2173 1188 2200 quoque
1217 2167 1271 2194 illis
1298 2169 1428 2202 ostendit,
1456 2174 1484 2197 et
1504 2171 1597 2199 verbis
1614 2171 1766 2199 discedenti

980 2213 1113 2246 congruis
1142 2214 1346 2242 consuetudine
1375 2216 1428 2243 sibi
1454 2216 1598 2244 dcvinctas
1625 2224 1767 2253 postremo

981 2259 1102 2291 salutat;
1121 2263 1178 2285 tum
1203 2260 1294 2293 binas,
1311 2270 1380 2296 quas
1397 2263 1515 2290 habebat
1533 2270 1634 2296 vestes,
1657 2265 1767 2299 utrique

135 2310 224 2337 uidua:
241 2309 395 2336 distribuit.
411 2307 505 2343 Neque
524 2306 597 2334 enim
619 2306 778 2341 purissimae
795 2305 836 2332 illi
870 2305 945 2332 aliud
967 2306 1108 2341 quidpiam
1129 2307 1250 2335 thesauri
1269 2313 1350 2342 erat,-
1378 2318 1461 2344 quam
1485 2311 1767 2338 eminentissimaruni

134 2359 270 2385 virtutum
293 2363 370 2389 opes,
394 2359 422 2382 ct
447 2356 468 2382 si
496 2356 562 2390 quid
589 2356 653 2383 vitae
677 2363 746 2382 usus
766 2356 925 2382 necessario
945 2357 1079 2391 exigebat.

168 2405 221 2430 Μ’.
244 2403 322 2429 Ἐπεὶ
337 2403 365 2429 δὲ
377 2403 477 2429 τούτων
492 2405 525 2429 τὰ
537 2405 624 2438 σεμνὰ
637 2405 730 2430 ἐκεῖνα
741 2404 870 2439 διήκουσε
882 2403 916 2436 γύ

1017 2405 1063 2432 XI.
1089 2405 1139 2433 Ubi
1156 2414 1222 2433 vero
1241 2408 1298 2435 haec
1317 2409 1466 2436 audierunt
1493 2410 1615 2438 honesta:
1640 2411 1692 2438 illte
1711 2418 1770 2436 mu-

131 2461 196 2477 vat:
208 2471 215 2482 ,
231 2450 336 2484 γοερῶς
349 2449 500 2484 ἀνῴμωξαν
510 2469 518 2480 ,
531 2450 638 2484 πικρῶς
653 2451 684 2476 ὲκ
697 2449 798 2484 βάθους
814 2450 925 2476 ἐστένα-

132 2497 192 2529 Ξαν,
207 2495 337 2530 δακρύων
349 2495 454 2530 ῥύακας
469 2495 622 2522 ἁπέϐλυσαν
633 2496 687 2522 τῶν
702 2496 852 2530 ὀφθαλμῶν
863 2505 869 2511 ³
880 2497 926 2522 καὶ

202 2568 279 2597 Psal.
298 2575 355 2601 CIII,
369 2567 394 2594 ι.

980 2449 1071 2481 lieres,
1089 2451 1114 2477 in
1127 2451 1316 2480 lamentabiles
1325 2454 1440 2488 gemitus
1454 2460 1660 2488 proruperunt;
1677 2463 1767 2482 amara

980 2503 1013 2522 ex
1036 2496 1090 2523 imo
1113 2498 1250 2526 ducebant
1267 2501 1397 2534 suspiria,
1424 2501 1604 2535 lacrymarum
1633 2501 1765 2536 proﬂuria

776 2648 848 2677 Ant.
868 2644 1015 2676 Balleriui
1032 2648 1126 2676 notae.

173 2733 184 2753 ί
199 2733 283 2761 Forte
302 2732 503 2764 προαρυοὺσης.

172 2770 228 2804 (12)
243 2769 351 2796 Cernis,
365 2767 397 2793 de
408 2767 519 2801 Virgine
533 2767 650 2804 Dcipara
663 2766 765 2794 dicenti
779 2767 820 2793 vel
832 2771 930 2801 sponte

135 2812 168 2832 ac
184 2804 261 2831 nulla
274 2807 403 2837 poscente
415 2810 496 2829 causa
509 2803 637 2829 excidero
652 2803 746 2829 laudes
757 2803 931 2836 incompara-

136 2840 200 2868 bilis
227 2837 385 2866 sanctitatis
407 2843 433 2864 et
458 2837 700 2871 pulchritudinis:
726 2838 795 2865 adeo
822 2837 930 2864 srilicet

982 2731 1026 2757 vix
1048 2730 1082 2757 de
1098 2729 1209 2764 Virgine
1230 2729 1312 2756 Maria
1337 2728 1457 2761 cogitare
1476 2727 1630 2764 licetsquin
1647 2727 1767 2763 singula-

983 2766 1102 2795 ris'siu'ia,
1116 2762 1167 2799 qua
1185 2765 1280 2799 fulget,
1296 2764 1426 2790 sanctitas
1440 2770 1472 2789 ac
1490 2762 1664 2797 pulchritudo
1677 2762 1766 2791 niten-

984 2801 1085 2828 tissima
1101 2801 1186 2828 menti
1205 2803 1377 2828 obversetur.
