1932 3072
127 113 179 147 13ὶ

565 114 694 145 SERMO
709 114 748 144 IN
769 115 1045 146 DORMITIONEM
1073 117 1104 146 Β.
1130 118 1161 146 ν.
1186 117 1330 147 Μςὶίἰῐῆἔ.

1708 123 1759 153 I31-

123 175 219 203 ἕνεκα,
238 173 286 199 καὶ
299 168 336 198 ὧν
356 172 395 204 εἷς
407 170 457 206 ἐμὲ
479 170 634 206 μεγαλείων
651 171 916 206 μεγαλοφωνοτάτου

972 175 1152 206 percepturus
1167 179 1237 198 esse.
1252 174 1271 198 Α
1288 173 1363 199 luctu
1379 173 1461 207 igitur
1472 181 1503 201 ac
1516 175 1619 202 [mestis
1634 177 1761 204 lamentis

125 219 254 250 κώδωνος
271 218 437 253 τρανότερον
452 218 491 244 διε
496 217 610 243 σάλπισε
616 237 624 244 .

974 222 1168 252 temperantes,
1185 219 1267 246 simul
1282 226 1376 245 omnes
1392 218 1615 254 Omnipotentem
1631 222 1762 250 laudibus

124 266 305 298 extollamus,
326 271 383 292 tum
408 265 443 292 ob
466 265 519 291 alia
535 265 633 296 multa,
652 271 710 291 tum
728 265 763 292 ob
784 263 918 299 magnalia
940 264 967 291 in
1007 273 1050 292 me
1073 270 1240 300 perpetrata,
1266 273 1327 301 qum
1349 266 1406 300 ipse
1423 267 1536 294 vocibus
1570 276 1626 303 pne
1664 272 1762 305 quovis

127 320 236 340 canora:
254 313 329 339 tubm
347 312 438 340 sonitu
453 312 620 340 clarioribus
635 312 792 338 illustravit.

157 357 211 384 ll".
228 359 349 384 Τοιαῦτα
371 359 420 392 τῆς
445 359 588 390 ﬂuvitva
612 357 777 392 διεξιούσης,
795 357 842 383 καὶ
860 357 919 387 ταῖς

125 404 276 438 γνωρίμοις
297 404 395 438 ἡδονὴν
421 403 619 438 ὲνσταζούαης,
647 404 694 430 ᾶτε
724 403 774 437 τῆς
795 403 918 436 γλώττης

127 451 295 483 θεοκινήτως
320 450 405 484 αὐτῆς
431 450 605 484 ὑπηχούσης,
626 451 684 483 ῥεῖν
706 458 735 475 τε
759 449 844 484 ἡδέως
860 449 918 474 δια-

128 495 305 526 πλασθεῑσης,
337 495 384 520 καὶ
408 495 463 525 τοῖς
491 495 682 529 ακρσωμένοις
705 495 802 530 χάριεν
828 494 919 528 ἐμφυ-

126 541 219 567 τεὺειν
236 541 353 576 κίνημα,
367 540 456 575 διηχεῖ
476 541 526 575 μὲν
545 541 661 576 οὐρανὸς
678 541 822 576 ἐξαίφνης,
839 542 918 576 βρονο

126 588 176 617 τὰς
192 587 364 621 ἐπιϐρέμων,
383 589 431 612 καὶ
452 587 534 612 οἱονεί
557 595 610 613 τινι
629 588 779 623 σημάντρῳ
793 588 832 622 τῷ
851 587 917 622 παρ’

127 632 224 660 ἑαυτοῦ
250 633 367 667 πατάγῳ
383 634 446 665 τοὺς
462 634 495 659 τὰ
512 633 601 669 ageam
621 635 655 669 τῇ
677 634 763 669 μητρὶ
783 634 831 660 τοῦ
847 634 916 660 Θεοῦ

125 679 375 713 λειτουργὴσοντας
390 667 569 713 διαναστῆναί
589 679 706 706 κελεύει.

159 725 282 758 Νεφέλαι
312 724 342 751 δὲ
376 725 544 760 πολλαχόθεν
570 725 683 758 διέθεον,
713 725 805 760 emat:
841 726 916 758 ξένον

126 771 227 802 ἑαυτὰς
247 771 403 797 ὕποκλίνειν
419 771 585 798 σπεύδουσαι
604 773 660 802 τοῖς
674 773 870 806 διακονήσουσι
883 773 914 806 τῇ

125 818 210 852 ταφῇ.
242 817 429 844 Ἑνετείλιιτο
454 817 508 852 γὰρ
536 818 678 851 νεφέλαις
708 817 917 852 ὑπεράνωθεν,

126 860 240 900 ᾖφησιν
263 863 278 889 ό
304 863 376 895 θεῖος
400 863 502 890 Δαδίδ⁶
532 863 579 890 καὶ
604 864 706 890 πάλιν·
732 865 769 892 ’Π
788 864 917 898 δύναμις

125 909 220 936 αὐτοῦ
238 909 274 935 ἐν
295 910 360 942 ταῖς
381 909 544 944 νεφέλαις·
566 909 614 945 τὴν
631 911 802 942 Evr/allatum,
826 908 915 946 οἶμαι,

126 956 298 990 προγράψειν
315 955 403 990 ἰσχὺν,
423 956 440 990 ἡ
456 957 518 987 τοὺς
538 957 664 991 κήρυκας
685 957 878 985 διεσάστασεν.

160 1000 209 1027 ΙΔ¹.
228 1001 305 1027 Ἔδει
320 1001 376 1035 γὰρ
394 1001 540 1036 κινηθῆναι
552 1002 588 1028 τὰ
600 1002 668 1035 ἄνω,
681 1003 729 1029 καὶ
747 1003 876 1039 καθάπερ
889 1013 915 1030 τι

125 1047 219 1073 καινὸν
238 1045 418 1078 ὑποδέξεσθαι
446 1047 580 1082 μέλλοντα
603 1049 708 1084 χρῆμα,
725 1049 760 1076 τὰ
782 1050 832 1085 μὲν
847 1051 917 1077 ὑπα-

125 1093 280 1126 νοέγεσθαι,
295 1093 430 1128 εὐρύτερα
442 1093 558 1126 ἑαυτῶν,
573 1095 597 1121 εί
617 1093 673 1122 οἷόν
688 1104 728 1128 τε,
751 1096 917 1123 διαπλαττό-

126 1147 207 1173 pauc,
230 1138 265 1164 τὰ
283 1139 305 1164 δ’
317 1139 483 1174 ὑποχωρεῖν,
507 1140 629 1172 σώζονὶα
648 1141 698 1176 τὴν
722 1142 800 1173 αἰδὼ,
819 1143 865 1168 καὶ
883 1143 916 1168 τὰ

125 1185 175 1218 μὲν
191 1184 248 1210 τῶν
261 1185 414 1219 ἑπομένων,
422 1185 487 1212 ἄλλα
498 1186 527 1212 δὲ
538 1187 592 1213 τῶν
607 1189 830 1222 προπεμπόντων
840 1189 916 1222 τάξιν

122 1233 237 1264 ἑαυτοῖς
249 1233 384 1259 διαθιῖναι
399 1241 405 1248 ·

120 1279 350 1306 διακτυπείοθαι.

426 1233 471 1260 καὶ
492 1234 563 1260 οὕτω
585 1235 676 1269 θροῦν,
693 1235 730 1266 ὡς
747 1238 844 1269 εἰπεῖν,
862 1239 916 1264 ἄνω

157 1412 327 1447 θαυμαστὸν
341 1412 370 1439 δὲ
385 1413 472 1445 οὐδὲν,
488 1414 514 1440 ει
536 1413 653 1449 θορύϐου
671 1414 766 1450 τιόρρω
781 1415 816 1441 τὰ
839 1415 915 1442 κάτω

120 1458 277 1494 τετήρηται
294 1457 341 1484 καὶ
366 1458 491 1492 σεισμοῦ.
512 1459 542 1484 '0
568 1459 683 1494 οὐρανὸς
709 1459 759 1494 μὲν
785 1460 850 1495 γὰρ,
871 1458 915 1487 οἷα

123 1504 217 1530 καινὸν
234 1502 387 1538 κειμήλιον,
398 1504 549 1538 παράδοξον
562 1504 750 1540 είσδεξόμενος
763 1500 914 1541 θησαυρὸν,

123 1550 240 1579 εἰκότως
260 1548 458 1583 διεθορυϐεῖτο,
475 1551 522 1576 καὶ
538 1550 638 1585 σχολὴν
653 1552 732 1585 ἄγειν
754 1553 806 1578 οὐκ
828 1551 916 1587 εἶχεν,

124 1596 222 1630 ὥσπερ
236 1595 358 1630 ἐρευνῶν
372 1596 520 1622 ἀνακυκῶν
531 1596 637 1629 ἑαυτὸν,
649 1597 704 1632 ὅπη
722 1598 755 1625 ἂν
771 1599 822 1633 τὴν
838 1599 916 1630 ἀξίαν

124 1642 235 1676 οἴκησιν
250 1640 436 1677 τῇιΔεσποίνῃ
453 1642 625 1677 παράσχοιτο
637 1650 643 1658 ·
659 1643 696 1676 γῆ
710 1643 748 1676 δὲ,
767 1642 856 1679 οἴμαι.
872 1645 918 1671 διὰ

123 1687 206 1713 τοῦτο
228 1686 381 1720 ἁκλόνητος
404 1686 524 1721 ἔμεινεν,
542 1687 585 1713 ὅτι
609 1696 638 1714 τε
663 1687 732 1723 αὕτη
758 1689 805 1715 τὸν
824 1689 918 1716 καινὸν

125 1732 231 1766 ἀνῆκεν
255 1732 414 1766 ἄνθρωπον,
439 1732 490 1766 τὴν
515 1732 666 1767 Παρθένον,
682 1733 730 1760 καὶ
751 1734 848 1761 τοῦτον
871 1735 918 1762 ἐπὶ

124 1778 194 1804 πολὺ
218 1777 352 1812 περιόντα
373 1777 454 1812 ἔφερε
469 1785 475 1793 ·
493 1778 540 1804 καὶ
558 1777 592 1813 ἦν
607 1779 663 1814 ἄρα
678 1779 733 1806 τῶν
756 1780 916 1808 ἀκολούθων

126 1824 212 1859 μηδὲν
231 1824 278 1849 ἐπὶ
294 1824 353 1855 τοῖς
371 1823 497 1850 εἰωθόσιν
509 1844 518 1857 ,
534 1824 558 1850 ει
582 1825 630 1851 καὶ
649 1825 736 1857 ἄλλως
762 1827 915 1863 παράδοξα,

122 1869 346 1904 διαπράττεσθαι
356 1877 364 1884 ·
381 1870 429 1895 καὶ
443 1870 486 1896 ὅτι
501 1877 555 1904 περ
573 1870 628 1896 οὐδ’
640 1871 688 1897 ἐπὶ
708 1872 816 1908 μακρὸν
831 1873 916 1900 κατέ-

124 1924 184 1950 χειν
199 1914 298 1950 ἔμελλε
313 1915 363 1950 τὴν
378 1916 517 1949 πάναγνον
531 1915 749 1951 τελευτήσασαν,
765 1918 834 1945 ἀλλὰ
851 1919 916 1946 θᾶτ-

124 1970 172 1988 τον
191 1962 248 1992 τοῖς
265 1961 322 1988 ἄνω
346 1961 554 1995 παραπέμψειν,
573 1961 618 1988 ἵνα
637 1963 696 1991 τοῖς
712 1963 825 1998 ὑψηλοῖς
847 1965 916 2000 λαμ‹

127 2007 204 2041 πρῶς
216 2005 445 2040 ἀνθαμιλληθείη,
455 2005 585 2032 δεικνῦσα
597 2003 653 2032 οἷον
662 2007 675 2033 ὁ
686 2007 815 2039 ταπεινὸς
828 2008 917 2043 χῶρος

127 2052 357 2088 ἁνῦρωποπρεπῆ
385 2051 576 2086 διεμὰρφωπεν
609 2052 757 2088 ἀνδριάντα
785 2055 833 2080 καὶ
862 2055 918 2081 τῶν

126 2100 156 2126 οὗ
161 2099 263 2131 ρανίων
278 2098 440 2132 ὑπέρτερον.

1005 356 1075 383 XIII.
1094 356 1161 382 Dum
1178 356 1228 382 hos
1246 355 1395 390 purissima
1409 355 1453 382 illa
1475 363 1618 384 sermones
1630 357 1759 392 haberet,

969 406 997 430 et
1010 402 1192 429 familiaribus
1218 402 1298 428 dulce
1323 401 1472 428 iustillarct
1496 402 1633 434 solamen,
1657 405 1762 438 quippe

967 449 1047 483 cujus
1066 448 1157 482 lingua
1186 447 1309 474 divinum
1334 447 1398 481 quid
1425 455 1558 475 resonans
1577 453 1605 475 et
1618 450 1651 476 ad
1671 451 1762 477 suavi—

968 498 1051 522 tatem
1066 493 1273 525 eﬂ'undcndam,
1290 497 1317 519 ct
1330 495 1363 519 ad
1382 493 1563 527 ingerendum
1582 495 1762 523 audientibus

965 539 1147 575 iucunditatis
1173 547 1287 566 sensum
1317 543 1381 565 nata
1408 544 1484 571 erat;
1512 539 1622 566 insonat
1646 547 1762 575 repente

967 586 1078 618 ctelum,
1095 585 1253 612 tonitrubus
1267 585 1398 616 fremens,
1422 592 1455 611 ac
1480 585 1587 618 fragore
1602 593 1663 618 suo,
1689 595 1760 620 quo-

969 632 1032 658 dam
1056 631 1142 658 veluti
1159 631 1238 665 signo
1261 631 1336 662 dato,
1361 630 1514 663 ministros,
1539 631 1586 665 qui
1608 630 1657 658 Dei
1681 632 1760 658 matri

967 683 1091 706 extrema
1106 677 1276 712 persolvant,
1290 677 1369 712 jubet
1381 685 1537 712 assurgere.

1001 723 1095 750 Nubes
1107 729 1174 750 vero
1186 730 1202 749 e
1215 723 1308 749 multis
1320 718 1445 757 partibus
1458 728 1645 756 accurrentes,
1659 732 1760 751 novum

969 777 1102 796 curruum
1118 776 1270 803 genussese
1289 769 1394 796 funeris
1409 770 1585 797 curatoribus
1605 778 1761 806 supponere

972 815 1167 850 properabant.
1189 814 1328 842 Mandavit
1351 815 1424 842 enim
1448 816 1559 842 nubibus
1583 817 1703 852 desuper,
1731 821 1761 844 ut

973 861 1063 894 inquit
1076 860 1186 887 divinus
1202 860 1287 887 David
1298 861 1326 893 °;
1343 866 1370 887 et
1387 869 1484 888 rursus
1494 862 1514 878 '°
1528 872 1534 888 ε
1548 862 1636 889 Virtus
1653 863 1709 897 ejus
1731 864 1759 890 in

971 906 1101 938 nubibus;
1120 907 1236 933 inditam
1249 907 1391 940 videlicet,
1408 912 1525 942 utputo.
1544 909 1599 935 vim
1620 910 1763 944 praesigni-

971 953 1065 983 ﬁcans,
1083 960 1143 987 qum
1155 952 1294 987 Evangelii
1310 960 1451 987 praecones
1468 955 1629 988 asportavit.

1006 999 1078 1026 XIV.
1100 999 1134 1026 Et
1148 1006 1199 1033 par
1225 1003 1286 1026 erat
1297 999 1433 1033 profecto,
1450 1005 1481 1027 ut
1499 1008 1619 1035 superna
1634 1009 1761 1029 commo-

969 1050 1114 1079 verentur,
1131 1049 1159 1072 et
1171 1049 1268 1079 utpote
1280 1045 1410 1080 quiddam
1429 1053 1544 1080 prorsus
1562 1055 1663 1074 novum
1683 1048 1709 1074 iu
1730 1055 1759 1075 se

970 1095 1140 1125 susceptura,
1167 1090 1219 1117 alia
1242 1091 1354 1125 quidem
1371 1099 1401 1119 se
1425 1092 1503 1126 ipsis,
1522 1093 1545 1120 si
1568 1093 1626 1120 ﬁeri
1654 1099 1759 1128 posset,

970 1135 1066 1162 latiora
1092 1136 1190 1163 eIIccta
1217 1137 1302 1163 veluti
1333 1137 1540 1171 panderentur,
1568 1139 1620 1165 alia
1648 1144 1759 1170 autem,

974 1182 1047 1209 velut
1066 1182 1230 1216 obsequium
1250 1187 1410 1209 reverenter
1430 1183 1602 1215 exblbentia,
1628 1183 1691 1210 loco
1711 1191 1757 1211 ce-

970 1227 1082 1260 derent;
1099 1231 1127 1255 et
1149 1235 1245 1254 rursus
1273 1232 1303 1254 ut
1324 1228 1373 1255 ista
1394 1233 1564 1262 postremum
1587 1230 1761 1264 subsequen-

971 1273 1050 1306 tium,
1071 1273 1123 1299 alia
1139 1280 1205 1300 vero
1216 1274 1335 1308 primum
1354 1275 1538 1308 praeeuntium
1557 1275 1685 1302 ordinem
1704 1275 1757 1302 sibi

971 1323 1130 1351 sumerent;
1145 1323 1228 1353 atque
1245 1320 1281 1346 ita
1296 1320 1420 1354 quidam,
1437 1326 1467 1348 ut
1483 1322 1520 1348 ita
1535 1321 1635 1353 dicam,
1656 1323 1759 1349 tumul-

971 1364 1106 1391 tuantium
1119 1364 1245 1391 Iron-itus
1263 1364 1290 1391 in
1304 1365 1432 1399 supernis
1450 1371 1647 1400 personaret.‘

1005 1409 1082 1442 Quod
1106 1417 1173 1437 vero
1187 1410 1319 1437 inferiora
1334 1411 1393 1438 hmc
1418 1419 1433 1438 a
1458 1412 1577 1438 tumultu
1593 1417 1620 1439 et
1635 1420 1760 1439 commo-

972 1456 1045 1483 tione
1061 1455 1258 1489 abstinuerint,
1285 1457 1324 1483 nil
1340 1456 1442 1483 mirum
1461 1457 1549 1484 videri
1574 1457 1667 1485 debet.
1691 1458 1759 1485 Nam

968 1503 1068 1530 cmlum
1083 1507 1178 1537 utpote
1194 1510 1297 1530 novum
1312 1503 1452 1530 eimclium
1484 1511 1516 1531 ac
1528 1504 1689 1531 thesaurum
1711 1505 1760 1531 ad-

967 1548 1125 1575 mirandum
1146 1553 1340 1583 excepturum,
1357 1550 1456 1577 merito
1480 1557 1528 1577 sus
1547 1550 1636 1585 deque
1666 1551 1760 1577 turba-

967 1595 1060 1627 batur,
1076 1603 1166 1629 neque
1184 1595 1284 1630 degere
1296 1587 1385 1623 otiose
1399 1600 1516 1630 poterat,
1533 1596 1637 1630 quippe
1653 1604 1715 1623 cum
1730 1604 1760 1624 se

971 1645 1064 1676 partes
1090 1641 1117 1668 in
1134 1649 1230 1668 omnes
1253 1646 1364 1669 vertens
1390 1642 1554 1676 requireret,
1577 1650 1631 1677 qua
1655 1643 1761 1670 ratione

971 1687 1134 1722 condignam
1150 1688 1251 1722 reginae
1271 1687 1364 1714 sedem
1386 1688 1531 1722 praeberet.
1555 1687 1590 1715 At
1606 1695 1671 1715 vero
1690 1693 1761 1715 terra

969 1733 1092 1766 idcirco,
1112 1738 1142 1760 ut
1162 1737 1239 1768 puto,
1262 1734 1461 1768 imperturbata
1486 1735 1597 1764 mansit,
1614 1737 1672 1760 turn
1697 1734 1761 1768 quia

968 1787 1070 1807 novum
1084 1779 1160 1806 hunc
1173 1780 1323 1812 hominem,
1345 1780 1483 1815 Virginem
1501 1787 1611 1814 nempe,
1625 1780 1684 1815 ipsa
1696 1786 1760 1814 pro-

971 1826 1082 1858 tulerat,
1112 1831 1169 1853 tum
1195 1827 1260 1861 quia
1287 1826 1360 1853 hunc
1381 1827 1470 1861 ipsum
1495 1826 1601 1862 jamdiu
1627 1834 1712 1861 penes
1731 1833 1761 1853 se

968 1872 1108 1900 viventem
1125 1873 1282 1905 retinebat;
1299 1878 1328 1900 et
1345 1877 1562 1900 consentaneum
1584 1872 1680 1906 utique
1696 1872 1759 1902 I'uit.

970 1922 1000 1945 ut
1013 1918 1041 1945 in
1062 1917 1145 1946 rebus
1159 1918 1212 1945 sibi
1229 1918 1380 1949 consuetis,
1395 1922 1458 1945 utut
1472 1918 1593 1952 alioquin
1605 1917 1759 1952 stupendis,

971 1964 1040 1991 nihil
1064 1969 1305 1997 commoveretur;
1337 1968 1395 1990 tum
1425 1963 1509 1990 etiam
1546 1963 1666 1997 denique
1696 1963 1760 1996 quia

971 2010 1113 2045 Virginem
1126 2010 1300 2037 demortuam
1319 2017 1372 2036 non
1393 2009 1439 2035 diu
1464 2009 1535 2042 apud
1564 2015 1593 2035 se
1619 2013 1760 2035 servatura

971 2060 1042 2088 erat,
1055 2055 1102 2083 sed
1115 2055 1192 2082 brevi
1209 2055 1242 2082 ad
1258 2062 1374 2089 superos
1388 2053 1592 2086 transmissura,
1608 2058 1637 2081 ut
1651 2055 1760 2088 egreg‘n

972 2101 1154 2129 contentione
1166 2100 1294 2136 supernis
1306 2100 1495 2131 aemularetur,
1517 2107 1549 2126 ac
1569 2107 1652 2134 porro
1666 2104 1760 2126 osten-

127 2146 226 2177 deret,
254 2145 400 2180 qualenam
424 2144 536 2172 humilis
569 2144 614 2171 hic
642 2145 718 2172 lucus
742 2145 908 2174 conditionis
941 2148 1037 2183 utique
1078 2148 1205 2175 humana:
1224 2150 1253 2174 at
1275 2146 1435 2174 coelestibus
1478 2146 1613 2181 quibusve
1640 2145 1762 2173 nobilius

127 2193 308 2220 simulacrum
323 2191 508 2218 eﬂ‘ormasset.

162 2240 210 2268 IE’.
230 2240 280 2265 Διὰ
294 2238 383 2265 ταῦτα
406 2239 509 2270 τοίνυν,
526 2238 564 2269 ὡς
580 2239 660 2274 ἔφην,
682 2239 798 2276 οὐρανὸς
814 2241 919 2268 ἐσείετο

1011 2240 1069 2268 XV.
1088 2238 1128 2267 0b
1149 2246 1196 2266 cas
1224 2239 1319 2273 igitur,
1345 2246 1414 2273 quas
1442 2238 1509 2269 dixi,
1539 2245 1637 2265 causas
1662 2238 1762 2266 malum

127 2287 174 2312 καὶ
188 2285 316 2320 ὲὸρὸντα,
335 2283 382 2310 καὶ
401 2283 461 2314 ὅλος
478 2282 513 2319 ἦν
528 2284 594 2319 περὶ
611 2284 661 2320 τὴν
678 2285 814 2320 ὑποδοχὴν
839 2288 920 2322 dop—

126 2333 259 2366 λούμενος
289 2331 341 2365 τῆς
366 2330 517 2365 μακαρίας.
541 2330 597 2358 Καὶ
621 2331 652 2366 δὴ
682 2332 736 2359 τῶν
754 2332 920 2368 βροντιαίων

127 2374 240 2401 ἐκείνων
270 2373 345 2408 ἢχων
371 2373 614 2409 συρρηγνυμένων,
642 2374 771 2412 καθάπερ
797 2378 827 2403 at
853 2378 919 2404 σάλ-

126 2427 226 2454 πιγγες
240 2419 318 2454 νόμῳ
344 2419 461 2453 στρατοῦ
481 2420 531 2455 τὴν
550 2420 704 2455 παράταξιν
732 2422 919 2456 διυπνίζουαι,

125 2466 172 2492 τὸν
185 2466 242 2492 ἴσον
255 2464 359 2499 τρόπον
373 2465 398 2490 ot
417 2464 571 2500 λειτουργοὶ
590 2466 639 2500 τῆς
654 2466 744 2500 ὁσίας,
754 2465 791 2495 ὧν
810 2470 843 2494 τὰ
858 2467 918 2496 ὦτα

125 2511 174 2538 τδν
195 2511 293 2546 κρότον
312 2511 472 2545 ἐγνώρισεν,
498 2508 554 2537 οἷον
578 2510 692 2542 εὔζωνοι
714 2515 917 2549 καταστάντες,

126 2558 174 2583 καὶ
188 2556 316 2590 καθάπερ
335 2556 436 2587 ἵππους
449 2555 498 2587 τὰς
514 2557 631 2591 νεφέλας
651 2558 819 2591 ἀναϐάντες,
832 2561 918 2595 ἤλαυ-

125 2611 181 2637 νον,
196 2603 361 2634 σπεύδοντες
384 2603 497 2634 ἑαυτοὺς
522 2602 652 2635 συντάξαι
679 2607 712 2641 τῇ
733 2606 798 2641 φίλῃ
827 2616 917 2643 παρα-

123 2648 212 2681 τάξει,
227 2648 300 2682 λέγω
327 2648 356 2675 δὲ
380 2648 418 2684 τῷ
443 2649 550 2684 στρατῷ
565 2650 621 2676 τῶν
642 2651 782 2686 ἀγγέλων.
806 2653 917 2681 Γίνεται

123 2696 216 2721 τοίνυν
228 2696 245 2730 ἡ
259 2695 304 2722 διὰ
323 2696 442 2730 νεφελῶν
458 2696 609 2731 παράδοξος
625 2698 722 2734 ἐκείνη
741 2700 915 2732 συνέλευσις.

126 2741 225 2768 ’Λλλου
255 2742 310 2776 γὰρ
336 2742 389 2767 τῶν
419 2742 546 2777 κηρύκων
572 2742 692 2779 ἀλλαχοῦ
715 2745 766 2779 τῆς
784 2746 837 2780 γῆς
862 2747 918 2774 τῶν

159 2821 170 2836 ³
187 2821 258 2848 Psal.
292 2829 392 2853 uxvu,
408 2822 451 2848 25.
493 2823 512 2836 ”
536 2820 607 2849 Psal.
624 2831 708 2858 van,
730 2824 775 2852 55.

973 2287 1079 2322 magnis
1092 2286 1250 2321 agitabatur
1266 2285 1396 2318 motibus,
1410 2285 1554 2319 ciebatque
1572 2286 1707 2317 tonitrua,
1728 2292 1761 2312 ac

971 2339 1061 2360 totum
1080 2340 1141 2360 sese
1158 2332 1191 2359 ad
1210 2331 1402 2367 excipiendam
1420 2323 1527 2358 beatam
1544 2331 1618 2357 illam
1639 2331 1761 2358 studiose

969 2378 1142 2406 conlcrebat.
1163 2378 1194 2404 Et
1212 2378 1307 2412 utique
1325 2377 1451 2404 excitatis
1466 2377 1520 2403 illis
1539 2376 1692 2403 tonitruum
1707 2375 1754 2402 trav

969 2426 1091 2462 goribus,
1109 2434 1162 2453 non
1177 2433 1256 2452 secus
1276 2433 1307 2452 ac
1317 2432 1365 2459 per
1380 2425 1507 2451 tubarum
1522 2423 1666 2459 clangores
1681 2430 1757 2450 exer-

971 2472 1043 2499 citus
1078 2472 1105 2498 in
1129 2476 1291 2499 consuetum
1319 2479 1417 2506 pugiue
1438 2470 1562 2497 ordinent
1582 2473 1760 2499 convocatur.

970 2517 1042 2545 haud
1062 2518 1142 2544 aliter
1154 2518 1276 2544 ministri
1291 2523 1392 2544 sancta:
1405 2517 1534 2551 Virginis,
1549 2523 1666 2550 quorum
1680 2522 1760 2542 aures

969 2563 1059 2598 magni
1075 2564 1156 2599 hujus
1170 2564 1320 2591 murmuris
1332 2563 1465 2590 indicium
1479 2568 1662 2598 agnoverunt,
1673 2561 1758 2588 veluti

969 2609 1110 2643 praecincti
1139 2610 1242 2637 milites
1267 2615 1458 2645 assurgentes,
1490 2617 1521 2636 ac
1545 2607 1662 2634 nebulas
1680 2607 1758 2641 quasi

967 2661 1055 2689 equos
1069 2654 1298 2687 conscendentes,
1320 2654 1514 2684 accurrebunt,
1541 2652 1629 2679 amico
1645 2651 1757 2686 agmini,

967 2702 1127 2737 angelorum
1146 2703 1252 2730 scilicet
1264 2703 1409 2734 exercitui,
1428 2705 1516 2729 semet
1531 2700 1682 2736 adjungere
1696 2708 1754 2734 pro.

968 2753 1109 2784 perantes.
1128 2749 1184 2785 Ope
1200 2757 1266 2784 ergo
1288 2749 1403 2776 nubium
1426 2747 1607 2774 admirandus
1630 2747 1674 2774 ille
1691 2755 1753 2774 con.
