1932 3072
144 99 194 131 135

663 87 720 126 VISl
726 95 817 126 DORI
841 96 1216 128 TIlESSALONICENSIS
1232 86 1234 89 γ

1710 99 1760 129 126

141 159 240 184 ventus
267 155 306 181 tit.
333 154 476 181 Prmeoues
496 152 569 180 enim
596 151 750 187 Evangelii,
777 159 840 177 cum
878 150 924 176 alii

982 152 1106 186 περάτων
1128 153 1254 184 διιόντος,
1271 154 1319 179 καὶ
1343 153 1390 180 τὸν
1415 154 1538 189 ἄσηπτον
1554 153 1602 180 καὶ
1630 154 1764 189 σωτήριον

142 203 212 230 alios
227 207 307 230 terrae
322 202 390 228 lines
411 201 613 237 discurrerent,
637 202 666 226 et
685 198 877 232 incorruptum
897 204 929 223 ac

142 249 261 276 salutare
286 255 379 275 semen
406 247 432 272 in
461 246 566 273 animas
594 245 759 274 infidelium,
785 243 871 270 veluti
900 242 927 269 in

142 294 274 329 quosdam
290 293 393 324 sulcos.
408 296 581 326 spargerent,
605 296 671 318 tunc
689 290 758 316 miro
773 289 855 316 modo
874 297 925 315 una

141 347 237 366 omnes
261 340 287 365 in
311 339 464 373 purissimas
488 337 682 364 domunculam
715 340 829 370 repente
845 335 928 362 delali

141 389 348 413 convenerunt:
364 391 453 418 neque
468 383 518 417 ipsi
535 382 635 412 solum,
659 382 706 408 sed
720 385 748 408 et
771 381 926 408 caelestium

142 431 251 464 sapiens
265 430 310 456 ille
325 433 468 456 enarrator
490 428 635 463 Dionysius
652 427 828 462 Areopagita,
841 427 928 454 subli-

143 477 249 510 misque
261 475 436 504 Hierotheus,
453 478 480 500 et
491 473 668 500 admirandus
681 473 852 505 Timotheus,
864 481 929 500 nec-

141 529 196 547 non
213 526 240 547 et
253 520 361 547 celeber
378 519 421 546 ille
441 520 573 549 Iacobus,
603 518 694 544 Sionis
709 518 839 545 Ecclesia:
862 524 928 545 tunc

142 567 251 600 praesul.
267 567 336 593 Sunt
348 570 440 592 autem
457 565 504 599 qui
516 565 652 590 allirment
676 568 806 598 praeterea
817 569 928 598 septua-

142 612 215 645 ginta
234 611 384 645 discipulos
408 610 510 636 ibidem
527 609 664 641 adfuisse;
681 609 726 643 qui
747 617 812 635 sztne
827 614 855 635 et
877 609 926 643 ipsi

142 657 168 683 in
184 661 288 691 partem
312 656 395 691 hujus
412 663 521 690 quoque
546 655 692 681 ministerii
709 655 770 681 ideo
791 660 855 681 sunt
876 662 926 681 vo-

141 703 206 734 c:Iti,
226 707 254 729 ut
271 703 342 728 sicut
355 702 443 728 etalia
453 702 581 736 mysteria
596 708 628 726 ac
644 701 771 734 praecelsa
787 704 925 734 portenta.

143 748 179 774 ita
196 751 225 774 et
239 755 299 782 quae
323 755 397 774 nunc
418 746 595 781 gerebantur,
626 753 722 773 eorum
750 746 842 780 lingua
867 745 928 772 aliis

142 801 250 828 quoque
265 797 417 820 enarraret.

181 862 251 889 XVI.
268 862 302 889 Et
317 862 343 889 hi
356 862 468 896 quidem
489 861 522 888 ad
539 861 808 888 inlemeratissimam
828 868 929 888 conve-

143 912 244 934 nerunt
270 915 284 935 e
320 912 410 940 terra;
437 915 452 935 e
474 908 551 935 caelis
566 914 631 934 vero
643 907 727 941 justa.
751 912 781 933 ut
795 914 844 941 par
857 911 927 938 erat,

145 954 314 988 persoluturi
343 954 482 981 communi
508 953 630 980 omnium
662 953 795 985 Domime,
821 952 928 988 agmina

143 999 313 1033 angelorum,
336 999 542 1034 justorumque,
555 998 602 1032 qui
633 1003 713 1025 antea
742 997 928 1028 decesserant,

144 1045 290 1072 universus
307 1049 406 1076 coetus,
426 1044 575 1072 multitudo
599 1044 680 1079 plane
702 1044 859 1076 innumera,
882 1052 929 1071 ac-

145 1095 305 1117 currerunt.
322 1091 356 1117 Et
374 1098 439 1117 sane
455 1098 510 1125 quo
524 1090 581 1118 tieri
600 1095 678 1125 pacto
691 1095 794 1125 posset,
813 1095 843 1117 ut
861 1090 926 1117 dum

143 1136 260 1164 Creator
272 1145 303 1164 ac
317 1137 427 1171 sapiens
439 1137 594 1172 Legislator
606 1137 704 1171 legem.
718 1144 779 1171 qua
802 1142 928 1171 parentes

143 1191 157 1209 a
172 1183 236 1211 ﬁliis
251 1183 427 1210 honorandos
443 1183 578 1218 prweipit,
595 1183 653 1218 ipse
669 1182 829 1214 studiosius,
846 1190 927 1217 quam

143 1229 280 1262 quispiam
299 1229 382 1260 ullus.
401 1229 539 1260 servabat,
568 1236 599 1254 ac
623 1232 768 1262 propterea
784 1228 816 1254 ad
840 1228 926 1255 hono.

142 1275 255 1301 randam
275 1275 415 1309 propriam
434 1278 562 1304 matrem,
582 1273 840 1308 sanctissimamque
855 1275 929 1301 illius

142 1321 261 1347 animam
288 1320 479 1355 excipiendam
505 1326 626 1354 praesens
655 1318 712 1353 ipse
736 1319 843 1353 aderat,
871 1328 926 1347 non

144 1366 224 1393 simul
241 1374 336 1393 omnes
347 1370 533 1396 accurrerent.
548 1369 576 1392 et
587 1365 759 1392 servulorum
772 1373 859 1396 more,
870 1374 929 1400 qua:

142 1411 175 1438 ad
185 1411 277 1443 funus,
294 1411 466 1438 deductionis
479 1418 617 1446 pompam,
632 1418 664 1438 ac
680 1418 772 1446 sacros
784 1411 929 1446 exsequia-

145 1465 206 1483 rum
223 1457 292 1484 ritus
307 1457 456 1492 pertinent,
474 1457 535 1491 puri
560 1445 715 1496 purissima;
737 1464 791 1483 non
817 1462 929 1491 praesta-

981 198 1082 232 σπόρον
1105 200 1164 228 ταῖς
1187 199 1241 224 τῶν
1264 199 1396 231 ἀπίστων,
1413 196 1458 226 οἷά
1481 208 1533 233 περ
1550 198 1675 231 αὖλαξιν,
1692 199 1766 225 ἐντι-ε

980 242 1070 274 θέντος
1095 243 1205 278 ψυχαῖς,
1225 244 1284 270 τότε
1309 245 1408 276 πάντες
1433 245 1595 278 παραδόξως
1621 245 1764 278 συνῆλθον,

979 288 1076 322 ἀθρόον
1099 291 1260 321 ἐπιστάντες
1274 290 1312 325 τῷ
1328 291 1378 324 τῆς
1401 292 1542 326 πανάγνου
1563 292 1700 326 δωματίῳ,
1718 291 1765 317 καὶ

979 335 1028 361 ’.ὑκ
1040 336 1119 361 αὐτοὶ
1135 336 1226 370 μόνον,
1242 337 1309 362 ἀλλὰ
1337 337 1384 362 καὶ
1409 338 1423 362 6
1450 337 1504 363 τῶν
1529 337 1665 372 οὐρανίων
1682 338 1764 371 σοφὸς

980 382 1134 416 ὑφηγητὴς,
1150 383 1286 413 Διονύσιος
1308 384 1321 408 6
1339 382 1549 417 Ἀρεοπαγίτης,
1572 383 1586 409 ὃ
1610 391 1639 409 τε
1662 383 1763 416 ὑψηλὸς

986 428 1125 462 Ἰερόθεος,
1149 429 1193 454 καὶ
1206 428 1388 459 ὁθαυμαστὸς
1407 428 1551 462 Τιμόθεος,
1569 428 1610 454 ἔτι
1631 429 1659 454 δὲ
1683 429 1731 454 καὶ
1750 430 1764 455 6

978 473 1028 507 τῆς
1052 473 1121 499 Σιὼν
1146 474 1206 499 ’τότε
1234 473 1364 507 πρόεδρος
1388 473 1565 506 Ἐκκλησίας,
1598 473 1727 504 Ίᾱικωὸος
1752 474 1766 499 ὁ

980 520 1062 545 πάνυ.
1076 518 1136 544 Εἰσὶ
1150 518 1177 544 δὲ
1198 518 1225 544 οῖ
1243 527 1309 552 φασι
1324 518 1371 544 καὶ
1385 518 1448 549 τοὺς
1465 517 1652 552 ἑϐδομήκοντα
1675 518 1765 552 μαθη-

978 565 1026 597 τὰς
1041 566 1225 600 συμπαρεῖναι
1236 573 1242 579 ·
1259 565 1384 591 κοινωνοὶ
1395 565 1424 591 δὲ
1436 562 1509 591 οὗτοι
1527 566 1574 590 καὶ
1585 564 1701 599 ταυτησὶ
1713 564 1763 598 τῆς

978 612 1116 641 διακονίας
1127 611 1293 647 ἐκλήθησαν,
1308 611 1344 643 ὡς
1363 612 1396 638 ἂν
1420 612 1487 638 ἄλλα
1507 621 1536 638 τε
1561 611 1698 647 μυστήρια
1715 611 1764 637 καὶ

979 658 1069 692 ὑψηλὰ
1086 658 1221 692 θεάματα,
1246 657 1334 684 ταῦτα
1352 657 1384 694 δὴ
1408 658 1442 684 τὰ
1466 659 1600 693 παρόντα,
1623 658 1639 693 ἡ
1659 657 1763 684 τούτων

981 704 1087 737 γλῶττα
1107 704 1153 730 καὶ
1169 703 1260 735 ἄλλοις
1275 703 1437 739 διακονήσῃ.

1015 854 1074 887 ις’.
1090 853 1147 879 Καὶ
1161 852 1237 888 παρὰ
1251 852 1300 888 μὲν
1319 853 1369 887 τῆς
1384 853 1436 887 γῆς
1447 860 1526 883 ουτος
1544 850 1616 887 ἦσαν
1639 850 1764 884 ἐπιδεδη-

981 901 1100 935 μηκότες
1113 901 1146 935 τῇ
1161 900 1345 935 παναχράντῳ
1358 908 1365 916 ·
1384 900 1488 927 ἄνωθεν
1512 899 1541 926 δὲ
1565 897 1694 934 στρατιαὶ
1711 897 1764 923 τῶν

978 946 1116 980 ἀγγέλων,
1133 945 1180 972 καὶ
1197 945 1251 972 τῶν
1263 945 1375 972 δικαίων
1393 946 1406 971 6
1422 945 1617 980 προμεταστὰς
1632 943 1762 976 σύλλογος

980 991 1062 1023 ἄπας,
1081 991 1181 1026 πλῆθος
1198 992 1244 1018 καὶ
1261 991 1379 1027 ἀριθμοῦ
1393 991 1518 1026 κρεῖττον
1533 990 1713 1024 συνέδραμον,
1727 989 1760 1023 τῇ

980 1038 1035 1064 τῶν
1050 1038 1119 1064 ὅλων
1132 1038 1265 1073 Δεσποίνῃ
1283 1038 1503 1072 ἀφοσιωσόμενοι
1523 1036 1558 1063 τὰ
1577 1035 1680 1062 εἰκότα.
1699 1035 1762 1064 Πῶς

978 1083 1007 1110 δὲ
1031 1084 1083 1110 οὐκ
1108 1083 1216 1118 ἔμελλε,
1233 1083 1281 1110 τοῦ
1307 1084 1425 1110 κτίστου
1442 1077 1490 1109 καὶ
1514 1082 1598 1116 σοφοῦ
1614 1080 1762 1116 νομοθέτου

979 1129 1025 1154 τὸν
1041 1130 1103 1160 τοὺς
1116 1130 1248 1161 τεκόντας
1258 1130 1342 1165 τιμᾷν
1360 1129 1506 1156 κελεύοντα
1522 1129 1603 1163 νόμον
1627 1128 1728 1162 μᾶλλον
1745 1127 1762 1160 ἢ

980 1176 1081 1205 πάντες
1107 1175 1253 1207 σώζοντος,
1278 1176 1326 1201 καὶ
1351 1175 1395 1202 διὰ
1413 1176 1493 1202 τοῦτο
1509 1175 1624 1209 τιμῆσαι
1642 1182 1766 1209 παραγε-

979 1221 1092 1255 νομένου
1106 1222 1156 1255 τὴν
1172 1221 1275 1247 οίκείαν
1288 1222 1405 1256 μητέρα,
1416 1221 1464 1248 καὶ
1477 1221 1604 1253 δέξασθαι
1615 1220 1663 1255 τὴν
1676 1221 1763 1253 ἁγιω-

980 1267 1064 1302 τάτην
1094 1267 1179 1301 αὐτῆς
1203 1267 1303 1302 ψυχὴν,
1327 1267 1364 1302 μὴ
1383 1267 1416 1293 ἂν
1439 1268 1564 1298 ἅπαντας
1584 1266 1761 1301 συνδραμεῖν,

980 1314 1026 1340 καὶ
1047 1313 1178 1345 δουλικῶς
1204 1314 1267 1345 τοὺς
1285 1314 1423 1350 καθαροὺς
1444 1315 1477 1349 τῇ
1505 1313 1687 1349 καθαρωτάτη
1706 1312 1764 1338 δια-

980 1360 1095 1394 κονῆσαι
1112 1359 1146 1385 τὰ
1157 1360 1205 1394 τῆς
1217 1360 1335 1393 ἐκφορᾶς
1349 1360 1395 1385 καὶ
1411 1359 1578 1394 προπομπῆς
1594 1359 1640 1385 καὶ
1653 1358 1764 1392 τελετῆς

982 1406 1074 1440 ἱερᾶ;;
1100 1406 1155 1431 Καὶ
1179 1406 1213 1441 γῆ
1235 1406 1263 1432 δὲ
1288 1408 1396 1435 πάντως
1424 1405 1467 1437 ἂν,
1490 1406 1537 1431 καὶ
1560 1405 1695 1437 θάλασσα,
1719 1405 1765 1430 καὶ

980 1452 1067 1487 ἥλιος,
1084 1452 1131 1478 καὶ
1149 1452 1183 1478 τὰ
1200 1452 1281 1478 λοιπὰ
1295 1452 1349 1478 τῶν
1370 1452 1445 1478 κάτω
1461 1451 1660 1486 συγκινηθῆναι
1680 1448 1763 1486 εἶχον,

147 1502 226 1529 rent?
244 1503 369 1530 l’rofceto
385 1507 413 1529 et
428 1507 501 1529 terra
515 1507 543 1529 et
559 1510 633 1529 mare
656 1493 684 1529 et.
705 1502 757 1535 sol,
772 1506 800 1529 et
823 1503 928 1537 reliqua

983 1499 1006 1524 εἰ
1025 1499 1076 1533 μὴ,
1090 1498 1216 1533 καθάπερ
1239 1498 1358 1533 εἴρηται,
1375 1499 1424 1533 τῆς
1448 1498 1523 1524 κάτω
1543 1497 1622 1532 δόξης
1637 1498 1698 1523 ἐπεὶ
1715 1498 1764 1524 οἰκ

144 1552 283 1577 mundana
298 1550 389 1576 omnia
403 1554 539 1576 commota
552 1548 754 1585 fuissent,/nisi,
770 1548 809 1575 uti
825 1549 929 1575 dictum

146 1599 199 1625 est,
215 1595 307 1628 gloria:
320 1602 335 1621 e
350 1594 530 1621 terrestribus
551 1594 697 1628 purissima
719 1594 763 1621 illa
779 1602 834 1621 non
861 1595 932 1621 indi-

146 1646 237 1676 gente,
269 1645 436 1674 prmceptum
467 1640 509 1666 his
537 1640 643 1671 luisset,
678 1645 708 1667 ut
739 1641 931 1674 quiescerent;

148 1686 300 1720 prmsertim
327 1693 403 1716 vero,
432 1685 504 1719 quod
536 1686 691 1713 nullatenus
715 1691 933 1713 consentaneum

148 1731 255 1761 fuisset,
271 1735 302 1757 ut
317 1731 350 1758 ad
368 1739 488 1765 superna
504 1732 656 1758 transeunti
670 1731 780 1766 aliquod
802 1740 836 1759 ex
859 1733 934 1760 hisce

145 1776 248 1804 intimis
282 1777 468 1804 ministerium
497 1784 567 1811 opus
597 1785 659 1804 esse
691 1777 849 1810 videretur;
884 1778 932 1805 sed

145 1824 283 1855 cmlestes,
311 1823 384 1858 quod
413 1827 441 1850 et
466 1822 567 1849 factum
600 1827 652 1855 est,
687 1823 854 1850 descendere
883 1832 933 1858 pnr

144 1875 229 1902 esset,
246 1875 276 1896 ut
293 1869 340 1904 qui
353 1876 414 1896 eam
443 1869 469 1896 in
495 1870 579 1895 ccelos
595 1869 753 1903 suscepturi
770 1873 859 1900 erant,
882 1869 932 1904 ipsi

145 1915 273 1942 eamdem
292 1914 386 1941 debito
399 1913 548 1940 famulatus
567 1914 673 1940 honore
685 1918 932 1948 prosequerentur.

147 1960 225 1993 Quod
242 1960 265 1987 si
280 1968 294 1987 e
312 1965 384 1986 terra
405 1967 516 1994 quoque
545 1959 646 1986 chorus
669 1960 857 1994 apostolorum
883 1960 935 1987 mi-

149 2006 256 2033 nisterii
287 2006 362 2033 illius
384 2005 500 2032 eﬂ'eclus
527 2009 569 2032 est
595 2010 755 2040 particeps;
786 2010 814 2032 at
838 2006 893 2032 illis
908 2006 935 2032 id

146 2057 277 2087 tauquam
301 2052 455 2079 cmlestium
481 2051 587 2079 minutis
615 2052 748 2086 contigit;
767 2052 814 2078 uni
833 2052 936 2087 quippe

145 2098 258 2125 Christo
278 2098 420 2129 vivebant,
437 2102 465 2124 et
480 2097 581 2132 spiritu
609 2098 635 2123 in
655 2098 820 2125 cmlestibus
840 2106 935 2125 versa-

980 1544 1035 1570 ἔδει
1063 1546 1096 1579 τῇ
1120 1545 1261 1579 πανὰγνῳ.
1281 1545 1394 1579 ἠρεμεῖν
1424 1545 1654 1579 προσετάγησαν
1676 1543 1765 1574 ἄλλως

980 1599 1011 1616 τε
1027 1591 1074 1617 καὶ
1087 1592 1136 1625 τὴν
1147 1591 1215 1626 πρὸς
1226 1592 1260 1617 τὰ
1283 1591 1339 1618 ἄνω
1359 1591 1565 1626 μεθισταμένην
1580 1590 1634 1617 τῶν
1649 1590 1763 1616 ίικολούΔ

981 1637 1035 1663 θων
1047 1638 1096 1663 οὐκ
1107 1635 1140 1672 ἦν
1154 1639 1204 1672 τῆς
1216 1638 1247 1663 ὲκ
1259 1637 1314 1663 τῶν
1327 1638 1402 1664 κάτω
1417 1637 1521 1663 δεῖσθαι
1534 1638 1672 1669 διακονίας
1686 1645 1692 1652 ·
1710 1637 1765 1663 ἔδει

981 1683 1009 1709 δὲ
1025 1684 1088 1715 τοὺς
1113 1683 1233 1718 ὑψηλοὺς
1258 1683 1410 1715 κατελθεῖν,
1438 1683 1451 1709 ὃ
1476 1684 1523 1709 καὶ
1549 1683 1641 1718 ἐξέϐη,
1660 1683 1703 1710 ἵνα
1733 1684 1767 1719 ἣν

983 1729 1039 1755 ἅνω
1067 1729 1273 1764 προσλαϐέσθαι
1293 1729 1416 1764 ἔμελλον,
1439 1730 1622 1764 διακονήσωσι
1643 1730 1714 1756 κατὰ
1736 1730 1767 1756 τὸ

984 1775 1070 1805 είκός.
1097 1774 1128 1800 Εἰ
1154 1774 1182 1801 δὲ
1217 1775 1264 1800 καὶ
1290 1774 1374 1810 γῆθεν
1401 1775 1450 1809 τῆς
1479 1774 1652 1809 λειτουργίας
1676 1775 1690 1801 ὁ
1712 1775 1766 1800 τῶν

983 1821 1112 1856 κηρύκων
1139 1821 1302 1854 ἐκοινώνησε
1330 1821 1439 1853 κύκλος,
1465 1821 1523 1847 ἀλλ’
1552 1821 1589 1852 ὡς
1619 1821 1764 1856 ἐφάμιλλοι

983 1870 1039 1898 τοῖς
1053 1867 1146 1899 ἁΰλοις
1161 1875 1167 1883 ·
1182 1868 1294 1903 Χριστῷ
1316 1868 1371 1903 γὰρ
1391 1868 1460 1900 ἔζων
1478 1869 1551 1903 μόνῳ
1564 1875 1570 1882 ·
1596 1868 1629 1894 τὰ
1649 1868 1705 1895 ἄνω
1720 1869 1767 1894 καὶ

984 1912 1072 1948 ᾤκουν
1084 1913 1124 1948 τῷ
1141 1914 1280 1949 πνεύματι
1294 1923 1302 1930 ·
1326 1914 1456 1940 κάκεῖθεν
1471 1914 1562 1945 αὐτοῖς
1572 1915 1600 1940 εῐ
1612 1923 1655 1946 τις
1675 1912 1709 1949 ἦν
1722 1914 1768 1948 φί-

983 1959 1040 1991 λος,
1058 1960 1082 1986 εί
1106 1961 1153 1986 καὶ
1175 1962 1188 1987 ὁ
1213 1961 1305 1995 χοῖκδς
1326 1961 1416 1987 αὐτῶν
1433 1960 1593 1995 χιτωνίσκος
1614 1960 1654 1986 ἔτι
1671 1961 1703 1995 τῇ
1731 1961 1766 1994 γῇ

984 2006 1190 2041 προσεσύρετο·
1217 2007 1267 2033 οὐκ
1292 2006 1345 2041 ἄρα
1369 2006 1413 2032 διὰ.
1431 2006 1520 2033 ταῦτα
1545 2006 1612 2041 φαίη
1634 2015 1675 2037 τις
1690 2006 1722 2032 ἂν
1737 2006 1766 2031 εὖ

983 2052 1091 2087 φρονῶν
1115 2052 1170 2079 τῶν
1194 2052 1250 2079 ἄνω
1264 2051 1407 2079 λείπεσθαι
1422 2052 1485 2084 τοὺς
1503 2051 1647 2087 λαμπροὺς
1667 2052 1766 2087 ἄνδρας

983 2098 1114 2129 ἐκείνους.

148 2144 258 2175 bantur,
274 2149 302 2171 et
322 2151 337 2170 a
364 2143 434 2170 uelo
450 2147 510 2169 erat
534 2142 557 2169 si
575 2143 636 2176 quis
650 2143 718 2177 ipsis
742 2151 802 2170 erat
817 2144 934 2175 amicus,
955 2151 1111 2178 quanquam
1145 2149 1285 2171 terrenum
1319 2152 1415 2172 eorum
1430 2144 1619 2173 indumentum
1636 2147 1725 2175 adhuc
1741 2146 1766 2174 in

146 2196 220 2219 terra
250 2192 442 2218 volutarctur:
467 2198 499 2217 ac
519 2195 665 2224 propterea
699 2192 824 2226 quisquis
861 2197 962 2227 sapiat,
985 2193 1055 2220 haud
1070 2194 1180 2228 superis
1196 2194 1312 2222 cessisse
1335 2194 1448 2221 eximios
1466 2194 1527 2221 illos
1540 2195 1665 2223 homines
1694 2195 1767 2223 amr-

146 2239 270 2266 maverit.

186 2300 383 2327 Verumtamen
411 2297 513 2331 duplex
540 2304 652 2332 quoque
675 2298 828 2332 purissinne
857 2299 930 2327 illius

1023 2300 1060 2326 Οὐ
1084 2300 1137 2334 μὴν
1150 2299 1218 2326 ἀλλὰ
1233 2299 1280 2326 καὶ
1296 2300 1326 2325 τὸ
1346 2299 1435 2326 διττὸν
1458 2300 1506 2334 τῆς
1525 2301 1767 2339 πανάγνου,”ψυχὴ

148 2344 314 2375 substantia,
332 2343 424 2370 anima
451 2342 497 2368 illa
516 2342 645 2370 videlicet
672 2349 700 2370 et
730 2351 839 2379 corpus,
868 2353 935 2372 con-

150 2395 281 2426 gruentcr
297 2388 481 2415 ministerium
497 2392 553 2413 tum
568 2395 582 2414 a
599 2387 757 2415 cmlcstibus
775 2393 831 2416 tum
848 2397 863 2416 a
879 2395 935 2417 ter-

150 2437 288 2464 restribus
304 2435 442 2469 exigebat.
459 2434 547 2467 Atque
567 2433 606 2460 ita
622 2435 711 2469 reipsa
727 2435 827 2462 factum
838 2441 890 2463 est.
901 2436 935 2464 Et

148 2483 195 2510 illa
210 2482 321 2517 quidem
342 2485 421 2507 terrze
433 2479 580 2506 luminaria
594 2484 656 2507 utut
673 2480 705 2507 ad
719 2482 933 2520 prmstantiorem

150 2529 352 2562 sublimemque
376 2527 518 2553 cohortem
535 2531 701 2560 spectarent,
723 2532 814 2554 tamen
841 2532 935 2562 utpote

153 2580 269 2600 terrena:
294 2571 444 2597 etiamnum
467 2569 636 2597 conditionis
657 2570 843 2599 ministerium
871 2580 935 2607 erga

152 2617 346 2654 aspectabilem
362 2617 435 2643 illius
449 2623 563 2643 summae
579 2617 743 2644 venerandae
758 2623 862 2652 partem
876 2619 936 2645 obi-

154 2663 230 2691 bant.
262 2664 366 2691 Divinte
401 2670 467 2690 vero
493 2663 614 2698 ejusdem
647 2664 746 2690 animm
775 2664 935 2692 famulatum

154 2710 350 2742 exhibueruut,
366 2713 502 2744 quotquot
515 2714 594 2736 erant
609 2710 741 2736 cmlomm
757 2710 863 2742 incolat,
882 2715 938 2738 ter-

155 2763 305 2789 runamque
322 2755 507 2782 conditionem
520 2756 786 2791 praetergredientcs.
801 2756 853 2783 Sed
868 2764 894 2784 ct
906 2765 939 2784 ex

153 2802 214 2828 istis
231 2801 394 2830 nobiliores.
413 2805 492 2831 Duto.
523 2803 788 2837 praestantiore-sque
813 2811 875 2838 erga
895 2804 937 2830 di-

983 2347 1037 2381 γὰρ
1056 2346 1148 2380 ἐκείνη
1161 2347 1207 2372 καὶ
1225 2345 1315 2380 σῶμα,
1332 2343 1506 2380 καταλλήλως
1529 2346 1577 2382 τὴν
1595 2347 1767 2384 λειτουργίαν

983 2391 1015 2417 ἐκ
1025 2399 1055 2416 τε
1070 2391 1124 2416 τῶν
1139 2391 1193 2417 ἄνω
1209 2391 1255 2416 καὶ
1271 2391 1347 2417 κάτω
1368 2391 1469 2426 ἐζήτει.
1489 2393 1521 2418 Ὂ
1536 2392 1567 2428 δὴ
1588 2394 1635 2419 καὶ
1656 2395 1766 2428 γέγονε.

984 2436 1041 2462 Καὶ
1060 2436 1084 2461 οἱ
1111 2435 1159 2468 μὲν
1187 2435 1331 2470 φωστῆρες
1358 2435 1458 2462 ἐκεῖνοι
1481 2437 1519 2471 τῷ
1547 2438 1703 2473 φαινομένῳ
1719 2441 1768 2474 τῆς

985 2482 1122 2516 παντίμου
1142 2481 1190 2516 τὴν
1208 2482 1347 2508 διακονίαν
1361 2482 1576 2516 ἀποδεδώκασιν,
1594 2483 1619 2509 οἵ
1635 2484 1768 2519 δήπουθεν

985 2527 1024 2554 ἔτ’
1041 2529 1071 2553 ἐκ
1088 2527 1142 2553 τῶν
1164 2528 1249 2560 κάτω,
1271 2529 1295 2554 εἰ
1315 2528 1362 2554 καὶ
1386 2528 1432 2562 τῆς
1456 2529 1612 2562 κρείττονος
1636 2532 1682 2556 καὶ
1699 2530 1769 2566 ὑψη-

986 2574 1035 2608 λῆς
1053 2574 1202 2608 ἐτύγχανον
1219 2574 1330 2608 μοίρας·
1347 2576 1380 2609 τῇ
1397 2574 1423 2600 δὲ
1438 2574 1495 2609 θείᾳ
1509 2576 1616 2609 ἐκείνης
1630 2576 1702 2611 ψυχῇ
1720 2577 1769 2612 τὴν

986 2619 1159 2654 λειτουργίαν
1183 2620 1318 2652 ἐτέλεσεν,
1344 2621 1406 2646 ὅσον
1432 2620 1559 2655 οὐράνιόν
1588 2630 1618 2647 τε
1646 2624 1692 2649 καὶ
1718 2625 1769 2658 γῆς

986 2666 1136 2700 ὑπέρτερον
1150 2663 1193 2700 ἦν.
1215 2663 1299 2700 Οἶμαι
1317 2665 1356 2695 δὲ,
1383 2667 1431 2692 καὶ
1449 2666 1550 2693 τούτων
1566 2668 1590 2693 oi
1608 2668 1768 2704 ὑψηλότεροι

985 2711 1018 2737 ἂν
1037 2712 1081 2737 καὶ
1098 2711 1285 2746 λαμπρότεροι
1309 2711 1469 2746 διακονῆσαι
1486 2713 1643 2748 προσῆλθον
1659 2716 1691 2750 τῇ
1707 2714 1766 2749 θείᾳ

986 2758 1077 2793 ἐκείνῃ
1097 2758 1144 2783 καὶ
1168 2757 1331 2792 παναμώμῳ
1348 2757 1432 2792 ψυχῇ.
1454 2757 1490 2785 υῦ
1506 2759 1596 2794 χάριν,
1610 2760 1665 2794 ἐγώ
1682 2770 1707 2787 τι
1725 2770 1768 2787 νο-

991 2804 1070 2838 μίζω,
1086 2806 1129 2830 καῖ
1146 2805 1159 2830 ὁ
1175 2803 1245 2835 Osis;
1262 2804 1354 2838 εἴρηκε
1368 2805 1465 2831 Δκῦίό-
1483 2805 1518 2831 Τὸ
1535 2805 1698 2838 πρόσω-τόν
1710 2815 1770 2833 σου
