1932 3072
103 127 150 158 I37

527 127 655 163 SERMO
676 127 715 156 IN
737 127 1008 158 DORMlTiONEM
1026 130 1059 160 Β.
1080 129 1110 159 ν.
1132 129 1275 161 MARLE.

1667 135 1719 163 138

100 183 316 211 λιτανεύοιισιν
348 184 374 209 οἱ
402 182 545 209 πλούσιοι
579 182 631 208 τοῦ
658 183 750 209 λαοῦ·
776 183 807 218 τῇ
832 182 885 208 τοῦ

939 183 1028 210 vinam
1045 183 1117 210 illam
1132 188 1159 211 et
1174 184 1455 212 immaculatissimam
1466 187 1585 214 animam
1597 187 1653 223 (15)
1669 188 1721 216 hoc

99 229 252 255 πλουσίου
277 229 353 263 φωνῇ
374 228 403 254 τὸ
419 228 514 262 περιὸν
543 228 612 262 ὑπὲρ
633 228 695 259 τοὺς
719 228 815 259 ἄλλους
836 228 886 262 τῆς

73 282 82 294 ⁸
99 274 200 310 ἀρετῆς
217 275 387 310 ὑποφαίνων.

941 228 1066 262 perfungi
1082 229 1171 256 oIIicio
1188 231 1307 265 aggressi
1323 235 1396 257 sunt.
1418 232 1517 266 Atque,
1531 237 1559 259 ut
1585 233 1652 259 mihi
1679 233 1719 260 vi-

940 274 1032 306 detur,
1046 274 1116 301 hanc
1129 275 1164 302 ob
1175 282 1284 302 causam
1296 275 1379 302 etiatn
1393 276 1504 304 divinus
1515 277 1598 305 David
1611 279 1701 313 inquit
1714 288 1720 305 ε

101 321 208 348 Vultum
260 326 338 348 tuum
367 322 580 356 deprecabuntur
602 322 693 348 divites
721 321 804 357 plebis
830 322 863 354 “,
881 328 929 348 eos
947 321 1053 349 scilicet
1076 322 1186 348 divitum
1213 323 1323 350 nomine
1342 325 1498 359 designans,
1528 326 1576 360 qui
1607 327 1721 361 reliquis

97 370 202 396 virtute
217 369 428 398 antecellerent.

134 419 253 452 Ἔμοιγε
275 418 303 444 δὲ
324 419 396 444 δοκεῖ
409 418 446 449 ὼς
462 418 522 444 οὐδὲ
542 418 591 452 τῆς
613 417 688 444 κάτω
703 417 735 444 ἂν
753 418 806 444 τῶν
819 417 888 443 ἀπο-

98 464 200 490 στόλων
217 465 234 497 ἡ
248 463 436 498 πολυύμνητος
450 463 599 498 ἐπιδημίας
614 462 723 498 ἐδεήθη,
740 463 787 489 καὶ
799 463 889 493 οὕτως

98 510 236 545 αἰθερίας,
252 510 279 535 ετ
293 518 325 542 γε
353 510 391 544 μὴ
416 505 493 540 οὗτος
505 507 539 543 ἦν
555 510 568 535 ὁ
591 509 704 541 σκοπὸς,
728 509 762 535 ἵν’
775 509 816 535 ὅτι
840 509 887 534 καὶ

97 555 232 590 ἀγγελικὴ
245 555 314 590 πρὸς
327 555 377 590 τὴν
397 555 527 589 τοιαύτην
543 554 716 589 λειτουργίαν
731 554 885 589 συνέδραμε

96 601 292 635 διακόσμησις,
307 600 384 635 δῆλον
404 601 469 635 ἡμῖν
489 601 614 636 γένηται.
636 600 684 626 Ἐκ
698 600 752 634 γὰρ
770 600 816 626 τοῦ
832 608 884 633 φα-

97 645 177 680 νεροῦ
195 645 274 671 τοῦδε
289 646 336 672 καὶ
356 645 429 672 οὕτω
453 646 608 681 παραδόξου
633 645 709 681 μένει
734 646 781 672 καὶ
801 645 831 671 τὸ
847 645 885 680 μὴ

97 692 239 727 ὁρώμενον
271 692 459 726 ἁναμφίὸολον
481 700 487 706 ·
514 691 641 727 καθάπερ
670 692 717 719 καὶ
742 691 755 717 ὀ
779 692 886 726 Σωτὴρ,

103 737 268 772 Ἀφέωνταί
296 744 361 770 σοι,
381 738 420 773 τῷ
447 738 596 773 παραλύτῳ
628 737 737 772 πρῶτον
764 738 886 772 εἴρηκεν,

97 783 130 808 αἱ
147 782 289 816 ἁμαρτίαι
303 790 362 809 σου
371 790 379 796 ·
395 783 484 809 ἐκεῖνο
497 783 520 809 δ’
534 783 631 809 ἔπειτα
643 783 727 817 σαφὲς
738 782 886 817 προτιθεὶς,

97 829 155 861 καὶ,
173 825 274 862 Ἀραι,
295 828 455 863 προσέταξε,
469 829 524 856 τὸν
538 829 715 862 κράϐϐατον.

902 859 924 888 Β

131 960 179 986 IZ'.
201 960 279 986 Ἐπεὶ
292 960 334 992 δὲ,
349 960 377 987 ὃν
393 961 501 996 εἴρηται
523 961 636 996 τρόπον,
652 962 676 987 oi
697 961 818 996 μαθηταὶ
836 961 883 987 τοῦ

96 1006 235 1032 Δεσπότου
263 1006 310 1032 καὶ
324 1007 337 1032 ό
352 1006 445 1038 λοιπὸς
460 1007 532 1042 ἱερὸς
545 1006 686 1041 σύλλογος,
703 1007 731 1034 ὃν
747 1007 855 1042 φθάσας
871 1008 885 1034 ὁ

95 1052 173 1083 λόγος
197 1052 365 1086 ἐγνώρισεν,
392 1053 733 1088 ὑπερφυῶςλπαρέστησαν
754 1055 787 1089 τῇ
814 1063 884 1080 παν-

95 1096 182 1130 άγνῳ,
218 1095 256 1131 τῷ
282 1096 332 1130 μὲν
357 1096 499 1131 παραδόξῳ
515 1097 563 1132 τῆς
595 1098 756 1133 συνδρομῆς,
777 1098 830 1133 ὅπη
854 1107 884 1124 τε

93 1141 170 1172 ὄντες
188 1141 238 1176 τῆς
254 1142 305 1176 γῆς
318 1142 385 1177 παρ’
406 1142 529 1177 ἀλλήλων
546 1143 738 1177 μανθάνοντες,
750 1143 797 1170 καὶ
810 1143 885 1176 ὅπως

94 1186 192 1220 ἁθρόον
217 1188 259 1218 εἰς
283 1188 380 1214 ταυτὸν
405 1188 437 1222 τῇ
470 1188 555 1223 ἀερίῳ
579 1189 710 1224 συνῆλθον
732 1190 882 1225 διαρπαγῇ,

95 1231 199 1266 σφόδρα
211 1232 404 1267 τεθαυμάκασι
418 1233 466 1259 σύν
481 1242 513 1267 γε
534 1235 566 1269 τῇ
597 1236 721 1270 μακαρίᾳ
740 1236 881 1271 Παρθένῳ.

94 1277 148 1303 Καὶ
169 1277 249 1304 τοῦτο
272 1278 301 1304 δὲ
323 1279 406 1305 Δαΰὶδ
425 1280 440 1305 ὁ
464 1280 600 1314 μακάριος
612 1282 817 1316 προεκρότησεν
835 1283 883 1308 ἐκ·

93 1323 212 1355 Θειάξων
223 1333 229 1340 -
247 1325 296 1357 Τίς
308 1325 342 1351 ἐν
357 1326 499 1359 νεφέλαις
515 1327 696 1368 ισωθήσεται
712 1327 751 1360 τῷ
766 1329 883 1362 Κυρίῳ;

127 1457 251 1492 Χάριτας
266 1457 294 1483 δὲ
311 1458 528 1493 ὁμολογήσαντες
541 1459 579 1494 τῷ
597 1460 705 1496 Σωτῆρι
727 1462 778 1496 τῆς
802 1460 878 1487 αἰθε-

95 1503 155 1537 ρίας
170 1503 280 1538 ἐκείνης
297 1504 423 1539 πτήσεως
439 1505 544 1531 πολλῶν
558 1513 588 1531 τε
606 1506 695 1532 ἄλλων
718 1506 810 1537 ἕνεκα,
830 1508 879 1533 καὶ

94 1549 134 1574 δτι
155 1549 193 1583 μὴ
213 1549 409 1583 ὲκδημήσασαν
429 1550 478 1586 τὴν
502 1550 694 1586 πολυύμνητον
717 1551 878 1585 κατέλαϐον,

95 1593 164 1620 ἀλλὰ
183 1594 230 1620 καὶ
251 1594 316 1621 ἰδεῖν
336 1595 376 1621 ἔτι
402 1595 563 1630 περιοῦσαν,
581 1597 629 1623 καὶ
655 1597 821 1631 ἁγιασϐῆναι
846 1599 879 1632 τῇ

95 1639 220 1674 διακονίᾳ
249 1640 403 1676 ᾕξιώθησαν
426 1642 531 1676 ἐκείνῃ,
557 1642 670 1668 τοιαῦτα
701 1644 879 1678 προσεφθέγ-

96 1693 174 1718 γοντο
191 1687 224 1720 τῇ
239 1686 364 1721 Θεοτόκῳ
374 1695 382 1702 ·

128 1775 182 1803 ιη’,
199 1776 232 1802 Τί
246 1785 298 1810 σοι,
316 1777 458 1808 Δέσποινα,
471 1778 583 1811 ἐπάξιον
599 1779 659 1814 ἂνή
681 1779 779 1813 πηλίνη
793 1787 880 1814 προσ·
925 1790 929 1794 ε

94 1821 218 1853 πλέξειεν
242 1823 365 1857 ἡμετέρα
397 1823 523 1857 γλῶττα;
543 1825 622 1850 Ποῖον
638 1822 722 1856 αἶνον,
740 1824 770 1851 ὂν
782 1825 796 1850 ό
816 1825 878 1851 καθ’

94 1868 166 1902 ἡμᾶς
179 1869 299 1903 γεωργεῖ
314 1868 387 1900 νοῦς,
403 1870 463 1901 ταῖς
481 1870 542 1900 σαῖς
555 1869 742 1903 ἀναλογοῦντα
753 1870 877 1905 δώσομεν

93 1914 243 1947 ἁγλαῖαις;
260 1914 326 1940 Τίνα
346 1914 442 1949 κρότον
466 1915 572 1949 μεγάλα
593 1916 806 1948 διασαλπίζοντα
823 1917 878 1948 τοῖς

94 1960 150 1990 σοῖς
170 1959 435 1995 μεγαλουργήμασιν
457 1961 558 1993 ἱκανῶς
584 1963 715 1997 ἀντηχεῖν
731 1963 878 1998 συγχωρή-

94 2013 194 2038 σομεν;
212 2005 297 2037 Ποίας
320 2006 683 2043 εὐπορήσαντεςῆεὐφημίας
703 2008 806 2044 ταύτην
823 2010 878 2035 τῶν

94 2050 149 2076 σῶν
164 2050 244 2082 ἀξίαν
263 2051 488 2087 ὲπιψηφιούμεθα
504 2053 686 2088 λαμπηδόνων
699 2062 706 2087 ;

125 2139 175 2165 Διὰ
191 2139 233 2172 σὲ,
251 2140 387 2174 Πάναγνε,
405 2142 518 2178 οὐρανὸν
531 2144 545 2170 ὸ
557 2144 695 2178 Δεσπότης
712 2145 871 2179 παρήγαγε,

91 2185 143 2218 γῆν
165 2186 343 2220 ἐὺεμελίωσε,
360 2187 509 2222 θάλασσαν,
534 2189 620 2224 ἥλιον,
646 2191 726 2225 χάριν
743 2199 772 2216 τε
791 2190 875 2225 ἄλλην

91 2231 136 2256 καὶ
163 2232 321 2265 σεμνότητα
341 2233 388 2259 καὶ
417 2235 519 2269 κόσμον
545 2236 694 2270 ὑπέστησε.
718 2235 766 2262 Διὰ
782 2237 810 2262 σὲ
828 2237 875 2263 καὶ

89 2276 148 2307 Eae;
177 2277 244 2311 ἡμῖν
274 2277 406 2305 ἐννοεῖται
426 2279 584 2315 διάκοσμος,
601 2282 637 2307 Σὺ
665 2281 718 2316 γὰρ
745 2283 761 2317 ἠ
786 2291 876 2318 παρα-

91 2321 193 2355 σχοῦσα
210 2323 279 2348 πᾶσι
307 2323 337 2350 τὸ
354 2323 476 2358 βέλτιονο
501 2326 548 2352 τοῦ
573 2326 601 2353 δὲ
626 2327 763 2361 βελτίονος
784 2328 876 2360 ἓνεκα,

89 2368 134 2393 καὶ
161 2368 210 2394 τοῦ
238 2368 269 2394 εὖ
302 2367 371 2396 εἶναι
396 2373 499 2406 τυχεῖν,
521 2373 537 2407 ἡ
565 2373 655 2405 κτίσις
679 2373 816 2408 sint;de
838 2375 878 2409 τῷ

89 2413 211 2450 Ποιητῇ·
227 2415 273 2441 διὰ
299 2417 340 2447 σὲ,
365 2417 552 2452 πολυύμνητε,
583 2421 631 2446 καὶ
654 2421 746 2455 ἡμεῖς,
773 2421 821 2447 καὶ
846 2421 877 2448 οὺ

89 2458 168 2484 τοῦτο
189 2459 283 2493 μόνον,
299 2461 367 2487 ἀλλὰ
387 2463 433 2488 καὶ
459 2463 506 2489 τὸν
529 2464 595 2491 Θεδν
618 2465 743 2498 ἔγνωμεν
766 2465 812 2492 διὰ
833 2465 873 2497 σὲ,
899 2482 902 2485 ν

90 2503 133 2528 καὶ
156 2503 264 2539 πλάνης
281 2506 490 2542 ἀπηλλάγημεψ
499 2509 545 2534 καὶ
562 2510 670 2541 σκότου,
688 2510 734 2535 καὶ
750 2509 801 2544 τὴν
820 2510 875 2536 τῶν

89 2549 218 2584 ἀρρήτων
243 2551 356 2589 ἀγαθῶν
372 2554 557 2589 περιμένομεν
582 2557 701 2591 κτῆσιν·
726 2556 773 2582 καὶ
789 2556 813 2582 ει
837 2557 874 2592 μὴ

87 2595 132 2621 τοῦ
146 2596 231 2629 ζόφου
247 2596 375 2632 λυθῆναι,
391 2600 439 2626 καὶ
454 2599 525 2627 οὕτω
541 2601 594 2627 τῶν
610 2601 691 2628 θείων
714 2602 873 2638 ἐμφορηθῆ-

123 2654 141 2669 ¹¹
153 2654 229 2681 Psal.
245 2662 318 2687 κων,
333 2655 376 2682 15.
417 2656 438 2671 ¹¹
452 2656 520 2684 Luc.
531 2665 557 2690 ν,
585 2658 630 2686 20.

975 416 1061 443 Porro
1073 423 1123 450 ego
1141 415 1253 450 quidem
1268 416 1308 442 sic
1327 417 1428 449 sentio,
1449 417 1519 445 nihil
1536 426 1605 454 opus
1626 420 1720 452 fuisse.

943 465 974 487 ut
999 461 1227 494 quemadmodum
1255 462 1366 488 aetherei
1389 463 1474 494 cives,
1491 463 1530 490 sic
1546 469 1573 491 et
1596 472 1630 492 ex
1650 470 1721 493 terra

938 507 972 533 ad
985 507 1191 541 obsequendum
1210 507 1318 542 Virgini
1334 508 1408 534 omni
1425 508 1530 536 honore
1548 510 1716 545 dignissima:

937 553 1054 586 apostoli
1067 553 1260 585 convenirent,
1279 553 1332 580 nisi
1350 553 1402 581 hoc
1429 559 1581 588 spectatum
1611 557 1719 588 fuisset.

939 603 968 624 ut
985 603 1079 624 notum
1096 598 1177 625 nobis
1195 598 1283 631 ﬁeret,
1310 599 1455 634 angelicos-
1472 609 1582 636 quoque
1609 603 1722 631 ordines

937 643 1034 670 adhoc
1049 643 1208 670 obeundum
1223 652 1322 672 munus
1333 646 1519 673 concurrisse.
1536 646 1575 673 Ex
1591 655 1624 674 eo
1636 649 1720 681 enim,

938 689 1010 723 quod
1027 689 1201 716 manifestum
1227 695 1269 716 est
1294 690 1422 726 idemque
1448 692 1516 718 adeo
1542 693 1720 727 stupendum,

938 734 1044 761 ﬁrmam
1059 734 1139 762 fidem
1156 735 1331 770 indipiscitur
1346 741 1374 763 et
1392 737 1472 770 illud,
1490 738 1563 771 quod
1580 739 1608 765 in
1626 740 1722 767 oculos

938 786 993 805 non
1007 778 1140 811 incurrit;
1155 780 1385 814 quemadmodum
1403 782 1485 808 etiam
1506 782 1631 811 Salvator
1645 785 1724 819 prius

940 823 1011 850 dixit
1029 824 1200 859 paralytico:
1221 825 1401 853 Remittuntur
1424 828 1470 854 tibi
1495 834 1603 863 peccata
1632 832 1720 863 tua";

938 874 965 896 et
980 869 1079 897 deinde
1103 870 1181 903 illud,
1209 871 1283 905 quod
1311 873 1456 906 perspicue
1479 875 1656 909 cernebatur,
1679 877 1722 904 in-

937 914 1042 946 dicatis,
1057 916 1203 950 praecepit:
1219 916 1291 943 Tolle
1306 918 1450 952 grabatum
1462 919 1498 948 “‘.

971 960 1052 988 XVII.
1088 961 1237 996 Postquam
1266 971 1331 999 ergo
1358 964 1487 999 discipuli
1516 966 1639 1000 Domini,
1668 977 1723 1004 qua

936 1007 1055 1035 diximus
1075 1008 1192 1041 ratione,
1213 1014 1240 1036 et
1256 1010 1390 1045 reliquus,
1405 1019 1486 1047 quem
1500 1013 1528 1040 in
1545 1019 1729 1043 antecessum.

935 1060 1026 1080 sermo
1054 1055 1292 1087 commemoravit,
1325 1064 1403 1084 sacer
1431 1063 1540 1092 cattus,
1571 1061 1671 1087 mirum
1694 1062 1721 1088 in

935 1099 1046 1126 modum
1073 1107 1164 1127 coram
1182 1101 1294 1135 Virgine
1325 1102 1473 1136 purissima
1497 1104 1674 1138 adstiterunt,
1691 1113 1721 1134 et

935 1144 1004 1171 alter
1020 1145 1132 1179 quidem
1148 1145 1181 1173 ab
1195 1146 1281 1173 altero
1296 1147 1436 1179 audiebat,
1456 1154 1515 1176 tum
1532 1151 1644 1178 ubinam
1662 1157 1721 1179 ter—

934 1198 1027 1216 rarum
1058 1195 1228 1222 versaretur,
1254 1195 1312 1218 tum
1329 1193 1468 1226 quomodo
1489 1194 1516 1221 in
1537 1203 1628 1222 aerem
1649 1198 1720 1231 rapti

935 1234 1005 1262 miro
1020 1235 1122 1263 itinere
1138 1236 1165 1262 in
1178 1235 1307 1262 eumdem
1322 1236 1411 1263 locum
1426 1238 1561 1272 extemplo
1578 1241 1722 1268 convertis-

935 1286 1005 1313 sent,
1021 1281 1200 1308 vehementer
1211 1281 1292 1308 simul
1306 1290 1367 1309 eum
1385 1283 1497 1318 Virgine
1520 1284 1598 1312 beata
1614 1286 1718 1314 obstu-

934 1332 1063 1361 puerunt.
1080 1327 1165 1354 Porro
1182 1327 1209 1353 id
1223 1335 1334 1362 quoque
1362 1328 1448 1355 David
1478 1329 1558 1357 valde
1579 1331 1720 1359 admirans

933 1372 997 1399 olim
1014 1372 1154 1400 cecinerat
1166 1372 1293 1407 inquiens
1307 1382 1313 1399 :
1327 1373 1391 1406 Quis
1406 1374 1433 1401 in
1448 1375 1557 1402 nubibus
1572 1377 1720 1411 wquabt’tur

932 1418 1088 1445 Domina“?

968 1464 1074 1492 Deinde
1095 1473 1158 1492 cum
1183 1466 1284 1500 gratias
1309 1466 1442 1495 Salvatori
1467 1470 1597 1497 concordi
1626 1471 1719 1498 animo

931 1510 1138 1545 persolvisscnt,
1158 1516 1215 1538 tum
1232 1520 1282 1546 pro
1298 1512 1345 1540 illo
1359 1521 1409 1548 per
1421 1515 1524 1542 aethera
1541 1516 1644 1549 volatu,
1662 1523 1719 1545 tum

931 1563 982 1590 pro
1004 1555 1067 1582 aliis
1092 1555 1187 1583 multis
1207 1556 1359 1590 beneﬁciis,
1376 1563 1433 1585 tum
1451 1559 1534 1587 etiam
1561 1562 1634 1596 quod
1653 1562 1718 1590 Vir-

932 1601 1023 1636 ginem
1044 1608 1161 1636 prorsus
1174 1603 1356 1630 venerandam
1374 1605 1495 1632 nondum
1511 1614 1526 1633 c
1543 1608 1661 1635 terrenis
1675 1608 1719 1635 di-

933 1654 1055 1681 gressam
1085 1648 1262 1682 reperissent,
1291 1649 1338 1676 sed
1359 1654 1387 1677 et
1402 1650 1498 1678 videre
1512 1652 1602 1679 adhuc
1617 1661 1717 1689 super-

932 1692 1034 1724 stitem,
1053 1697 1080 1720 et
1095 1693 1252 1721 ministerio
1276 1694 1323 1721 illo
1348 1696 1515 1724 sanetilicari
1533 1698 1607 1733 digni
1626 1699 1715 1727 habiti

933 1738 1059 1769 l'uisSent,
1080 1738 1155 1766 hisce
1171 1738 1317 1774 Deiparam
1332 1740 1449 1769 vocibus
1467 1743 1579 1775 allocuti
1594 1750 1659 1772 sunt

965 1783 1059 1811 XVIII.
1089 1784 1175 1817 Quam
1203 1785 1264 1818 tibi,
1294 1794 1311 1813 ο
1339 1787 1467 1820 Domina,
1489 1797 1632 1824 coronam,
1656 1799 1718 1826 qua:

931 1829 1068 1864 condigna
1087 1835 1112 1857 te
1128 1831 1173 1863 sit,
1192 1836 1285 1859 texere
1304 1832 1378 1860 lutea
1393 1833 1486 1869 lingua
1501 1840 1595 1864 nostra
1612 1839 1716 1872 queat?

930 1875 1073 1908 Quodnam
1086 1876 1258 1904 oﬂ'erendum
1275 1878 1323 1905 tibi
1337 1880 1492 1907 encomium
1508 1881 1627 1909 humana
1639 1875 1718 1911 mens

930 1926 1024 1948 nostra
1057 1922 1199 1955 elaboret,
1236 1923 1309 1957 quod
1351 1925 1547 1959 splendoribus
1583 1928 1639 1954 tuis
1667 1937 1718 1963 par

929 1967 1060 1994 exsistat?
1075 1967 1161 2000 Quem
1177 1969 1302 2003 plausum
1320 1969 1409 1997 instar
1424 1971 1498 1999 tuba:
1517 1973 1571 2000 altc
1585 1981 1718 2001 resonan—

930 2017 985 2038 tem
1011 2012 1221 2047 magniﬁcentiis
1250 2013 1307 2041 tuis
1336 2019 1398 2049 apte
1429 2017 1596 2051 respondere
1621 2025 1717 2045 cense-

930 2056 1039 2084 bimus?
1069 2057 1142 2089 Quas
1171 2058 1327 2092 excogitare
1361 2059 1457 2088 laudes
1485 2063 1658 2096 poterimus,
1685 2069 1715 2090 ut

930 2102 1086 2137 quampiam
1103 2107 1149 2130 tuo
1162 2111 1312 2138 congruam
1328 2104 1428 2140 fulgori
1443 2106 1644 2137 decernamus?

963 2148 1079 2182 Propter
1097 2153 1133 2178 te.
1157 2156 1173 2175 ο
1193 2150 1352 2185 purissima,
1371 2152 1503 2180 Dominus
1526 2155 1625 2182 coelum
1643 2163 1711 2184 con-

887 2205 915 2235 D
929 2193 1009 2226 didit,
1024 2198 1125 2221 terram
1148 2195 1283 2228 fundavit,
1301 2205 1388 2231 mare,
1409 2199 1506 2232 solem,
1524 2205 1608 2235 atque
1632 2202 1714 2230 aliam

927 2239 1079 2273 quamlibet
1111 2245 1303 2274 venustatem,
1331 2247 1360 2270 et
1387 2243 1488 2278 decus,
1522 2251 1550 2276 et
1583 2253 1712 2276 ornatum

927 2285 1034 2311 creavit
1054 2295 1059 2312 :
1078 2291 1190 2320 propter
1212 2292 1238 2314 te
1264 2292 1307 2315 est
1337 2289 1473 2324 quidquid
1497 2292 1603 2320 ordinis
1628 2295 1714 2322 menti

926 2335 1028 2358 nostra:
1052 2332 1225 2360 obversatur.
1255 2334 1295 2360 Tu
1326 2335 1400 2362 enim
1420 2344 1461 2370 es,
1490 2345 1551 2372 quae
1577 2339 1714 2368 universis

926 2377 1067 2404 meliorem
1102 2382 1202 2405 statum
1236 2382 1399 2415 comparasti
1429 2391 1434 2409 :
1466 2391 1530 2410 nam
1570 2375 1709 2414 creatura:

926 2429 1021 2450 omnes
1039 2428 1069 2450 ut
1082 2423 1109 2450 in
1126 2424 1223 2451 melius
1240 2425 1417 2460 proﬁcerent,
1439 2432 1467 2455 et
1492 2434 1522 2456 ut
1552 2430 1712 2460 felicitatem

930 2474 1160 2503 assequerentur,
1187 2478 1202 2497 a
1228 2470 1375 2499 Conditore
1406 2474 1546 2508 producta:
1570 2482 1655 2504 sunt:
1686 2479 1713 2505 id
1746 2492 1749 2510 ,:

930 2522 997 2541 vero
1014 2520 1043 2542 et
1059 2523 1109 2543 nos
1124 2521 1237 2552 propter
1251 2521 1288 2550 te,
1305 2526 1322 2545 ο
1341 2519 1503 2554 dignissima
1520 2524 1596 2550 omni
1620 2523 1712 2557 laude,

928 2561 1069 2588 consecuti
1091 2569 1201 2595 sumus;
1233 2571 1323 2598 neque
1347 2564 1400 2593 hoc
1426 2567 1526 2600 solum,
1556 2568 1604 2596 sed
1625 2569 1710 2596 Dettnt

930 2605 1045 2640 insuper
1063 2614 1176 2642 propter
1191 2613 1218 2635 te
1237 2610 1426 2644 cognovimus,
1449 2617 1477 2639 et
1499 2613 1533 2640 ab
1559 2621 1654 2641 errore
1681 2623 1712 2642 ac

674 2658 696 2674 "
710 2658 778 2687 ibid.
790 2659 835 2686 24.
876 2659 896 2675 "
913 2660 984 2688 Psal.
1001 2669 1128 2695 Lxxxvnt,
1142 2663 1156 2689 7

723 2730 792 2758 Aut.
809 2729 956 2760 Ballerini
973 2735 1066 2762 notae.

121 2788 177 2837 (με)
198 2788 267 2830 Vide
283 2797 417 2837 sumlmanrt
432 2791 504 2837 illam
520 2793 770 2837 puritatem-tribui
782 2794 877 2821 animo:
898 2793 1026 2831 Virginis,
1043 2797 1111 2825 adeo
1128 2803 1157 2826 ut
1173 2799 1242 2827 nihil
1270 2800 1452 2828 dubitandum
1476 2803 1528 2837 sit,
1545 2811 1579 2831 an
1592 2804 1625 2832 ad
1639 2804 1711 2833 inte-

87 2825 212 2857 gritatem
233 2825 394 2857 virginalem
406 2825 475 2853 forte
492 2825 548 2854 haec
565 2829 730 2856 referantur.

193 2865 334 2900 PnnoL.
351 2868 405 2899 Cn.
419 2873 497 2899 CXX
507 2873 586 2903 VIN.

1477 2878 1494 2908 5
