1932 3072
199 145 249 178 189

738 140 887 171 ISIDORI
905 140 1282 173 THESSALONICENSIS

1773 141 1827 173 15.0

198 202 322 232 tenebris
337 202 424 236 erepti
444 207 550 232 sumus,
563 202 591 226 et
607 197 835 225 inenarrabilium
849 198 986 225 bonorum

1040 208 1084 225 ναι
1114 200 1181 235 ἡμῖν
1203 199 1343 234 ἐξεγένετο
1358 199 1401 226 διΞι
1426 198 1485 232 σοῦ,
1503 198 1572 235 μηδὲ
1587 197 1638 234 τὴν
1659 198 1750 235 ἀρχὴν
1765 200 1779 220 δ
1795 200 1830 228 ἂν

198 249 400 286 possessionem
412 250 623 280 exspectamus;
640 250 670 272 et
695 251 783 279 neque
802 244 989 279 exoptandum

199 296 280 324 nobis
297 295 407 326 fuisset,
425 297 455 320 ut
469 291 503 318 ab
517 290 596 318 initio
611 297 782 322 crearemur,
795 289 849 317 nisi
863 289 988 316 futurum

209 340 290 369 nobis
303 339 411 371 fuisset,
433 341 463 364 ut
479 344 528 372 per
542 341 568 363 te
582 335 617 362 ab
631 335 735 362 erroris
749 334 929 362 liberaremur
942 343 989 362 ca-

198 389 293 423 ligine,
320 390 349 414 et
373 385 413 412 sic
437 384 547 411 demum
572 381 673 409 divinis
698 381 859 408 muneribus
883 382 988 408 affatim

201 433 357 460 ditaremur
375 430 443 466 (Η).
469 429 585 463 Propter
607 432 633 454 te
657 431 814 462 perpetrata
829 431 894 454 sunt
908 427 987 460 mira,

197 484 226 506 et
243 478 318 505 Deus
337 484 393 504 non
411 475 574 510 dedignatus
589 478 632 501 est
653 478 754 500 terram
778 473 848 499 hanc
872 473 989 508 pedibus

198 525 318 555 calcare,
334 527 362 550 et
383 522 510 549 homines
536 520 563 546 in
586 518 656 546 cutio
673 518 850 545 tabernacula
869 519 921 546 sibi
938 519 989 546 dc-

198 571 330 598 fixerunt.
347 568 388 595 'l‘u
414 566 532 594 feliciter
559 565 592 592 ad
621 564 706 592 Deum
732 564 945 599 properantibus
960 570 989 593 et

198 616 390 644 fulcimentum
406 621 446 645 es,
468 617 497 640 et
519 611 672 644 lumen,'ac
687 610 761 638 velut
778 618 844 637 aura
863 611 986 645 quaedam

198 663 302 692 suavis,
323 669 384 695 quae
399 659 522 686 laborem
545 656 713 685 ascendendi
737 656 837 684 allevat
854 666 860 684 :
879 662 908 684 tu
924 666 985 686 eos-

1040 246 1180 279 εὐξάμεθα
1197 247 1327 281 γενέσθαι
1352 247 1417 281 περὶ
1442 246 1521 281 ὴμῶν
1542 245 1643 272 αὐτῶν.
1659 246 1708 273 Διὰ
1735 245 1764 272 σὲ
1782 247 1830 281 γέ-

1041 300 1103 326 γονε
1126 292 1161 319 τὰ
1190 292 1347 327 παράδοξα,
1374 293 1421 318 καὶ
1451 291 1518 323 Θεὸς
1553 293 1674 327 πατῆσαι
1698 292 1752 327 γῆν
1778 293 1829 320 οὐκ

1039 338 1191 374 ἀπηξίωσε,
1204 339 1251 365 καὶ
1265 339 1294 364 ἐν
1310 337 1417 373 οὐρανῷ
1434 337 1537 372 σκηνὰς
1555 337 1660 372 ἔπηξαν
1674 337 1828 372 ἄνθρωποι.

1040 384 1076 411 Σὺ
1093 385 1151 415 τοῖς
1166 382 1196 411 εὖ
1222 384 1334 410 πλέουσι
1364 383 1432 418 πρὸς
1451 383 1519 409 Θεὸν
1542 383 1669 418 ἔρεισμα,
1689 383 1829 419 φώτισμα,

1041 426 1097 456 οἷόν
1111 438 1152 461 τις
1179 429 1255 464 ἡδεῖα
1279 428 1359 464 πνοὴ,
1376 427 1425 464 τὴν
1450 428 1544 455 ἄνοδον
1569 429 1775 464 εὐμαρίζουσα”
1796 430 1829 456 σὺ

1038 477 1095 507 τοῖς
1120 475 1235 510 ἀπόροις
1257 475 1390 510 ἐμπόροις
1411 475 1481 510 πρὸς
1501 475 1569 501 Θεὸν
1595 475 1778 510 κυϐερνήτης.
1792 475 1830 500 Σὺ

1039 520 1078 555 τῷ
1092 521 1166 554 γένει
1183 520 1297 555 γεέννης
1312 520 1408 554 ἐγένου
1421 520 1573 555 χωρισμὸς,
1593 521 1640 547 καὶ
1661 520 1828 555 παραδείσου

1039 566 1123 598 δόσις.
1139 566 1190 592 Διὰ
1206 566 1234 592 σὲ
1250 565 1355 599 λοιπὸν,
1372 565 1400 592 ετ
1412 574 1439 592 τι
1453 567 1557 601 τρυγᾷν
1573 566 1693 593 ἐνταῦθα
1709 566 1829 601 πάρεστι

1039 612 1222 648 τερπνὸν,καὶ
1238 612 1271 647 ἣν
1284 613 1298 638 ὁ
1317 612 1422 647 μέλλων
1436 612 1493 647 βίος
1510 612 1630 647 ἄρρητον
1647 612 1714 647 ¹ἡμῖν
1731 612 1830 647 εὐφρο-

1041 659 1125 693 σύνην
1143 657 1270 694 παρέξει.

198 710 259 738 dem
278 716 326 743 per
342 707 422 734 devia
442 705 617 733 ambulantes
641 704 739 740 dirigis
752 703 791 731 'ad
821 704 916 731 Deum.
943 705 984 732 Tu
1006 705 1158 732 humanum
1189 712 1276 739 genus
1296 704 1369 731 inter
1380 708 1409 732 et
1444 704 1598 739 gehennam
1622 704 1771 739 separatio,
1797 709 1828 731 tu

199 755 318 793 paradisi
332 753 441 789 largitio
453 752 594 780 exstitisti.
610 751 672 778 Tibi
691 750 810 785 denique
829 750 1002 778 referendum
1023 755 1067 779 est
1097 755 1253 786 acceptum,
1271 750 1407 787 quidquid
1425 750 1470 778 hic
1484 751 1596 778 haurire
1608 750 1696 779 solatii
1709 749 1783 784 licet,
1802 755 1830 778 et

196 802 332 839 quidquid
346 799 494 828 inell‘abilis
506 798 608 832 laetitia:
626 797 719 824 futura
734 797 789 823 vita
811 796 891 823 nobis
905 796 1048 831 praebebit.

233 849 304 877 th.
327 849 361 876 Et
387 847 481 882 utique
494 845 624 881 quamdiu
635 843 725 876 nobis,
742 852 758 871 ο
774 844 899 878 Domina,
929 852 986 872 san-

1080 846 1130 874 ιϐ’.
1154 845 1224 873 Ἀλλ’
1239 846 1292 877 ἕως
1306 845 1366 881 μὲν,
1381 842 1403 872 ὦ
1419 845 1562 878 Δέσποινα,
1581 846 1631 880 τὴν
1647 846 1696 881 σὴν
1712 846 1830 879 ἁγιωτά-

197 896 346 924 ctissimam
363 898 436 921 tuam
451 893 566 920 formam
580 891 692 922 intueri,
711 895 738 918 et
750 898 798 925 per
809 898 869 917 eam
885 891 987 918 sancti-

198 939 407 973 fic'tri,tuisque
422 937 523 972 perfrui
543 936 639 971 gratiis
665 935 795 967 dabatur,
825 935 988 963 videbamur

197 987 277 1014 nobis
294 992 356 1013 cum
372 983 442 1011 Filio
457 983 504 1010 illo
519 986 566 1009 tuo
581 989 612 1008 ac
625 981 766 1008 Salvatore
787 986 883 1008 nostro
906 981 988 1021 simul

197 1033 312 1064 versari,
326 1036 354 1059 et
370 1029 602 1058 inenarrabilibus
618 1028 672 1055 illis
700 1027 782 1063 potiri
814 1027 931 1055 deliciis.
958 1027 986 1055 Si

196 1079 270 1106 enim
288 1077 333 1104 ille
359 1076 392 1103 ad
424 1074 510 1102 cados
534 1072 739 1101 ascendendum
753 1071 805 1099 sibi
822 1079 883 1099 esse
898 1072 986 1105 duxit,

196 1125 280 1160 idque
307 1123 397 1157 reipsa
425 1120 527 1151 effecit.
557 1123 586 1147 et
611 1119 746 1153 sejunctio
769 1118 814 1145 illa
840 1118 987 1146 humanam

196 1173 257 1207 ejus
281 1170 366 1196 vitam
398 1167 478 1194 nobis
511 1165 597 1193 veluti
635 1164 789 1197 adimebat;
825 1168 852 1192 at
878 1165 988 1192 divinus

195 1217 281 1245 sancti
299 1216 417 1251 Spiritus
429 1214 572 1244 adventus,
583 1217 611 1240 et
627 1217 685 1245 tua,
709 1219 725 1239 ο
737 1212 883 1247 purissima
920 1220 988 1247 pra:-

195 1264 293 1295 sentia,
309 1267 337 1290 et
354 1269 405 1289 nos
421 1260 496 1287 haud
510 1259 563 1286 levi
596 1258 794 1292 perfundehant
824 1258 930 1290 solatio,
959 1263 987 1286 et

195 1309 348 1338 Salvatoris
388 1306 512 1334 absentis
549 1305 640 1332 locum
663 1304 839 1339 supplebant.
871 1304 986 1332 Maxime

195 1363 260 1384 vero
276 1355 309 1382 iis
324 1362 357 1381 ex
371 1352 484 1383 nostris,
501 1351 604 1386 quibus
629 1350 723 1378 datum
752 1359 809 1378 non
839 1351 937 1383 fuerat,
957 1356 987 1378 ut

196 1401 305 1428 Domini
318 1403 431 1434 aspectu
458 1398 512 1425 frui
531 1402 653 1432 possent,
668 1397 728 1424 loco
754 1396 902 1424 Salvatoris
927 1402 987 1425 erat

195 1447 366 1475 lucidissima
392 1445 477 1472 facies
505 1448 570 1475 tua,
599 1443 626 1470 in
641 1451 694 1478 qua
720 1442 833 1474 Christi,
862 1443 922 1472 Filii
936 1444 985 1476 tui,

196 1493 293 1520 faciem
307 1491 491 1518 intuerentur.
509 1488 608 1523 Atque,
625 1492 654 1515 ut
677 1495 789 1522 prorsus
817 1489 917 1520 dicam,
942 1496 986 1517 tua

196 1538 288 1565 omnia
304 1537 518 1565 consolationem
533 1535 560 1562 in
574 1543 623 1562 nos
640 1538 667 1562 et
682 1534 895 1570 incomparabile
908 1536 982 1563 leva-
998 1535 1022 1566 C

198 1589 322 1612 mentum
336 1583 443 1610 abunde
459 1581 644 1609 elfundebant.

231 1628 458 1664 Quandoquidem
468 1635 544 1659 vero,
554 1626 682 1654 Creatore
692 1627 732 1654 sic
742 1627 862 1659 volente,
873 1632 964 1662 postre
972 1643 981 1648 -

198 1684 243 1703 mo
258 1683 331 1702 nunc
353 1682 403 1701 nos
427 1678 456 1701 et
477 1673 627 1708 alloqueris
653 1677 680 1700 et
705 1672 740 1700 ob
774 1673 868 1700 oculos
893 1673 986 1706 habes,

197 1722 339 1748 enimvero
353 1720 397 1747 vix
412 1719 524 1746 ferenda
552 1719 695 1753 prasentia
712 1718 769 1745 haec
784 1719 862 1746 nobis
880 1723 986 1753 parent,

199 1775 300 1802 resque
317 1767 343 1793 in
355 1774 489 1793 summam
505 1764 577 1792 cedit
591 1765 783 1792 calamitatem.
809 1766 900 1800 Angor
915 1765 987 1792 enim

199 1814 227 1841 in
267 1821 318 1840 nos
352 1813 439 1839 instar
469 1812 570 1839 lanceae
606 1812 661 1847 jam
689 1812 854 1846 intorqucri,
885 1819 988 1846 corque

197 1864 321 1887 nostrum
339 1858 445 1885 acerbis
461 1857 565 1884 doloris
578 1857 639 1885 telis
655 1857 750 1892 impeti
763 1857 843 1885 nobis
859 1857 986 1885 videtur:

174 1939 176 1941 ι
197 1905 334 1940 quoddam
349 1903 434 1931 veluti
448 1903 607 1930 incendium
620 1903 747 1930 videmur
764 1903 845 1931 nobis
859 1911 986 1936 cernere,

197 1952 271 1989 quod
288 1953 380 1979 minax
401 1952 455 1986 iam
473 1955 555 1986 caput
569 1955 693 1978 nostrum
719 1950 830 1978 invadat
847 1959 853 1978 ε
868 1950 986 1978 animam

197 2004 320 2027 nostram
342 1997 549 2024 transverberat
566 1997 621 2032 jam
653 1996 769 2032 gladius,
796 1996 867 2024 haud
896 1996 987 2024 minus

198 2045 396 2081 propemodum
443 2051 475 2070 ac
514 2043 548 2070 de
574 2048 610 2074 te,
637 2043 860 2076 honoratissimo,
892 2043 987 2070 beatus

197 2091 314 2128 Symeon
330 2089 567 2125 prmnuntiavit”.
582 2089 641 2117 .lam
657 2097 712 2128 non
727 2089 862 2124 ejusmodi
873 2093 914 2116 cst
935 2089 987 2116 ista

198 2137 352 2165 calamitas.
365 2136 447 2170 quam
462 2134 534 2163 ferre
551 2136 690 2170 possimus
710 2144 717 2163 :
734 2143 789 2162 non
805 2143 837 2162 ea
862 2135 917 2170 jam
945 2139 987 2161 est

198 2182 341 2219 praesentis
356 2181 459 2207 doloris
473 2181 620 2212 acerbitas,
653 2181 697 2207 eui
730 2188 809 2208 mens
837 2187 985 2208 occurrere

200 2233 357 2257 constanter
373 2228 481 2255 valeat:
497 2235 551 2254 non
567 2227 632 2254 sinit
643 2227 698 2262 jam
713 2227 863 2254 immensus
874 2234 984 2259 maeror,

200 2280 230 2303 ut
254 2283 309 2303 non
322 2274 414 2301 animo
437 2273 607 2306 decidamus,
624 2281 656 2300 ac
667 2277 760 2301 nostra
775 2273 863 2308 palam
879 2280 908 2300 se
923 2280 987 2308 pro-

238 2343 259 2359 "
267 2343 336 2370 Luc.
359 2351 389 2375 Il,
414 2342 459 2370 55.

1042 901 1092 927 την
1122 892 1229 927 μορφὴν
1254 893 1303 920 καὶ
1331 893 1398 928 ὸρᾷν
1426 893 1551 928 εἴχομεν.
1582 893 1630 919 καὶ
1654 893 1719 928 παρ’
1744 894 1830 929 αὐτῆς

1043 938 1217 971 ἁγιάςεσθαι,
1233 939 1288 964 τῶν
1313 939 1367 964 σῶν
1381 938 1564 970 ἀπολαύοντες
1578 939 1709 973 χαρίτων,
1732 939 1830 974 ἐκείνῳ

1043 983 1162 1008 συνεῖναι
1180 983 1228 1009 καὶ
1244 984 1386 1009 κοινωνεῖν
1401 983 1565 1017 ἐνομίζομεν
1583 984 1688 1017 ἀφὰτου
1706 984 1828 1018 τρυφῆς,

1041 1029 1079 1063 τῷ
1095 1028 1133 1063 σῷ
1148 1027 1205 1064 Υίῴ
1231 1029 1279 1055 καὶ
1293 1029 1412 1064 Σωτῆρι.
1429 1028 1460 1055 Εἰ
1476 1029 1531 1064 γὰρ
1549 1026 1626 1060 οὗτος
1639 1029 1830 1064 ἀναληφθῆναι

1041 1075 1097 1102 δεῖν
1116 1075 1200 1111 ᾠετο,
1218 1076 1266 1103 καὶ
1287 1076 1437 1112 πεποίηκε,
1453 1076 1501 1102 καὶ
1516 1077 1530 1102 ὁ
1544 1076 1683 1111 χωρισμὸς
1700 1077 1749 1112 τὴν
1767 1075 1830 1104 καθ’

1040 1121 1115 1155 ἡμᾶς
1132 1118 1206 1147 εἷλκε
1235 1121 1308 1157 ζωὴν
1331 1122 1452 1153 ἐκεῖνος,
1473 1121 1530 1148 ἀλλ’
1546 1123 1563 1157 ἡ
1580 1123 1639 1150 θεία
1661 1122 1708 1149 τοῦ
1737 1123 1830 1157 Παρα.

1041 1167 1142 1202 κλήτου
1171 1167 1316 1200 ὲπὲλευσις
1341 1168 1421 1203 καὶὴ
1444 1168 1494 1202 σὴ,
1514 1169 1644 1203 πάναγνε,
1671 1169 1828 1204 παρουσία,

1041 1214 1137 1249 ἡδονήν
1157 1222 1186 1240 τε
1211 1214 1277 1249 ἡμῖν
1301 1214 1448 1247 ὲνέσταξαν
1469 1214 1499 1240 οὐ
1531 1215 1650 1250 μικρὸινΓ
1667 1215 1713 1241 καὶ
1733 1215 1764 1241 τὸ
1780 1214 1829 1241 τοῦ

1041 1260 1168 1295 Σωτῆρος
1185 1260 1385 1296 ἀνεπλήρωσαν
1409 1260 1563 1296 ὑστέρημα.
1591 1258 1639 1292 οἷς
1654 1260 1684 1287 δὲ
1710 1260 1830 1295 μάλιστα

1039 1305 1094 1333 τῶν
1119 1307 1168 1333 σὺν
1195 1307 1263 1342 ἡμῖν
1285 1307 1335 1341 τῆς
1362 1307 1527 1342 δεσποτικῆς
1544 1308 1594 1333 οὐκ
1609 1306 1763 1336 ἀπολαῦσαι
1780 1315 1830 1341 γε·

1044 1352 1156 1387 γένηται
1172 1353 1236 1384 θέας
1247 1372 1254 1385 ,
1270 1354 1284 1380 ὁ
1300 1354 1527 1387 φωτοειδέστατο;
1545 1353 1590 1385 σὸς
1609 1353 1751 1388 χαρακτὴρ
1767 1353 1829 1381 ἀντὶ

1039 1399 1086 1425 τοῦ
1101 1400 1229 1435 Σωτῆρος
1245 1400 1292 1427 καὶ
1308 1397 1342 1434 ἦν
1359 1400 1405 1426 καὶ
1427 1400 1515 1426 ἐδόκει
1533 1401 1580 1426 καὶ
1596 1400 1644 1426 σοῠ
1671 1401 1828 1434 σπλάγχνου

1041 1445 1169 1481 Χριστοῦ.
1196 1447 1261 1479 Καὶ,
1286 1447 1413 1480 καθάπαξ
1438 1447 1535 1479 εἰπεῖν,
1550 1447 1728 1481 παραμυθίας
1743 1447 1829 1482 ἔγεμε

1039 1492 1073 1518 τὰ
1089 1491 1123 1518 σὰ
1144 1492 1213 1527 πρὸς
1228 1493 1302 1528 ἡμᾶς
1316 1492 1365 1520 καὶ
1379 1493 1572 1529 ὰπαραμίλλου
1588 1493 1740 1530 ῥᾳστώνης.

1081 1628 1158 1654 Ἐπεὶ
1174 1628 1202 1654 δὲ
1219 1629 1267 1655 νῦν
1286 1629 1364 1664 ἡμῖν,
1381 1629 1426 1655 τοῦ
1445 1629 1568 1656 Πλάστου
1586 1630 1763 1665 βουλομένου,
1780 1631 1829 1658 καὶ

1038 1672 1183 1700 τελευταῖα
1205 1676 1386 1710 προσφθέγγῃ
1412 1677 1460 1703 καὶ
1484 1677 1682 1710 προσΰλέπεις,
1703 1678 1830 1713 ἀφόρητα

1042 1720 1141 1755 μικροῦ
1169 1721 1243 1747 δοκεῖ
1268 1721 1302 1748 τὰ
1333 1722 1472 1756 παρόντα,
1502 1723 1631 1758 συμφορὰ
1656 1723 1773 1758 μεγίστη
1798 1724 1828 1750 τὸ

1040 1766 1158 1800 πρᾶγμα
1174 1766 1347 1794 καθίσταται.
1365 1764 1427 1793 Οἷὸν
1442 1776 1468 1793 τι
1481 1767 1545 1802 δόρυ
1564 1768 1686 1794 σείεσθαι
1697 1768 1727 1794 τὸ
1743 1769 1828 1801 πάθος

1040 1811 1182 1846 ἡγούμεθα
1208 1811 1270 1838 καθ’
1290 1812 1379 1847 ἡμῶν,
1404 1811 1494 1848 λύπης
1524 1812 1589 1848 βέλη
1610 1814 1698 1848 πικρὰ
1729 1815 1828 1849 χωρεῖν

1040 1857 1111 1883 κατὰ
1137 1857 1186 1891 τῆς
1210 1858 1348 1893 ἡμετέρας
1371 1858 1486 1892 καρδίας
1497 1864 1506 1874 ⁸
1520 1858 1558 1889 ὡς
1576 1859 1663 1893 φλόγα
1674 1860 1740 1894 ὀρᾷν
1756 1860 1828 1887 κατὰ

1039 1904 1162 1939 κεφαλῆς
1179 1904 1258 1939 ἡμῶν
1280 1904 1448 1931 ἀπειλοῦσαν
1466 1905 1630 1940 στρατεῦσαι
1661 1905 1827 1940 νομίζομενο

1040 1951 1162 1985 ῥομφαία
1177 1950 1226 1984 τὴν
1241 1951 1380 1986 ἡμετέραν
1399 1951 1449 1986 ήδη
1467 1951 1603 1986 διέρχεται
1619 1951 1718 1986 ψυχὴν,
1735 1953 1828 1988 σχεδὸν

1038 1996 1089 2031 οὐχ
1106 1994 1187 2032 ἦττον
1199 1993 1232 2032 ἧς
1245 1997 1259 2022 ὁ
1273 1996 1408 2030 μακάριος
1423 1996 1536 2031 Συμεὼν
1550 1997 1682 2032 ἐμήνυσε,
1697 1999 1827 2033 πάντιμε,

1038 2043 1102 2078 περὶ
1115 2042 1174 2069 σοῦ.
1194 2043 1293 2070 Οὐκέτι
1309 2043 1363 2070 τῶν
1378 2043 1500 2070 ἁνεκτῶν
1517 2044 1582 2078 ἡμῖν
1597 2044 1613 2078 ἠ
1628 2043 1740 2079 τοιαύτη
1758 2053 1828 2079 συμ-

1039 2090 1124 2124 φορά·
1145 2089 1239 2116 οὐκέτι
1263 2089 1319 2115 τῶν
1343 2089 1486 2124 παρόντων
1512 2089 1646 2123 ἀλγεινῶν
1661 2091 1678 2125 ἡ
1693 2089 1827 2125 δριμύτης

1038 2135 1163 2162 ἄσειστον
1182 2135 1214 2170 ὲᾷ
1245 2134 1291 2161 τὸν
1315 2134 1464 2169 λογισμόν·
1490 2135 1584 2162 οὒχέτι
1606 2135 1636 2162 τὸ
1666 2135 1749 2171 βάρος
1778 2136 1827 2171 τῆς

1040 2180 1119 2212 ἀνίας
1136 2180 1173 2216 μὴ
1189 2182 1356 2207 καταπεσεῖν
1367 2182 1440 2216 ἡμᾶς
1455 2182 1603 2217 συγχωρεῖ,
1620 2183 1668 2208 καὶ
1683 2182 1827 2214 ἀσθενείας

1040 2227 1152 2261 ἔλεγχον
1168 2227 1332 2262 παρασχεῖν.
1352 2226 1414 2258 Πῶς
1429 2227 1483 2262 γὰρ
1499 2228 1546 2253 καὶ
1563 2227 1686 2261 γλῶτταν
1704 2228 1826 2261 σιγῶσαν

1040 2274 1106 2308 ὁρᾷν
1122 2273 1244 2308 οἴσομεν,
1261 2270 1294 2308 ἦς
1310 2273 1324 2299 ὁ
1340 2272 1442 2306 γλυκὺς
1460 2273 1508 2299 καὶ
1523 2273 1686 2308 μελίρρυτος
1707 2272 1826 2307 φθόγγος

835 2378 905 2407 Ant.
923 2377 1068 2409 Ballerini
1086 2382 1181 2409 notae.

238 2440 251 2460 ¹¹
266 2441 333 2469 Cod.
350 2449 418 2475 τηνα
424 2441 500 2475 ρχήν.

237 2477 293 2513 (Μ)
312 2474 383 2513 “me
396 2474 494 2513 eadem
521 2482 611 2513 sensa,
628 2474 757 2513 nimirum
781 2474 988 2513 quodpiopter

203 2509 341 2547 Virginem
355 2512 495 2547 Deiparam
512 2509 802 2547 coqd‘itaqhaecrerum
822 2510 989 2547 universitas

201 2544 296 2577 fuerit.
326 2544 412 2581 quod‘
433 2546 520 2573 eidem
554 2544 660 2581 Virgini
692 2545 828 2581 debeatur
855 2545 987 2581 quidquid

203 2583 317 2617 reliquis
328 2579 463 2609 creaturis
481 2581 552 2607 inest
567 2580 675 2617 decoris
689 2587 720 2617 ac
733 2579 898 2617 splendoris,
912 2580 985 2617 quod

201 2614 320 2653 denique
336 2617 427 2644 Mariae
438 2619 580 2653 acceptum
594 2614 765 2641 referendum
779 2615 825 2647 sit,
840 2620 896 2642 tum
913 2614 986 2653 quod

202 2650 302 2680 caetera
327 2653 418 2679 omnia
435 2650 515 2678 linem
531 2656 610 2677 stium
624 2654 818 2683 assequentur,
838 2655 894 2677 tum
913 2650 986 2684 quod

203 2689 353 2714 humanum
377 2693 464 2722 genus
478 2685 504 2712 in
521 2691 644 2722 praeceps
657 2685 731 2722 _o|im
755 2685 911 2722 prolapsum
941 2693 986 2722 re-

202 2719 399 2750 staurationem
419 2729 449 2747 nc
460 2728 535 2754 spem
551 2719 647 2746 salutis
657 2719 802 2750 invenerit,
812 2720 868 2747 ha-e
880 2720 981 2752 omnia,

204 2759 329 2792 inquam,
350 2754 597 2792 lsidorus_nh_criu§
622 2754 752 2792 deinceps
767 2759 926 2792 prosecutus
941 2760 982 2782 est

204 2801 232 2820 in
245 2789 369 2823 'homilia,
382 2798 463 2826 quam
479 2789 572 2816 habuit
588 2790 619 2826 in
629 2789 749 2826 Dgipgtr‘te
763 2789 983 2826 Nutalchqnani-

204 2836 257 2862 que
274 2823 402 2862 superius
427 2828 509 2862 (part.
529 2832 548 2862 ι,
578 2823 630 2862 col.
739 2824 796 2862 jam
818 2823 983 2862 >dcdilllll5...

203 2859 290 2890 Porro
305 2859 388 2897 (quod
406 2862 434 2888 in
446 2859 518 2887 notis
531 2859 648 2886 homiliae
658 2859 696 2886 illi
709 2860 839 2896 subjectis
852 2860 984 2887 manifes-

1041 2441 1160 2467 stissime
1176 2439 1357 2476 ostendimus)
1373 2440 1558 2476 ejusmodiest
1575 2445 1629 2476 tota
1647 2440 1705 2476 haec
1713 2448 1824 2469 (econo-

1038 2477 1102 2506 mia,
1120 2480 1150 2502 ut
1174 2475 1264 2502 eidem
1281 2475 1396 2509 prorsus
1421 2480 1563 2510 repugnet.
1586 2475 1697 2502 Mariam
1728 2477 1824 2504 eadem

1039 2510 1084 2537 illa
1097 2510 1174 2537 ruina
1190 2509 1346 2537 obvolutum
1361 2509 1459 2542 fuisse,
1472 2509 1533 2545 qum
1544 2510 1664 2544 reliquos
1677 2510 1741 2536 Adae
1753 2511 1824 2539 ﬁlios

1037 2545 1167 2578 perdidit.
1188 2545 1216 2571 id
1232 2552 1298 2572 vero
1329 2549 1358 2572 et
1385 2546 1511 2580 praesenti
1536 2546 1597 2573 loco
1623 2545 1690 2572 satis
1719 2546 1821 2574 elucet.

1036 2579 1129 2614 Neque
1140 2580 1211 2607 enim
1222 2585 1368 2607 contextus
1377 2579 1446 2607 ratio
1459 2583 1571 2615 patitur.
1582 2584 1611 2606 ut
1620 2580 1701 2615 Virgo
1712 2588 1821 2615 quoque

1035 2614 1069 2650 iis
1083 2615 1204 2642 tenebris
1214 2619 1242 2641 ct
1252 2616 1367 2650 caligine
1381 2614 1494 2650 putetur
1501 2614 1693 2649 circumsepta,
1706 2614 1822 2649 quarum

1035 2649 1160 2684 depulsio
1177 2658 1224 2684 per
1235 2649 1320 2684 ipsam
1331 2649 1513 2684 exspectanda
1524 2654 1593 2676 erat.
1610 2650 1642 2677 Et
1657 2652 1822 2678 conﬁrmant

1035 2684 1154 2720 idipsum
1167 2686 1321 2719 sequentia.
1339 2686 1383 2712 ubi
1400 2686 1481 2720 Virgo
1504 2686 1636 2712 salutatur
1651 2692 1702 2712 ceu
1729 2693 1825 2712 murus

1035 2720 1161 2748 dividens
1183 2721 1255 2747 inter
1278 2720 1427 2747 humanum
1449 2727 1535 2754 genus
1557 2728 1588 2746 :ic
1612 2721 1774 2753 gehennam.
1795 2721 1822 2747 Si

1036 2755 1110 2781 enim
1128 2755 1256 2790 universo
1272 2755 1393 2782 humano
1412 2756 1506 2790 generi
1528 2755 1563 2782 ob
1580 2759 1701 2781 veterem
1717 2756 1822 2789 lapsum

1036 2790 1168 2824 gehennae
1196 2789 1307 2817 addicto
1337 2789 1448 2817 Mariam
1473 2796 1629 2825 succenseas,
1657 2791 1704 2824 qui
1731 2795 1824 2824 posset

1037 2823 1094 2859 ipsa
1110 2825 1182 2852 idem
1193 2832 1279 2860 genus
1290 2832 1305 2852 a
1318 2825 1440 2860 gehenna
1452 2823 1611 2860 separasse?
