1932 3072
192 129 245 161 143

725 131 772 161 lSl
780 131 870 161 DOlll
903 132 955 161 Tit
962 132 1049 161 ESSA
1055 133 1284 163 LONICENSIS

1765 131 1815 163 Hi

191 189 309 221 rissima,
323 190 505 224 potentiaeque
524 194 576 216 tuze
591 190 646 224 jam
670 188 763 221 fuerit,
791 195 818 216 et
851 190 979 222 tristitiae,
1001 198 1054 223 qua
1084 199 1135 219 nos
1147 191 1290 224 allieimur,
1305 190 1735 227 disjecissenubem,gratiasque
1759 195 1819 219 tuas

190 234 339 270 gustandas
356 235 436 263 nobis
452 235 583 269 praebere.

226 281 290 308 XX.
309 281 376 309 Cum
394 286 485 308 autem
516 282 650 317 ejusmodi
664 282 785 317 alloquia
799 282 969 318 lacrymarun

1068 281 1106 308 κ’.
1133 280 1210 307 Ὶιπεὶ
1229 280 1258 306 δὲ
1272 281 1305 306 τὰ
1318 279 1432 306 τοιαῦτα
1443 280 1629 314 προσρήματα
1648 280 1775 313 δακρυων
1790 289 1817 308 τε

191 328 468 363 rivosexprimerent,
485 329 530 363 qui
560 329 686 355 intimum
713 329 866 363 prodebant
898 329 977 356 dolo-

191 381 259 405 rem,
274 381 329 408 quo
344 373 430 400 divini
447 382 589 408 praecones
607 375 681 401 intus
710 374 872 406 urebantur,
898 375 976 402 beata

189 426 299 453 quoque
314 419 357 445 illa
369 419 450 454 Virgo
467 419 606 454 paululum
619 427 715 446 eorum
728 428 756 447 se
772 420 859 447 dolori
878 428 976 447 conso-

189 465 481 500 ciavit,lacrymasque
510 465 600 493 oculis
630 465 739 497 effudit,
769 466 804 492 At
836 466 975 493 tristitiam

193 518 256 537 mox
307 511 421 538 vincens
445 520 452 538 :
472 511 532 538 Non
557 512 749 546 lacrymarum.
780 511 875 545 inquit,
903 520 976 540 nunc

198 561 306 590 tempus
317 561 370 589 est,
387 564 403 584 0
418 556 520 591 egregii
536 557 653 584 ministri
670 558 825 585 communis
854 558 974 585 omnium

190 601 314 633 Domini,
331 609 386 629 non
405 609 485 629 causa
503 602 594 629 luctus
610 603 735 638 migratio
751 611 809 630 mea
833 608 891 636 est;
921 611 975 631 non

188 655 338 681 provocare
349 647 383 674 ad
417 648 536 682 gemitus
564 648 646 676 debet
675 648 702 676 in
731 649 815 677 cmlos
840 651 974 683 ascensio,

189 700 278 727 neque
303 700 449 720 mterorem
477 701 574 729 parere
586 694 620 721 ad
648 694 806 722 Creatorem
822 695 975 730 Filiumque

189 745 279 765 meum
294 738 438 773 profectio.
453 738 522 765 lllud
537 747 622 766 unum
637 739 784 767 dolendum
799 740 860 772 fuit,
883 740 974 768 .lud.e-

188 792 266 811 orum
291 784 423 812 adversus
445 784 615 812 Salvatorem
640 786 762 813 insania:
785 786 829 813 illa
864 794 975 821 prorsus

189 829 286 860 tristia,
304 837 335 856 ac
348 835 446 864 praeter
460 830 500 858 fas
512 838 594 858 omne
611 838 643 858 ac
660 831 760 866 legem,
784 832 885 867 quibus
910 833 974 860 odio

187 875 290 909 percita
304 880 429 902 creatura
457 875 483 902 in
508 875 667 903 Creatorem
696 884 775 903 suum
806 877 974 904 debacchata

187 927 229 949 est
243 929 248 946 :
266 921 310 948 illa
322 930 387 949 sane
403 923 429 949 in
451 923 614 951 miserrimis
643 923 972 959 censenda,'(Salvatoris)

1032 329 1155 364 ῥεύματα
1171 326 1375 362 προσεξήντλει,
1394 326 1412 353 ἃ
1426 325 1477 361 τῆς
1494 326 1568 352 ἔνδον
1584 325 1684 360 φλογὸς
1699 327 1816 359 ἄγγελος

1030 372 1064 409 ἦν
1080 374 1133 400 τῶν
1149 373 1336 408 θεοκηρύκων,
1357 373 1508 407 συνήλγησα
1525 372 1576 405 μὲν
1590 372 1637 398 ἐπὶ
1655 374 1752 407 μικρὸν
1769 373 1816 399 καὶ

1030 420 1047 455 ἡ
1063 418 1196 454 μακαρία,
1216 419 1263 445 καὶ
1279 418 1396 452 δάκρυον
1418 417 1554 450 ἀπέσταξε
1580 418 1634 443 τῶν
1648 417 1814 452 ὀφθαλμῶν·

1030 465 1162 500 κρείττων
1188 464 1216 490 δὲ
1241 462 1375 497 γενομένη
1392 462 1439 488 τοῦ
1465 463 1585 495 πάθους,
1613 463 1649 489 οὺ
1675 462 1817 497 δακρύων,

1030 511 1123 546 φησὶν,
1139 512 1152 537 ὁ
1168 510 1264 544 παρὼν
1277 509 1383 543 καιρὸς,
1399 508 1496 542 ἀγαθοὶ
1513 508 1560 535 τοῦ
1576 508 1665 535 κοινοῦ
1679 508 1814 534 Δεσπότου

1029 558 1145 585 διάκονοι
1157 564 1164 572 ’
1191 557 1220 582 οὑ
1243 557 1358 586 πένθους
1381 555 1539 590 ὗπόθεσιςή
1558 555 1611 590 ἐμὴ
1630 555 1795 590 μετάστασις
1807 562 1815 569 ⁸

1029 605 1059 630 οὐ
1083 605 1223 638 ποιητικὴν
1248 602 1407 637 στεναγμῶν
1425 603 1440 635 ή
1459 601 1527 636 πρὸς
1548 601 1681 635 οὐρανοὺς
1702 601 1815 632 ἄνοδος·

1028 649 1059 675 οὐ
1083 648 1233 684 κατηφείας
1260 647 1346 673 αἴτιον
1362 648 1378 681 ἡ
1396 646 1462 680 πρὸς
1483 645 1528 672 τὸν
1552 645 1672 680 Κτίστην
1693 645 1740 671 καὶ
1757 644 1815 670 υἱὸν

1029 695 1095 728 ἐμὸν
1107 692 1289 728 ἀναχώρησις.
1309 693 1413 718 Ἐκεῖνο
1426 692 1505 726 μόνον
1518 691 1571 717 τῶν
1584 690 1756 726 σκυθρωπῶν
1768 687 1813 725 ἧν,

1029 740 1045 774 ἡ
1077 740 1141 774 περὶ
1164 739 1210 766 τὸν
1235 739 1348 773 Σωτῆρα
1373 738 1503 773 παροινία
1528 737 1582 764 τῶν
1604 737 1754 764 Ἰουδαίων-
1780 738 1815 762 τᾶι

1029 785 1143 820 ἀλγεινὰ
1167 787 1269 817 ἐκεῖνα,
1284 785 1332 812 καὶ
1349 785 1427 819 δίκης
1441 784 1494 816 ἔξω
1508 784 1555 810 καὶ
1569 784 1671 818 νόμων,
1686 781 1731 810 οἶα
1746 785 1816 812 κατὰ

1030 831 1078 858 τοῦ
1109 831 1233 858 Πλάατου
1267 831 1298 857 τὸ
1325 831 1444 865 ἀπεχθὲς
1469 830 1652 864 ὲξεϐάκχευσε
1682 829 1814 864 πλάσμα’

1027 879 1114 905 ἐκεῖνο
1136 878 1190 904 τῶν
1216 877 1319 911 σφόδρα
1345 877 1475 911 ἀνιαρῶν,
1498 877 1514 911 ἠ
1536 876 1716 910 γύμνωσις,ή
1733 876 1814 911 στρὲ·

1028 925 1143 956 ὃλωσιςΙ
1168 925 1197 950 αι
1221 923 1365 958 μάστιγες,
1387 924 1410 949 οἱ
1427 923 1603 958 ἐμπαιγμοὶ,
1621 923 1669 948 καὶ
1689 922 1776 953 τέλος,
1791 921 1815 948 ὢ

187 967 346 999 denudatio,
367 967 590 1003 tortura,llagra,
623 968 752 1000 ludibria,
780 977 811 996 ac
844 969 969 1005 denique,

1026 971 1061 1006 γῆ
1079 972 1126 998 καὶ
1151 970 1228 1006 ἦλιεί
1245 971 1259 996 6
1282 970 1514 1000 ἀπευκταιότατος
1531 969 1657 1000 θάνατος.
1680 968 1735 995 Ποῦ
1752 968 1781 994 δὲ
1795 969 1815 1004 ἡ

187 1018 286 1040 oterra
300 1017 328 1040 et
345 1012 405 1039 sol!
430 1012 507 1041 mors
531 1013 654 1040 omnium
682 1015 831 1042 teterrima.
859 1015 969 1042 Ubinam

1025 1017 1120 1052 ’ύὸριςς
1138 1016 1222 1043 Ἔνθα
1240 1015 1322 1050 μηδὲν
1337 1015 1400 1050 μήτ’
1425 1014 1552 1048 ἐγκαλεῖν
1576 1012 1663 1048 εἶχον·
1688 1015 1735 1041 καὶ
1758 1015 1814 1040 τῶν

187 1066 252 1086 vero
267 1059 366 1094 injuria
383 1059 417 1086 iis
428 1059 502 1086 illata
518 1059 529 1086 ?
547 1060 621 1087 Nihil
640 1068 705 1088 sane
724 1066 788 1088 tunc
803 1061 969 1094 habuerunt,

1024 1063 1216 1098 εὐεργεσιῶνή
1238 1062 1354 1098 πληθὺς,
1376 1061 1422 1088 καί¹
1439 1062 1455 1096 ὴ
1471 1061 1525 1088 τῶν
1542 1061 1665 1096 σημείων
1677 1067 1813 1088 ’καινοτο-

185 1104 259 1139 quod
278 1111 478 1139 quererentur;
501 1110 530 1133 ct
556 1106 754 1134 beneﬁciorum
785 1107 914 1134 cumulus
944 1115 969 1135 at

1025 1108 1090 1143 μία,
1109 1108 1161 1135 κᾶν
1172 1107 1222 1142 τὴν
1235 1107 1423 1143 πονηροτάτην
1438 1107 1673 1142 ἐπηνωρθώσαντο
1687 1106 1812 1142 γνώμην.

184 1155 403 1185 perpetratorum
418 1151 612 1179 miraculorum
621 1153 728 1179 novitas
734 1152 855 1179 animum
867 1160 969 1186 eorum,

1024 1153 1066 1180 Τὰ
1079 1153 1107 1180 δὲ
1121 1154 1179 1189 μετ’
1191 1154 1284 1180 ἐκεῖνα
1294 1154 1342 1180 καὶ
1356 1153 1420 1188 περὶ
1432 1153 1506 1188 ἡμᾶς
1519 1153 1607 1180 πάντα
1620 1152 1704 1188 χαρὰ,
1717 1152 1809 1187 ἡδονὴ,

184 1202 247 1224 utut
262 1197 466 1232 pravissimum,
479 1198 513 1224 ad
540 1198 760 1225 emendationem
777 1198 969 1232 provocebant.

1024 1199 1131 1234 τέρψις,
1146 1199 1238 1235 ἑορτὴ.
1254 1199 1339 1234 λευκή
1353 1208 1395 1230 τις
1409 1199 1511 1234 ἡμέρα.

183 1243 249 1276 Quae
265 1251 348 1278 porro
365 1243 511 1272 subsecuta
541 1249 607 1271 sunt
629 1245 711 1272 etiam
740 1245 830 1280 quoad
857 1253 919 1278 nos,
933 1247 1024 1274 omnia
1041 1247 1182 1282 gaudium,
1215 1247 1394 1282 voluptatem,
1425 1245 1635 1281 iucunditatem,

183 1300 312 1320 serenum
328 1292 474 1328 quemdam
490 1292 563 1320 diem
580 1292 694 1320 habent.

218 1337 289 1371 Quid
314 1338 413 1369 enim?
441 1338 539 1365 Annon
583 1343 693 1366 sanctos
723 1339 835 1374 angelos
863 1339 969 1368 cernitis

1060 1337 1098 1366 Ἦ
1118 1337 1166 1373 οὐχ
1185 1338 1266 1372 ὁρᾶτε
1291 1336 1339 1363 νῦν
1358 1336 1487 1371 φαιδροὺς
1505 1336 1568 1367 τοὺς
1586 1336 1675 1371 ἱεροὺς
1690 1343 1813 1371 παραγε-

184 1393 257 1412 nune
269 1385 395 1412 alacriter
411 1384 598 1416 advenientes,
620 1389 647 1412 et
658 1384 748 1412 laetum
761 1385 825 1419 quid
852 1386 969 1421 undique

1023 1385 1150 1419 νομένους
1174 1382 1315 1417 ἀγγέλους,
1345 1381 1391 1408 καὶ
1405 1380 1571 1415 πολλαχόθεν
1590 1381 1621 1407 τὸ
1637 1381 1733 1416 χάριεν
1751 1382 1811 1408 ἐπι*

183 1431 363 1465 explicantes,
373 1438 428 1465 quo
443 1434 471 1457 ct
486 1429 670 1461 dulcedinem,
680 1435 708 1458 et
718 1430 928 1466 benignitatem,
944 1436 969 1459 el

1021 1429 1224 1463 δεικνυμένους,
1243 1428 1275 1454 δι’
1289 1426 1325 1453 ῶν
1342 1436 1371 1453 τε
1385 1428 1401 1461 ἡ
1418 1426 1558 1461 γλυκύτης
1573 1428 1620 1452 καὶ
1633 1426 1663 1452 τὸ
1674 1427 1811 1462 προσηνὲς

1678 1246 1812 1279 lzetitiam,

183 1476 391 1510 leuitatem'praa
404 1479 491 1502 semet
514 1475 615 1507 ferunt,
641 1475 738 1510 hisque
768 1484 819 1504 nos
850 1477 978 1514 suaviter;

183 1521 372 1556 alloquuntur,
389 1525 416 1548 et
439 1520 536 1555 ingens
560 1521 636 1555 quid,
671 1528 762 1548 meum
788 1529 886 1557 nempe
906 1522 970 1550 hinc

183 1569 332 1594 discessum
342 1567 469 1594 nuntiant
482 1567 493 1593 ?
505 1566 602 1594 Annon
630 1567 766 1601 justorum
781 1568 879 1596 videtis
888 1576 969 1596 exer-
983 1586 1004 1615 ο

183 1613 276 1645 eitum,
292 1612 436 1647 splendore
447 1612 680 1644 cireumamictos,
690 1620 721 1639 ac
732 1613 815 1640 veluti
828 1614 968 1646 salientes,

181 1661 358 1692 exsultantes,
370 1661 458 1688 amice
473 1661 651 1695 alloquentes,
665 1661 970 1696 meamquedissolutio-

182 1712 243 1731 nem
259 1705 474 1739 exspectantes?
499 1704 575 1731 Haud
588 1709 802 1732 consentaneum
819 1709 860 1732 est
875 1705 966 1740 igitur,

182 1750 388 1784 aprtcsentibus
417 1754 444 1777 et
474 1750 576 1784 angelis
607 1754 634 1777 et
659 1750 760 1777 sanctis
787 1750 897 1778 dissona
920 1759 967 1778 seu

180 1796 282 1823 sentire
294 1804 340 1823 seu
352 1803 490 1831 peragere,
502 1801 549 1822 aut
563 1795 645 1823 ﬂendi
657 1804 689 1823 ac
705 1797 873 1824 lamentandi
899 1802 967 1824 tem-

181 1850 231 1875 pus
246 1849 359 1869 censere
373 1845 437 1868 tunc
463 1841 568 1873 adesse,
596 1842 706 1876 quando
733 1843 858 1870 caelestes
873 1851 969 1870 omnes

180 1887 260 1913 simul
286 1895 348 1914 cum
367 1887 496 1915 Creatore
508 1887 628 1914 lmtitiam
647 1893 750 1923 agunt;
767 1897 855 1923 neque
867 1897 915 1923 par
927 1893 968 1916 est

179 1932 310 1968 lugubres
329 1937 425 1959 cantus
439 1932 575 1967 persequi,
591 1933 699 1967 quando
712 1932 811 1960 festum
824 1942 886 1960 cum
900 1942 966 1969 gau-

181 1979 227 2005 dio
241 1978 435 2006 celebrantium
447 1983 498 2005 est.
519 1977 596 2005 llaud
608 1986 716 2013 aequum
736 1984 786 2011 est,
804 1981 860 2007 lucc
871 1980 967 2014 quovis

180 2025 276 2058 plausu
290 2029 371 2059 atque
386 2024 567 2051 exsultatione
589 2024 773 2059 splendidiora
785 2025 966 2060 lacrymarum

179 2069 311 2096 ellusione
333 2068 513 2100 obnubilare,
545 2076 634 2103 neque
662 2069 715 2096 vile
738 2069 803 2103 quid
822 2077 853 2096 ac
878 2070 965 2097 tristia

181 2120 270 2141 mente
309 2115 410 2149 agitare
438 2117 485 2141 aut
510 2114 583 2148 loqui
607 2114 743 2148 congruit,
769 2114 833 2141 dum
862 2115 966 2142 ratione

180 2159 311 2187 ineilabili
324 2165 351 2188 et
364 2167 424 2194 quae
444 2159 529 2186 Deum
550 2159 655 2191 deceat,
671 2167 744 2187 nunc
774 2168 883 2195 quoque
909 2161 966 2195 ipse

143 2230 146 2234 ,
179 2204 259 2230 nobis
275 2211 394 2239 pra-scus
408 2211 469 2231 cum
485 2203 629 2230 innumero
655 2204 799 2238 spirituum
813 2205 963 2232 ccelestium

1013 1476 1113 1506 ἀὐτοῖς
1137 1474 1303 1509 ὲπικάθηται
1318 1473 1365 1511 κα).
1388 1473 1486 1508 πρᾶον,
1507 1473 1554 1498 καὶ
1570 1472 1602 1498 δι’
1621 1469 1659 1499 ὦν
1675 1473 1742 1508 ἡμῖν
1760 1474 1811 1508 ἡδὺ

1021 1519 1211 1555 προαλαλοῡσι,
1236 1519 1282 1544 καὶ
1299 1518 1371 1553 ίερόν
1383 1527 1410 1544 τι
1425 1518 1520 1553 χρῆμα
1534 1517 1583 1553 τὴν
1600 1518 1733 1554 ἐκδημίαν
1756 1528 1810 1554 μη-

1021 1565 1145 1597 νύουσιν;
1161 1565 1217 1600 Οὐχ
1233 1565 1314 1600 ὁρᾶτε
1334 1565 1465 1598 στρατιὰν
1483 1564 1537 1591 τῶν
1552 1564 1675 1597 δικαίων,
1693 1564 1809 1600 λαμπρὰ

1022 1611 1270 1646 περιϐεϐλημένην,
1293 1611 1340 1636 καὶ
1355 1608 1411 1637 οἷον
1425 1610 1591 1644 σκιρτῶσαν,
1606 1611 1807 1645 ἀγαλλομένην,

1022 1657 1132 1691 θυμὴρη
1143 1655 1414 1690 προσφθεγγομένην,
1427 1655 1530 1690 καὶτὴν
1545 1655 1615 1690 ἐμὴν
1627 1655 1808 1692 ἐκδεχομένην

1020 1702 1168 1734 ὰνάλυσιν;
1185 1701 1242 1727 Οὐκ
1258 1701 1311 1736 ἄρα
1324 1701 1454 1727 τάναντία
1469 1700 1515 1727 καὶ
1531 1702 1640 1735 φρονεῖν
1656 1701 1704 1728 καὶ
1719 1703 1808 1729 ποιεῖν

1019 1746 1074 1772 τῶν
1098 1745 1259 1780 ἐφεστώτων
1277 1745 1325 1773 καὶ
1344 1745 1468 1780 ἀγγέλων
1490 1746 1538 1772 καὶ
1554 1746 1639 1779 ἁγίων
1654 1747 1806 1782 προσῆκεν,

1019 1791 1050 1817 οὐ
1077 1791 1229 1826 τραγῳδίας
1259 1792 1354 1826 καιρῖν
1381 1790 1504 1817 τίθεσθαι
1533 1791 1580 1816 καὶ
1601 1790 1737 1826 ὀδυρμῶν,
1761 1794 1806 1822 ὅτε

1020 1837 1162 1872 συγχαίρει
1183 1837 1222 1871 τῷ
1249 1837 1358 1872 Πλάστῃ
1390 1837 1424 1863 τὰ
1450 1836 1644 1871 ὑπερκὸσμια·
1673 1838 1733 1872 οὐχ,
1761 1839 1807 1866 ὅτε

1020 1882 1216 1917 πανηγυρίζειν
1252 1882 1307 1909 ἔδει
1355 1883 1531 1918 χαρμόσυνα,
1570 1882 1701 1918 πενθικὴν
1734 1884 1807 1921 ᾠδὴν

1021 1929 1219 1956 ἀναϐάλλεσθαι
1236 1931 1299 1965 χρή.
1317 1931 1354 1956 Οὐ
1370 1931 1404 1958 τὰ
1424 1932 1522 1966 κρότου
1544 1933 1645 1964 παντὸς
1665 1932 1710 1959 καὶ
1727 1941 1804 1968 σκιρ-

1018 1974 1147 2008 τημάτων
1182 1975 1360 2011 λαμπρότερα
1387 1978 1497 2012 ὲκχύσει
1523 1977 1630 2013 θρήνων
1660 1978 1805 2013 ἁμαυροῦν

1017 2019 1109 2051 ἄξιονθ
1129 2020 1178 2046 οὐκ
1198 2021 1312 2056 ἀρρήτῳ
1337 2022 1447 2057 τρόπῳ,
1466 2024 1513 2049 καὶ
1529 2023 1577 2058 οἵῳ
1589 2023 1648 2058 Θεῷ
1665 2025 1804 2058 προσῆκε,

1018 2063 1064 2088 τοῦ
1091 2064 1208 2091 Κτίστου
1225 2067 1272 2091 καὶ
1294 2065 1341 2092 νῦν
1358 2067 1424 2101 ἡμῖν
1441 2068 1603 2099 ἐπιστάντος
1621 2068 1680 2103 μεθ’
1696 2070 1805 2100 ὑπερα-

1018 2109 1114 2144 πείρου
1139 2111 1269 2144 στρατιᾶς
1287 2112 1447 2146 νοουμένης,
1465 2113 1501 2143 ὡς
1517 2113 1550 2140 ἄν
1578 2122 1622 2148 μοι
1646 2115 1693 2140 καὶ
1714 2114 1804 2147 αὖθις,

1017 2153 1060 2180 οἷα
1075 2154 1201 2188 δυνατὸς,
1225 2157 1313 2191 χαρᾶς
1336 2158 1468 2192 μεγαλεῖα
1493 2159 1605 2194 ποιήσῃ,
1628 2159 1755 2186 ταπεινόν
1778 2169 1804 2186 τι

1017 2201 1065 2227 καὶ
1088 2201 1174 2228 ταῦτα
1195 2202 1249 2228 τῶν
1275 2203 1420 2230 ἐπωδύνων
1441 2205 1540 2238 νοεῖνῆ
1563 2204 1730 2238 φθέγγεσθαι
1746 2205 1803 2231 δεῖ·

179 2249 300 2276 exercitu
314 2248 522 2279 Creatoradcst,
538 2253 568 2275 ut
588 2247 664 2280 mihi,
677 2253 706 2276 et
727 2249 838 2283 quidem
864 2249 963 2277 iterum

1021 2246 1182 2280 ἀγάλλεσθαι
1197 2247 1225 2273 δὲ
1242 2248 1353 2282 μᾶλλον,
1366 2249 1412 2275 καὶ
1432 2249 1569 2283 μουσικῶς
1592 2249 1740 2284 τερετίζειν
1756 2251 1802 2277 εὑ-

178 2296 269 2331 pronti
283 2300 380 2330 potens
390 2300 440 2327 est,
454 2295 582 2329 gaudium
596 2294 864 2330 magnificentissime
877 2296 970 2323 confe-

179 2347 219 2368 rat
235 2351 242 2375 ;
261 2341 315 2368 imo
331 2348 395 2367 vero
406 2339 542 2367 exsultare
554 2340 675 2374 expedit.
704 2345 731 2368 et
755 2341 823 2368 laatis
850 2342 968 2369 modulis

179 2389 286 2415 cantica
327 2388 510 2422 permiscrre,
529 2386 764 2421 quandoquidem
788 2393 815 2415 ct
842 2397 876 2415 ex
899 2397 967 2415 nunc

181 2434 364 2468 generationes
388 2441 477 2459 onmes
494 2440 534 2458 me
563 2425 667 2459 beatam
683 2434 767 2460 (licent
779 2434 799 2448 ”
812 2453 818 2465 ,
839 2439 863 2461 et
882 2442 965 2469 ange-

176 2480 267 2506 lorum
294 2478 440 2505 multitudo
471 2485 533 2505 cum
558 2479 723 2506 sublimibus
748 2479 856 2515 hymnis
884 2487 964 2506 causa

177 2524 265 2552 nostri
294 2524 388 2559 uli1ue
427 2524 610 2551 exsultatione
632 2525 739 2560 gestiet,
760 2529 788 2552 et
813 2525 963 2552 humanum

178 2572 235 2606 pari
248 2570 328 2597 modo
339 2577 424 2605 genus
437 2570 612 2605 congaudens
622 2570 729 2597 sonoris
742 2570 854 2597 vocibus
868 2571 963 2598 laudes

179 2624 254 2643 ineas
263 2615 406 2650 pra-celsas
417 2615 577 2642 celebrabit.
587 2614 663 2648 Quod
677 2615 700 2642 si
711 2615 798 2647 vobis,
812 2623 828 2642 o
841 2615 963 2643 Creatori

177 2662 345 2698 conjudices,
360 2661 492 2689 discessio
505 2669 564 2688 mea
577 2661 642 2696 quid
656 2661 732 2688 triste
743 2661 822 2688 modo
835 2661 961 2694 videtur;

179 2713 206 2734 at
221 2709 254 2734 ad
271 2708 382 2736 brevem
397 2708 504 2740 horam,
517 2707 618 2742 quippe
634 2707 679 2742 qui
691 2707 781 2734 adhuc
798 2707 850 2742 legi
871 2708 963 2735 carnis

176 2755 300 2788 obnoxii,
327 2756 378 2783 hoc
396 2755 590 2788 sustinebitis;
609 2754 689 2790 paulo
707 2758 769 2790 post
794 2762 867 2787 vero,
881 2755 962 2782 etiam

212 2844 232 2860 "
248 2844 315 2874 Luc.
342 2853 359 2875 ι.
379 2845 422 2872 48.

1019 2293 1142 2329 φρόσυνα
1149 2294 1252 2320 δίκαιον
1261 2301 1267 2309 ³
1280 2295 1321 2321 ὅτι
1336 2295 1383 2321 καὶ
1394 2295 1454 2322 ἀπὸ
1463 2296 1516 2322 τοῦ
1526 2295 1584 2322 νῦν
1593 2298 1623 2323 al
1637 2297 1735 2331 γενεαί
1749 2297 1806 2324 πᾶ-

1017 2345 1070 2365 σαι
1096 2338 1280 2373 μακαριοῦσι
1303 2347 1357 2374 με,
1384 2340 1432 2366 καὶ
1459 2340 1526 2366 νόων
1551 2340 1600 2375 μὲν
1624 2341 1730 2377 πληθὺς
1755 2342 1804 2368 σὺν

1016 2382 1137 2418 ᾅσμασιν
1155 2383 1266 2418 ὑψηλοῖς
1282 2384 1353 2419 ὑπὲρ
1370 2385 1449 2420 ἡμῶν
1468 2387 1625 2421 σκιρτήσει,
1642 2387 1800 2422 ἀνθρωπίνη

1014 2429 1042 2455 δὲ
1057 2429 1164 2463 γλῶττα
1174 2430 1280 2465 μεγάλα
1294 2431 1395 2465 ὁμοίως
1407 2433 1503 2467 ἡχήσει
1515 2432 1642 2466 ἐγκώμια
1656 2433 1800 2468 χαίρουσα.

1016 2475 1046 2501 Et
1059 2475 1080 2501 δ’
1096 2475 1170 2510 ὑμῖν,
1183 2474 1205 2502 ὥ
1221 2477 1399 2504 συνδικασταὶ
1416 2478 1463 2505 τοῦ
1481 2479 1615 2512 Πλάστου,
1629 2480 1675 2505 νῦν
1689 2479 1801 2514 ἀνιαρὸν

1014 2523 1030 2558 ή
1049 2522 1222 2558 ἀναχώρησις
1239 2524 1331 2558 δοκεῖ,
1347 2524 1403 2551 ἀλλ’
1424 2525 1470 2551 ἐπὶ
1491 2525 1589 2560 μικρὸν
1604 2525 1697 2557 τοῦτο,
1711 2525 1748 2557 ὡς
1760 2526 1802 2552 ἔτι

1013 2568 1052 2603 τῷ
1066 2568 1116 2603 τῆς
1131 2570 1231 2604 σαρκὸς
1244 2570 1348 2596 εἴκουσι
1363 2572 1454 2606 νόμῳ·
1474 2571 1543 2606 μετὰ
1560 2571 1646 2607 βραχὺ
1661 2571 1699 2604 δὲ,
1717 2573 1801 2607 μήπω

1013 2615 1118 2650 καὶτῆς
1132 2616 1184 2651 γῆς
1205 2616 1365 2649 ἐκστάντες,
1380 2617 1463 2652 πείρᾳ
1479 2617 1509 2643 τὸ
1522 2618 1570 2652 τῆς
1586 2618 1674 2652 χαρᾶς
1693 2617 1799 2644 εἴσεσθε

1015 2662 1145 2696 μέγεθος·
1166 2663 1213 2689 καὶ
1234 2662 1284 2698 τὴν
1298 2663 1424 2690 ἐντεῦθεν
1445 2664 1617 2700 εὐφροσύνην
1632 2665 1680 2691 καὶ
1701 2664 1800 2691 καλλο-

1013 2708 1072 2743 νὴν,
1102 2709 1150 2735 καὶ
1174 2709 1204 2735 τὸ
1230 2709 1301 2744 μέγα
1325 2709 1374 2744 τῆς
1397 2709 1518 2752 ἀληθςῢς
1541 2711 1638 2746 ἡδονῆς
1668 2711 1798 2745 πέλαγος,

1013 2755 1140 2790 ἐξυμνεῖν
1164 2755 1213 2790 οὐχ
1230 2753 1281 2781 οἶοί
1303 2763 1331 2782 τε
1355 2755 1460 2785 ἔσεσθε.
1484 2756 1554 2784 Ἀλλ’
1570 2757 1645 2793 ὢρα,
1661 2758 1743 2793 φίλοι,
1766 2758 1799 2792 τῇ
