1935 3071
79 110 126 142 161

549 109 678 139 SERMO
698 109 736 139 IN
758 107 1033 137 DOItMl'l‘lUNEM
1059 108 1088 138 Β.
1122 109 1155 138 ν.
1175 108 1318 139 MARLB.

1670 111 1721 142 102

78 171 124 196 κιὶ
141 168 277 202 καθάπερ
293 167 306 193 ὁ
323 165 463 200 ὀφθαλμὸς
480 165 533 200 ὁρᾷ
551 165 599 199 μὲν
623 165 658 192 τὰ
676 166 773 200 ὁρατὰ,
789 166 872 199 ψαύει
888 187 889 192 η

933 162 1051 189 :ublimia
1088 169 1116 190 vl.
1145 164 1236 190 divina
1265 165 1511 199 contemplabatur.
1541 167 1721 202 thuetnad-

77 215 103 241 δὲ
121 213 240 243 οὐδενὸς
266 211 323 238 τῶν
351 210 501 246 ὁρωμένων
533 211 549 244 ἡ
567 210 614 236 τοῦ
638 210 778 245 όςεοαλμοῦ
798 211 876 245 σὰρξ,

76 250 139 284 edas
156 257 209 292 τῆς
226 256 357 290 τοιαύτης
373 255 459 281 δεῖται
473 254 520 280 τοῦ
546 253 632 288 ϐίγειν
659 255 721 290 (sic)
741 256 877 290 ἀνάγκης,

77 306 122 330 ἵνα
140 305 202 334 τοῖς
218 302 369 336 Θεωμένοις
385 301 556 336 προσϐάλλῃ,
583 301 653 328 ἀλλὰ
684 304 811 328 κοινωνεῖ
829 303 878 337 μὲν

77 350 174 384 tbi»;
183 348 232 375 τοῦ
247 348 445 383 προκειμένου,
464 347 539 381 μένει
560 346 588 373 δὲ
603 348 620 382 ἡ
644 348 694 382 τῆς
722 348 810 382 ὅψεως
828 349 877 383 ὕλη

77 395 305 429 ἁπαράπαυστος
321 394 375 419 τῶν
394 392 567 428 φαινομένων
581 400 588 407 ·
616 394 661 419 τὸν
682 394 764 420 αὑτὸν
775 395 806 428 δὴ
818 395 880 429 τρό-

77 448 127 464 πον
148 438 200 464 καὶ
212 438 388 465 κοινωνοῦσα
402 438 451 464 καὶ
469 438 584 472 ἄμικτος
603 438 658 463 τῶν
678 438 725 464 τοῦ
739 440 801 474 χοὸς
815 440 879 475 ἐμε-

76 492 122 509 νειι
142 484 161 518 ἡ
180 483 368 518 πανάμωμος.

108 530 306 565 Πρὸσεστιτῷ
333 531 435 564 φοίνικι
465 531 511 556 καὶ
543 529 643 563 ἰδιότης
668 530 749 566 ἑτέρα
767 540 774 548 ·
805 531 876 567 ἡδὲ,

75 576 193 610 πρόεισι
212 575 264 608 μὲν
274 577 325 610 τῆς
339 577 391 609 γῆς
411 577 424 601 ὁ
441 576 540 610 φοίνιξ.
556 577 594 608 ὡς
607 577 654 604 καὶ
673 578 707 604 τὰ
725 577 806 604 λοιπὰ
823 577 878 602 τῶν

76 621 208 656 δένδρων,
225 622 339 654 αὐξάνει
354 622 380 648 δὲ
397 622 426 648 οὐ
449 622 509 648 κατ’
525 624 616 649 ἐκεῖνα
630 632 636 638 ·
649 624 712 654 τοὺς
742 623 791 658 μὲν
825 624 879 658 γὰρ

75 668 195 698 κλάδους
211 668 258 693 ἐπὶ
274 668 348 702 μέγα
363 668 436 702 αἴρει
455 669 554 703 μῆκος,
568 666 573 669 ’
588 669 625 700 ὡς
652 670 780 704 εῖρηταιν
803 670 833 695 τδ
849 669 878 695 δέ

76 723 106 748 γε
119 714 176 748 τῆς
189 714 317 749 κορυφῆς
331 714 430 748 πάχος,
442 714 504 740 ὅσον
523 714 556 741 ἂν
574 715 625 750 τῆς
635 717 688 750 γῆς
710 715 876 749 ὑπερκύψας

76 762 149 795 ἔχων
173 759 378 795 φανείη,τοῦτο
391 761 553 795 προσθήκης
577 760 693 795 ἄμοιρον
716 761 877 795 ἡστινοσοῦν

78 808 157 842 μένει
190 805 352 840 διατηρῶν*
392 805 439 832 καὶ
474 807 555 833 τοῦτο
577 806 605 833 δὲ
623 807 690 841 πρὸς
716 806 765 841 τὴν
787 808 875 834 πάνα-

76 859 142 885 γνον
158 850 259 877 τοῦτον
284 849 363 886 οἶμαι
385 853 566 886 σκιαγραφεῖν
576 851 664 885 λόγον.
692 852 725 878 Ἦ
739 852 876 887 Παρθένος
894 841 914 868 Β

77 897 204 932 προῆλθε
224 897 275 930 μὲν
290 897 339 932 τῆς
351 897 418 929 ιδίας
429 897 542 932 μητρὸς,
554 897 648 933 ὥςπερ
660 898 814 933 ἄνθρωπος,
834 899 878 925 καὶ

78 943 123 969 διὰ
137 943 222 968 τοῦτο
238 943 267 968 τὴ
275 943 390 976 ἀρχαῖον
409 943 506 977 πάχος,
523 942 594 976 λέγω
610 943 637 969 δὲ
650 942 698 978 τὴν
712 942 878 979 προγονικὴν

77 989 235 1024 ἁμαρτίαν,
247 989 308 1024 μεθ’
322 987 356 1025 ἦς
372 989 518 1024 ἐγεννήθη.
535 990 568 1024 ἦν
576 998 605 1016 τε
616 990 755 1022 ἀκουσίως
770 990 877 1026 εἴληφε,

78 1037 231 1071 διαφυγεῖν
247 1045 278 1062 τε
292 1036 394 1071 τρόπος
425 1033 460 1071 ἦν
486 1036 585 1069 οὐδεὶς,
610 1037 671 1063 οὐδὲ
698 1037 852 1072 ὑπερϐῆναι
868 1044 876 1053 ⁸

80 1084 147 1117 περὶ
163 1081 199 1117 ἦς
218 1082 295 1109 καὶὸ
320 1082 390 1113 θεῖος
418 1082 560 1116 φιλοσοφεῖ
578 1083 673 1115 Διιὸὶδ,
709 1084 760 1110 Ἐν
786 1083 879 1118 ἀμαρ-

79 1129 171 1161 τίαις,
188 1129 316 1163 φάσκων,
347 1128 498 1161 ἐκίσσησέ
520 1137 558 1164 με
570 1130 589 1163 ἠ
603 1129 703 1163 μήτηρ
722 1138 794 1164 μου.
807 1129 878 1156 Ταύ-

79 1181 130 1207 την
148 1173 224 1207 δῆτα
254 1174 303 1199 καὶ
326 1173 411 1208 μόνην
434 1171 502 1209 ἧκεν
519 1174 560 1205 εὶς
588 1174 645 1208 βίον
681 1175 813 1210 φέρουσα,
831 1176 878 1202 καὶ

80 1221 118 1253 τῷ
134 1220 214 1254 γένει
228 1219 360 1246 δεικνῦσα
375 1228 382 1235 ·
400 1221 558 1255 παχύτητος
573 1220 596 1247 δ’
608 1221 704 1255 ἑτέρας
721 1222 878 1248 οὑτινοσοῦν

80 1266 186 1300 δηλαδὴ
201 1266 293 1302 ῥύπου
319 1266 481 1292 ⁴ιιιινιτᾰιποισι
500 1266 658 1301 μεμένηκεν
679 1267 854 1299 ἁνεπίδεκτος
870 1275 876 1282 ’

81 1313 127 1338 ui.
143 1313 175 1338 οὐ
192 1311 275 1338 τοῦτο
293 1312 386 1347 μόνον,
403 1311 472 1338 ἀλλὰ
487 1313 533 1338 καὶ
564 1312 610 1338 τὸν
628 1312 757 1348 πατρῷον
772 1313 877 1340 ἐκεῖνον

81 1360 127 1384 καὶ
143 1359 270 1392 ὀλέθριον
285 1358 386 1392 ἑαυτῆς
401 1357 538 1393 ἀπέρριψε
569 1358 672 1394 κλῆρον
689 1366 696 1373 ·
724 1359 785 1386 καθ’
809 1359 823 1385 ὃ
846 1359 879 1394 δὴ

83 1406 129 1431 καὶ
146 1405 268 1440 ταυτησὶ
288 1405 463 1439 περιεγένετο
479 1404 528 1439 τῆς
544 1405 659 1437 εἰκόνος.
692 1406 722 1432 '0
744 1406 794 1440 μὲν
812 1398 879 1441 ’γὰρ

85 1451 175 1485 φοίνιξ
191 1450 254 1477 οὒτε
271 1450 286 1476 ὃ
318 1450 433 1484 κυηϐεὶς
462 1450 547 1482 ἔδειξε
576 1451 642 1486 περὶ
665 1451 715 1486 τὴν
743 1452 878 1487 κορυφὴν,

931 207 1043 234 modum
1067 209 1164 235 oculus
1180 209 1256 236 videt
1280 210 1392 244 quidem
1414 211 1542 245 visibilia,
1558 213 1628 240 nihil
1657 222 1723 242 vero

930 261 1037 284 eorum.
1047 262 1108 288 quae
1119 255 1259 287 videntur,
1271 256 1381 291 attingit
1393 257 1465 284 oculi
1478 266 1550 291 caro,
1567 266 1618 286 nec
1627 259 1724 295 hujus-

930 299 1003 326 nmdi
1022 300 1149 334 tangendi
1171 301 1336 328 necessitate
1361 302 1398 328 illi
1425 310 1494 336 opus
1511 309 1552 330 est
1575 304 1608 330 ad
1625 305 1722 332 viden-

930 344 994 370 dum
1017 345 1083 371 :sed
1101 345 1246 380 participat
1272 347 1382 381 quidem
1398 349 1471 376 visus
1501 350 1650 384 obiectum,
1667 360 1724 379 ma-

930 395 976 416 net
992 395 1083 417 autem
1108 392 1221 418 materia
1238 393 1313 420 visus
1341 394 1444 428 absque
1462 403 1495 422 eo
1515 396 1588 429 quod
1607 398 1724 432 attingat

930 445 974 463 res
1000 437 1143 470 visibiles;
1178 439 1276 465 eodem
1309 441 1391 466 modo
1421 441 1675 470 lmmaeulatissima
1696 449 1724 470 ct

932 483 1101 518 participans
1118 490 1145 511 et
1162 484 1280 511 immista
1293 494 1308 512 a
1325 487 1440 513 terrenis
1456 489 1593 515 manebat.

965 529 1048 556 Adest
1067 530 1162 564 palum,
1176 534 1202 557 et
1217 531 1268 557 alia
1285 532 1457 566 proprietas;
1475 538 1516 559 est
1529 539 1619 561 autem
1638 535 1697 563 luet:
1715 545 1721 562 :

929 575 1091 608 producitur
1107 576 1216 610 quidem
1236 578 1322 611 palilia
1336 578 1368 604 de
1388 583 1469 610 terra,
1490 581 1721 613 quemadmodum

930 626 956 647 et
972 621 1081 656 reliqua}
1096 622 1229 654 arbores;
1253 623 1352 650 crescit
1363 629 1454 651 autem
1472 633 1525 651 non
1554 625 1625 653 sicut
1649 627 1701 654 illi!)
1715 637 1721 660 ;

929 673 992 692 nam
1008 674 1099 694 ramos
1119 667 1230 701 quidem
1248 669 1282 695 ad
1300 677 1425 703 magnam
1451 671 1558 697 extollit
1575 672 1724 706 longitudi-

930 719 1004 742 ncm,
1043 717 1072 739 ut
1096 713 1200 739 dictum
1215 719 1268 745 est,
1294 715 1462 742 summitatis
1493 721 1585 743 autem
1613 719 1724 745 tramite

929 757 1093 790 crassitiem,
1115 766 1196 792 quam
1228 764 1293 786 tunc
1309 760 1403 792 habet,
1420 769 1482 787 Culll
1498 762 1531 788 de
1559 768 1631 790 terra
1664 772 1725 798 pro-

930 802 1012 829 ducta
1039 805 1209 838 apparuerit,
1255 805 1326 832 hanc
1363 812 1508 834 conservat
1535 809 1725 844 cujuscunque

929 849 1080 876 additionis
1093 857 1251 885 expertem;
1268 857 1296 878 et
1314 851 1366 879 hoc
1376 858 1468 879 autem
1481 854 1514 879 ad
1545 856 1722 889 purissimam

929 896 1000 924 hanc
1015 897 1108 930 habet,
1125 903 1155 925 ut
1179 898 1310 930 arbitror,
1343 900 1476 927 rationem
1490 900 1626 936 imaginis.
1654 902 1722 930 Nata

929 947 971 969 est
988 943 1100 976 quidem
1111 943 1194 978 Virgo
1219 950 1253 971 ex
1268 945 1380 978 propria
1406 949 1504 978 matre,
1532 945 1605 973 sicut
1623 948 1723 980 homo;

929 993 957 1015 et
970 989 1032 1016 ideo
1046 990 1186 1024 antiquam
1204 990 1371 1022 crassitiem,
1392 991 1455 1018 dico
1468 996 1560 1019 autem
1578 998 1723 1027 peceatum

929 1035 1071 1070 originale,
1087 1042 1218 1070 cumquo
1235 1040 1297 1062 nata
1315 1036 1376 1068 fuit,
1395 1041 1423 1063 et
1449 1037 1522 1071 quod
1540 1037 1628 1066 invito
1643 1046 1724 1066 acce—

928 1087 1017 1117 perat,
1032 1082 1108 1109 nullo
1124 1083 1206 1109 modo
1227 1086 1337 1116 poterat
1353 1085 1457 1110 evitare
1481 1092 1532 1111 nec
1547 1086 1699 1120 transgredi
1715 1095 1724 1114 :

929 1128 963 1155 de
979 1135 1032 1163 qua
1049 1132 1077 1155 et
1106 1128 1187 1156 divus
1210 1128 1294 1155 David
1319 1128 1524 1163 philosophavit
1548 1130 1666 1158 dicens:
1691 1133 1724 1159 In

929 1176 1042 1210 peccatis
1061 1176 1177 1210 concepit
1193 1184 1232 1202 me
1249 1180 1333 1202 mater
1344 1176 1443 1202 mea“.
1470 1175 1527 1204 Hoc
1538 1171 1625 1211 igitur
1635 1178 1724 1206 solum

930 1220 956 1247 in
967 1221 1037 1248 hanc
1053 1221 1135 1248 vitam
1147 1221 1221 1248 edita
1235 1221 1306 1253 tulit,
1318 1222 1467 1249 ostendens
1476 1222 1597 1250 humano
1607 1225 1702 1258 generi
1716 1234 1724 1250 :

929 1267 1043 1294 alterius
1074 1275 1140 1295 vero
1174 1267 1322 1298 crassitiei,
1361 1268 1552 1303 cujuscunque
1596 1270 1726 1298 videlicet

930 1313 1134 1348 inquinamenti
1161 1322 1275 1349 prorsus
1292 1314 1408 1348 incaan
1425 1315 1538 1341 mansit.
1556 1314 1611 1342 Nec
1635 1317 1724 1344 solum

931 1360 994 1392 hoc,
1008 1360 1055 1387 sed
1089 1360 1163 1387 illam
1185 1368 1295 1395 quoque
1321 1365 1463 1395 paternam
1480 1366 1508 1388 et
1538 1362 1724 1396 perniciosam

931 1411 1033 1433 sortem
1048 1406 1149 1441 abjceit
1169 1414 1184 1432 a
1199 1414 1238 1437 se,
1265 1406 1337 1433 sicut
1356 1406 1439 1432 etiam
1476 1407 1546 1434 hanc
1576 1407 1722 1443 imaginem

931 1453 1081 1486 superavit.
1098 1452 1164 1478 Nam
1183 1453 1272 1486 palma
1292 1459 1343 1479 nee
1362 1452 1448 1484 illam,
1461 1459 1556 1486 quam,
1571 1460 1633 1480 cum
1663 1460 1723 1481 orta

84 1497 244 1524 ἀποτίθεται
261 1497 360 1531 πάχος,
376 1496 437 1523 οὔτε
456 1495 543 1531 οὗπερ
558 1497 638 1532 ἔσχεν
653 1498 783 1533 ὲξαρχῆς,
801 1498 879 1524 ἔλατ-

934 1497 1028 1529 fuerit,
1061 1497 1225 1524 monstravit
1259 1497 1332 1524 circa
1372 1497 1571 1529 summitatem,
1614 1498 1727 1532 deponit

85 1552 130 1570 τον
158 1543 316 1578 πεποίηκεν
346 1542 532 1570 οὐδεπώποτε.
555 1543 586 1569 Ἦ
600 1543 628 1570 δὲ
659 1544 794 1578 μακαρία,
823 1541 880 1571 οἷον

84 1591 155 1625 ὑπὲρ
172 1590 266 1616 πᾶσαν
281 1598 312 1615 τε
330 1587 396 1616 οὖσα
415 1589 508 1616 εἰκόνα
539 1590 646 1625 ἀπείρῳ
675 1599 705 1616 τε
719 1591 759 1625 τῷ
776 1591 879 1626 μέτρῳ,

85 1637 129 1663 καὶ
146 1636 216 1663 αὐτὸ
228 1636 374 1670 ὑπερϐᾶσα
390 1636 419 1662 τὸ
437 1636 526 1670 γένος,
544 1637 662 1663 ἔσπευσε
680 1638 726 1664 καὶ
758 1638 788 1664 τὺ
803 1639 881 1673 ἀρχέ·

84 1692 163 1717 γονον
194 1683 295 1717 πάχος,
308 1676 379 1717 φημὶ
393 1682 421 1708 δὲ
437 1683 482 1709 τὸν
512 1683 618 1709 ἐκεῖνον
651 1683 796 1718 Ἀδαμαῖον
823 1685 880 1711 ὕλι-

86 1731 160 1762 οὓον,
181 1729 334 1757 ἁποῦαλεῖν
345 1737 375 1755 τε
391 1729 437 1755 καὶ
452 1729 584 1760 ἀποξὲοαι
603 1749 609 1761 ,
637 1730 683 1756 καὶ
715 1729 761 1756 τὸν
787 1730 880 1765 ἀνδρι-

86 1778 153 1804 άντα
173 1798 181 1810 ,
219 1777 266 1803 τὸν
298 1775 442 1810 ἄνθρωπον
487 1776 569 1810 λέγω,
606 1773 662 1802 οἷον
690 1776 881 1811 ὲχάλκευσενό

86 1822 271 1858 Δημιουργὸς,
298 1821 439 1847 στίλϐοντα
469 1822 516 1848 καὶ
559 1822 686 1857 λαμπρὸν
718 1823 878 1858 ἀποφῆναι·

87 1871 133 1896 καὶ
149 1870 179 1896 τὸ
191 1869 224 1904 δὴ
240 1869 338 1894 τούτου
354 1868 588 1904 παραδοξότερον,
607 1869 649 1895 ὅτι
665 1869 695 1895 οὐ
712 1870 815 1904 μικρὰν
840 1870 879 1896 εἴ-

86 1918 146 1943 λετο
164 1917 242 1951 σχεῖν
257 1915 406 1950 κάθαρσιν,
427 1915 475 1941 καὶ
492 1915 537 1941 οἵα
552 1915 586 1941 ἂν
598 1916 668 1950 αὐτῇ
693 1916 762 1951 μόνῃ
776 1917 880 1949 γένοιτο

87 1965 166 1998 ἱκανὴ
178 1970 186 1978 ·
205 1961 274 1988 ἀλλὰ
287 1960 409 1996 τοσούτῳ
425 1961 614 1996 καθαρότητος
645 1961 722 1996 βάθει
747 1971 880 1997 προσομι-

86 2011 169 2045 λῆσαι
188 2009 385 2044 διηγωνίσατο,
402 2008 457 2042 ὅσῳ
472 2009 519 2034 καὶ
535 2007 626 2040 ἄλλοις
652 2009 748 2043 ἐκχέαι
772 2008 882 2043 δεδύνη-

88 2066 140 2090 ται,
169 2056 258 2091 ῥύπον
273 2064 302 2081 τε
319 2054 476 2081 ἀποκλῦσαι
493 2054 528 2080 δι’
545 2055 629 2081 αὐτοῦ
650 2055 696 2080 τὸν
725 2055 881 2090 παχύτατόν

88 2112 114 2129 τε
126 2103 176 2129 καὶ
197 2101 383 2137 μιαρώτατον.

118 2149 190 2183 Πρὸς
200 2147 307 2178 τούτοις
323 2147 409 2173 δὲκαὶ
426 2148 440 2174 ὁ
462 2147 510 2174 τοῦ
538 2147 660 2181 φοίνικος
684 2147 800 2183 καρπὸς,
830 2147 881 2174 ὅσα

934 1542 1099 1574 erassitiem,
1115 1547 1143 1569 et
1158 1542 1242 1574 illam,
1258 1549 1339 1576 quam
1354 1543 1388 1569 ab
1413 1542 1495 1569 initio
1515 1542 1622 1573 habuit,
1638 1544 1726 1569 mino-

933 1597 990 1616 rem
1013 1589 1078 1616 l‘ecit
1111 1596 1231 1624 unquam
1261 1592 1312 1623 (se.
1343 1588 1502 1622 nunquam).
1525 1588 1608 1616 Beata
1633 1593 1725 1616 autem

932 1635 1015 1671 Virgo
1046 1636 1123 1670 quasi
1158 1643 1241 1670 supra
1270 1643 1379 1662 omnem
1410 1636 1546 1663 exsistens
1580 1636 1725 1670 imaginem

932 1682 1041 1709 inﬁnito
1054 1682 1197 1709 intervallo
1222 1682 1366 1716 ipsumque
1381 1689 1467 1716 genus
1497 1689 1642 1716 superans,
1662 1688 1726 1716 pro-

932 1728 1038 1763 peravit
1054 1727 1087 1754 ad
1106 1728 1179 1755 illam
1193 1728 1333 1762 antiquati)
1359 1727 1527 1759 crassitiem,
1546 1727 1654 1758 Adami,
1679 1727 1723 1753 in-

933 1782 1026 1809 quam,
1043 1774 1150 1808 lapsura
1173 1773 1367 1808 abjiciendum,
1387 1777 1573 1808 statuamque,
1583 1773 1722 1800 hominem

934 1821 1057 1855 inquatn,
1095 1827 1176 1854 queui
1200 1818 1297 1853 Opifex
1327 1819 1482 1850 fabricavit,
1498 1818 1670 1853 splendidam
1691 1826 1723 1845 ac

932 1867 1048 1894 nitidam
1071 1865 1290 1898 ostendendam;
1316 1865 1431 1900 etquod
1462 1865 1657 1892 admirabilius
1672 1870 1724 1897 est,

933 1914 1064 1948 quianon
1090 1920 1202 1947 parvatn
1233 1912 1321 1939 voluit
1347 1911 1450 1938 habere
1470 1911 1673 1945 purgationem,
1698 1915 1726 1937 et

933 1967 993 1994 quae
1007 1959 1057 1994 ipsi
1073 1959 1124 1986 soli
1140 1957 1292 1990 sufﬁceret;
1307 1957 1353 1984 sed
1367 1964 1429 1984 eum
1445 1961 1518 1984 tanta
1532 1956 1721 1990 profunditate

933 2006 1063 2040 puritatis
1088 2004 1247 2032 conversari
1267 2007 1364 2030 conata
1385 2007 1437 2035 est,
1464 2007 1495 2029 ut
1519 2001 1580 2029 aliis
1614 2009 1725 2036 quoque

933 2052 1076 2079 etl'nndere
1091 2051 1222 2086 potuerit,
1239 2050 1388 2084 sordesquc
1408 2056 1561 2083 expurgare
1573 2056 1621 2083 per
1639 2048 1724 2079 ipsam

934 2098 1119 2127 crassissimas
1135 2105 1167 2124 ac
1179 2096 1397 2124 scelestissimas.

969 2145 1010 2172 Ad
1029 2145 1087 2172 hmo
1102 2148 1193 2171 autem
1207 2142 1313 2170 fruetus
1326 2150 1435 2176 quoque
1459 2141 1546 2176 ipsius
1571 2141 1680 2176 palmae,
1694 2145 1726 2167 nt

89 2179 288 2229 ἐμὲ-νομίζειν,
302 2192 351 2218 τὸν
367 2194 459 2219 καινὸν
485 2179 631 2228 ζωγραφεῖ
656 2195 706 2228 τῆς
721 2179 882 2229 *παρῦενίας

934 2200 985 2227 ego
1000 2192 1130 2223 arbitror,
1143 2198 1244 2217 novum
1271 2189 1391 2224 Virginis
1415 2188 1517 2220 Filium
1525 2187 1634 2222 ﬁgurat.
1648 2186 1727 2214 Sicut

90 2242 162 2268 Υἰόν.
179 2240 315 2274 Καθάπερ
333 2239 387 2274 γὰρ
400 2241 414 2266 ὁ
444 2239 491 2266 τοῦ
506 2239 614 2275 δένδρου
642 2239 739 2266 τούτου
779 2240 885 2276 καρπός

91 2289 147 2313 ἐστι
163 2287 216 2319 μὲν
239 2288 291 2320 τήν
319 2294 349 2311 τε
379 2285 453 2321 ὤραν
475 2286 611 2321 λαμπρὸς,
643 2286 691 2313 καὶ
717 2286 767 2320 τὴν
790 2287 886 2321 γεῦσιν

90 2334 152 2369 ἡδὺς
168 2333 241 2368 ὑπὲρ
267 2333 332 2364 τοὺς
343 2333 465 2364 λοιποὺς,
481 2331 494 2358 ὃ
510 2332 539 2358 δὲ
551 2332 629 2359 ἔνδον
652 2332 797 2365 καλύπτει,
813 2332 885 2359 πάνυ

92 2381 196 2414 τέῳυκε
209 2379 274 2414 (sic)
292 2378 408 2414 στερρὸν
425 2380 473 2405 καὶ
491 2378 641 2414 συν-τριϐῆς
674 2379 770 2414 σχεδὸν
784 2378 888 2406 ἀνώτε-

93 2435 137 2462 ρον
149 2434 156 2441 ·
173 2425 248 2452 οὕτω
260 2425 293 2460 δὴ
310 2425 359 2452 καὶ
374 2426 388 2452 ὁ
405 2425 470 2460 tuo;
485 2425 617 2460 Χριστὸς,
631 2425 644 2450 ὁ
666 2425 718 2459 τῆς
744 2425 886 2460 Παρθένου

93 2473 209 2509 καρπὸς,
227 2472 259 2499 τὸ
274 2472 325 2507 μὲν
344 2472 486 2507 ὁρώμενον
500 2472 603 2506 γλυκὺς
632 2473 680 2498 καὶ.
709 2473 821 2507 ὡραῖος,
845 2471 884 2503 ὡς

92 2520 191 2554 ἥκιστά
207 2527 240 2553 γε
258 2518 313 2545 τῶν
337 2518 468 2545 ἁπάντων
493 2519 590 2550 οὐδεὶς,
624 2518 654 2544 τὸ
676 2517 706 2544 δὲ
735 2517 884 2553 νοοὺμενον

93 2566 203 2601 ἰπχυροῦ
222 2566 330 2597 παντὸς
344 2565 577 2600 ἐπικρατέστερος
609 2566 657 2590 καὶ
689 2565 883 2599 στερρότερος,

93 2616 134 2641 καὶ
170 2614 260 2649 αὐτὴν
293 2613 418 2639 πλουτῶν
454 2612 502 2647 τὴν
526 2611 672 2639 ἀπάθειαν.
707 2612 740 2638 Ὀ
756 2611 788 2646 δὴ
809 2610 855 2637 καὶ
871 2611 886 2637 ὁ

93 2662 235 2698 προφήτης
249 2660 333 2687 Δαὸὶδ
351 2659 547 2694 αἰνιττόμενος,
576 2656 665 2693 οἶμαι,
697 2658 816 2690 Δίκαιος
843 2657 884 2690 ὡς

91 2708 198 2742 φοίνιξ,
215 2705 304 2740 εἶπεν,
317 2705 456 2740 ἀνθήσει,
469 2705 571 2731 δίκαιον
589 2705 642 2739 μὲν
658 2704 707 2738 τὴν
744 2703 884 2738 Παρθένον

91 2755 231 2790 ὀνομάζων
246 2753 360 2788 ἐξόχως,
378 2752 458 2782 ἄνθος
479 2751 506 2777 δὲ
536 2751 581 2777 τὸν
598 2750 629 2782 ἐξ
645 2751 743 2786 αὐτῆς,
760 2751 789 2778 ὂν
801 2750 881 2786 ἔφην,

121 2852 140 2867 ²¹
154 2848 264 2882 Psal.L,
281 2847 309 2874 7.
348 2846 370 2860 "
387 2843 461 2872 Psal.
473 2850 524 2870 κει.
544 2842 585 2869 l5.

935 2239 1008 2267 enim
1025 2238 1141 2273 hujusce
1157 2236 1264 2263 arboris
1274 2233 1380 2262 fruetus
1400 2239 1441 2262 est
1469 2234 1582 2268 quidem
1600 2233 1724 2268 pulchri-

941 2285 1036 2312 tudine
1049 2282 1218 2318 splendidus,
1233 2286 1261 2309 et
1276 2287 1356 2316 gustu
1384 2279 1473 2307 dulcis
1485 2280 1548 2314 plus
1560 2286 1642 2314 quam
1657 2277 1703 2305 alii
1718 2286 1724 2304 :

934 2329 1009 2365 quod
1034 2332 1125 2356 autem
1150 2327 1225 2355 intus
1246 2325 1345 2361 operit,
1378 2325 1457 2352 valde
1486 2324 1604 2351 solidum
1629 2328 1682 2356 est,
1699 2327 1727 2349 et

936 2375 1015 2411 quasi
1027 2373 1202 2409 infrangibile
1218 2381 1224 2400 :
1238 2372 1277 2400 sic
1301 2371 1385 2398 etiam
1407 2378 1484 2397 meus
1501 2369 1639 2402 Christus,
1666 2369 1725 2396 Vir-

936 2422 1008 2457 ginis
1021 2421 1137 2454 l'ruetus,
1153 2423 1264 2454 aspectu
1276 2417 1386 2452 quidem
1411 2416 1500 2443 dulcis
1512 2420 1540 2443 et
1571 2415 1724 2450 speciosus,

938 2474 968 2497 ut
997 2476 1077 2496 nemo
1101 2466 1225 2495 omnium
1256 2465 1345 2497 alius;
1372 2463 1512 2490 intellectu
1542 2467 1634 2489 autem
1652 2461 1727 2488 omni

938 2515 1008 2543 forte
1020 2514 1135 2541 validior
1159 2521 1190 2540 ac
1207 2511 1322 2539 solidior
1352 2514 1404 2543 est,
1421 2513 1449 2536 et
1473 2509 1558 2543 ipsam
1584 2506 1728 2542 possidens

937 2560 1202 2596 impassibilitatem.
1237 2557 1315 2590 Quod
1339 2559 1394 2591 jam
1421 2559 1448 2582 et
1482 2553 1566 2581 David
1596 2551 1726 2596 propheta

932 2595 1064 2640 inniuens,
1083 2610 1113 2633 ut
1128 2613 1178 2640 ego
1190 2608 1267 2640 puto,
1281 2603 1382 2634 Justus,
1399 2600 1478 2632 dixit,
1495 2604 1621 2632 tanquam
1636 2595 1727 2630 palma

932 2655 1036 2691 ﬂorcbit
1046 2654 1080 2686 η,
1097 2653 1200 2688 justum
1214 2649 1322 2685 egregie
1335 2654 1435 2674 vocans
1445 2645 1585 2691 Virginem
1601 2651 1607 2668 :
1624 2641 1727 2691 .ﬂorcm

934 2687 1026 2730 autem
1044 2709 1077 2728 ex
1090 2700 1148 2734 ipsa
1163 2702 1270 2729 natum,
1290 2693 1396 2726 utdixi,
1418 2690 1608 2719 dulcissimum
1620 2687 1726 2718 Iesum,

934 2751 1005 2777 sicut
1024 2749 1106 2776 etiam
1126 2746 1256 2773 Salomon
1270 2743 1304 2770 de
1319 2742 1379 2776 ipso
1404 2739 1513 2766 Christo
1539 2736 1606 2767 qu,
1627 2734 1727 2769 inquit,
