1935 3071
114 110 170 140 165
360 110 508 139 ΝΙΟΕΤᾸΕ
530 109 733 138 ΜΑΒΟΝΕΕ.
755 121 784 127 σ-
813 110 860 138 DE
880 109 1140 139 ΡΚΟΕΕπδιυΝΕ
1159 113 1339 141 δΡιιίιΤυδ
1360 115 1504 141 δΑΜΣΙΙ.
1686 113 1736 143 ιεϐ

444 202 771 209 -σ--ι-
779 204 784 208 η
792 203 1366 218 --υκ--οψ--Ν
1373 207 1726 224 _._—-———.—.-q._—_‘»_‘

219 205 980 218 ==______.___.._

758 298 846 320 ANNO
869 299 983 320 BOMINI
1005 299 1086 320 MCC].

389 369 847 490 NICETAS
910 398 1471 490 MABONM:

312 567 1007 613 THESSALONICENSIS
1043 568 1565 616 METROPOLITA.

615 740 668 770 DE
686 740 832 770 NICETA
853 740 1025 776 EJUSQUE
1043 741 1231 771 DlALOGlS

221 829 650 885 MONITUM
690 829 762 884 δ’.
805 828 1614 902 HEBGENRGTHER,

339 941 453 962 THEOL.
473 940 506 961 IN
527 939 785 962 WIRCEBURGENSI
806 939 1005 963 LITTERARUM
1025 940 1255 964 UNIYERSITATE
1275 943 1494 965 PROFESSORIS.

152 1093 177 1123 Ι.
194 1093 320 1124 Nicetas
341 1092 415 1127 iste,
431 1090 474 1121 ait
491 1090 690 1121 doctissimus
710 1092 750 1121 Le
773 1090 871 1126 Quien
904 1090 1053 1128 (Orientis
1075 1089 1249 1120 Christiani
1282 1091 1367 1120 tomo
1383 1090 1420 1127 II,
1441 1100 1472 1130 p.
1490 1090 1552 1129 47),
1566 1090 1646 1121 alius
1660 1099 1728 1122 om-

109 1141 193 1172 nino
211 1149 275 1171 non
292 1144 337 1170 est
351 1148 368 1170 a
384 1140 489 1169 Niceta
508 1138 755 1177 Cliartophylace
772 1142 802 1168 et
818 1140 974 1168 Maroneae
990 1137 1217 1176 cpiscopo,qui
1233 1137 1270 1166 ad
1286 1136 1598 1168 Thessalonicensem
1617 1139 1725 1169 sedem

108 1194 284 1230 provectus
299 1189 368 1219 fuit.
387 1188 483 1218 Latini
500 1187 654 1226 dogmatis
670 1186 708 1217 de
723 1186 856 1226 Spiritus
872 1185 971 1215 sancti
993 1194 1031 1215 ex
1045 1185 1121 1214 Filio
1137 1192 1266 1223 quoque
1285 1185 1489 1223 processione
1504 1189 1641 1215 assertor
1655 1187 1726 1224 qui-

108 1237 184 1267 dem
201 1237 273 1273 fuit,
287 1237 435 1266 insertam
451 1243 524 1265 vero
550 1234 698 1273 Symbolo
713 1241 821 1264 vocem
840 1233 978 1272 Filioque
1000 1241 1060 1262 non
1087 1232 1251 1272 probabat.
1281 1229 1425 1262 Manuele
1446 1234 1609 1266 Comneno
1626 1233 1726 1272 impe-

108 1290 218 1315 l'ﬂIOl‘e
234 1285 377 1322 dialogos
393 1292 467 1314 suos
478 1291 547 1313 cum
564 1290 601 1312 eo
618 1282 726 1312 habuit
741 1282 832 1320 Hugo
849 1281 1041 1311 EtherLanus.
1065 1280 1175 1310 Multas
1200 1279 1350 1309 librorum
1371 1280 1437 1318 ejus
1459 1280 1585 1311 lacinias
1611 1282 1725 1319 passim

108 1333 177 1362 suis
193 1332 223 1362 in
239 1332 448 1364 voluminibus
467 1331 559 1360 variis
575 1330 737 1368 exscripsit
753 1329 891 1359 Allatius.‘
914 1329 948 1357 In
970 1327 1159 1358 bibliotheca
1178 1328 1252 1358 Mss.
1272 1327 1388 1365 Anglia:
1413 1328 1494 1357 inter
1512 1328 1639 1358 Joannis
1657 1329 1725 1359 Sel-

108 1380 186 1409 deni
204 1380 330 1410 codices
347 1379 443 1409 classe
462 1379 500 1412 Il,
518 1386 548 1408 n.
562 1378 578 1407 2
594 1377 726 1407 habetur
745 1376 897 1414 Prologus
911 1375 946 1405 de
957 1376 1210 1414 peregrinatione
1235 1378 1263 1404 et
1287 1375 1364 1404 acti:
1386 1376 1418 1405 S.
1434 1376 1566 1405 Joannis
1587 1375 1727 1415 Evange-

108 1427 192 1457 Iistce
210 1437 249 1457 ex
265 1436 316 1457 ore
338 1426 452 1457 Νἱεειω
470 1424 759 1456 Thessalonicensis.
774 1423 807 1454 In
823 1424 895 1453 Jute
907 1423 1175 1454 Graico-ltomano
1192 1427 1320 1462 regesta:
1347 1423 1452 1462 jacent
1467 1423 1725 1461 interrogationes

131 1475 312 1505 iversorum
343 1474 562 1513 episcOpm'um
592 1473 630 1503 ad
664 1471 697 1501 D.
722 1472 859 1501 Nicetam
882 1470 1177 1510 Charmphylacem,
1194 1471 1247 1513 qui
1271 1469 1528 1510 archiepiscopus
1551 1472 1649 1502 tactus
1675 1475 1725 1503 est

109 1522 300 1560 metropolis
314 1521 555 1552 Thessalonicae.
572 1521 644 1551 Haec
660 1520 699 1550 de
715 1520 820 1550 Niceta
839 1523 946 1549 nostro
962 1519 1162 1558 Lequienius.

153 1580 190 1609 ll.
209 1580 306 1609 Porro
322 1579 444 1609 Nice‘as
467 1582 587 1616 noster,
605 1587 698 1618 quem
719 1579 818 1617 patria
852 1576 1062 1615 Mitylenaaum
1095 1577 1191 1607 fuisse
1208 1576 1333 1607 tradunt
1360 1575 1515 1613 nonnulli,
1545 1577 1600 1616 qui
1620 1582 1723 1609 tamen

109 1627 181 1657 aliis
193 1636 265 1657 eum
280 1636 350 1657 cum
366 1627 464 1658 altero
477 1627 549 1657 Nice
565 1636 580 1657 a
596 1626 760 1666 posteriori
775 1625 841 1664 ejus
852 1625 883 1655 in
895 1623 1166 1654 Thessalonicensi
1180 1625 1255 1654 sede
1270 1632 1450 1654 successore
1467 1624 1547 1662 (vide
1561 1626 1602 1655 Le
1624 1626 1722 1661 Quieti

112 1674 134 1704 l.
151 1683 178 1705 c.
196 1683 227 1713 p.
246 1675 292 1712 5'2)
310 1674 489 1705 confudisse
509 1675 662 1709 videntur,
693 1674 807 1704 smculo
822 1672 967 1703 Ecclesiaa
981 1672 1166 1702 duodecimo
1186 1672 1290 1702 ﬂoruit
1304 1675 1334 1701 et
1353 1672 1434 1702 inter
1450 1673 1508 1702 alia
1526 1681 1580 1703 sex
1596 1674 1634 1703 de
1648 1682 1725 1712 pro-

115 1722 260 1752 cessione
277 1722 409 1761 Spiritus
423 1722 519 1753 sancti
543 1723 682 1760 dialogos
698 1722 896 1760 composuit,
931 1722 961 1749 et
994 1720 1119 1758 quidem
1157 1724 1242 1750 certo
1278 1724 1347 1749 ante
1393 1729 1508 1750 annum
1550 1719 1634 1757 1201,
1659 1729 1726 1760 quo

114 1769 275 1800 Fabricius
291 1769 451 1808 (Bibliolh.
471 1770 525 1800 Gr.
541 1770 601 1800 vol.
616 1770 665 1806 Vl,
680 1779 708 1808 p.
722 1769 778 1799 434
793 1769 842 1799 ed.
855 1771 936 1804 vet.;
954 1768 1015 1797 vol.
1027 1767 1092 1803 VII,
1110 1776 1140 1806 p.
1157 1767 1212 1796 755
1233 1767 1282 1797 ed.
1298 1767 1488 1805 Harles.)cos
1508 1771 1649 1798 exaratos
1662 1778 1723 1808 pu-

114 1815 212 1845 tabat.
230 1816 286 1851 Qui
305 1816 387 1845 enim
405 1815 469 1846 ﬁeri
486 1819 617 1854 poterat,
630 1820 663 1846 ut
677 1817 768 1853 Hugo
785 1815 967 1846 Etherianus
983 1815 1069 1845 libris
1092 1815 1157 1845 suis
1180 1816 1353 1846 Alexandro
1376 1815 1417 1846 IlI
1440 1825 1562 1846 summo
1583 1818 1723 1855 pontiﬁci

114 1862 266 1893 dedicatis
281 1863 397 1893 Nicetes
412 1864 503 1893 verba
516 1863 553 1893 ad
564 1863 712 1892 amussim
735 1863 846 1892 nostris
870 1863 1000 1901 dialogis
1022 1871 1161 1894 consona
1187 1863 1351 1902 proferret,
1369 1863 1394 1893 si
1415 1863 1530 1902 dialogi
1554 1864 1613 1903 ipsi
1630 1864 1723 1903 longe

117 1915 225 1948 postea
243 1912 357 1941 exarati
374 1909 529 1941 fuissent?
545 1911 608 1940 Hos
628 1915 730 1940 autem
751 1910 891 1947 dialogos
918 1910 1020 1940 laudat
1044 1909 1240 1949 Nicephorus
1262 1910 1432 1940 Blemmida
1446 1934 1453 1947 ,
1481 1911 1533 1949 qui
1561 1916 1722 1942 auctorem

113 1961 203 1987 vocat
221 1958 318 1988 virum
334 1958 518 1988 eximiumet
537 1960 730 1997 praestantem
748 1958 837 1996 (Orat.
861 1958 884 1993 Ι,
907 1967 940 1988 n.
963 1959 979 1988 6
1006 1959 1104 1989 Graec.
1132 1958 1255 1988 orthod.
1282 1962 1303 1989 t.
1331 1960 1359 1994 Ι,
1384 1968 1415 1998 p.
1437 1959 1478 1997 6),
1497 1960 1632 1989 Joannes
1648 1968 1722 1990 vero

111 2005 242 2041 Beccus,
258 2014 328 2035 cum
347 2005 377 2034 in
394 2005 476 2035 hunc
492 2005 603 2035 librum
617 2005 777 2036 incidisset
792 2014 926 2045 eumque
945 2006 1081 2044 legisset,
1096 2015 1168 2036 mox
1184 2007 1301 2049 ejurato
1317 2006 1481 2036 schismate
1502 2006 1672 2036 Romanam
1684 2007 1722 2037 ﬁ-

112 2054 184 2083 dem
203 2057 368 2092 partesque
382 2053 543 2092 amplexus
565 2057 628 2088 est,
644 2057 678 2083 ut
693 2056 830 2083 'testatur
852 2054 1076 2093 Pachymeres,
1099 2055 1151 2092 qui
1177 2054 1306 2093 insuper
1327 2053 1464 2083 Niceten”.
1491 2056 1630 2083 nostrum
1654 2062 1721 2084 aevo

111 2109 170 2131 suo
193 2101 225 2130 in
242 2106 355 2138 magno
382 2101 481 2139 pretio
495 2101 592 2130 fuisse
608 2104 637 2130 et
653 2101 682 2130 in
699 2101 815 2140 majore
832 2102 964 2132 ecclesia
980 2101 1257 2140 Chartophylacem
1275 2101 1401 2131 narrat?
1420 2101 1514 2139 (Hist.
1545 2100 1565 2129 l.
1583 2109 1625 2137 γι,
1647 2110 1674 2131 c.
1691 2101 1720 2137 6,

113 2148 170 2183 23;
191 2147 213 2177 l.
245 2156 296 2184 vu,
310 2157 336 2178 c.
354 2148 396 2187 9.)
412 2149 522 2179 Postea
537 2148 568 2178 in
582 2148 706 2187 scriptis
719 2149 782 2179 suis
800 2149 938 2188 ejusdem
955 2150 1060 2189 operis
1075 2150 1266 2180 mentionem
1280 2149 1354 2179 fecit
1369 2150 1450 2179 idem
1466 2149 1650 2186 patriarcha,
1669 2150 1722 2187 qui

110 2205 157 2226 or.
181 2196 210 2225 II
234 2195 269 2224 de
301 2196 416 2236 injusta
445 2196 635 2234 depositione
664 2205 695 2226 n.
716 2195 732 2225 5
751 2195 819 2235 (Gr.
836 2197 918 2229 orth.
940 2198 978 2232 ll,
996 2206 1027 2237 p.
1058 2197 1105 2235 44)
1129 2197 1190 2227 ait:
1209 2209 1222 2224 ς(
1249 2197 1370 2227 Nicetas
1387 2204 1525 2235 quoque,
1544 2205 1598 2226 sua
1633 2201 1722 2226 Irtan

113 2243 323 2274 archieratica
335 2243 621 2274 Thessalonicensis
640 2244 851 2282 metropoleos
867 2250 978 2276 tenens
1005 2244 1225 2283 gubernacula,
1241 2244 1431 2283 cclloquium
1439 2245 1545 2274 Graeci
1562 2244 1722 2283 Latinique

111 2291 333 2327 concinnavit,
350 2293 380 2321 et
399 2291 539 2329 potiores
561 2295 665 2330 partes
688 2292 796 2322 Latino
814 2293 966 2330 attribuit,
985 2296 1057 2332 apte
1080 2292 1312 2331 quodammodo
1340 2293 1480 2322 Greecum
1506 2293 1665 2322 adducens
1683 2294 1721 2322 ad

111 2339 266 2368 unionem
283 2338 423 2368 hilariter
435 2339 676 2377 suscipiendam.
689 2340 782 2369 Erant
799 2340 971 2378 siquidem.
990 2344 1077 2370 erant
1093 2344 1122 2370 et
1134 2348 1204 2369 vere
1220 2340 1305 2378 iique
1321 2348 1412 2378 quam
1429 2339 1555 2378 plurimi
1570 2345 1640 2370 ante
1653 2348 1720 2374 nos,

111 2388 166 2426 qui
185 2386 266 2416 hanc
282 2387 433 2416 unionem
456 2385 733 2425 amplectebantur.
748 2388 802 2418 sed
824 2388 868 2418 illi
890 2396 1001 2418 manus
1014 2396 1173 2427 apponere.
1188 2396 1251 2418 non
1261 2387 1417 2418 audebant
1435 2388 1475 2418 ob
1497 2396 1532 2418 ea
1552 2388 1631 2426 ipsa.
1652 2395 1722 2426 qua;

111 2443 182 2471 nos,
199 2435 255 2473 qui
270 2442 379 2464 manus
404 2434 617 2473 apposuimus,
643 2442 790 2473 perpessa
818 2444 939 2465 sumus.
954 2447 968 2463 π
986 2436 1050 2466 Eos
1063 2436 1149 2474 ipsos
1171 2434 1311 2473 dialogos
1331 2438 1361 2465 et
1383 2435 1613 2465 Constantinum
1639 2434 1723 2464 Meli-

110 2483 264 2513 teniotam
284 2481 455 2520 respexisse
467 2481 662 2517 crediderim,
678 2483 752 2512 dum
761 2483 978 2514 animadvertit
989 2484 1050 2522 (Or.
1067 2483 1096 2513 ll
1115 2483 1157 2512 De
1171 2491 1260 2521 proc.
1276 2483 1331 2521 Sp.
1344 2483 1378 2513 S.
1395 2491 1423 2513 c.
1440 2482 1469 2519 4;
1483 2483 1537 2513 Gr.
1552 2482 1633 2512 orth.
1646 2486 1668 2511 t.
1681 2483 1725 2518 ll,

111 2540 144 2570 p.
158 2530 242 2567 912),
260 2530 350 2559 etiam
368 2532 439 2568 post
451 2528 587 2559 schisma
604 2529 710 2568 plures
721 2530 844 2560 Graecos
859 2531 1039 2570 Latinorum
1060 2531 1197 2569 dogmati
1212 2531 1244 2560 in
1263 2531 1387 2569 scriptis
1402 2531 1465 2561 suis
1481 2539 1547 2561 esse
1570 2530 1726 2567 suifraga-

111 2583 176 2612 tos,
195 2577 275 2607 alios
290 2581 407 2615 aperte,
422 2576 499 2606 alios
514 2584 586 2606 vero
605 2576 807 2613 subobscure,
823 2586 950 2617 semper
960 2587 994 2609 se
1010 2579 1142 2617 tempori
1158 2586 1214 2616 pro
1228 2578 1362 2609 humana
1377 2578 1538 2617 fragilitate
1551 2584 1728 2608 accommow

111 2627 224 2657 dantes
237 2629 268 2655 et
285 2625 342 2655 sub
355 2625 459 2664 specie
474 2624 586 2663 dialogi
601 2625 765 2664 perspicue
781 2626 944 2657 veritatem
960 2626 1156 2656 enuntiantes

150 2685 204 2717 III.
223 2684 304 2715 Hinc
321 2693 414 2715 nemo
437 2684 591 2715 morosius
606 2686 785 2723 contendet,
800 2687 941 2717 Nicetam
959 2689 1097 2716 nostrum
1115 2692 1178 2715 non
1194 2683 1290 2714 fuisse
1302 2683 1427 2714 Graeciaa
1439 2678 1619 2713 orthoddxre
1632 2681 1725 2712 theo-

110 2733 193 2772 logis
210 2732 406 2763 sociandum.
423 2732 527 2768 Quoad
540 2732 650 2771 dogma
666 2733 766 2773 ipsum
784 2742 854 2764 cum
875 2734 992 2765 Latinis
1011 2732 1180 2764 concordat
1204 2734 1233 2761 et
1258 2739 1320 2761 non
1342 2731 1513 2768 incongrue
1539 2729 1723 2760 earumdem

110 2781 252 2812 rationes
277 2781 426 2814 exponit;
449 2780 549 2810 solum
574 2789 701 2823 suorum
725 2781 837 2812 civium
862 2785 969 2818 metu,
998 2788 1077 2819 quos
1096 2779 1231 2810 suaviter
1251 2778 1376 2809 allicere
1400 2776 1587 2813 conabatur,
1611 2777 1727 2815 praeiu-
