1935 3071
181 105 229 135 157
817 106 964 135 NICET/E
985 107 1178 136 MAltONE/E
1754 106 1805 138 168

181 161 270 191 tiieiis
285 169 319 190 ea
339 161 368 190 in
389 162 477 199 parte
496 159 657 198 indulget,
680 169 741 199 qua
765 161 957 190 additionem
980 161 1125 199 reprobat
1147 162 1178 190 in
1202 160 1351 198 Syiubolo
1374 160 1495 202 factam.
1525 160 1717 192 Int‘irmiores
1752 162 1803 191 lli"

183 210 248 248 ejus
267 212 341 238 sunt
358 208 507 243 rationes,
529 216 622 246 quam
639 210 672 237 ut
696 208 884 238 refutatione
909 208 1042 246 longiori
1061 208 1163 246 dignae
1186 208 1366 243 videantur;
1389 208 1453 246 jam
1471 216 1542 237 eum
1561 208 1634 238 inde
1656 209 1804 247 carpebat

183 257 348 287 Bessarion
367 256 509 286 scribens
527 255 620 294 (apud
639 255 729 286 Allat.
748 256 790 285 De
813 265 942 285 consens

1040 257 1076 291 Il,
1093 265 1121 286 C.
1139 255 1188 291 28,
1206 265 1237 285 n.
1255 255 1282 294 5)
1302 264 1308 285 :
1326 256 1422 282 Καίτοι
1434 257 1447 281 ὁ
1460 255 1660 290 Θεσσαλονίκης
1677 254 1755 287 dine;
1766 256 1804 291 τῷ

182 306 305 333 Λατὶνων
318 305 479 339 προσέκειτο
508 304 623 338 δόγματι
634 312 640 318 ·
658 304 689 330 τὸ
717 303 771 338 γὰρ
808 304 996 338 συμπέρασμα
1007 303 1105 338 ἀληθὲς
1118 301 1187 329 εἶναι
1198 302 1326 334 ἐδίδαξεν,
1338 303 1456 337 ἐμάχετο
1473 303 1511 333 δὲ,
1530 302 1611 329 τοῦτο
1637 303 1669 338 δὴ
1682 304 1801 337 λεγόμε-

183 359 238 381 νον,
255 350 325 383 ὑπὲρ
340 348 400 374 bvou
418 349 509 379 σκιᾶς,
529 346 565 381 μὴ
591 348 646 372 δεῖν
670 348 740 382 μηδὲ
755 347 860 382 τάληθῆ
881 347 918 381 τῷ
934 347 947 372 Ξ

1040 357 1066 382 ,ῳ
1078 347 1249 382 προσθεῖναι.
1270 347 1297 385 (α
1316 348 1499 386 Quanquam
1514 347 1804 379 Thessalonicensis

182 397 240 427 iste
255 396 437 426 Latinorum
454 395 592 431 dogmati
607 394 755 431 adhaesit,
774 395 1014 427 conclusionem
1031 397 1114 427 enim
1127 404 1229 426 veram
1250 403 1318 426 esse
1335 395 1480 430 docebat,
1493 396 1707 426 contendebat
1718 405 1803 432 vero,

189 449 223 474 ut
238 445 269 474 in
286 444 454 483 proverbio
474 446 531 478 est,
549 443 587 472 de
602 443 679 473 asini
703 443 826 480 umbra,
843 452 985 474 asserens
1010 453 1114 483 neque
1130 452 1202 474 vera
1228 451 1296 473 esse
1324 442 1474 480 Symbolv)
1496 443 1652 474 addenda.
1671 445 1698 481 ti)
1731 444 1805 479 Quae

182 494 274 525 verba
307 493 421 533 repetit
452 492 582 523 Allatius
612 493 742 532 (Contra
762 494 912 533 IIotting.

1041 493 1065 528 ὃ,
1091 492 1159 528 467)
1191 500 1252 522 una
1275 499 1347 521 cum
1369 490 1430 520 illis
1451 500 1461 519 :
1487 492 1605 526 Πρᾶγμα
1623 491 1744 526 μεγάλη;
1761 492 1805 517 εὐ-

182 542 295 573 λχὸείας
307 550 336 568 τε
350 541 399 567 καὶ
415 541 522 574 σοφίας,
533 541 627 574 ὅμοιον
644 541 670 566 εἴ
689 549 731 572 τις
748 540 824 574 ἔλεγε
839 541 876 576 μὴ
899 542 953 568 δεῖν
983 539 1222 575 παρῤησιάζεσθαι
1236 539 1286 572 τὴν
1311 538 1454 573 ἀλήθειαν,
1478 550 1491 566 α
1503 539 1580 567 Rem
1595 544 1716 574 magnas
1731 544 1806 575 pro-

184 590 267 620 fecto
283 589 464 620 devotionis
479 592 509 618 et
525 587 706 627 sapientiae!
727 590 768 619 Ac
794 589 820 619 si
846 582 980 625 diceret,
1007 597 1071 618 non
1099 592 1246 626 oportere
1262 588 1423 618 veritatem
1445 586 1571 626 publice
1593 583 1769 625 praedicari.
1789 594 1803 610 »

183 639 304 670 inficias
319 643 424 669 tamen
438 639 485 669 ire
508 647 572 668 non
594 647 774 677 possumus,
799 639 880 669 hanc
899 639 1143 678 disputationem
1158 639 1274 670 Graecis
1289 638 1457 669 lectoribus
1471 637 1605 668 maxime
1623 643 1804 666 accommo-

185 689 289 717 datam
308 687 417 724 reique
429 686 487 726 ipsi
506 686 614 716 utilem
631 686 799 716 admodum
815 686 922 717 fuisse.
933 688 1017 727 Opus
1032 691 1136 729 ipsum
1153 690 1264 720 merito
1278 698 1296 720 a
1309 689 1391 719 Maio
1407 691 1533 719 vocatur
1557 695 1638 726 opus
1655 686 1805 725 spissum,

182 737 304 776 ingenii
320 736 478 772 acumine,
495 736 662 766 verborum
679 737 783 775 copia,
801 745 865 767 non
891 737 959 768 sine
983 740 1145 768 venustate
1172 737 1366 774 redundans,
1393 737 1425 767 in
1450 744 1514 775 quo
1533 735 1707 773 dogmatica
1736 733 1805 764 haec

184 785 398 817 controversia
412 785 542 815 summis
559 785 676 815 viribus
689 785 845 816 evolvitur
859 795 894 817 ac
911 787 1164 827 ventilatur,qua3
1176 788 1377 818 (ecumenicis
1393 787 1519 817 domum
1532 786 1665 816 decretis
1680 784 1805 815 deﬁnita

183 836 254 867 fuit.

222 896 274 925 1V.
294 895 375 925 Nihil
398 898 550 934 praeterea
569 902 639 933 quae
655 894 785 926 Allatius
803 896 933 935 (Contra
957 897 1101 936 IIotting.
1119 907 1150 936 p.
1178 898 1232 928 467
1249 896 1328 937 seq.)
1346 905 1383 927 ex
1405 896 1529 934 dialoc'o
1545 888 1804 932 scxtolallegavc-

184 948 229 974 rat
247 952 348 983 eaque
363 952 434 983 quae
452 952 489 974 ex
508 943 686 982 Nicephoro
711 944 883 976 Blemmida
901 945 968 982 (Gr.
986 945 1066 976 orth.
1092 946 1116 982 l,
1138 955 1169 985 p.
1188 945 1204 975 6
1232 945 1312 984 seq.)
1341 945 1481 980 dederat,
1506 943 1664 981 vulgatum
1691 941 1806 972 exinde

184 995 248 1028 est;
265 991 304 1021 de
321 995 449 1021 auctore
464 991 534 1029 ipso
545 991 671 1021 Allatius
682 992 774 1022 etiam
785 993 918 1023 Diatriba
927 993 966 1023 de
975 995 1090 1025 Nicetis
1103 994 1234 1033 ξι(ΜᾶῘὶ
1245 994 1323 1024 Νου.
1345 993 1420 1024 bibl.
1439 993 1501 1023 PP.
1513 996 1535 1023 t.
1552 992 1604 1027 VI,
1621 1000 1652 1030 p.
1667 1000 1701 1027 ιι,
1719 999 1750 1029 p.
1770 988 1805 1018 12

183 1042 264 1080 seq.)
281 1041 326 1070 De
342 1049 481 1070 consens.
498 1040 587 1071 Eccl.
605 1041 711 1071 Occid.
736 1047 763 1071 ει
788 1043 907 1073 Orient.
932 1044 952 1072 l.
965 1043 1005 1078 ll,
1024 1052 1052 1073 a.
1070 1041 1115 1077 13,
1130 1051 1160 1072 n.
1182 1042 1210 1079 5,
1224 1051 1255 1081 p.
1277 1042 1334 1071 705
1347 1065 1354 1078 ,
1371 1042 1411 1071 De
1440 1041 1555 1070 Rubeis
1570 1039 1601 1069 in
1620 1039 1746 1068 Dissert.
1767 1037 1806 1066 de

183 1089 431 1128 Theophylacto,
469 1091 482 1126 §
505 1088 552 1124 19,
581 1098 614 1120 ιι.
630 1090 666 1119 77
687 1090 778 1130 (Opp.
803 1091 1028 1131 Tlicophylaeti
1053 1091 1103 1122 ed.
1132 1092 1242 1121 Venet.
1262 1090 1348 1127 1754,
1371 1095 1392 1121 ι.
1414 1092 1437 1123 1,
1467 1100 1499 1130 p.
1524 1089 1573 1128 46)
1595 1093 1624 1119 et
1645 1089 1684 1118 Le
1708 1087 1807 1124 Quien

185 1137 321 1173 (Dissert.
350 1138 364 1167 Ι
390 1137 422 1167 ιιι
447 1145 524 1176 opp.
551 1138 641 1167 Joan.
672 1138 810 1169 Damase.
838 1139 921 1176 §li3,
950 1150 980 1179 p.
1014 1139 1064 1175 24,
1096 1139 1251 1178 Panoplia
1279 1140 1427 1169 adversus
1458 1138 1590 1167 sehisma
1617 1138 1804 1169 Graecorum,

185 1196 217 1226 p.
233 1186 289 1216 323
304 1185 384 1225 seq.)
404 1189 626 1216 tractaverunt.
645 1186 774 1216 Demum
796 1187 862 1217 Em.
878 1187 974 1218 Maius
988 1187 1154 1226 Prologum
1167 1187 1264 1218 edidit
1276 1196 1336 1217 una
1353 1196 1423 1218 cum
1439 1187 1581 1217 versione
1596 1185 1702 1216 Latina
1714 1183 1805 1222 (Nov.

184 1236 266 1266 Bibl.
279 1237 356 1272 PP.,
368 1240 389 1265 t.
405 1236 458 1273 Vl,
476 1245 507 1275 p.
526 1244 559 1273 II,
578 1245 609 1275 p.
627 1235 694 1273 445,
711 1236 793 1275 446).
813 1238 874 1268 Nos
892 1238 948 1268 hos
962 1236 1103 1274 dialogos
1119 1236 1253 1266 vidimus
1265 1239 1330 1265 tum
1349 1235 1514 1265 Florentiae
1529 1234 1560 1264 in
1577 1234 1647 1264 cod.
1667 1235 1805 1263 Lauren-

185 1285 271 1314 tiano
288 1292 412 1320 xxxvn,
425 1285 490 1319 n.2,
504 1284 582 1322 plut.
598 1292 678 1314 xxxi
690 1284 771 1322 (vide
785 1285 930 1315 Bandinii
949 1286 1045 1316 Catal.
1059 1290 1081 1316 t.
1095 1287 1133 1323 ll,
1145 1296 1177 1326 p.
1191 1286 1258 1326 114)
1270 1291 1334 1317 tum
1350 1287 1460 1316 Roma:
1474 1286 1506 1316 in
1518 1286 1589 1316 cod.
1604 1285 1701 1315 Vatic.
1718 1282 1803 1318 1115,

185 1336 241 1365 ubi
262 1335 284 1365 f.
302 1335 337 1364 58
354 1343 382 1364 v.
402 1337 474 1373 post
491 1334 634 1373 dialogos
656 1334 806 1374 prologus
832 1345 847 1365 a
871 1336 951 1366 Maio
975 1326 1077 1366 editus
1099 1335 1265 1374 reperitur,
1287 1335 1341 1373 qui
1364 1334 1395 1364 in
1418 1334 1625 1364 Laurentiano
1639 1336 1711 1363 ante
1735 1331 1803 1362 dia-

187 1383 293 1421 logum
311 1383 322 1411 1
338 1382 459 1420 positus
475 1385 533 1412 est.
551 1381 611 1412 Sed
628 1385 775 1412 neutrum
801 1383 961 1422 exemplar
986 1383 1144 1423 integrum
1169 1384 1348 1414 describere
1373 1384 1534 1423 potuimus
1559 1382 1627 1414 aliis
1655 1381 1804 1421 operibus

186 1429 302 1459 intenti
320 1433 350 1459 et
367 1429 517 1468 temporis
530 1429 684 1460 brevitate
704 1431 890 1470 praepediti;
908 1432 1082 1471 fragmenta
1100 1436 1203 1462 tamen
1219 1432 1292 1462 inde
1309 1432 1396 1471 plura
1416 1431 1600 1469 collegimus
1619 1439 1656 1461 ex
1681 1429 1806 1460 schedis

188 1477 283 1508 amici
300 1477 463 1516 cujusdam
485 1478 595 1507 Romae
609 1477 752 1516 degentis
765 1477 968 1518 locupletata,
989 1490 1071 1520 qum,
1089 1482 1208 1512 etiamsi
1224 1490 1264 1512 ne
1283 1482 1406 1512 tertiam
1427 1481 1553 1520 quidem
1571 1479 1683 1520 prolixi
1699 1479 1804 1519 operis

187 1529 308 1564 partem
328 1524 494 1560 exhibent,
520 1525 644 1555 erudito
669 1529 772 1556 tamen
797 1526 909 1557 lectori
934 1528 1080 1562 duximus
1105 1532 1379 1567 communicanda,
1399 1532 1455 1571 qui
1478 1531 1551 1562 inde
1576 1531 1671 1561 totius
1699 1529 1803 1569 operis

187 1578 393 1614 conspectum
415 1575 643 1605 accuratiorem
666 1575 784 1606 habere
800 1580 916 1616 potest.
941 1579 1075 1610 Possunt
1090 1584 1120 1610 ct
1135 1580 1214 1617 haec,
1232 1581 1264 1610 ni
1280 1579 1390 1616 fallor,
1409 1580 1514 1610 futuro
1528 1579 1641 1609 horum
1659 1578 1804 1616 dialogo.

188 1632 256 1653 rum
278 1622 390 1652 editori
416 1621 559 1652 nonnihil
581 1622 663 1653 ferre
686 1624 835 1659 subsidii.
859 1624 930 1655 licet
957 1636 1014 1658 nos
1033 1638 1100 1660 eam
1115 1630 1176 1661 illis
1199 1639 1327 1670 cperam
1351 1638 1464 1660 navare
1490 1629 1574 1660 haud
1596 1628 1804 1668 potuerimus,

188 1681 259 1712 qua:
274 1672 305 1702 in
322 1672 401 1702 votis
417 1673 509 1702 nobis
522 1676 598 1702 erat.

232 1730 493 1761 V.C0ncludimus
500 1730 639 1761 breviter
646 1736 863 1770 argumentum
872 1734 1067 1774 dialogorum
1076 1740 1300 1777 describentes,
1311 1739 1419 1770 Iicetid
1428 1739 1489 1779 jam
1505 1739 1538 1769 in
1550 1738 1804 1777 NicetaaPrologo

189 1780 228 1809 sit
243 1780 473 1810 adumbratum.
486 1781 597 1811 Tribus
611 1781 715 1821 itaque
732 1783 891 1821 prioribus
906 1785 1037 1824 dialogis
1048 1788 1173 1818 Graacus
1189 1797 1260 1818 suas
1278 1788 1396 1828 profert
1411 1787 1602 1826 objectiones
1613 1792 1720 1818 contra
1733 1795 1806 1826 pro-

192 1828 372 1881 cessionem
388 1829 522 1868 Spiritus
538 1831 637 1860 sancti
654 1831 747 1861 etiam
765 1840 803 1862 ex
818 1833 909 1870 Filio,
927 1843 1004 1874 quas
1015 1838 1140 1868 Latinus
1160 1838 1261 1869 solide
1278 1839 1465 1878 plerumque
1480 1842 1510 1868 et
1528 1838 1659 1877 copiose
1678 1838 1804 1868 refutat.

191 1879 306 1914 Quarto
324 1879 439 1909 deinde
451 1880 605 1918 imagines
622 1890 639 1912 a
655 1882 798 1912 Patribus
814 1883 962 1915 adhibitae
977 1894 994 1915 a
1007 1886 1116 1917 Latino
1132 1886 1341 1926 explanantur
1354 1890 1384 1916 et
1408 1887 1449 1916 de
1476 1886 1738 1925 praepositionum
1754 1886 1805 1915 EX

189 1930 219 1956 et
233 1927 307 1957 PER
324 1928 354 1957 in
371 1927 429 1958 hac
446 1929 573 1959 materia
606 1930 843 1969 aequipollenlia
873 1936 1031 1964 tractatur.
1049 1935 1163 1970 Quinto
1183 1934 1309 1965 Latinus
1323 1942 1394 1964 suas
1409 1933 1546 1964 rationes
1566 1934 1694 1964 uberius
1707 1943 1805 1973 expo-

188 1976 276 2006 nitet
290 1975 329 2007 ad
349 1977 474 2008 Patrum
495 1977 674 2009 testimonia
689 1980 816 2015 transit,
830 1990 900 2020 quas
915 1986 1002 2013 sexto
1020 1982 1145 2020 dial05o
1157 1983 1283 2022 plenius
1298 1982 1486 2013 referuntur.
1502 1982 1668 2013 Conclusio
1679 1983 1804 2012 tandem

188 2027 246 2060 est,
267 2025 392 2056 Latinos
419 2025 661 2064 quidemyrecte
683 2036 812 2058 censere
839 2030 986 2069 Spiritum
1020 2039 1058 2061 ex
1092 2031 1181 2061 Patre
1207 2031 1348 2070 Filioque
1378 2030 1564 2069 procedere,
1623 2030 1670 2061 ale
1701 2034 1805 2060 tamen

188 2071 339 2110 Symbolo
363 2081 471 2104 vocem
488 2074 628 2114 Filioque
647 2075 816 2107 addidisse.
