1935 3071
211 135 263 168 179

811 139 960 171 ΝΙΟΕΤΑΞ
978 139 1243 171 MARONIENSIS

1795 137 1847 168 180

209 196 322 224 immote
339 199 367 223 et
383 191 441 224 sine
453 196 653 232 permutatione
672 197 727 225 ulla
749 198 1000 227 chararteristicam

1066 199 1134 233 ἐνής
1147 206 1155 214 ·
1167 197 1215 224 τοῦ
1227 197 1386 231 Πνευματος
1399 195 1448 231 τὴν
1460 195 1634 229 ὲκπόρευσιν,
1654 196 1702 221 καὶ
1715 193 1777 221 οὔτε
1794 195 1845 222 τοῦ

208 246 237 269 et
247 241 419 269 discretivam
436 242 641 277 proprietatem,
653 247 681 270 et
693 242 781 271 Patris
797 243 907 278 quidem
926 244 1004 271 inna-

208 287 382 316 scibilitatem
394 309 402 321 .
428 289 492 324 quia
507 297 521 316 a
536 290 613 317 nullo
627 295 679 322 est,
703 298 819 326 eamque
836 298 925 326 neque
941 291 1003 318 Filii

1058 244 1166 280 Πατρὸς
1179 244 1241 271 οὒτε
1257 243 1304 270 τοῦ
1321 243 1386 270 Υἱοῦ
1397 252 1404 259 ·
1419 242 1500 278 μόνον
1515 243 1570 276 γὰρ
1582 242 1612 268 τὸ
1630 241 1741 277 Πνεῦμα
1756 242 1843 268 ἐκπο-

1059 291 1165 326 ρευτὸν.

208 341 269 361 esse
291 342 378 369 neque
392 334 527 370 Spiritus:
546 336 605 364 Filii
621 337 837 371 generationem,
850 346 911 372 qua:
927 346 1016 373 neque
1043 338 1131 365 Patris
1144 342 1186 365 est
1201 345 1291 372 neque
1310 336 1446 372 Spiritus;
1474 335 1550 363 solus
1567 334 1641 362 enim
1660 337 1702 361 est
1715 341 1748 361 ex
1762 333 1846 361 Patre

209 379 336 415 genitus;
351 388 436 415 quare
450 386 478 409 et
493 381 670 417 Unigenitus;
691 382 809 418 Spiritus
823 383 1038 418 processiouem,
1057 390 1118 418 qua:
1128 391 1217 418 neque
1237 383 1325 411 Patris
1337 387 1379 410 est
1393 389 1482 417 neque
1497 381 1557 409 Filii
1572 401 1580 414 ,
1600 381 1676 408 solus
1692 381 1766 408 enim
1780 379 1848 415 Spi-

210 426 279 453 ritus
295 430 407 453 sanctus
421 431 464 454 est
476 427 639 462 procedens.

242 472 271 499 3.
294 472 372 499 LAT.
397 473 468 506 Quid
492 473 579 508 ergo?
601 473 671 502 Cum
693 474 832 509 ingenitus
855 475 892 502 sit
913 475 1005 508 Pater,

209 518 274 552 quia
291 525 306 544 a
320 518 398 544 nullo
422 522 474 550 est,
491 519 584 546 ethoc
609 520 696 554 ipsius
708 520 744 548 sit
759 521 912 556 proprium,
937 529 1004 548 num

210 564 313 592 idcirco
331 564 398 591 nihil
413 565 467 592 erit
483 572 516 592 ex
534 565 611 600 ipso?

245 610 303 637 GR.
319 611 422 638 Revera
438 615 465 638 et
480 611 617 646 ingenitus
631 611 710 639 Pater
724 617 766 640 est
779 617 805 640 et
818 621 871 640 non
885 621 918 640 ex
932 613 1003 646 ullo;

209 656 257 683 sed
273 664 306 684 ex
322 656 381 692 ipso
394 657 529 692 processit
545 662 601 685 tum
620 657 718 692 Filius,
737 664 793 686 tum
805 659 934 695 Spiritus.

247 745 327 774 LAT.
351 747 421 780 Quid
446 748 532 775 vero?
553 747 621 776 Cum
647 749 802 784 progressio
825 749 949 785 quaedam
971 751 1008 778 sit

1091 479 1127 510 γ’.
1145 475 1226 502 ΛΑΤ.
1243 475 1276 501 Τί
1293 472 1358 506 οὗν;
1390 473 1484 509 ἐπειδὴ
1512 473 1670 508 ἀγέννητον.
1692 473 1735 499 ὅτι
1754 473 1791 508 μὴ
1812 473 1848 500 ἐκ

1056 529 1141 552 τινος,
1156 522 1171 547 ὁ
1187 520 1283 554 Πατὴρ
1309 520 1356 546 καὶ
1375 519 1456 545 τοῦτο
1481 518 1547 544 [διον
1567 516 1662 548 αὑτοῦ,
1688 517 1733 543 διὰ
1763 516 1848 542 τοῦτο

1056 567 1117 593 οὐδὲ
1137 567 1166 600 ἐξ
1179 566 1260 593 αὐτοῦ
1272 574 1298 592 τι
1314 565 1392 591 ἔσται
1407 573 1414 596 ς

1093 613 1145 640 ΓΡ.
1162 613 1217 639 Καὶ
1233 612 1287 647 μὴν
1300 612 1347 637 καὶ
1367 611 1515 645 ἀγέννητος
1536 609 1550 635 ὸ
1569 610 1664 644 Πατὴρ
1681 610 1728 635 καὶ
1749 609 1798 635 οὐκ
1814 609 1850 636 ἐκ

1056 667 1149 691 τινος⁶
1177 659 1235 686 ἀλλ’
1252 659 1281 692 ἐξ
1305 658 1388 684 αὑτοῦ
1415 657 1599 693 προελήλυθεν
1626 658 1640 683 ὁ
1663 656 1727 687 Υἱὸς
1747 658 1794 683 καὶ
1815 657 1851 682 τὸ

1057 706 1179 740 Πνεῦμα.

1092 753 1172 780 ΛΑΤ.
1189 751 1222 778 Τί
1239 751 1287 784 se;
1305 751 1367 778 ἐπεὶ
1386 752 1436 778 καὶ
1461 750 1578 786 πρόοδός
1590 750 1633 780 τίς
1645 751 1720 777 ἐστιν
1732 751 1780 777 ἀπ’
1799 750 1835 776 αὖ
1850 763 1852 767 ι

210 791 244 819 ab
260 793 328 827 ipso,
355 793 477 821 haeccine
492 799 534 821 est
549 802 580 822 ea
609 795 757 822 uniformis
782 799 810 823 et
837 796 939 831 absque
952 797 1006 824 ulla

1066 799 1114 831 τοῦ,
1131 799 1186 835 ἄρα
1200 799 1368 834 μονότροπος
1382 797 1452 833 αὕτη
1466 797 1514 824 καὶ
1529 797 1678 833 ἀδιάφορος
1691 806 1699 831 ;

210 839 385 868 diﬁc-rentia?

252 885 310 915 GR.
327 886 448 914 Minime.
471 887 540 914 Nam
565 887 691 915 diversus
705 893 747 915 est
761 888 859 915 modus
880 895 1008 924 progres-

1091 887 1144 915 ΓΡ.
1156 888 1214 914 Οὐκ
1225 887 1300 914 ἐστιν
1315 886 1384 922 (ΙΟ)’
1397 886 1444 913 καὶ
1459 885 1514 920 γὰρ
1524 885 1538 911 ὁ
1551 885 1653 920 τρόπος
1667 885 1717 920 τῆς
1731 884 1852 919 προόδου

211 935 297 963 sionis
311 939 340 962 et
354 934 477 961 diversas
488 941 621 969 personas
633 934 823 962 manifestans.
843 935 920 962 Alius
931 935 1004 962 enim

1066 934 1185 969 ἰιάφορος
1220 933 1268 960 καὶ
1296 932 1436 968 διαφόρων
1471 931 1627 967 προσώπων
1669 931 1852 966 ἑκφαντικός.

211 986 255 1009 est
270 981 368 1007 modus
390 980 602 1016 progressionis,
627 981 776 1007 secundum
795 988 876 1015 quem
892 989 925 1008 ex
946 981 1005 1016 ipso

211 1031 254 1054 est
280 1026 384 1058 Filius;
409 1030 438 1053 et
461 1025 507 1053 hic
532 1025 672 1060 generatio
694 1026 864 1060 appellatur;
885 1030 914 1053 et
936 1026 1007 1053 alius

212 1074 320 1104 modus,
348 1073 499 1100 secundum
529 1080 611 1107 quem
637 1073 757 1108 Spiritus
779 1080 812 1100 ex
837 1081 869 1100 eo
894 1073 1006 1108 prodire

211 1120 330 1150 dicitur;
349 1125 463 1146 vocatur
481 1127 548 1146 vero
564 1119 610 1146 hic
625 1119 776 1153 processio.
803 1118 926 1154 Uterque
941 1127 1008 1147 vero

211 1166 309 1193 modus
331 1165 486 1193 secundum
515 1165 709 1196 substantiam,
727 1173 782 1192 non
798 1166 863 1200 quia
877 1165 1007 1193 diti‘eren-

213 1213 277 1239 tiam
295 1210 456 1237 substantia:
481 1210 615 1244 praebent,
641 1217 737 1244 apage,
751 1210 798 1237 sed
815 1210 878 1245 quia
894 1218 928 1237 ex
943 1210 1009 1237 sub-

212 1257 312 1285 stantia
328 1255 417 1283 Patris
432 1260 488 1282 tum
506 1255 602 1286 Filius,
617 1263 712 1282 verum
729 1263 777 1289 per
791 1256 1007 1290 generationem,

216 1310 272 1329 tum
292 1301 423 1336 Spiritus,
448 1307 542 1327 verum
559 1308 607 1334 per
628 1301 844 1334 processionem.
859 1304 887 1327 et
903 1308 958 1327 non
975 1300 1008 1328 ab

212 1353 302 1378 extra.
319 1354 374 1374 non
387 1355 421 1374 ex
436 1345 534 1376 nihilo.
558 1345 789 1379 quemadmodum
816 1351 958 1373 creaturas.
975 1347 1010 1373 Et

212 1392 311 1420 Fs‘ium
337 1391 448 1425 quidem
476 1389 555 1416 Pater
576 1390 677 1416 dicitur
705 1396 847 1424 generare,
875 1389 1008 1424 Spiritum

213 1443 304 1466 autem
319 1437 420 1464 dicitur
434 1435 588 1469 producere
603 1436 647 1462 vel
663 1436 790 1463 emittere
803 1435 845 1469 (i),
859 1435 903 1462 vel
916 1435 1009 1462 nescio

213 1483 352 1519 quomodo
370 1483 461 1517 aptius
472 1489 499 1509 et
517 1481 756 1508 accommodatius
768 1481 869 1508 dicam.
888 1481 1008 1515 Uterque

214 1537 280 1558 vero
310 1529 408 1556 modus
435 1528 576 1563 proprium
606 1535 705 1555 nomen
733 1528 851 1555 sortitus
865 1533 917 1559 est,
933 1528 1006 1563 quod

214 1576 335 1612 Spiritus
352 1581 464 1603 sanctus
486 1574 596 1610 posuit;
621 1574 701 1602 nobis
719 1579 809 1601 autem
824 1582 878 1601 non
896 1582 1009 1609 perspe-

213 1608 276 1651 ctus
303 1627 385 1656 atque
411 1608 698 1656 incomprehensibilis
721 1625 774 1650 est.
797 1608 914 1655 etquod
940 1608 1044 1647 aliusC

214 1670 250 1697 sit
268 1669 331 1700 iste,
348 1668 419 1695 alius
440 1667 496 1698 ille,
511 1674 543 1694 ex
560 1666 594 1693 iis
609 1666 802 1700 cognoscimus
818 1673 879 1700 qum
900 1665 1009 1693 diverso

214 1713 296 1742 modo
317 1713 351 1740 de
375 1717 492 1747 utroque
518 1711 661 1747 dicuntur.
689 1710 756 1743 Quis
782 1718 849 1737 vero
869 1715 897 1738 et
921 1711 1010 1745 qualis

214 1765 331 1795 uterque
348 1758 383 1786 sit
395 1763 422 1785 et
436 1765 561 1792 qumnam
584 1764 680 1784 earum
706 1756 874 1788 ditierentia,
888 1763 903 1782 a
918 1756 1010 1783 Trini-

215 1809 270 1832 tate
287 1805 345 1831 sola
367 1803 560 1838 cognoscitur;
590 1802 658 1829 nihil
681 1802 755 1829 enim
771 1802 805 1829 de
823 1802 866 1829 his
893 1802 1011 1837 amplius

215 1859 249 1878 ex
264 1849 366 1877 divinis
391 1849 511 1875 oraculis
534 1847 684 1875 indicatum
704 1852 756 1874 cst.
774 1847 815 1875 An
832 1855 897 1875 vero
912 1853 941 1876 tn
955 1857 1010 1876 non

215 1896 252 1922 ita
266 1894 357 1922 dicis?

250 1939 328 1966 LAT.
351 1939 389 1966 Ita
408 1938 481 1966 dico.
499 1937 528 1965 In
546 1937 589 1965 his
605 1937 679 1964 enim
697 1937 747 1965 tibi
762 1938 907 1965 consentio
922 1938 1012 1966 idem-

215 1995 269 2022 que
286 1993 398 2019 Censeo.
411 1985 470 2012 Jam
486 1992 554 2012 vero
582 1985 717 2013 intremus
732 1984 758 2011 in
775 1985 862 2020 ipsam
880 1985 1010 2020 quaestio-

215 2041 277 2060 nem
296 2036 378 2066 alqne
404 2031 632 2063 controversiam,
649 2031 906 2066 perpendamusque
923 2031 960 2063 id,
983 2031 1010 2058 in

215 2087 270 2114 quo
286 2079 356 2105 inter
368 2085 416 2104 nos
431 2077 515 2111 lisest
529 2081 556 2103 et
570 2077 597 2103 in
609 2084 663 2111 quo
674 2078 708 2104 ab
720 2078 835 2105 invicem
851 2078 1010 2104 dividimur.

215 2125 375 2159 lnquiratnr
389 2123 492 2157 itaque,
512 2127 606 2150 utrum
630 2128 756 2157 oporteat
770 2124 863 2151 dicere
877 2123 1009 2159 Spiritum

216 2179 249 2198 ex
274 2171 353 2198 Patre
376 2169 526 2204 procedere
549 2170 619 2201 solo,
633 2178 667 2196 an
682 2170 765 2197 etiam
782 2178 844 2197 eum
861 2171 1011 2205 procedere

216 2227 250 2245 cx
266 2217 345 2244 Filio.

1058 980 1156 1011 ’Ἄλλος
1171 979 1225 1014 γάρ
1241 980 1314 1006 ἐστιν
1326 979 1341 1005 ὸ
1357 979 1458 1013 τρόπος
1478 977 1529 1013 τῆς
1548 977 1674 1013 προόδου,
1703 977 1765 1004 καθ’
1788 977 1820 1003 ὃν
1836 978 1854 1004 ὁ

1062 1027 1125 1058 Υιὺς
1153 1026 1182 1059 ἐξ
1215 1026 1310 1057 αὑτοῦ,
1340 1024 1467 1060 γέννησις
1491 1024 1783 1059 προσαγορευὸμενος,
1801 1024 1854 1049 καὶ

1057 1073 1161 1104 ἄλλοςό
1176 1072 1287 1107 τρόπος,
1304 1070 1367 1097 καθ’
1382 1070 1412 1097 ὃν
1432 1069 1463 1096 τὸ
1484 1069 1596 1104 Πνεῦμα
1621 1069 1650 1101 ἐξ
1666 1068 1750 1095 αὑτοῦ
1774 1077 1850 1104 προ-

1059 1120 1190 1156 ἐρχεσοαι
1205 1120 1314 1153 λέγεται
1326 1127 1333 1134 ”
1350 1119 1474 1145 καλεῖται
1497 1117 1526 1144 δὲ
1549 1116 1598 1144 καὶ
1614 1113 1692 1149 οὗτος
1710 1117 1851 1151 ὲκπόρευ-

1060 1175 1111 1198 σις.
1133 1166 1297 1201 Ἀμφότεροι
1319 1164 1347 1191 δὲ
1372 1163 1434 1190 κατ’
1455 1163 1562 1195 οὐσίαν,
1588 1163 1638 1198 οὐχ
1655 1163 1696 1189 ὅτι
1714 1162 1853 1197 διαφορὰν

1058 1213 1153 1243 οὐσίας
1173 1211 1351 1247 παρέχουσιν,
1372 1210 1474 1244 ἄπαγε,
1488 1208 1546 1236 ἀλλ’
1560 1209 1601 1236 ὅτι
1628 1210 1661 1235 ὲκ
1679 1209 1729 1243 τῆς
1754 1208 1855 1239 οὐσίας

1058 1257 1107 1284 τοῦ
1128 1257 1236 1292 Πατρὸς
1264 1256 1310 1283 καὶ
1334 1257 1348 1282 ὀ
1374 1255 1450 1287 Υίὺς,
1476 1255 1543 1282 ἀλλὰ
1570 1255 1719 1289 γεννητῶς.
1747 1255 1795 1281 καὶ
1819 1253 1856 1281 ἐδ

1060 1302 1184 1337 Πνεῦμα,
1203 1302 1262 1328 ἀλλ’
1279 1301 1465 1336 ὲκπορευτῶς,
1482 1301 1530 1327 καὶ
1547 1301 1597 1326 οὐκ
1624 1300 1724 1333 ἔξωθεν
1752 1302 1784 1326 ἐκ
1800 1301 1854 1326 τοῦ

1061 1350 1098 1385 μὴ
1111 1349 1187 1380 ὄντος
1202 1348 1329 1382 καθάπερ
1352 1347 1385 1374 τὰ
1401 1343 1552 1382 κτίσματα.
1569 1347 1624 1373 Καὶ
1643 1347 1690 1372 τὸν
1719 1346 1767 1380 μὲν
1785 1346 1855 1373 Υἱὸν

1059 1397 1157 1432 γεννᾷν
1174 1397 1188 1422 ὸ
1202 1395 1297 1430 Πατὴρ
1323 1394 1443 1428 λέγεται,
1460 1394 1491 1420 τὸ
1510 1393 1539 1420 δὲ
1560 1393 1673 1427 Πνεῦμα
1699 1393 1855 1426 προϐάλλε-

1061 1441 1123 1468 σθαι
1140 1441 1156 1476 ἦ
1171 1439 1348 1476 προΐεσθαιῆ
1364 1439 1414 1465 οὐκ
1430 1436 1479 1465 οἶδ’
1492 1439 1566 1470 ὅπως
1582 1439 1638 1472 ἐρῶ
1659 1438 1855 1473 προσφιλέστε-

1062 1497 1118 1524 ρον.
1142 1486 1291 1522 Ἐχάτερος
1308 1485 1336 1512 δὲ
1350 1484 1452 1519 τρόπος
1470 1484 1536 1510 ἰδίου
1555 1484 1605 1519 μὲν
1624 1484 1775 1518 τετύχηκεν
1790 1484 1854 1510 δνό-

1061 1543 1157 1570 ματος,
1177 1534 1191 1560 ὃ
1205 1534 1235 1560 τὸ
1252 1532 1365 1567 Πνεῦμα
1380 1532 1409 1558 τὺ
1421 1532 1498 1565 ἅγιον
1530 1530 1607 1557 ἔθετο
1619 1540 1626 1547 ·
1641 1531 1706 1565 ἡμῖν
1719 1531 1747 1556 δὲ
1759 1531 1855 1565 ἄγνω-

1063 1581 1124 1613 στός
1135 1590 1165 1607 τε
1181 1580 1228 1607 καὶ
1243 1579 1454 1614 ἀκατάληπτος·
1482 1578 1529 1604 καλ⁸
1553 1577 1595 1603 ὅτι
1616 1578 1630 1603 ὁ
1643 1577 1692 1611 μὲν
1714 1577 1821 1611 ἕτερος,
1839 1578 1855 1602 ὁ

1061 1627 1090 1653 δὲ
1102 1627 1207 1661 ἕτερος,
1223 1627 1255 1652 ἐκ
1268 1626 1320 1652 τῶν
1337 1625 1401 1660 περὶ
1419 1626 1553 1660 ἐκατέρου
1570 1625 1710 1660 διαφόρως
1738 1625 1856 1659 λεγομέ-

1062 1683 1115 1700 νων
1128 1672 1307 1707 γινώσκομεν.
1326 1672 1375 1703 Τίς
1384 1673 1413 1698 δὲ
1425 1672 1473 1698 καὶ
1488 1673 1579 1703 ὁποῖος
1591 1672 1732 1705 ἑκάτερος.
1746 1672 1794 1697 καὶ
1808 1671 1854 1702 τίς

1061 1721 1077 1754 ἡ
1094 1719 1222 1754 διαφορὰ,
1241 1720 1273 1754 τῇ
1288 1719 1385 1754 Τριάδι
1407 1718 1476 1753 μόνῃ
1492 1717 1678 1752 γινώσκεται·
1703 1717 1781 1743 οὐδὲν
1797 1717 1856 1752 γὰρ

1062 1765 1144 1792 πλέον
1156 1765 1222 1800 ἡμῖν
1237 1765 1303 1799 περὶ
1319 1764 1422 1791 τούτων
1436 1765 1468 1793 ὲκ
1480 1764 1536 1790 τῶν
1550 1763 1632 1791 θείων
1645 1763 1745 1798 λογίων
1765 1763 1853 1790 ἐκπέ·

1063 1819 1174 1845 φασται.
1187 1811 1223 1837 Ἢ
1237 1811 1288 1846 οὐχ
1298 1810 1384 1842 οὕτως
1402 1811 1456 1845 φῂς
1475 1810 1522 1837 καὶ
1533 1809 1615 1841 αὑτός
1630 1817 1637 1842 ς

1107 1945 1188 1972 ΛᾹΤ.
1204 1945 1279 1981 Φημί
1290 1953 1297 1960 ”
1313 1945 1447 1980 σύμφρων
1463 1947 1519 1982 γὰρ
1543 1947 1590 1973 ἐπὶ
1614 1947 1718 1978 τούτοις
1732 1946 1791 1981 είμί
1814 1955 1857 1974 σοι

1062 1991 1108 2017 καὶ
1124 1990 1260 2026 ὁμόδοξος.
1281 1991 1350 2026 Ἤδη
1366 1992 1395 2019 δὲ
1420 1992 1606 2027 εἰσϐάλλωμεν
1631 1993 1678 2019 ἐπὶ
1708 1993 1739 2019 τὸ
1766 1994 1857 2027 ἀμφι-

1063 2037 1227 2072 δαλλόμενον
1239 2038 1287 2064 καὶ
1303 2037 1469 2072 ζητούμενον
1482 2058 1489 2069 ,
1507 2039 1555 2065 καὶ
1575 2039 1639 2073 περὶ
1655 2038 1669 2065 ὂ
1686 2038 1858 2073 μέσονὴμῶν

1062 2084 1079 2118 ἡ
1091 2082 1218 2126 διαφορὰ,
1231 2082 1278 2109 καὶ
1298 2082 1333 2109 δι’
1348 2083 1361 2109 ὃ
1386 2084 1457 2118 τάχα
1483 2083 1530 2110 καὶ
1554 2083 1728 2118 διιστάμεθα.
1746 2083 1857 2109 Οὐκοῦν

1063 2128 1209 2164 (aestatim,
1226 2128 1342 2164 πότερον
1357 2131 1445 2164 χρεὼν
1469 2129 1559 2164 λέγειν
1584 2130 1615 2156 τὸ
1633 2129 1744 2159 Πνεῦμα
1757 2129 1789 2155 ὲκ
1809 2129 1858 2156 τοῦ

1064 2176 1168 2210 Πατρὺς
1187 2175 1388 2210 ἐκπορεύεσθαι
1405 2176 1498 2210 μόνου,
1514 2175 1531 2211 ἢ
1547 2175 1596 2202 καὶ
1606 2176 1638 2202 ὲκ
1653 2174 1700 2201 τοῦ
1716 2174 1795 2202 Υίοῦ.

253 2264 310 2290 GR.
328 2263 355 2290 Id
372 2263 500 2290 videlicet
518 2263 576 2297 ipse
593 2263 713 2297 Spiritus
737 2267 850 2289 sanctus
865 2271 915 2297 per
937 2262 1008 2290 Scri-

1100 2265 1153 2292 I‘P.
1173 2266 1205 2291 "0
1221 2264 1322 2299 δηλαδὴ
1334 2264 1382 2291 καὶ
1400 2265 1466 2291 αὐτὸ
1486 2265 1517 2290 τὸ
1542 2263 1655 2298 Πνεῦμα
1672 2263 1701 2289 τὸ
1720 2264 1798 2297 ἅγιον
1813 2263 1875 2292 διὰκ

217 2315 312 2345 ptnras
328 2309 460 2336 divinitus
484 2308 631 2343 inspiratas
655 2309 801 2339 revelavit.
820 2313 848 2335 ct
862 2309 948 2336 sancti
964 2309 1013 2336 Pa.

222 2361 279 2382 tres
294 2360 376 2390 atque
390 2354 519 2382 Ecclesiae
534 2354 655 2388 Inagistri
673 2362 720 2388 per
735 2359 859 2381 sanctum
880 2354 1013 2389 Spiritum

221 2401 321 2428 initiati
341 2401 505 2435 evangelicae
519 2405 546 2427 el
562 2399 717 2434 apostolica:
741 2400 873 2427 doctrina:
889 2401 1013 2435 dogmata

221 2448 248 2474 in
265 2447 322 2475 suis
334 2447 468 2474 divinitus
492 2446 634 2480 inspiratis
656 2446 877 2473 institutionibus
895 2447 1016 2474 tradide-

217 2499 282 2521 runt
292 2503 299 2526 ;
311 2501 403 2529 neque
418 2497 498 2520 rectzc
511 2499 539 2520 et
554 2493 603 2527 piae
619 2492 766 2520 sententiae
783 2492 838 2518 ullo
853 2492 933 2518 modo
948 2491 1013 2526 quid

198 2540 397 2579 .adversatur;
412 2546 502 2573 neque
525 2538 610 2565 ullum
634 2537 733 2565 exinde
762 2538 941 2571 consequitur
965 2537 1014 2564 ab-

221 2586 347 2613 surdum.

253 2631 334 2658 LAT.
354 2630 404 2657 Dic
420 2638 504 2658 unum
531 2630 682 2656 alterumve
705 2637 737 2656 ex
763 2629 840 2663 ipsis,
867 2634 896 2656 ut
922 2635 1013 2664 etego

217 2685 395 2711 Cognoscam.

256 2734 312 2770 (l0)
327 2735 521 2762 ()blitteratum
536 2734 563 2770 in
595 2733 657 2770 cod.
676 2733 737 2770 Vati.

257 2767 279 2801 (ί
290 2767 312 2804 l)
329 2770 433 2798 Desunt
452 2770 543 2804 aliqua
556 2769 583 2795 iu
598 2767 657 2795 Vat.
675 2777 702 2802 p.
717 2769 744 2801 ὅ,
758 2768 797 2802 b.,
809 2777 870 2804 quae
887 2769 931 2796 hic
945 2777 996 2805 sup

1065 2311 1119 2337 τῶν
1143 2311 1334 2337 θεοπνεύστων
1360 2311 1477 2346 Γραφῶν
1496 2310 1648 2345 ὲξεκάλυψε
1663 2311 1711 2336 καὶ
1734 2310 1758 2336 oi
1783 2311 1859 2343 ἅγιοι

1065 2357 1189 2392 Πατέρες
1215 2357 1263 2384 καὶ
1283 2359 1333 2391 τῆς
1372 2357 1538 2392 Ἐκκλησίας
1567 2356 1725 2383 διδάσκαλοι
1749 2356 1794 2382 διὰ
1809 2348 1866 2388 rex}:

1064 2404 1144 2438 ἁγίου
1171 2404 1331 2438 Πνεῦματος
1362 2404 1514 2438 μυηθέντες
1533 2404 1568 2430 τὰ
1599 2403 1649 2437 τῆς
1669 2394 1865 2439 εὐαγγελικῆςξ
1898 2433 1904 2439 .

1065 2451 1112 2476 καὶ
1127 2449 1311 2484 ἀποστνιλικῆς
1342 2449 1470 2486 (πίστεως
1485 2449 1631 2484 δόγματα),
1647 2449 1705 2483 (Η)
1733 2449 1763 2474 ἐν
1791 2456 1854 2478 ταις

1064 2496 1169 2521 ἑαυτῶν
1190 2495 1383 2526 οεοπνεύστοις
1409 2488 1602 2525 διδασκαλίαις
1619 2494 1856 2528 παραδεδώκασι·

1064 2542 1112 2567 καὶ
1125 2541 1201 2567 οὐδὲν
1222 2541 1278 2576 (12)
1292 2541 1330 2577 τῷ
1340 2541 1413 2577 ὀρθῷ
1427 2541 1500 2576 λόγῳ
1519 2542 1566 2568 καὶ
1579 2540 1688 2567 εὐσεϐεῖ
1702 2541 1765 2566 κατ’
1778 2540 1858 2566 οὐδὲν

1067 2587 1241 2623 ὴναντίωται,
1259 2587 1322 2614 οὔτε
1345 2587 1398 2623 μὴν
1413 2587 1471 2622 ἔχει
1484 2596 1512 2613 τι
1532 2587 1725 2622 παρεπόμενον
1743 2586 1857 2613 ἄτοπον.

1105 2636 1184 2662 ΛΑΤ.
1213 2635 1283 2661 Ἀλλ’
1298 2635 1328 2661 ἐν
1342 2635 1375 2670 γέ
1389 2644 1416 2662 τι
1434 2635 1550 2670 φράσον.
1569 2634 1614 2660 ἵνα
1627 2633 1685 2668 γνῶ
1701 2633 1748 2660 καὶ
1764 2633 1858 2663 αὐτός.

1072 2735 1170 2769 plenda
1189 2741 1278 2764 erant.

1102 2771 1158 2806 (is)
1175 2771 1234 2799 Vat.
1255 2772 1326 2799 οὐδέ.

256 2818 286 2846 (ἱ)
309 2817 407 2843 Vocem
419 2814 618 2851 προϐάλλετθαι
634 2823 687 2841 non
703 2815 859 2849 passivum,
889 2816 937 2844 sed
973 2816 1095 2844 medium
1131 2818 1175 2845 hic
1192 2825 1254 2846 esse
1288 2819 1429 2847 declarant
1445 2818 1548 2847 Nicctae
1568 2818 1621 2846 alia
1644 2817 1737 2851 verba,
1756 2817 1858 2852 quibus

222 2860 302 2879 SCttstl
319 2852 408 2879 RCllYO
429 2859 488 2878 eam
505 2857 600 2877 νοςριιι
621 2856 744 2885 ιιειπρῖιι.
