1935 3071
192 115 242 148 195

792 115 940 145 ΝΙΕΕΉΕ
959 115 1222 146 MARONIENSIS

1777 118 1827 148 196

190 173 284 200 dinem
303 172 418 200 habens.
443 172 533 205 Quare
554 171 607 198 alia
623 170 742 198 dicenda
767 171 852 197 fuerit
881 171 969 205 prima

1034 171 1114 198 οὐσία
1139 171 1155 206 ἡ
1180 171 1301 205 ἁπλότης
1318 172 1373 202 τοῖς
1392 171 1498 204 ἁπλοῖς,
1515 171 1557 197 ὅτι
1577 171 1645 206 μηδὲ
1663 173 1718 202 τοῖς
1734 173 1830 200 συνελέ-

192 218 245 245 alia
277 217 377 250 media,
408 217 461 244 alia
488 217 626 249 extrema;
652 223 749 243 verum
777 216 850 243 circa
874 215 977 242 nullam

190 272 286 290 earum
317 263 483 297 compositio
512 271 574 290 esse
598 263 712 290 dicitur.
739 262 767 289 Si
793 262 868 289 ettim
890 270 923 289 ex
949 262 982 289 iis

191 317 253 343 qua:
270 310 341 336 circa
362 309 511 336 essentiam
536 314 698 344 spectantur
722 309 886 343 compositio
908 309 983 344 judi-

191 360 281 388 catur,
301 355 383 382 etiam
399 355 516 389 simplex
531 355 670 381 intellecta
690 354 846 381 substantia
870 359 898 382 et
922 355 983 382 sine

191 401 364 435 operatione,
379 409 440 435 quae
456 400 610 428 secundum
627 401 713 434 ipsam
735 405 787 431 est,
809 405 836 427 et
852 401 911 428 sine
933 408 983 435 p0-

191 447 276 473 tctttia
298 447 323 473 ei
352 447 445 478 insita,
468 446 542 480 quod
559 451 614 478 est,
639 451 787 480 appareret
813 446 979 479 composita.

187 493 252 526 quia
263 497 291 519 et
301 492 421 519 essentia
435 497 464 519 et
475 492 591 526 simplex
602 497 654 518 est.
669 492 768 519 Verum
785 499 840 518 nott
852 496 894 518 est
907 499 982 518 cont-

1033 226 1091 248 τοις
1106 218 1123 252 ἡ
1145 217 1282 249 σύνθεσις,
1299 217 1368 244 ἀλλὰ
1383 218 1448 253 περὶ
1471 219 1520 253 τὴν
1538 218 1643 244 οὐσίαν.
1662 218 1702 244 T1
1718 219 1745 244 δὲ
1765 220 1829 254 περὶ

1033 263 1083 298 τὴν
1098 263 1202 294 οὐσίαν,
1213 263 1265 289 κᾶν
1283 264 1343 294 ἑνὸς
1357 264 1399 299 εἴη
1414 264 1510 296 πλείω,
1525 264 1575 299 τὴν
1590 265 1683 290 οὐσίαν
1698 264 1829 293 σύνθετον

1033 308 1064 332 οὐ
1085 309 1175 333 ποιεῖ·
1194 307 1276 339 ὥστε,
1297 308 1348 334 κᾶν
1367 309 1439 344 ἁπλῆ
1463 310 1477 344 ἡ
1500 310 1677 344 ὲκπόρευσις.
1703 309 1756 337 κᾶν
1779 310 1830 346 οὐχ

1034 353 1119 388 ἁπλῆ.
1138 354 1168 380 τὸ
1188 355 1299 388 Πνεῦμα
1322 355 1426 389 ἁπλοῆν
1441 356 1489 382 καὶ
1515 357 1546 381 οὐ
1576 356 1706 382 σύνθετον
1725 357 1756 382 τὸ
1781 358 1830 384 ὲκ-

1033 401 1186 434 πύρευτον·
1212 401 1263 426 οὐκ
1277 401 1356 427 οὐσία
1381 402 1449 436 γὰρ,
1475 401 1543 428 ἀλλὰ
1563 403 1628 437 περὶ
1655 402 1705 438 τὴν
1731 403 1829 429 οὐσίαν

1033 446 1108 471 ἐστὶν
1123 446 1140 480 ἡ
1157 446 1322 481 ὲκπόρευσις
1338 447 1387 482 τῆς
1404 447 1582 480 ὑποστάσεως
1601 449 1667 475 [διον
1687 449 1830 484 χαρακτή-

1036 500 1079 526 ρισ
1083 500 1132 526 μα.

187 538 295 573 posita;
309 546 399 572 neque
414 538 487 566 cnitn
499 538 673 572 sitnpliciltus
686 537 847 572 simplicitas
861 537 980 564 essentia
997 541 1050 568 est.
1086 537 1149 572 quia
1185 546 1275 573 neque
1292 539 1453 573 compositis
1478 541 1655 576 compositio,
1680 543 1827 570 sed.eirca

186 586 354 616 essentiam;
381 592 441 619 qua:
463 592 530 611 vero
548 584 621 611 circa
644 585 794 610 essentiam
821 589 894 610 sunt.
914 584 978 610 licet
1000 584 1081 611 tutius
1093 585 1148 611 sint
1180 585 1268 619 plura.
1302 587 1452 613 essentiam
1470 587 1631 621 neutiquam
1646 591 1827 625 compositam

188 632 316 659 reddunt.
332 630 519 663 Quamobrem
545 630 603 657 sive
627 629 743 664 simplex
765 634 807 657 est
836 630 977 664 processio
996 631 1055 657 sive
1086 639 1140 658 non
1180 631 1308 666 simplex,
1321 633 1441 667 Spiritus
1455 638 1499 660 est
1512 634 1627 670 simplex
1643 641 1671 662 ct
1686 641 1828 664 noncom‘

187 680 307 716 positum
325 679 351 706 id
371 679 444 714 quod
461 679 586 712 procedit
601 678 782 713 (procedendi
798 679 976 722 proprietas),
999 686 1089 713 neque
1130 679 1204 707 enim
1231 680 1401 715 procedendi
1428 682 1586 716 proprietas
1627 684 1749 711 essentia
1773 690 1826 718 est,

186 727 234 754 sed
260 727 334 753 circa
363 726 516 753 essentiam
542 723 703 760 processio,
730 725 860 759 proprius
887 724 1068 759 ltypostaseos
1082 725 1239 754 character.

175 791 184 800 .
222 773 248 799 7.
262 772 319 799 GR.
337 771 440 798 Deinde
450 773 485 806 (ο)
498 771 520 797 si
530 771 599 798 dicis
611 771 762 805 procedere
774 770 908 805 Spiritum
919 770 973 805 qui-

1072 770 1109 798 Z'.
1127 772 1178 798 ιίι.
1193 770 1259 798 Εἶτα
1279 772 1336 807 (25)
1353 774 1375 799 sl
1395 774 1448 808 φῇς
1464 774 1665 809 ἐκπορεύεσθαι
1684 777 1734 811 μὲν
1761 777 1827 804 αὐτὸ

185 819 249 846 dem
271 826 305 845 cx
329 818 420 849 Patre,
439 817 589 852 procedere
606 825 671 844 vero
685 817 769 844 etiam
794 824 827 843 ex
852 815 933 847 Filio.
950 821 979 842 et

186 865 303 900 proinde
321 865 528 899 processionem
543 864 659 890 alteram
673 871 705 890 ex
721 864 800 890 Patre
819 871 891 895 esse,
907 863 977 889 alte-

186 919 243 938 ram
258 919 323 938 vero
341 918 375 937 ex
399 910 480 942 Filio,
499 909 640 944 quomodo
664 917 719 936 non
738 908 899 943 itnperlecta
923 908 976 935 erit

185 962 314 991 utraque,
329 957 371 983 vel
394 956 480 983 altera
503 955 629 982 inutilis?
646 955 692 982 Vel
704 955 779 982 enim
797 954 917 989 perfecta
931 958 977 980 est

187 1003 328 1038 processio
341 1010 373 1029 ex
390 1003 482 1034 Patre,
499 1006 565 1028 tunc
581 1001 688 1028 inutilis
700 1009 732 1028 ea
750 1007 812 1035 qua:
829 1008 864 1027 ex
887 999 974 1031 Filio;

185 1051 229 1078 vel
249 1051 370 1085 perfecta
398 1049 540 1085 processio
567 1056 601 1075 ex
623 1048 705 1078 Filio.
729 1053 795 1074 tunc
818 1046 924 1074 inutilis
944 1054 977 1074 ea

183 1104 291 1131 quaa'ex
313 1097 406 1123 Patre.
428 1095 457 1123 Si
473 1095 547 1122 enim
570 1102 638 1125 una,
666 1100 839 1128 quaecunque
865 1093 976 1120 tandem

183 1133 362 1177 ex-uiraque,
380 1143 502 1178 perlecta
524 1146 576 1174 est,
595 1149 657 1176 quae
671 1140 786 1167 alterius
807 1139 977 1166 necessitas?

185 1189 232 1218 Vel
246 1194 362 1223 utraque
376 1189 430 1216 erit
442 1189 604 1223 imperlecta
615 1187 638 1214 si
654 1187 714 1214 sine
726 1186 812 1213 altera
823 1190 974 1221 spectatur.

183 1235 288 1262 Verum
303 1236 343 1262 sic
358 1235 431 1262 l'oret
446 1239 474 1261 et
499 1234 581 1261 Pater
603 1232 756 1261 secundum
769 1232 891 1267 seipsum
907 1239 976 1258 con-

183 1282 320 1309 sideratus
367 1280 555 1315 imperfectus.
598 1279 633 1306 At
676 1279 820 1306 enimvero
860 1283 975 1312 utraque

183 1336 300 1363 persona
312 1327 432 1362 perfecta
444 1331 471 1352 et
482 1325 634 1360 perfectam
644 1325 833 1359 operationem
844 1323 973 1355 reddens,

184 1380 241 1401 tutu
259 1381 307 1407 per
318 1381 347 1400 se
363 1377 392 1400 et
406 1373 434 1398 in
450 1379 478 1399 se
494 1376 551 1398 tum
566 1378 628 1398 cum
645 1370 874 1398 consubstantiali
890 1370 974 1396 altera

183 1420 370 1447 considerata.
390 1419 418 1445 Si
435 1425 501 1444 vero
516 1418 602 1444 altera
616 1423 658 1444 est
670 1418 805 1451 perfecta,
824 1417 911 1444 altera
925 1416 975 1443 im-

183 1466 321 1502 perfecta.
338 1470 428 1492 utram
442 1464 550 1491 diceres
566 1463 729 1498 perlectam,
755 1469 844 1490 utram
868 1464 971 1497 imper-

182 1511 304 1539 lcctam?
322 1511 415 1537 Primo
430 1518 484 1538 una
498 1510 545 1537 illa
560 1517 677 1544 persona
692 1510 853 1545 imperfecta
869 1514 921 1541 est,
939 1517 973 1536 ex

182 1566 237 1592 qua
262 1558 404 1593 processio
430 1556 593 1591 imperfecta
609 1564 616 1588 ;
632 1555 732 1583 deinde
756 1555 894 1591 quomodo
910 1563 974 1590 per-

181 1603 254 1631 l’ecta
268 1603 372 1638 indiget
386 1602 546 1638 imperfecta
556 1602 568 1629 ἵ
578 1602 606 1629 Si
618 1609 684 1629 vero
695 1602 810 1636 simplex
822 1602 974 1637 processio,

180 1655 210 1678 et
226 1650 347 1684 perfecta
363 1654 405 1676 est
419 1657 452 1676 ex
469 1649 560 1680 Patre,
581 1657 632 1676 cur
647 1653 675 1675 et
694 1656 729 1675 ex
751 1648 840 1675 Filio?
862 1647 889 1674 Si
907 1654 974 1674 vero

183 1697 304 1731 perlecta
325 1704 357 1723 ex
374 1695 454 1728 Filio,
473 1703 522 1723 cur
538 1695 619 1722 etiam
636 1703 670 1722 ex
681 1694 781 1722 Patre?
800 1694 974 1730 Superlluum

181 1739 255 1769 en'im
279 1747 307 1769 et
330 1750 431 1769 vanum
456 1742 496 1769 sic
514 1741 635 1773 videtur,
659 1740 792 1776 Spiritum
811 1748 975 1775 quoque,“

181 1788 269 1815 altero
286 1789 446 1821 procedere.

217 1834 295 1861 LAT.
314 1834 368 1861 Sed
389 1833 513 1861 fortassis
525 1841 579 1860 non
597 1833 681 1860 aliam
696 1838 724 1860 et
739 1832 821 1860 aliam
834 1840 896 1860 esse
909 1832 974 1866 quis

181 1881 221 1907 ait
245 1881 449 1915 processionem
463 1901 470 1913 ,
490 1880 604 1907 alteram
629 1887 665 1906 ex
693 1878 785 1911 Patre,
809 1879 922 1906 alteram
941 1886 975 1905 ex

182 1926 263 1958 Filio,
278 1925 326 1953 sed
345 1933 428 1952 unam
443 1930 471 1953 et
487 1925 614 1953 eamdem
630 1929 659 1952 et
674 1924 829 1960 simplicem
843 1932 876 1952 ex
891 1925 973 1951 Patre

180 1976 264 2007 atque
280 1980 315 2000 ex
327 1972 406 2004 Filio,
423 1977 553 2007 tanquam
566 1972 648 1999 Patre
664 1979 714 2006 per
739 1971 860 1998 ntedium
873 1970 973 1998 Filium

181 2019 303 2053 spirante
314 2018 458 2054 Spiritum.
471 2018 602 2053 Exj'atre
613 2019 686 2046 enim
700 2018 796 2050 Filius,
810 2021 838 2044 et.
849 2025 884 2044 ex
903 2017 974 2044 Filio

181 2064 312 2099 Spiritus,
328 2066 444 2099 ideoque
467 2070 496 2092 et
512 2073 545 2092 ex
572 2065 666 2094 Patre.
687 2065 724 2092 ita
740 2069 771 2091 ut
795 2064 892 2092 eadetn
909 2071 975 2099 pro-

181 2109 273 2137 cessio
302 2110 460 2137 immediate
487 2110 600 2144 quidem
628 2110 664 2137 sit
687 2118 720 2137 ex
746 2110 833 2141 Filio.
855 2110 974 2138 tnediate

180 2163 248 2182 vero
274 2164 308 2182 ex
336 2156 434 2188 Patre;
461 2156 575 2182 mediate
589 2157 627 2191 (p)
646 2164 711 2184 vero
725 2155 800 2188 dico,
819 2164 874 2183 non
891 2156 970 2190 quasi

181 2207 290 2237 tempus
310 2203 449 2237 quoddam
481 2203 517 2230 sit
544 2203 739 2230 intermedium
768 2203 870 2238 (neque
897 2203 972 2229 enim

181 2249 262 2277 Pater
275 2251 350 2285 prius
365 2255 478 2286 generat
493 2251 603 2284 Filium,
620 2256 714 2286 postea
729 2259 795 2278 vero
809 2259 858 2286 per
873 2250 971 2278 Filium

181 2295 314 2332 Spiritum
330 2297 453 2330 emittit),
467 2305 562 2324 verum
575 2298 638 2332 quia
653 2297 751 2325 Filium
765 2305 900 2333 generatis
910 2297 973 2332 Spi-

215 2389 270 2424 (23)
284 2389 352 2417 Nota
368 2398 444 2423 marg
460 2398 467 2416 :
483 2389 598 2425 Ἕτερον
609 2390 710 2417 ἄτοπον
723 2396 730 2404 ·
743 2390 785 2416 ὅτι
804 2391 836 2416 ὲκ
849 2389 896 2416 τοῦ
914 2390 972 2416 Πα-

178 2426 242 2461 τρὸς
257 2427 304 2451 aut
324 2427 356 2451 ὲκ
367 2425 414 2451 τοῦ
428 2425 492 2451 Υἰοῦ
507 2424 726 2461 ἐκπορευομένου
740 2424 787 2452 τοῦ
797 2425 967 2459 Πνεύμαῑος,

178 2460 195 2495 ἢ
212 2460 310 2496 assii);
325 2462 342 2496 ἡ
357 2460 520 2496 ἑκπόρευσις
535 2461 655 2496 ἑκατέρα
672 2461 823 2496 ἢπεριττὴ
840 2462 856 2496 ὴ
871 2461 963 2496 ἑτέριι

213 2550 249 2583 (ο)
266 2549 334 2586 Nota
363 2550 520 2586 marginalis
541 2559 548 2577 :
575 2549 656 2577 Aliud
688 2549 838 2586 absurdum
856 2559 862 2576 :
879 2549 907 2586 Si
933 2556 967 2575 ex

178 2585 257 2612 Patre
283 2585 406 2620 Filioque
426 2584 553 2621 procedit
577 2585 709 2619 Spiritus,
737 2585 780 2611 vel
797 2584 968 2621 imperfecta

176 2627 295 2653 utraque
312 2620 451 2655 proressio
467 2621 509 2647 vel
525 2620 664 2655 superﬂua
683 2621 778 2646 altera.
796 2620 828 2646 Et
840 2622 899 2654 ejus
916 2620 965 2646 ab-

177 2654 254 2682 surdi
275 2654 415 2683 refutatio.
437 2657 493 2683 Hoc
517 2654 646 2690 quartum
663 2655 751 2681 Graze't
774 2659 965 2689 argumentum

177 2694 326 2724 respondet
339 2699 371 2718 ex
388 2698 464 2725 parte
488 2692 587 2722 l’ltotii.
606 2690 643 2716 De
656 2690 748 2724 Spiril.
767 2695 852 2716 sanet.
866 2696 966 2724 mysta-

175 2733 266 2760 gogta.
291 2735 353 2760 tap.
376 2728 401 2758 7,
424 2732 451 2754 et
477 2727 581 2754 Nicolai
608 2726 794 2752 Mettionensis
814 2726 895 2760 capiti
922 2725 967 2756 Η,

175 2760 249 2793 quod
280 2762 343 2788 vide
378 2762 404 2788 in
438 2761 666 2790 adnotationibus
701 2760 734 2786 ad
774 2761 847 2787 ltune
877 2760 968 2788 l’liotti

178 2796 278 2821 locum.

214 2838 249 2864 tm
267 2830 327 2858 “me
346 2840 411 2859 sane
429 2833 562 2860 nonsatis
574 2836 699 2859 accurate
713 2831 786 2858 dicta
806 2837 870 2859 sunt
887 2836 968 2866 atque

1030 818 1063 844 ἐκ
1089 817 1136 844 τοῦ
1161 818 1280 854 Πατρὺς,
1297 819 1498 854 ἐκπορεύεσθαι
1513 820 1542 846 δὲ
1563 821 1609 847 καὶ
1635 821 1667 848 ὲκ
1685 822 1731 849 τοῦ
1749 823 1825 854 Tia-3.

1030 864 1077 889 καὶ
1090 863 1134 890 διὰ
1149 865 1229 890 τοῦτο
1241 864 1290 899 τὴν
1305 865 1470 900 ἐκπόρευσιν
1485 866 1534 901 τὴν
1552 866 1601 901 μὲν
1616 867 1647 894 ὲκ
1657 868 1705 894 τοῦ
1718 868 1827 904 Πατρὸς

1029 909 1111 943 εἶναι,
1126 911 1177 946 τὴν
1193 910 1224 937 δὲ
1239 912 1272 937 ὲκ
1287 911 1335 938 τοῦ
1356 911 1433 944 Υἱοῦ,
1448 912 1506 944 πῶς
1523 913 1572 939 οὐκ
1597 913 1695 948 ἀτελὴς
1720 916 1736 950 ὴ
1759 915 1825 941 ἑκα-

1029 957 1109 989 τέρα,
1130 955 1146 989 ἢ
1171 955 1288 990 περιττὴ
1305 957 1321 991 ἡ
1345 957 1446 991 ἑτέρα;
1465 957 1500 983 Ἢ
1516 957 1573 993 (26)
1589 958 1644 992 γὰρ
1656 959 1748 986 τελεία
1762 961 1778 994 ὴ
1793 960 1826 987 ἐκ

1030 1000 1147 1035 Ματρὸς,
1174 1001 1221 1026 καὶ
1248 1001 1364 1036 περιττὴ
1378 1001 1394 1036 ή
1410 1002 1441 1028 ὲκ
1458 1001 1505 1028 τοῦ
1523 1003 1601 1036 Υἱοῦ,
1619 1004 1635 1039 ἢ
1655 1004 1746 1030 τελεία
1760 1005 1776 1040 ἠ
1793 1006 1825 1032 ἐκ

1028 1045 1075 1072 τοῦ
1100 1045 1178 1079 Υἰοῦ,
1200 1047 1247 1073 καὶ
1272 1048 1387 1082 περιττὴ
1402 1049 1418 1083 ὴ
1435 1049 1467 1074 ἐκ
1482 1049 1529 1075 τοῦ
1545 1050 1663 1085 Πατρός,
1693 1051 1751 1086 Τῆς
1768 1051 1824 1086 γὰρ

1030 1092 1095 1128 μιᾶς
1123 1092 1310 1127 ὀποτερασοῦν
1341 1093 1426 1128 οῠσης
1457 1095 1574 1128 τελείας,
1601 1096 1645 1128 τις
1665 1097 1744 1131 χρεία
1773 1098 1824 1132 τῆς

1029 1139 1145 1174 ἑτέραςς
1162 1138 1177 1174 ἢ
1194 1139 1293 1174 ἀτελὴς
1308 1140 1429 1176 ἑκατέρα
1445 1140 1506 1176 δίχα
1524 1142 1575 1176 τῆς
1592 1142 1690 1177 ἑτέρας
1703 1144 1825 1179 θεωρου-

1030 1184 1096 1219 μένη
1112 1194 1118 1199 ·
1138 1185 1196 1212 ἀλλ’
1211 1185 1298 1217 οὕτως
1314 1187 1348 1212 ἂν
1366 1187 1409 1222 εἴη
1433 1188 1481 1214 καὶ
1500 1189 1512 1214 ὁ
1533 1188 1627 1224 Πατὴρ
1642 1190 1703 1216 καθ’
1726 1190 1823 1218 ὲαυτὶν

1028 1230 1174 1264 νοούμενος
1199 1231 1317 1266 ἀτελής·
1337 1232 1405 1258 ἀλλὰ
1433 1233 1487 1268 μὴν
1516 1233 1648 1268 ἑκάτερον
1676 1235 1823 1269 πρόσωπον

1027 1276 1130 1303 τέλειον
1150 1278 1197 1304 καί
1215 1277 1323 1309 τελείας
1343 1279 1487 1312 ἐνεργείας
1505 1279 1677 1313 ἀποδοτικὸν,
1699 1281 1766 1308 αὺτὸ
1792 1290 1822 1308 τε

1027 1323 1088 1349 καθ’
1105 1325 1187 1350 ἑαυτὸ
1212 1325 1260 1350 καὶ
1281 1325 1350 1359 μετὰ
1378 1325 1426 1351 τοῦ
1452 1326 1591 1360 ὀμορυοῦς
1619 1321 1824 1362 Θεωρούμενονξ

1026 1369 1058 1396 Εἰ
1073 1370 1101 1396 δὲ
1119 1371 1135 1405 ἡ
1154 1371 1203 1404 μέν
1223 1371 1282 1397 ἐστι
1297 1371 1400 1404 τελεία,
1416 1373 1432 1406 ἡ
1449 1371 1478 1397 δὲ
1496 1372 1606 1407 ἀτελὴς,
1624 1374 1760 1408 ὁποτέραν
1788 1375 1822 1401 ἂν

1027 1416 1108 1451 φαίης
1123 1417 1139 1451 ἢ
1153 1415 1232 1443 τοῦτο
1248 1417 1264 1451 ἢ
1278 1418 1382 1450 ἐκεῖνος
1401 1417 1510 1452 πρῶτον
1525 1418 1574 1452 μὲν
1588 1418 1619 1444 τὸ
1631 1418 1660 1445 ἓν
1675 1421 1822 1454 πρόσωπον

1026 1463 1136 1497 ἀτελὴς,
1152 1462 1182 1494 ἐξ
1201 1461 1315 1498 οὗπερὴ
1331 1464 1498 1499 ἑκπὲρευσις
1513 1465 1625 1499 ἀτελής.
1645 1465 1762 1492 Ἔπειτα
1778 1468 1821 1499 τίς

1024 1509 1103 1543 χρεία
1122 1509 1154 1544 τῇ
1173 1508 1266 1544 τελείᾳ
1280 1508 1332 1543 τῆς
1358 1509 1490 1542 ἀτελοῦς;
1512 1511 1536 1536 εὶ
1553 1511 1581 1536 δὲ
1598 1510 1670 1546 ἁπλῆ
1693 1512 1708 1546 ἡ
1735 1513 1821 1538 ἐκπό-

1025 1563 1129 1591 ρευσις,
1155 1556 1179 1582 εἰ
1207 1555 1257 1590 μὲν
1279 1556 1371 1582 τελεία
1396 1557 1471 1583 ἐστὶν
1486 1557 1519 1583 ὲκ
1533 1557 1581 1583 τοῦ
1599 1558 1717 1593 Πατρέις,
1733 1558 1776 1584 διὰ
1793 1559 1821 1585 τί

1024 1602 1071 1627 καὶ
1086 1603 1118 1627 ἐκ
1136 1601 1184 1627 τοῦ
1206 1601 1293 1635 Υἱοῡς
1312 1602 1337 1628 εἰ
1353 1602 1380 1629 δὲ
1399 1603 1432 1628 ἐκ
1447 1602 1495 1629 τοῦ
1510 1602 1588 1636 Υὶθῦ,
1616 1603 1660 1631 διὰ
1675 1603 1702 1630 τι
1725 1605 1770 1631 καὶ
1788 1605 1822 1632 ἐκ

1024 1647 1071 1674 τοῦ
1088 1647 1209 1683 Ιιατρὸ;;
1227 1649 1357 1683 περιττὸν
1369 1649 1423 1683 γὰρ
1438 1648 1510 1675 οὕτω
1524 1648 1642 1676 δοκεῖτὸ
1658 1650 1706 1678 καὶ
1722 1651 1756 1678 ἐκ
1771 1651 1821 1678 τοῦ

1024 1695 1120 1729 ἐτέρου
1136 1695 1168 1721 τὸ
1183 1694 1298 1730 Πνεῦμα
1311 1695 1510 1730 προέρχεσθαι.

1061 1836 1139 1863 ΔΛΤ.
1162 1835 1233 1862 ’Δλλσ
1255 1835 1321 1865 ἴσως
1346 1835 1396 1862 οὐκ
1417 1835 1503 1871 ἀλλην
1522 1836 1590 1871 φηςι
1611 1845 1654 1868 τις
1673 1837 1721 1864 καὶ
1734 1837 1820 1874 ἄλλην

1024 1881 1074 1917 τὴν
1097 1881 1260 1915 ὲχπόρευσιν
1275 1877 1357 1912 εἷναι,
1373 1880 1423 1915 τὴν
1443 1880 1494 1916 μὲν
1514 1881 1547 1908 ἐκ
1566 1880 1614 1908 τοῦ
1636 1882 1753 1918 Πατρδς,
1768 1883 1820 1918 τὴν

1025 1926 1053 1953 δὲ
1065 1927 1097 1953 ὲκ
1111 1927 1157 1954 τοῦ
1174 1926 1252 1958 Υἱοῦ,
1267 1925 1336 1953 ἀλλὰ
1353 1926 1417 1962 μίαν
1435 1928 1482 1954 καὶ
1495 1927 1545 1963 τὴν
1563 1928 1648 1962 αὐτὴν
1663 1929 1711 1955 καὶ
1727 1929 1819 1964 ἁπλῆν

1026 1973 1059 2000 ὲκ
1073 1973 1121 2000 τοῦ
1134 1974 1242 2008 Πατρὶς
1262 1973 1309 2000 καὶ
1322 1973 1354 1999 ἐκ
1367 1973 1415 2000 τοῦ
1432 1973 1509 2006 Υῑοῦ,
1528 1974 1566 2005 ὡς
1585 1974 1633 2001 τοῦ
1652 1975 1757 2010 Ιιατρὺς
1772 1975 1820 2003 διὰ

1025 2019 1073 2046 τοῦ
1087 2019 1165 2051 Υἱοῦ,
1181 2020 1266 2054 μέσον
1278 2019 1502 2054 προϐαλλομένου
1524 2020 1554 2047 τὸ
1572 2020 1686 2056 Πνεῦμα
1697 2029 1705 2036 ο
1725 2022 1757 2047 ἐκ
1771 2021 1819 2048 τοῦ

1027 2065 1133 2100 Πατρὸς
1149 2065 1203 2099 γὰρ
1224 2065 1238 2091 ὁ
1253 2064 1329 2097 Υἱὸς,
1343 2065 1375 2091 ὲκ
1388 2065 1436 2091 τοῦ
1452 2065 1518 2092 Υιοῦ
1544 2065 1572 2092 δὲ
1587 2066 1617 2093 τὸ
1635 2066 1758 2101 Πνεῦμα.
1776 2067 1819 2094 διὸ

992 2130 1011 2157 D
1027 2112 1073 2137 καὶ
1088 2112 1119 2137 ἐκ
1131 2111 1177 2137 τοῦ
1196 2111 1314 2146 Πατρὸς,
1326 2111 1364 2143 ὡς
1387 2109 1521 2146 εἶναιτὴν
1545 2113 1631 2148 αὐτὴν
1648 2113 1816 2146 ὲχπὸρευσιν

1024 2157 1136 2191 ἁμέσως
1151 2157 1200 2191 μὲν
1216 2158 1248 2184 ἐκ
1263 2157 1310 2183 τοῦ
1335 2157 1415 2190 Υἰοῦ,
1431 2158 1560 2193 ὲμμὲσως
1584 2159 1612 2186 δὲ
1636 2159 1668 2185 ἐκ
1689 2158 1737 2185 τοῦ
1761 2159 1818 2185 Πα-

1022 2203 1103 2237 τρός’
1126 2203 1279 2236 Ἐμμέσως
1299 2203 1327 2230 δέ
1344 2212 1427 2238 φημι,
1441 2204 1490 2240 οὐχ
1507 2206 1545 2236 ὡς
1562 2206 1660 2240 χρόνου
1676 2205 1750 2236 τινὸς
1767 2213 1819 2239 με-

1024 2250 1176 2282 σιτεύοντος
1193 2250 1233 2285 (οὐ
1256 2251 1310 2286 γὰρ
1336 2254 1444 2287 πρῶτον
1473 2253 1522 2287 μὲν
1556 2254 1639 2289 γεννᾷ
1663 2252 1710 2280 τὸν
1741 2252 1816 2284 Υἱὺν,

1023 2296 1082 2324 εἴτι
1097 2297 1139 2323 διὰ
1151 2298 1198 2324 τοῦ
1215 2298 1281 2324 Υἱοῦ
1295 2299 1325 2325 τὸ
1342 2298 1454 2334 Πνεῦμα
1474 2300 1681 2334 προῦἀλλεται),
1697 2299 1755 2327 ἀλλ’
1769 2300 1814 2327 ὃτι

1027 2392 1074 2416 καὶ
1092 2391 1231 2426 ἁνισκευὴ
1246 2391 1324 2421 τρὺτο

1059 2426 1115 2460 (9.6;
1134 2427 1146 2451 Χ
1155 2433 1192 2453 at.
1209 2429 1243 2454 εἰ.

1021 2557 1104 2576 voces
1128 2549 1241 2576 mediale
1257 2555 1280 2576 et
1296 2550 1459 2582 immediate.
1475 2555 1557 2585 prout
1583 2550 1611 2578 in
1624 2550 1676 2578 hac
1700 2553 1814 2580 materia

1023 2589 1202 2618 usurpantur,
1228 2594 1283 2612 non
1305 2591 1379 2612 recte
1391 2586 1550 2620 explanant.
1573 2586 1631 2613 Non
1655 2587 1728 2613 enim
1752 2588 1814 2614 ideo

1018 2620 1107 2647 solum
1120 2621 1242 2654 Spiritus
1258 2629 1292 2647 ex
1308 2622 1400 2651 Patre.
1426 2622 1490 2655 qttia
1509 2627 1597 2649 estex
1613 2621 1693 2652 Filio,
1708 2623 1754 2656 qui
1772 2628 1815 2650 est

1015 2663 1047 2682 ex
1062 2655 1142 2682 Patre
1157 2663 1163 2687 ;
1180 2658 1252 2690 quod
1280 2664 1364 2682 unum
1381 2655 1466 2684 veluti
1483 2657 1643 2690 quaistionis
1655 2655 1811 2691 respectum

1017 2690 1150 2717 duntaxat
1176 2692 1297 2717 exitibet.
1325 2691 1423 2726 Verum
1454 2699 1510 2718 rem
1538 2692 1637 2719 melius
1659 2690 1814 2726 expositam

1017 2726 1077 2752 Vitle
1105 2725 1176 2760 apud
1201 2726 1343 2758 ’l'notnam,
1365 2725 1482 2754 Summa:
1499 2734 1526 2761 p.
1543 2735 1563 2759 t,
1586 2736 1613 2762 q.
1637 2725 1720 2758 56.a.
1740 2727 1765 2755 l.
1784 2728 1814 2756 ln

1016 2763 1195 2795 sequentibus
1227 2767 1316 2788 tamen
1346 2767 1443 2789 auctor
1472 2767 1564 2789 uester
1592 2766 1648 2790 llatc
1669 2763 1721 2790 rite
1746 2771 1810 2798 pcr-

1024 2801 1132 2823 tractat.
