1935 3071
182 102 233 134 2Ῑῖ

762 94 766 98 Α
783 99 929 129 ΝῘίΣΕΤᾸΞ
948 98 1120 128 MARONIE
1127 99 1210 129 .‘ISIS

1750 101 1803 133 204

217 161 348 196 Sequitur
359 160 463 196 prolixa
490 160 523 187 de
538 159 595 196 hoc
621 163 783 196 argumento
802 157 939 196 tractatio,
952 156 995 183 cui
1008 156 1160 196 innectittlr
1172 161 1199 184 et
1214 157 1355 196 Athanasii
1370 157 1683 196 celeberriinnstextus
1700 158 1776 196 Orat.
1794 160 1805 187 Ι

181 191 276 224 contra
299 191 425 225 Aria‘nos,
443 195 462 221 Γ.
480 203 508 221 n.
527 195 570 226 50,
584 201 639 229 quo
655 191 682 221 ἐι
701 193 989 229 Ληᾶι-οηγυιιιιιτιιοζιιδ
1005 191 1217 229 (aptIiBeceum
1230 192 1278 229 Gr.
1290 192 1407 229 orthod.
1426 199 1445 220 t.
1458 193 1480 220 ll
1498 201 1523 227 p.
1543 193 1605 225 582)
1625 194 1726 228 aliique
1743 195 1807 228 pln-

183 233 243 258 rnni
258 235 382 262 utuntur,
400 230 434 257 de
450 237 504 264 quo
520 226 615 256 eonl‘ér
633 229 670 256 De
694 228 802 264 llubeis
814 228 926 264 Dissert.
943 226 971 253 in
987 234 1050 262 opp.
1071 226 1269 262 Tlieopltylaeti
1281 232 1301 254 t.
1314 227 1335 259 Ι,
1353 236 1379 263 p.
1392 235 1454 260 va,
1480 226 1507 254 n7.
1528 229 1562 256 75
1578 229 1624 255 iin.
1642 226 1806 263 Posequitur

183 268 280 294 deinde
293 267 320 293 in
336 265 435 297 Vatic.,
453 262 515 292 cod.
531 265 599 292 1115
615 264 634 291 l‘.
656 265 684 290 11
700 265 725 291 ι›.
745 262 815 290 med.
832 262 956 289 Latinus.

219 337 304 371 Majus
334 335 417 371 igitur
447 334 604 362 secundum
637 337 755 361 vestram
785 331 966 359 assertionem

1055 331 1090 357 Τὸ
1113 332 1205 367 μεῖζον
1224 334 1277 368 ἄρα
1302 334 1372 360 κατά
1391 334 1437 361 τὸν
1461 334 1593 369 ὑμέτερον
1615 333 1693 367 λόγον
1714 335 1806 369 εἴληχε

184 382 335 410 secundum
366 387 514 415 utrumque
545 379 659 406 sortitus
684 383 727 406 est
752 379 834 406 Pater
861 381 889 405 et
914 385 969 405 non

185 427 381 463 magis.nobis.
403 434 485 461 quam
508 426 602 461 potius
616 425 695 452 vobis
715 425 781 459 ipsis
804 425 857 451 hoc
871 424 970 451 absur.

184 474 248 501 dum
265 473 408 503 intulistis,
427 471 564 507 siquidem
587 471 738 499 absurdum
761 470 856 498 dicitis
880 470 970 505 majus

184 522 337 549 secundum
365 521 579 556 proprietatem;
608 520 630 547 si
652 527 718 547 vero
740 519 817 546 vobis
839 519 891 545 hoc
915 526 968 545 non

184 573 226 595 est
243 568 404 599 absurdum,
423 573 511 602 neque
527 566 608 594 nobis
628 566 778 593 absurdum
796 573 856 593 esse
874 565 968 592 dicite.

220 615 246 640 2.
263 615 300 648 (u)
316 613 373 640 Glt.
388 613 458 646 Quid
475 612 581 647 igitur?
601 612 696 639 Nonne
721 611 776 639 duo
802 611 870 638 facis
892 611 968 646 prin-

185 659 267 693 cipia.
281 659 303 686 si
318 659 428 693 quidem
443 659 483 685 ais
498 658 630 693 Spiritum
645 665 679 685 ex
695 657 775 685 Patre
798 661 825 684 et
843 665 875 684 ex
900 656 969 684 Filio

186 705 354 740 proeedere?

223 751 298 778 LAT.
342 750 473 785 Equidem
512 758 567 777 non
609 754 685 785 puto.
722 751 789 777 Nam
823 751 877 778 dno
907 751 970 785 qni-

188 798 251 824 deut
280 798 372 824 dicere
400 797 534 832 principia
560 796 710 824 absurdum
730 801 782 828 est,
799 797 872 823 sicut
894 804 969 824 asse-

187 849 250 870 runt
276 843 467 871 bazretieorum
492 843 582 878 pueri,
613 843 659 878 qui
683 851 767 870 unum
785 848 910 870 statuunt
925 843 1006 882 bo-B

187 896 262 920 num,
291 888 409 914 alterum
427 888 540 919 malum,
573 888 640 914 illud
666 888 775 923 quidem
797 888 886 915 omnis
905 888 969 916 boni

187 935 299 964 lontem,
325 933 377 959 hoc
401 939 466 959 vero
488 933 577 959 omnis
598 933 660 959 mali
690 941 811 964 causam,
836 933 970 967 principia

189 979 239 1006 sibi
257 979 375 1005 invicem
390 978 527 1005 contraria
543 981 625 1012 atque
647 985 739 1004 rerum
756 979 968 1006 contrariarum.

222 1024 279 1052 GR.
299 1025 425 1050 Attamen
441 1023 527 1050 multo
544 1023 640 1058 magis,
660 1031 741 1058 quam
755 1024 847 1052 dicere
861 1029 970 1052 contra-

187 1071 290 1097 riorum
311 1069 448 1097 contraria
471 1069 603 1104 principia
624 1074 652 1097 et
677 1070 730 1096 duo
755 1070 864 1097 duabus
888 1071 971 1098 rebus

186 1108 306 1143 tribuere
325 1114 468 1150 principia,
485 1115 563 1141 alteri
580 1115 707 1147 alterum,
725 1115 874 1143 absurdum
890 1116 971 1151 plane

185 1167 227 1191 est
243 1162 298 1189 duo
314 1162 398 1189 unius
423 1161 600 1196 ejusdemque
624 1161 759 1195 principia
780 1169 892 1196 ponere.
918 1163 970 1190 Ra-

187 1209 253 1235 tioni
269 1208 342 1234 enim
356 1207 441 1241 magis
454 1211 497 1234 est
510 1211 736 1239 consentaneum,
752 1215 837 1235 unum
854 1209 970 1237 duorum

186 1253 353 1288 principium
373 1255 506 1283 statuere,
525 1259 607 1286 quam
622 1251 677 1279 duo
692 1253 784 1279 unius.

222 1297 301 1335 LAT.
323 1298 423 1324 Verum
456 1305 510 1323 non
533 1299 587 1323 duo
609 1297 786 1332 principia,o
802 1297 883 1331 bone,
904 1299 973 1327 diciv

187 1353 259 1377 mus,
286 1343 512 1379 quandoquidem
541 1343 606 1370 dum
634 1351 668 1370 ex
698 1344 806 1372 duobus
836 1346 970 1380 dicimus,

188 1398 273 1418 unum
289 1397 397 1417 rursum
415 1389 533 1417 duorum
550 1388 666 1416 alterunt
688 1389 721 1417 ad
746 1391 863 1418 alterum
874 1393 972 1420 referi-

189 1443 259 1466 mus,
274 1435 310 1462 ita
327 1439 355 1462 ut
377 1439 405 1462 et
423 1434 463 1462 sic
492 1441 575 1460 unum
601 1434 768 1470 principium
792 1436 911 1465 duorum
937 1439 972 1466 sit

188 1488 332 1509 unum.....

1019 379 1079 404 κατ’
1091 379 1246 414 ἀμφότερον
1257 381 1270 407 6
1283 381 1378 416 Πατήρ
1390 389 1395 396 -
1412 381 1459 407 καὶ
1473 381 1521 416 οὐχ
1534 382 1601 416 ἡμῖν
1616 381 1717 416 μᾶλλον
1728 381 1809 408 τοῦτο

1018 423 1049 449 τὸ
1072 423 1190 456 ἄτοπον,
1217 425 1275 452 ἀλλ’
1306 426 1414 458 ἑαυτοῖς
1441 427 1630 461 συνηγάγετε,
1658 427 1714 460 εἴγε
1738 427 1807 460 φατὲ

1019 471 1118 499 ἄτοπον
1137 472 1168 498 τὸ
1184 472 1276 507 μεῖζον
1294 473 1363 500 κατὰ
1381 474 1429 506 τὴν
1448 473 1577 509 ἰδιότητα.
1592 473 1622 498 Εἰ
1635 473 1662 499 δὲ
1678 473 1715 508 μὴ
1725 473 1806 499 τοῦτο

1019 518 1129 551 ἄτοπον,
1144 520 1210 554 μηδὲ
1226 521 1292 554 ἡμῖν
1307 520 1395 546 ἐκεῖνο
1407 518 1486 553 φατέ.

1055 608 1092 643 β’.
1112 608 1164 634 ΓΡ.
1181 608 1213 634 Τί
1232 607 1296 640 06v;
1314 608 1373 643 οὐχὶ
1388 607 1435 634 δύο
1450 608 1536 638 ποιεῖς
1551 607 1647 642 ἀρχὰς,
1662 606 1689 632 εἴ
1705 614 1736 640 γε
1753 606 1807 641 φῂς

1018 655 1047 680 τδ
1071 654 1183 690 Πνεῦμα
1200 655 1232 680 ὲκ
1253 654 1301 680 τοῦ
1323 654 1429 690 Πατρδς
1450 654 1497 680 καὶ
1516 655 1548 680 ἐκ
1565 654 1612 680 τοῦ
1633 653 1699 679 Υἱοῦ
1724 655 1807 679 ἐκπο-

1019 701 1145 735 ρεύεσθαι
1156 701 1230 736 (54);

1054 747 1132 774 ΛΑΤ.
1155 747 1214 773 Οὐκ
1227 747 1315 781 ἔγωγε
1339 745 1427 781 οἶμαι·
1452 746 1482 772 τὸ
1506 745 1555 780 μὲν
1577 744 1630 779 γὰρ
1651 745 1698 770 δύο
1717 743 1807 778 λέγειν

1018 792 1104 827 ἀρχὰς
1113 793 1222 819 ἄτοπον·
1237 792 1327 818 ὁποῖόν
1339 801 1404 826 φασι
1417 792 1510 823 παῖδες
1520 790 1677 826 αἰρετικῶν,
1691 789 1739 825 τὴν
1757 791 1807 825 μὲν

1020 839 1139 870 τιθέντες
1152 839 1268 874 ἀγαθὴν,
1281 839 1330 871 τὴν
1340 839 1367 865 δὲ
1381 839 1502 873 πονηρὰν
1511 858 1518 870 ,
1533 839 1580 864 καὶ
1592 838 1641 872 τὴν
1656 837 1703 872 μὲν
1715 837 1807 871 πηγὴν

1021 886 1120 916 παντὸς
1131 885 1244 918 ἀγαθοῦ,
1259 885 1308 919 τὴν
1323 885 1350 910 δὲ
1363 885 1453 911 αἰτίαν
1468 884 1553 910 κακοῦ
1563 883 1673 914 παντὸς,
1684 883 1806 914 ἐναντίας

1020 930 1147 965 ἀλλήλαις
1166 931 1214 957 καὶ
1229 931 1358 957 ἐναντίων
1377 931 1559 965 πραγμάτων.

1055 1019 1108 1047 ΓΡ.
1127 1019 1225 1046 Καίτοι
1246 1018 1335 1053 πολλῷ
1357 1017 1439 1045 πλέον
1460 1017 1631 1051 ἀτοπώτερον
1645 1016 1698 1042 ντοῦ
1717 1016 1807 1050 λέγειν

1020 1065 1150 1093 ἐναντίων
1161 1065 1284 1096 ἐναντίας
1296 1065 1382 1100 ἀρχὰς
1395 1065 1441 1090 καὶ
1456 1064 1505 1094 τὰς
1518 1063 1563 1089 δύο
1574 1063 1650 1089 δυσὶν
1661 1063 1809 1097 ἀπονέμειν

1021 1111 1156 1147 ἑκατέραν
1167 1111 1291 1146 ἑκατέρῳ
1304 1110 1333 1137 τὺ
1346 1110 1392 1136 δύο
1405 1110 1506 1137 τιθέναι
1517 1109 1564 1136 τοῦ
1580 1108 1663 1135 αὑτοῦ
1679 1109 1726 1135 καὶ
1737 1108 1808 1138 ἑνός.

1021 1157 1211 1192 Εὐλογὼτερον
1227 1158 1281 1191 γὰρ
1296 1157 1326 1183 ’τὸ
1342 1156 1371 1182 ἓν
1386 1156 1487 1192 μᾶλλον
1503 1156 1555 1183 τῶν
1570 1156 1617 1182 δύο
1634 1155 1721 1190 ἀρχὴν
1735 1155 1808 1180 τιθέ-

1021 1213 1064 1231 ναι
1079 1205 1096 1240 ἢ
1115 1205 1148 1231 τὰ
1162 1204 1208 1231 δύο
1221 1204 1267 1230 τοῦ
1281 1204 1352 1236 ἑνός.

1058 1307 1137 1333 ΛΑΤ.
1156 1305 1227 1333 Ἀλλ’
1241 1307 1271 1331 οὑ
1283 1305 1330 1331 δύο
1344 1304 1442 1340 ἀρχὰς,
1457 1301 1479 1330 ὦ
1494 1301 1581 1336 οὗτος,
1599 1304 1699 1338 φαμὲν,
1715 1303 1810 1337 ἐπειδὴ

1022 1352 1051 1385 ἐξ
1066 1353 1168 1388 ἀμφοῖν
1179 1353 1209 1379 τὸ
1223 1352 1252 1379 ἓν
1262 1352 1388 1386 λέγοντες
1400 1351 1481 1378 πάλιν
1492 1351 1546 1378 τῶν
1559 1351 1605 1377 δύο
1621 1351 1652 1377 τὺ
1666 1350 1759 1385 ἕτερον
1771 1351 1810 1379 εὶς

1022 1400 1053 1425 τὸ
1074 1399 1168 1433 ἕτερον
1193 1399 1377 1434 ἀναφέρομεν,
1400 1397 1437 1429 ὡς
1460 1398 1523 1433 μίαν
1543 1398 1590 1423 καὶ
1616 1396 1701 1428 oili-cio;
1723 1395 1810 1431 ἀρχὴν

1023 1443 1093 1473 εῖναι
1106 1446 1161 1473 τῶν
1176 1445 1222 1472 δύο
1234 1446 1263 1472 τὸ
1278 1445 1366 1473 ἕνα...

224 1559 272 1587 llis
290 1561 401 1587 uberius
416 1561 614 1590 demonstratis
632 1562 748 1592 Latinus
760 1563 779 1590 i'.
794 1563 837 1598 η,
849 1571 875 1591 a.
887 1565 961 1593 med.
982 1565 1038 1592 ait:

223 1639 271 1666 Dic
284 1639 379 1673 igitur,
397 1639 419 1666 si
436 1639 531 1672 habes,
546 1640 619 1666 aliud
636 1639 786 1668 absurdum
800 1641 897 1676 dogma
912 1649 972 1669 nos-

1060 1645 1131 1679 Λέγε
1152 1646 1242 1671 τοίνυν
1260 1645 1284 1672 ει
1301 1645 1371 1680 ἔχεις
1395 1645 1489 1681 ἕτερον
1508 1645 1608 1673 ἄτοπον
1633 1646 1672 1681 τῷ
1686 1647 1811 1682 ἡμετέρῳ

191 1689 262 1712 trum
289 1692 427 1719 sequens:
454 1693 516 1720 quas
538 1685 666 1720 praedicta
692 1691 768 1719 sunt,
796 1694 828 1714 ea
853 1687 898 1714 vel
917 1695 974 1715 non

188 1738 254 1758 vera
271 1738 333 1758 esse
357 1731 476 1758 absurda
497 1731 538 1758 vel
557 1739 612 1759 non
636 1731 699 1759 inde
715 1733 913 1768 consequentia
929 1741 974 1761 os-

190 1781 268 1804 tensa
290 1783 363 1804 sunt.
387 1777 575 1812 Sophisticum
602 1785 668 1805 vero
690 1783 731 1806 est
748 1787 808 1813 quae
830 1787 885 1806 non
911 1784 976 1806 sunt

189 1823 361 1850 consectaria
377 1823 517 1858 appellare
532 1824 702 1851 consectaria
727 1829 754 1852 et
770 1832 831 1860 quze
842 1831 896 1852 non
912 1829 975 1853 sunt

189 1869 310 1897 absurda
329 1877 379 1904 pro
401 1869 528 1897 absurdis
548 1870 710 1898 obtrudcre.

225 1916 252 1942 5.
268 1914 325 1942 GR.
346 1915 381 1951 (υ)
399 1915 452 1943 Sed
468 1916 490 1942 si
519 1915 644 1950 Spiritus
666 1916 792 1951 procedit
814 1917 925 1952 quidem
942 1925 975 1944 ex

190 1963 281 1994 Patre,
301 1962 427 1997 procedit
441 1969 507 1989 vero
525 1964 608 1990 etiam
623 1971 657 1989 ex
670 1963 750 1995 Filio,
764 1968 793 1990 et
816 1964 838 1990 si
857 1963 976 1998 Spiritus

191 2008 343 2042 productor
363 2012 404 2035 cst
419 2008 510 2041 Pater,
537 2012 564 2035 et
581 2009 730 2043 productor
753 2017 861 2044 quoque
880 2009 975 2043 Filius,

191 2061 315 2088 quasnam
335 2058 377 2081 est
397 2054 553 2080 diil‘crentia
573 2053 646 2080 inter
662 2054 856 2089 productorem
873 2059 976 2090 etpro-

191 2099 350 2130 ductorem.
382 2099 454 2125 inter
468 2099 673 2132 processiouem
705 2107 739 2127 ex
764 2099 844 2127 Patre
866 2104 893 2127 et
913 2108 976 2135 pro-

144 2150 152 2155 ‘
192 2145 343 2172 cessionem
355 2152 388 2170 ex
402 2144 490 2171 Filio?

228 2190 306 2218 [ΑΤ-
324 2190 373 2216 Dic
397 2190 464 2216 mihi
489 2190 569 2225 prius
591 2194 619 2217 et
636 2191 705 2226 ipse,
719 2198 843 2225 quasnam
863 2191 900 2218 sit
924 2190 977 2218 dif-

193 2236 309 2263 ferentia
339 2236 410 2262 inter
434 2236 642 2270 generationem
668 2241 696 2263 et
714 2237 929 2270 processionem,
951 2241 978 2264 et

192 2290 243 2317 rgo
256 2282 304 2308 tibi
321 2282 421 2313 dicam.
436 2290 495 2316 quae
519 2282 554 2309 sit
578 2282 732 2310 diﬂ'erentia
743 2283 814 2310 inter
826 2283 979 2318 processio-

1028 1690 1159 1725 ἑπόμενον
1180 1691 1312 1725 δόγματι·
1327 1691 1364 1722 ὡς
1376 1691 1410 1717 τά
1425 1699 1457 1724 γε
1473 1691 1661 1726 προειρημένα
1677 1692 1809 1719 δέδεικται

1025 1735 1042 1771 ἢ
1059 1735 1122 1761 ὄντα
1140 1736 1176 1770 μὴ
1200 1736 1288 1763 ἄτοπα
1306 1737 1322 1772 ἢ
1341 1736 1379 1771 μὴ
1397 1736 1526 1772 ἑπόμενα.
1546 1738 1707 1771 Σοφιστικὸν
1729 1738 1756 1764 δὲ
1778 1740 1813 1764 τὰ

1027 1780 1065 1815 μὴ
1090 1781 1210 1816 ἐπῦμενα
1233 1781 1323 1816 λέγειν
1342 1776 1473 1817 ἑπόμενα,
1495 1782 1542 1808 καὶ
1565 1782 1599 1809 τὰ
1612 1782 1650 1817 μὴ
1667 1782 1756 1810 ἄτοπα
1775 1783 1813 1815 ὡς

1026 1826 1112 1853 ἄτοπα
1122 1826 1254 1854 τίθεσθαι.

1062 1915 1098 1949 γ’.
1123 1915 1175 1941 ΓΡ.
1200 1914 1268 1941 Ἀλλ’
1286 1915 1310 1941 εἰ
1326 1914 1355 1941 τὸ
1378 1914 1490 1951 Πνεῦμα
1508 1914 1688 1950 ἐκπορεύεται
1713 1914 1763 1946 μὲν
1783 1915 1814 1940 ἐκ

1026 1961 1074 1988 τοῦ
1094 1962 1212 1997 Πατρδς,
1228 1961 1408 1996 ἐκπορεύεται
1424 1961 1452 1987 δὲ
1475 1961 1521 1988 καὶ¹
1543 1961 1574 1986 ὲκ
1598 1960 1645 1986 τοῦ
1669 1960 1744 1992 Υιοῦ,
1769 1961 1815 1986 καί

1027 2009 1084 2035 ἐστι
1100 2007 1146 2034 τοῦ
1166 2008 1323 2042 Πνεύματος
1341 2002 1576 2043 προῦολεὺςνκαὶὸ
1594 2007 1698 2043 Πατὴρ,
1717 2008 1818 2044 προϐῇ-η

1027 2053 1088 2084 λεὺς
1106 2053 1152 2079 καὶ
1167 2053 1180 2079 ὁ
1195 2052 1272 2085 Υἱὸς,
1291 2053 1332 2084 τίς
1346 2054 1362 2088 ἡ
1380 2052 1496 2088 διαφορὰ
1512 2053 1667 2088 προϐολέως
1684 2053 1731 2079 καὶ
1750 2061 1816 2088 προ-

1027 2099 1129 2130 ϐολέως
1140 2119 1147 2131 ,
1167 2100 1356 2134 ὲκπορεύσεως
1373 2100 1424 2134 τῆς
1441 2101 1472 2127 ὲκ
1489 2100 1595 2135 Πατρὺς
1614 2101 1661 2126 καὶ
1678 2099 1814 2134 ὲκπορεὺη

1029 2153 1097 2176 σεως
1112 2145 1161 2180 τῆς
1178 2146 1209 2172 ὲκ
1224 2146 1270 2171 τοῦ
1287 2145 1351 2172 Υἱοῦ
1368 2146 1442 2181 (5Ξὶ);

1063 2191 1141 2218 ΛΑΤ.
1157 2192 1263 2226 Φράσον
1281 2201 1326 2226 μοι
1346 2192 1479 2227 πρότερον
1495 2192 1542 2218 καὶ
1555 2192 1647 2223 αὐτὸς,
1663 2193 1706 2223 τίς
1723 2193 1738 2227 ἠ
1755 2191 1814 2219 δια‹

1030 2237 1100 2272 φορὰ
1117 2237 1270 2272 γεννήσεως
1286 2238 1331 2263 καὶ
1347 2237 1554 2273 ἐκπορεύεςεως,
1584 2237 1661 2270 κάγώ
1683 2245 1724 2263 σοι
1741 2237 1796 2272 ὲρῶ
1807 2257 1814 2269 ,

1029 2283 1072 2314 τίς
1098 2283 1114 2318 ὴ
1140 2283 1257 2318 διαφορὰ
1283 2283 1473 2318 ἐκπορεὺσεως
1499 2284 1548 2317 τῆς
1575 2283 1608 2310 ὲκ
1636 2283 1741 2318 Πατρὺς
1769 2284 1817 2309 καὶ

195 2335 257 2354 nem
274 2335 306 2353 ex
326 2327 406 2354 Patre
422 2331 449 2354 et
464 2328 668 2362 processionem
692 2335 726 2354 ex
748 2327 827 2354 Filio.
854 2327 884 2354 In
908 2334 972 2362 pra»

1032 2328 1220 2363 ἐκπορεὺσεως
1232 2329 1280 2363 τῆς
1297 2330 1327 2356 ἐκ
1342 2328 1389 2355 τοῦ
1402 2329 1477 2355 Υἱοῦ.
1490 2329 1547 2355 Νῦν
1558 2329 1586 2355 δὲ
1598 2329 1726 2355 τοσοῦτον
1737 2328 1815 2361 λέξω,

194 2373 283 2400 sentin
297 2376 403 2400 tantum
417 2373 516 2404 ditant,
534 2373 606 2400 haud
625 2373 748 2401 dividere
768 2378 874 2408 tempus
894 2373 979 2399 ullum

195 2421 399 2454 processioncm
425 2426 457 2445 ex
481 2419 561 2446 Patre
578 2423 606 2446 et
623 2419 827 2454 processionem
849 2427 882 2446 ex
899 2419 978 2446 Filio.

194 2467 288 2501 Neque
319 2465 392 2493 enim
427 2466 506 2500 prius
536 2465 649 2500 quidem
680 2473 714 2493 ex
746 2466 825 2492 Patre
856 2465 979 2499 procedit

230 2558 287 2592 (5t)
301 2556 371 2583 Nota
395 2555 574 2592 marginalisz
597 2555 710 2592 Ἕτερον
728 2553 849 2592 ἄτοπον..
869 2554 909 2580 ὅτι
928 2554 975 2592 δύο

196 2588 358 2626 συνάγονται
382 2588 467 2626 ἁρχυῗ
483 2590 529 2617 τοῦ
546 2590 714 2623 Πνεύματος,
739 2589 753 2613 ὁ
776 2588 870 2623 Πατὴρ
891 2591 938 2616 καὶ
960 2590 974 2615 ὁ

194 2629 257 2659 Υιᾶς
267 2636 273 2642 ·
288 2628 333 2653 καὶ
354 2629 420 2661 πρὸς
435 2626 513 2652 τοῦτο
526 2626 613 2654 λύσις.

231 2705 270 2740 (u)
290 2705 413 2732 Alterum
436 2703 586 2740 absurdum
600 2722 608 2735 ,
623 2703 710 2740 iquod
731 2702 981 2740 duq__i_nducgntur

195 2737 332 2775 principia
361 2740 479 2774 Spiritus
495 2739 703 2775 sancti,_l’ater
726 2744 753 2765 et
778 2738 872 2764 Filius.
893 2737 927 2764 Et
943 2737 979 2775 ad

196 2773 248 2802 hoc
265 2773 428 2836 ἰόιιιιίυίοΐ.
448 2775 525 2802 Pliot.
544 2774 581 2801 De
593 2773 686 2809 Spirit.
706 2779 789 2800 εαιιίι.
803 2773 976 2808 mystagogin,

196 2816 256 2844 cap.
289 2829 297 2837 .

1030 2374 1070 2400 ὅτι
1087 2375 1117 2400 οὐ
1133 2374 1227 2409 χρόνος
1240 2374 1377 2409 διατέμνει
1392 2383 1433 2406 τις
1447 2374 1496 2410 τὴν
1510 2376 1541 2401 ὲκ
1558 2375 1604 2401 τοῦ
1618 2374 1724 2410 Πατρὸς
1736 2375 1818 2400 ἐκπό-

1032 2427 1124 2454 ρευσιν
1137 2419 1184 2445 καὶ
1198 2420 1247 2453 τὴν
1262 2420 1294 2446 ἐκ
1309 2419 1357 2446 τοῦ
1369 2420 1445 2448 Υὶοῠ.
1459 2421 1496 2446 Οὐ
1508 2421 1562 2454 γὰρ
1578 2419 1710 2453 πρότερον
1724 2420 1771 2454 μὲν
1785 2421 1818 2445 ἐκ

1031 2465 1077 2492 τοῦ
1094 2466 1198 2502 Πατρδς
1214 2467 1405 2502 ἐκπορεύεται,
1422 2467 1537 2501 ὕστερον
1552 2466 1580 2493 δὲ
1594 2467 1627 2493 ὲκ
1642 2465 1690 2492 τοῦ
1708 2466 1784 2499 Υἱοῦ,
1800 2466 1816 2501 ἢ

1036 2590 1040 2591 ν
1061 2554 1120 2591 (55)
1133 2555 1203 2591 Nota
1217 2554 1393 2589 marginalis:
1413 2555 1527 2591 Ἀπορία
1541 2565 1548 2571 ·
1566 2556 1607 2587 τις
1621 2555 1739 2590 διαφορὰ
1752 2564 1818 2590 προ-

1028 2590 1129 2620 ὀολέως
1149 2590 1197 2616 καὶ
1217 2590 1372 2624 προῦολέως
1389 2591 1436 2617 καὶ
1452 2590 1654 2626 ἐκπορεύεσθαι
1673 2592 1721 2618 καὶ
1735 2592 1818 2617 ἐκπο-

1029 2625 1156 2660 ρεύεσθαι
1172 2632 1179 2640 ·
1196 2626 1242 2653 καὶ
1253 2625 1339 2656 λύσις.

1072 2702 1106 2738 (υ)
1123 2703 1290 2730 DilIicultas:
1307 2704 1435 2737 Quamam
1451 2704 1606 2733 diil‘ercntia
1625 2705 1696 2733 inter
1718 2703 1820 2739 produ-

1033 2742 1138 2776 ctorem
1161 2744 1188 2766 et
1206 2739 1411 2776 productorem,
1428 2746 1511 2776 atque
1530 2741 1601 2768 inter
1621 2740 1772 2775 procedere
1791 2743 1820 2767 et

1033 2773 1194 2801 'trocedcre.
1211 2774 1244 2800 Et
1262 2774 1374 2803 solutio.
