1935 3071
169 80 220 114 907

751 79 916 116 .NICETJE
936 83 1200 114 MAltONIENSlS

1726 100 1730 103 -
1743 83 1794 114 εδδ

169 140 308 176 perticies‘,
325 148 438 176 corpora
454 150 460 174 ;
477 140 503 167 in
522 140 648 169 discretis
677 141 778 174 autem,
794 148 821 169 et
845 141 955 176 quidem

1010 140 1221 176 διωρισμένως,
1251 139 1279 164 ἐν
1307 137 1418 172 ἀριθμῷ
1452 137 1501 171 μὲν
1534 137 1570 168 ὡς
1599 136 1693 171 μονὰς,
1721 129 1786 167 sua;

167 188 194 213 iu
214 194 339 218 numero,
364 191 393 213 ιιι
420 186 521 219 unitas,
534 187 683 217 hinarium.
701 187 849 214 ternarium
866 196 873 220 ;
889 192 957 219 etc.,

168 233 195 258 in
212 239 338 259 sermone
350 239 414 258 vero
429 236 458 258 ut
473 232 581 264 litterae,
594 233 713 268 syllahm,
726 234 848 265 nomina.
862 234 956 266 verba,

167 282 194 304 et
209 279 309 304 oratio.
328 278 356 304 In
371 279 500 313 qualibus
515 283 543 305 ut
559 280 662 313 passio,
683 279 803 311 aﬂ'ectio,
821 281 930 307 habitus
947 289 954 314 ;

167 329 194 350 et
212 324 238 350 in
257 324 361 358 ﬁguris,
391 329 420 351 ut
446 329 511 351 sunt
529 325 667 358 circuitis,
687 326 870 361 triangulum,
889 333 955 360 qua-

166 370 329 405 drangulum
348 376 374 396 et
391 375 500 402 ca'tcra;
517 377 544 398 et
560 372 585 398 in
603 372 636 399 iis
653 381 713 406 qua:
728 373 890 407 qualitatum
910 381 957 400 ca-

167 416 242 449 pacia
252 421 313 442 sunt
322 421 350 443 et
363 417 513 444 secundum
524 417 584 452 plus
597 421 624 444 et
635 419 726 445 minus
735 419 956 451 considerantur,

167 461 248 496 quale
262 466 303 488 est
318 461 410 489 minus
425 463 518 489 album
536 469 564 491 et
575 464 667 498 magis
683 464 787 496 album,
814 470 841 491 et
868 465 958 492 adhuc

169 508 255 543 magis
274 508 366 535 album
380 514 407 536 et
424 509 541 536 maxime
556 509 666 542 album;
684 515 711 537 et
725 511 816 537 minns
833 511 953 538 calidum

169 557 196 580 et
208 553 293 588 magis
307 553 435 585 calidum,
451 558 479 580 et.
489 554 579 581 adhuc
591 555 706 582 calidius
717 561 745 582 et
759 555 876 582 maxime
893 555 959 582 eali-

167 599 327 634 dum,atque
337 600 378 626 his
389 599 504 632 similia;
517 601 589 627 unde
602 605 627 627 et
641 601 807 628 medicorum
818 601 895 635 pueri
905 601 957 628 alia

168 647 364 673 medicamenta
381 646 459 680 primi
474 646 579 673 ordinis
589 647 753 678 dieunt,alia
766 647 890 678 secundi,
904 647 955 673 alia

173 691 258 722 tertii,
276 691 330 717 imo
347 696 373 718 et
392 691 443 718 alia
462 692 562 725 quarti.
580 692 617 718 Ita
633 692 734 726 pariter
746 693 813 719 etin
831 692 957 719 faciendo

168 741 196 764 et
215 737 365 772 patiendo:
382 742 444 764 nam
461 737 546 772 magis
563 742 590 764 et
607 739 698 765 minus
716 743 746 764 ut
762 745 789 764 et
803 739 918 765 maxime
930 744 957 765 et

170 784 196 810 in
213 784 257 810 his
270 784 359 810 locum
380 783 472 815 habet,
490 784 529 810 sic
544 784 624 810 etiam
641 784 668 810 in
691 784 762 815 loco,
788 791 849 810 nam
874 792 956 818 supra

170 830 211 856 vel
230 829 299 856 infra
317 850 324 860 .
345 830 377 856 ad
397 829 536 856 dexteram
553 830 594 856 vel
607 829 639 856 ad
660 829 812 861 sinistram,
840 835 903 856 ante
929 836 954 857 ct

170 880 229 909 post
242 876 284 902 vel
304 875 407 902 circum
436 875 477 902 vel
505 876 531 902 in
560 875 650 902 medio
669 872 792 902 ordinem
811 876 955 908 quemdam

170 921 281 948 habent.
298 921 342 948 Sic
355 927 379 948 et
395 921 421 948 in
432 925 567 956 tempore,
583 922 651 954 h‘cri,
674 921 766 953 hodie,
782 930 852 953 cras,
869 922 954 956 prius,

170 975 243 994 nunc
251 973 279 994 et
290 969 434 1002 posterius,
445 967 479 994 ad
490 967 614 1001 ordinem
627 967 830 1002 spectantJtem
839 973 866 995 et
876 968 903 994 in
914 975 956 995 re-

169 1014 241 1046 latis;
260 1014 316 1040 sive
331 1014 403 1040 cnim
418 1013 496 1048 prius
505 1017 531 1041 et
545 1014 692 1048 posterius,
702 1013 758 1041 sive
767 1013 956 1048 sitnuiin’ipsis

170 1060 308 1087 invenitur
323 1079 330 1091 ,
347 1059 404 1086 hzec
421 1067 532 1094 quoque
545 1065 609 1087 sunt
622 1059 737 1086 ordinis.
756 1059 858 1086 Eodem
873 1059 956 1086 modo

168 1111 196 1132 et.
210 1107 236 1132 in
252 1107 380 1132 omnibus
393 1110 419 1132 et
433 1105 582 1132 uuiversim
598 1105 625 1132 in
640 1106 764 1140 quolibet
776 1113 884 1138 eorum,
894 1113 955 1140 qu:e

168 1152 343 1187 singulariter
353 1152 539 1179 etsecundum
554 1160 583 1179 se
595 1152 654 1188 ipsa
668 1153 888 1185 considerantur,
901 1160 955 1179 non

169 1197 223 1224 erit
240 1197 320 1230 ordo;
336 1197 381 1224 ubi
406 1205 472 1224 vero
489 1205 622 1224 numerus
637 1197 748 1232 quidam
765 1197 806 1224 vel
823 1197 956 1224 habitudo

169 1242 202 1269 ad
219 1242 336 1270 alterum
354 1242 516 1277 percipitur,
531 1242 569 1269 ibi
586 1246 614 1269 et
629 1243 697 1270 ordo
711 1247 763 1274 est,
789 1243 845 1270 sive
856 1251 900 1270 res
915 1247 957 1270 est

169 1293 272 1315 natura:
286 1296 424 1323 corporea:
432 1288 580 1322 cognitioni
591 1288 772 1318 subdita,sive
780 1289 812 1315 ad
823 1289 956 1316 rationem

169 1340 305 1368 spectans,
323 1335 380 1361 sive
396 1335 588 1361 mathematice
604 1335 787 1367 considerata,
800 1335 858 1362 sive
874 1336 956 1362 etiam

172 1381 314 1415 theologhe
327 1382 504 1408 conveniens.
515 1381 595 1408 Verbi
615 1382 716 1415 gratia:
727 1389 833 1413 lnonas,
846 1382 956 1415 quando

170 1427 322 1454 secundum
331 1435 360 1454 se
369 1427 453 1462 ipsam
460 1427 662 1458 consideratur,
669 1427 773 1462 absque
782 1427 955 1459 habitudine,

171 1477 198 1499 ct
227 1472 284 1498 sola
312 1476 354 1499 est
378 1477 461 1507 atque
491 1479 575 1506 supra
595 1471 720 1499 ordinem
739 1493 745 1504 ,
764 1473 874 1506 quando
891 1479 956 1499 vero

171 1519 360 1546 consideratur
372 1518 404 1544 ad
417 1518 553 1544 binarium
570 1522 597 1544 et
610 1518 758 1544 ternarium
771 1525 802 1545 ac
811 1522 958 1553 sequentes

171 1572 316 1598 numeros,
342 1572 396 1591 non
421 1563 583 1598 simpliciter
600 1563 704 1590 dicitur
723 1570 839 1596 m‘onas,
857 1564 905 1590 sed
929 1569 958 1591 et

171 1610 257 1646 prima
267 1614 293 1637 et
302 1616 479 1636 numerorum
487 1608 663 1643 principium.
673 1607 718 1635 Sic
725 1609 829 1642 pariter
835 1609 957 1635 elemen-

172 1661 241 1686 tum,
262 1655 341 1690 quale
356 1659 398 1681 est
410 1658 492 1684 terra,
508 1661 578 1688 aqua
591 1658 619 1680 et
634 1657 732 1680 etetera
745 1673 752 1685 ,
770 1653 835 1680 dum
858 1661 958 1681 secunc

171 1702 236 1728 dum
249 1708 278 1728 se
293 1701 329 1727 ita
347 1699 556 1726 considerantur
571 1703 598 1725 et
614 1698 744 1725 dicuntur
755 1718 762 1731 ,
780 1699 865 1725 relate
892 1706 957 1726 vero

171 1745 204 1772 ad
223 1745 355 1772 mundum
372 1745 531 1771 universum
550 1747 577 1770 et
601 1751 634 1770 ea
645 1751 711 1778 ,qum
733 1750 766 1770 ex
792 1743 860 1778 ipsis
881 1747 959 1776 sunt,

171 1791 305 1818 elementa
322 1795 349 1817 et
363 1789 495 1825 principia
517 1793 591 1815 sunt.
616 1789 715 1823 Viginti
729 1794 847 1824 quatuor
858 1789 958 1817 littera:

172 1837 323 1865 secundum
339 1844 368 1864 se
386 1839 451 1862 sunt
465 1835 574 1867 iitterm,
587 1835 722 1862 elementa
739 1842 805 1862 vero
826 1839 856 1862 ut
881 1835 958 1862 initia

170 1883 336 1920 syllabarum
345 1887 371 1909 ct
382 1889 475 1909 eorum
485 1889 545 1915 quze
555 1880 793 1915 sequunturldem
805 1880 848 1907 dic
859 1880 892 1907 de
901 1880 956 1914 die;

171 1931 231 1958 dies
245 1931 320 1958 enim
335 1937 407 1956 unus
421 1932 464 1956 est
477 1928 628 1955 secundum
645 1934 684 1958 se,
708 1927 812 1961 primus
834 1934 899 1953 vero
915 1934 958 1953 re-

173 1978 228 2004 late
246 1977 280 2003 ad
299 1976 358 2003 dies
375 1975 421 2010 qui
440 1980 502 2009 post
528 1973 616 2008 ipsum
643 1978 725 2004 sunt,
744 1974 814 2000 unde
842 1973 958 2000 fortasse

174 2024 262 2050 Moses
287 2030 398 2057 quoque
422 2021 540 2056 primum
558 2020 631 2046 diem
649 2019 802 2046 secundum
820 2027 849 2046 se
866 2019 958 2045 consi-

172 2069 292 2099 derans,
335 2072 467 2100 tanquam
496 2065 617 2092 nondum
664 2064 744 2091 factis
781 2065 960 2099 sequentibus

173 2115 270 2142 diebus
296 2122 377 2140 unum
407 2109 563 2147 appellavit,
589 2119 652 2138 cum
672 2118 738 2138 vero
760 2115 787 2137 et
812 2114 959 2145 sequentes

173 2161 231 2189 dies
249 2160 454 2192 successerint,
484 2159 550 2187 licet
574 2167 635 2185 eum
667 2163 696 2185 et
719 2158 838 2193 primum
866 2159 958 2186 dicere

174 2207 258 2233 relate
273 2205 306 2233 ad
322 2206 398 2232 istos.
412 2205 445 2232 Et
461 2212 516 2231 non
530 2204 627 2239 ignoro
646 2211 752 2234 causas.
767 2208 879 2238 propter
891 2212 959 2239 quas

174 2253 303 2280 dixerunt
314 2251 401 2278 sancti
413 2257 497 2277 unum
513 2258 572 2277 esse
594 2253 622 2277 et.
637 2249 772 2276 nominari
784 2249 857 2276 diem
870 2250 958 2282 illum,

175 2307 264 2334 neque
280 2298 371 2326 sciens
386 2305 433 2324 eas
462 2296 577 2331 repudio
591 2296 634 2323 vel
648 2295 714 2322 mihi
729 2295 855 2330 proprias
870 2295 960 2323 facere

172 2347 308 2376 detrecto,
322 2344 376 2370 imo
384 2342 485 2370 etnovi
497 2346 524 2370 et.
540 2346 596 2369 tota
611 2346 701 2369 mente
717 2341 875 2376 amplector.
888 2342 962 2368 Rur-

172 2399 233 2420 sum
250 2391 322 2418 Dcus
339 2394 367 2416 ct
382 2397 454 2416 unus
467 2393 494 2415 et
510 2389 586 2415 solus
600 2392 642 2415 est
657 2396 664 2421 ;
682 2387 729 2414 sed
742 2387 850 2422 quando
871 2387 963 2415 consi-

172 2439 285 2464 deratur
299 2436 382 2462 relate
390 2434 423 2461 ad
433 2438 563 2465 mentem,
574 2433 692 2459 animam
707 2432 736 2460 ἐι
750 2440 876 2467 corpora,
898 2437 963 2460 tunc

173 2489 201 2512 ct
213 2483 318 2519 primus
326 2480 478 2509 secundum
488 2480 611 2507 ordinem
626 2479 786 2506 utomnium
796 2479 962 2514 principium

172 2534 255 2558 etest
269 2533 298 2555 et.
312 2528 423 2554 dicitur.
438 2527 539 2554 Verum
558 2525 679 2552 etiamin
692 2523 783 2551 divina
797 2529 896 2550 natura
911 2531 963 2550 nu-

173 2583 268 2603 merus
290 2577 332 2601 est
356 2573 466 2600 trinitas
482 2579 566 2606 supra
592 2577 737 2597 uulnerum
755 2569 872 2602 elevata,
886 2573 914 2596 et
932 2569 959 2596 in

173 2621 333 2656 angelorum
352 2623 450 2646 natura
463 2622 545 2652 atque
572 2614 608 2643 in'
626 2620 722 2642 natura
747 2616 866 2643 hominis
894 2623 961 2642 con-

174 2674 260 2703 gruos
279 2673 432 2698 numerus;
454 2663 534 2691 multi
563 2662 636 2689 enim
653 2666 718 2689 sunt
733 2662 820 2696 angeli
835 2666 863 2689 et
881 2663 959 2690 multi

175 2712 315 2745 homines;
331 2716 398 2738 tunc
411 2714 439 2737 et
455 2710 523 2737 ordo
538 2709 565 2735 in
583 2708 625 2736 his
647 2708 848 2743 consideratur,
862 2716 958 2736 verum

211 2804 266 2839 (37)
287 2804 319 2830 Ἠ
332 2804 379 2839 γῆ,
392 2803 426 2830 al.
443 2803 508 2838 ήγῆ.

1010 186 1100 220 τριὰς,
1129 186 1228 220 τετρὰς
1255 185 1301 211 καὶ
1320 184 1393 218 ἑξῆς,
1423 185 1450 210 ὲν
1473 183 1544 218 λόγῳ
1564 183 1591 209 δὲ
1606 183 1644 214 ὡς
1664 184 1796 217 στοιχεῖα,

1012 232 1157 264 συλλαϐαὶ,
1185 231 1320 266 ὀνόματα,
1346 231 1458 266 ῥήματα
1477 231 1524 257 καὶ
1545 230 1624 264 λόγος
1641 239 1648 246 ·
1664 230 1698 255 ἐν’
1709 232 1797 261 ποιοῖς

1009 278 1037 305 δὲ
1049 278 1086 310 ὡς
1104 278 1202 309 πάθος,
1216 276 1351 308 διάθεσις,
1369 276 1446 308 ἕξις·
1465 276 1513 302 καὶ
1530 276 1558 302 ὲν
1572 276 1627 307 τοῖς
1647 276 1795 310 σχήμασιν,

1005 324 1046 356 ὼς
1062 324 1173 356 κύκλος,
1188 324 1333 358 τρίγωνον,
1350 322 1537 357 τετράγωνον,
1553 322 1600 348 καὶ
1612 321 1676 355 ἑξῆς
1687 328 1694 335 ⁶
1711 321 1796 346 καὶέν

1009 372 1065 402 τοῖς
1081 370 1136 396 τῶν
1157 371 1311 404 ποιοτήτων
1329 367 1465 399 δεκτικοῖς
1479 367 1552 393 κατὰ
1573 367 1604 392 τὸ
1630 366 1730 400 μᾶλλον
1750 366 1797 391 καὶ

1007 414 1090 453 ἦττον
1107 417 1318 452 θεωρουμένοις,
1333 412 1390 441 οἷόν
1405 415 1464 440 ὲστι
1482 415 1512 440 τὸ
1532 411 1616 449 ἦττον
1634 412 1729 439 λευκὸν
1750 412 1797 437 καὶ

999 465 1038 490 ,τὸ
1056 464 1158 498 μᾶλλον
1186 463 1234 488 καὶ
1254 462 1284 488 το
1307 462 1348 488 ἔτι
1366 461 1528 496 λευκότερον
1546 461 1594 486 κα)⁸
1612 459 1642 485 τὸ
1667 458 1794 492 μάλιστα,

1009 510 1057 536 καὶ
1073 510 1103 535 τὸ
1119 506 1200 544 ἦττον
1215 508 1317 543 θερμὸν
1330 509 1377 534 καὶ
1390 507 1420 534 τὸ
1434 506 1545 541 μᾶλλον,
1560 506 1608 532 καὶ
1624 505 1653 531 τὸ
1672 504 1715 530 ἔτι
1732 504 1796 538 θΞρ-

1011 556 1126 591 μότερον
1140 555 1186 581 καὶ
1201 555 1231 580 τὶ
1249 555 1377 588 μάλιστα,
1391 553 1438 579 καὶ
1451 552 1486 578 τὰ
1503 551 1627 577 τοιαῦτα.
1646 550 1727 576 Ὅθεν
1748 550 1796 575 καὶ

1011 601 1111 636 ἰατρῶν
1140 601 1234 632 παῖδες
1263 601 1297 626 τὰ
1325 599 1375 635 μὲν
1398 598 1510 633 πρώτης
1531 596 1634 629 τάξεώς
1659 605 1727 631 φασι
1744 595 1797 621 τῶν

1009 647 1177 684 φαρμάκιον,
1192 647 1225 673 τὰ
1237 647 1266 673 δὲ
1282 646 1412 680 δευτέρας
1424 665 1431 677 ,
1455 645 1488 670 τὰ
1508 645 1536 670 δὲ
1558 644 1665 679 τρίτης,
1683 643 1750 669 ἄλλα
1769 639 1797 667 ίέ

1009 695 1161 728 τετάρτης.
1186 693 1327 724 Ὡσαύτως
1346 692 1374 719 δὲ
1401 692 1446 718 καὶ
1464 692 1492 718 ὲν
1506 690 1544 725 τῷ
1568 690 1655 716 ποιεῖν
1679 689 1726 715 καὶ
1744 688 1797 714 πά-

1011 749 1086 775 σχειν
1101 749 1107 755 ·
1123 741 1151 767 τὸ
1169 740 1271 773 μᾶλλον
1288 741 1342 775 γὰρ
1362 739 1409 766 καὶ
1431 739 1461 764 τὸ
1482 736 1565 774 ἧττον
1583 737 1629 763 καὶ
1645 737 1673 762 ἐν
1691 737 1796 765 τούτοις

1010 785 1058 812 καὶ
1072 786 1101 812 τὺ
1119 786 1249 820 μάλιστα.
1279 781 1359 811 Ἀλλὰ
1381 784 1428 811 καὶ
1446 785 1475 810 ὲν
1497 784 1573 818 τόπῳ
1589 791 1595 797 ·
1619 783 1649 808 τδ
1666 781 1721 817 γὰρ
1741 782 1797 807 ἅνω

1010 832 1026 867 ἢ
1043 833 1116 858 κάτω
1133 832 1149 867 ἦ
1166 831 1240 866 δεξιᾷ
1257 832 1272 867 ἢ
1289 831 1433 865 ἀριστερᾷ,
1447 830 1463 864 ἢ
1481 828 1635 864 ἔμπροσθεν
1651 827 1667 862 ἢ
1685 825 1797 852 ἤπισθιν

1010 878 1026 912 ἢ
1055 877 1136 913 πέριξ
1158 878 1173 912 ἤ
1199 879 1228 904 ἐν
1250 877 1289 912 τῷ
1314 877 1390 912 μέσῳ
1407 875 1484 907 τάξιν
1509 874 1566 910 ἔχει
1582 874 1660 901 τινά.
1686 873 1741 899 Καὶ
1768 873 1798 898 ἐν

1010 924 1110 958 χρόνῳ,
1131 925 1161 950 τὸ
1177 923 1239 958 χθὲς
1253 923 1299 949 καὶ
1317 923 1344 948 τὸ
1362 923 1484 958 σήμερον
1496 921 1542 947 καὶ
1557 921 1587 946 τδ
1601 920 1695 954 αὔριον
1706 919 1754 945 καὶ
1767 918 1798 944 τὺ

1012 971 1146 1004 πρότερον
1163 970 1211 996 καὶ
1230 969 1259 995 τὸ
1278 967 1325 995 νῦν
1338 968 1385 994 καὶ
1399 967 1429 993 τὸ
1446 967 1560 1001 ὕστερον
1578 965 1692 998 τάξεως.
1716 963 1796 990 ’Ᾱλλὰ

1010 1018 1057 1043 καὶ
1071 1017 1100 1042 ἐν
1120 1017 1176 1047 τοῖς
1196 1015 1264 1051 πρὸς
1281 1024 1308 1041 τι
1325 1024 1331 1030 ·
1353 1014 1408 1041 εἴτε
1425 1014 1480 1048 γὰρ
1497 1014 1528 1040 τὺ
1544 1014 1676 1048 πρότερον
1696 1012 1743 1038 καὶ
1767 1012 1797 1037 τὺ

1010 1063 1135 1097 ὕστερον,
1152 1063 1206 1088 εἴτε
1219 1061 1266 1087 καὶ
1280 1062 1310 1087 τὸ
1328 1061 1386 1095 ἅμα
1400 1061 1429 1086 ἐν
1444 1060 1553 1091 αὐτοῖς,
1571 1060 1619 1085 καὶ
1636 1058 1722 1084 ταῦτα
1747 1058 1796 1083 τεὶ-

1010 1110 1087 1143 ξεως.
1113 1108 1252 1139 Ὠςαΰτως
1278 1107 1326 1133 καὶ
1347 1107 1394 1133 ἐπὶ
1419 1106 1540 1132 πάντων.
1563 1106 1617 1131 Καὶ
1645 1104 1736 1135 ἁπλῶς
1755 1104 1798 1137 ἐῷ

1010 1157 1126 1183 ἑκάστου
1148 1156 1197 1190 μὲν
1213 1154 1268 1180 τῶν
1296 1153 1451 1188 μοναδικῶς
1477 1153 1524 1178 καὶ
1539 1151 1601 1177 καθ’
1620 1151 1704 1177 ἑαυτὰ
1728 1150 1795 1176 θεω-

1011 1202 1152 1238 ρουμένων
1163 1201 1213 1227 οὐκ
1225 1200 1258 1226 ἂν
1269 1199 1311 1234 si};
1324 1199 1400 1232 τάξις
1415 1206 1421 1214 ·
1438 1198 1502 1224 ἔνθα
1515 1197 1543 1223 δὲ
1556 1197 1671 1231 ἀριθμός
1684 1197 1725 1228 τίς
1739 1197 1798 1222 ἐστι

1010 1247 1198 1282 θεωρούμενος
1213 1246 1229 1281 ἢ
1247 1245 1338 1280 σχέσις
1357 1245 1424 1280 πρὸς
1438 1245 1544 1278 ἕτερον,
1561 1244 1620 1270 ἐκεῖ
1633 1243 1679 1269 καὶ
1690 1244 1706 1277 ἡ
1721 1242 1797 1274 τάξις

1010 1295 1096 1325 ἐστὶν,
1110 1293 1165 1319 εἴτε
1181 1291 1429 1327 φυσιολογούμενόν
1445 1291 1519 1316 ἐστιν
1534 1290 1590 1316 εἴτε
1603 1289 1797 1323 λογικώτερον,

1011 1340 1066 1366 εῐτε
1082 1338 1282 1374 μαθηματικῶς
1301 1337 1502 1372 θεωρούμενον,
1520 1336 1575 1361 εἴτε
1592 1339 1639 1361 καὶ
1655 1335 1797 1368 θεολογού-

1013 1394 1092 1420 μενον
1109 1393 1115 1399 ·
1131 1382 1188 1411 οἶόν
1205 1393 1233 1410 τι
1249 1383 1331 1417 λέγον
1353 1383 1384 1408 Ἡ
1400 1383 1494 1416 μονὰς,
1510 1382 1573 1407 ὃταν
1588 1381 1724 1416 θεωρῆται
1736 1381 1798 1406 καθ’

1011 1433 1122 1467 ἑαυτὴν,
1139 1431 1253 1466 ἄσχετος
1274 1430 1303 1456 τέ
1317 1430 1375 1456 ἐστι
1395 1428 1443 1455 καὶ
1462 1429 1531 1463 μόνη
1552 1428 1598 1454 καὶ
1613 1428 1682 1462 ὑπὲρ
1700 1427 1776 1460 τάξιν
1788 1436 1795 1443 ·

1011 1479 1075 1505 ὅταν
1089 1477 1118 1504 δὲ
1131 1477 1200 1512 πρὸς
1219 1476 1301 1503 δυάδα
1320 1476 1367 1502 καὶ
1383 1474 1481 1510 τριάδα
1498 1474 1544 1500 καὶ
1562 1474 1625 1505 τοὺς
1640 1474 1704 1508 ἑξῆς
1720 1474 1799 1510 ἀριθ-

1013 1525 1091 1560 μοὺς,
1105 1525 1154 1558 οὐχ
1180 1523 1277 1554 ἁπλῶς
1292 1522 1404 1555 ihs-tat
1427 1520 1523 1556 μονὰς,
1549 1520 1618 1547 ἀλλὰ
1634 1521 1680 1547 καὶ
1700 1521 1797 1555 πρώτη

1011 1572 1059 1598 καὶ
1088 1571 1160 1605 ἁρχὴ
1187 1569 1325 1604 ἀριθμῶν.
1354 1569 1391 1594 Τὸ
1424 1569 1557 1602 στοιχεῖον
1575 1563 1797 1605 ὼσαύτωςξοῖον

1010 1617 1026 1651 ἡ
1042 1616 1076 1651 γῆ
1089 1615 1156 1651 (57),
1174 1615 1203 1641 τὸ
1220 1614 1303 1649 ὕδωρ,
1319 1614 1367 1640 καὶ
1382 1613 1416 1640 τὰ
1429 1605 1522 1644 λοιπὰξ
1540 1613 1600 1639 καθ’
1623 1613 1708 1639 ἑαυτὰ
1726 1612 1798 1639 οὕτω

1010 1661 1186 1696 θεωρούμενα
1205 1660 1251 1687 καὶ
1266 1660 1415 1694 λεγόμενα,
1428 1660 1497 1694 προς
1514 1658 1542 1684 δὲ
1557 1659 1602 1684 τὸν
1619 1658 1680 1684 ὅλον
1695 1659 1797 1692 κόσμον

1010 1708 1057 1735 καὶ
1083 1707 1117 1733 τὰ
1139 1707 1167 1740 ἐξ
1193 1706 1284 1733 αὐτῶν
1310 1705 1432 1740 στοιχεῖά
1456 1714 1485 1732 τε
1512 1705 1560 1731 καὶ
1583 1705 1689 1739 ἀρχαί·
1708 1705 1742 1730 ’ῑά
1759 1704 1796 1730 κε’

1010 1755 1166 1790 γράμματα
1188 1752 1343 1788 γράμματα
1360 1751 1409 1785 μὲν
1425 1751 1486 1777 καθ’
1503 1750 1591 1777 ἑαυτὰ
1605 1771 1612 1783 ,
1633 1751 1752 1785 στοιχεῖα
1769 1750 1796 1776 δὲ

1010 1800 1047 1832 ὡς
1064 1799 1148 1834 ἀρχαὶ
1163 1797 1217 1824 τῶν
1233 1795 1375 1823 συλλαϐῶν
1393 1798 1440 1822 κα¹ι
1455 1796 1558 1821 λοιπῶν
1573 1795 1626 1821 τῶν
1640 1795 1751 1829 ἑφεξῆς.
1765 1796 1795 1820 Ἡ

1009 1846 1102 1880 ἡμέρα
1121 1843 1224 1879 ὁμοίως
1247 1850 1253 1857 ·
1269 1842 1389 1876 καὶγὰρ
1413 1843 1461 1868 καὶ
1484 1841 1555 1875 αὕτη
1586 1841 1636 1875 μία
1661 1841 1709 1875 μὲν
1735 1840 1795 1866 καθ’

1011 1890 1124 1925 ἑαυτὴν,
1141 1889 1238 1924 πρώτη
1250 1888 1278 1914 δὲ
1294 1889 1332 1919 ὼς
1349 1888 1418 1922 πρὸς
1431 1888 1480 1918 τὰς
1499 1887 1560 1922 μεθ’
1575 1887 1689 1921 ἑαυτήν.
1715 1885 1797 1912 Ὅθεν

1012 1935 1076 1966 ἴσως
1094 1935 1141 1961 καὶ
1160 1936 1173 1961 ὁ
1193 1934 1323 1968 Μωῦσῆς,
1339 1933 1388 1968 τὴν
1402 1932 1514 1968 πρώτην
1535 1932 1644 1967 ἡμέραν
1658 1932 1718 1958 καθ’
1734 1932 1797 1958 ἑαυι

1010 1981 1059 2017 τὴν
1078 1981 1201 2016 θεωρῶν,
1215 1980 1253 2011 ὼς
1267 1981 1350 2014 μήπω
1361 1979 1416 2005 τῶν
1427 1979 1490 2013 ἑξῆς
1507 1979 1618 2015 ἡμερῶν
1630 1978 1796 2013 γενομένων,

1012 2028 1078 2062 μίαν
1105 2026 1247 2060 ὠνόμασεν
1279 2033 1286 2040 ·
1318 2024 1580 2060 ὲπακολονθησασῶν
1605 2024 1633 2050 ae
1669 2025 1716 2050 καὶ
1741 2024 1796 2050 τῶν

1013 2073 1087 2108 έεῆςι
1104 2072 1178 2098 ἔστιν
1193 2071 1280 2106 αὐτὴν
1301 2072 1347 2097 καὶ
1369 2070 1482 2106 πρώτην
1500 2071 1588 2096 εἰπεῖν
1602 2069 1670 2104 πρὸς
1689 2069 1795 2100 am;-

1011 2120 1058 2146 καὶ
1074 2119 1124 2145 οὐκ
1146 2117 1238 2152 ἀγνοῶ
1261 2126 1293 2152 γε
1315 2117 1376 2143 οὐδὲ
1397 2118 1445 2148 τὰς
1459 2117 1561 2148 αίτίας,
1577 2117 1611 2143 δι’
1626 2116 1658 2147 ﬁt;
1673 2114 1748 2142 είπον
1773 2117 1796 2142 οἱ

974 2172 997 2201 ί)
1015 2167 1089 2198 ἂγιοι
1108 2165 1173 2200 μίαν
1189 2163 1258 2190 εἶναι
1274 2164 1383 2198 ἐκείνην
1397 2164 1468 2198 (καὶ)
1489 2162 1635 2198 κληθῆναι,
1654 2163 1717 2189 οὕτε
1743 2162 1796 2197 μὴν

1009 2211 1087 2242 είδὼς
1114 2210 1200 2242 αὑτὰς
1221 2209 1493 2245 ἀποπροσποιοῦμαι,
1518 2209 1587 2236 ἀλλὰ
1604 2211 1650 2235 καὶ
1665 2207 1724 2235 οἶδα
1749 2208 1798 2234 καὶ

1010 2257 1263 2292 ὑπεραποδέχομαι.
1289 2256 1374 2282 Πάλιν
1402 2256 1417 2281 ὁ
1446 2255 1512 2287 Θεὸς
1529 2252 1569 2286 εἷς
1584 2264 1612 2281 τε
1630 2256 1677 2281 καὶ
1693 2256 1771 2290 μόνος
1788 2262 1796 2269 ο

1009 2303 1067 2329 ἀλλ’
1086 2303 1151 2329 ὅταν
1167 2302 1236 2337 πρὸς
1250 2301 1313 2328 νοῦν
1332 2301 1379 2328 καὶ
1394 2300 1483 2336 ψυχὴν
1500 2301 1547 2327 καὶ
1561 2301 1676 2336 σώματα
1691 2301 1798 2335 θεωρῆ-

1009 2359 1067 2382 ται,
1081 2350 1142 2376 τότε
1158 2350 1207 2376 καὶ
1229 2349 1338 2384 πρῶτος
1360 2349 1431 2376 κατὰ
1450 2349 1528 2381 τάξιν
1546 2349 1582 2380 ὡς
1598 2349 1670 2383 ἀρχὴ
1687 2349 1797 2375 πάντων

1012 2396 1070 2423 ἐστί
1086 2405 1115 2422 τε
1134 2397 1182 2422 καὶ
1210 2395 1333 2430 λέγεται.
1362 2395 1444 2422 Ἀλλὰ
1460 2396 1507 2422 καὶ
1519 2396 1547 2422 ὲν
1573 2397 1606 2429 τῇ
1631 2395 1690 2430 θείᾳ
1715 2395 1797 2429 φύσει

1012 2443 1131 2479 ἀριθμὸς
1153 2445 1168 2478 ἡ
1184 2443 1377 2478 ὑπεράριθμος
1396 2443 1486 2478 τριὰς,
1505 2443 1553 2470 καὶ
1571 2444 1600 2470 ἐν
1617 2444 1650 2478 τῇ
1673 2443 1720 2469 τοῦ
1747 2443 1798 2475 ἁγ-

1011 2490 1093 2524 γέλου
1110 2489 1191 2524 φύσει
1205 2489 1253 2515 καὶ
1272 2490 1302 2515 ὲν
1317 2490 1351 2525 τῇ
1374 2489 1423 2515 τοῦ
1442 2489 1586 2524 ἀνθρώπου
1601 2490 1614 2515 ὁ
1629 2489 1798 2524 κατάλληλος
1825 2494 1834 2504 ⁸

1012 2535 1131 2572 ἀριθμός
1146 2545 1152 2551 ·
1173 2536 1267 2563 πολλοὶ
1277 2536 1332 2572 γὰρ
1347 2535 1458 2570 ἄγγελοι
1474 2537 1521 2562 καὶ
1536 2535 1629 2562 ’πολλοὶ⁵
1644 2535 1796 2570 ἄνθρωποι·

1013 2583 1074 2610 τότε
1099 2583 1147 2609 καὶ
1169 2582 1248 2615 τάξις
1268 2583 1375 2613 τούτοις
1392 2582 1579 2616 ἐνθεωρεῖται,
1595 2581 1655 2608 ἀλλ’
1671 2582 1702 2608 οὑ
1727 2581 1798 2608 κατὰ

1013 2629 1063 2663 τὴν
1083 2628 1189 2661 οὐσίαν,
1209 2628 1277 2655 ἀλλὰ
1297 2628 1369 2655 κατά
1388 2637 1466 2659 τινας
1480 2627 1614 2663 ἰδιότητας
1629 2635 1635 2642 ·
1652 2628 1700 2654 καὶ
1715 2629 1728 2654 ὁ
1749 2628 1798 2662 μὲν

1013 2671 1149 2710 οἷονὰρχή
1167 2683 1210 2706 τις
1224 2674 1310 2707 ἐστιν,
1327 2675 1340 2700 ὁ
1356 2674 1384 2700 δὲ
1399 2674 1495 2709 ἑτέραν
1513 2673 1570 2708 ἔχει
1593 2674 1681 2706 τάξιν.
1705 2673 1799 2705 Οὕτως

1013 2720 1105 2755 ἄρχων
1120 2729 1162 2751 τις
1182 2721 1212 2747 ὲν
1236 2720 1364 2754 ἀγγέλοις
1388 2721 1436 2747 καὶ
1458 2719 1640 2756 ἀρχαγγέλοις
1657 2721 1704 2746 καὶ
1718 2727 1802 2754 mys—
