  <div class='ocr_page' id='page_1' title='image "/cluster/home/n/w/nwhite01/storage/ocr_20150623/139/njp.32101077773131/125.png"; bbox 0 0 1935 3071; ppageno 0'>
   <div class='ocr_carea' id='block_1_1' title="bbox 168 73 223 103">
    <p class='ocr_par' dir='ltr' id='par_1_1' title="bbox 168 73 223 103">
     <span class='ocr_line' id='line_1_1' title="bbox 168 73 223 103; baseline 0 -1"><span class='ocrx_word' id='word_1_1' title='bbox 168 73 223 103; x_wconf 69' lang='grc' dir='ltr'><strong>ΞΠ)</strong></span> 
     </span>
    </p>
   </div>
   <div class='ocr_carea' id='block_1_2' title="bbox 778 73 1200 119">
    <p class='ocr_par' dir='ltr' id='par_1_2' title="bbox 778 73 1200 119">
     <span class='ocr_line' id='line_1_2' title="bbox 778 73 1200 119; baseline -0.002 -16"><span class='ocrx_word' id='word_1_2' title='bbox 778 73 921 103; x_wconf 65' lang='grc' dir='ltr'><strong>ΝΙΩΕΤᾸΞ</strong></span> <span class='ocrx_word' id='word_1_3' title='bbox 940 73 1200 119; x_wconf 77' lang='lat' dir='ltr'><strong>MARONIENSIS</strong></span> 
     </span>
    </p>
   </div>
   <div class='ocr_carea' id='block_1_3' title="bbox 1735 70 1789 103">
    <p class='ocr_par' dir='ltr' id='par_1_3' title="bbox 1735 70 1789 103">
     <span class='ocr_line' id='line_1_3' title="bbox 1735 70 1789 103; baseline -0.037 0"><span class='ocrx_word' id='word_1_4' title='bbox 1735 70 1789 103; x_wconf 71' lang='lat'><strong>216</strong></span> 
     </span>
    </p>
   </div>
   <div class='ocr_carea' id='block_1_4' title="bbox 733 229 1226 276">
    <p class='ocr_par' dir='ltr' id='par_1_4' title="bbox 733 229 1226 276">
     <span class='ocr_line' id='line_1_4' title="bbox 733 229 1226 276; baseline 0.002 -5"><span class='ocrx_word' id='word_1_5' title='bbox 733 229 915 271; x_wconf 90' lang='grc' dir='ltr'><strong>ΛΟΓΟΣ</strong></span> <span class='ocrx_word' id='word_1_6' title='bbox 937 229 1226 276; x_wconf 88' lang='grc' dir='ltr'><strong>ΠΕΜΠΤΟΣ.</strong></span> 
     </span>
    </p>
   </div>
   <div class='ocr_carea' id='block_1_5' title="bbox 660 402 1283 456">
    <p class='ocr_par' dir='ltr' id='par_1_5' title="bbox 660 402 1283 456">
     <span class='ocr_line' id='line_1_5' title="bbox 660 402 1283 456; baseline -0.002 -9"><span class='ocrx_word' id='word_1_7' title='bbox 660 403 958 450; x_wconf 86' lang='lat' dir='ltr'><strong>DIALOGUS</strong></span> <span class='ocrx_word' id='word_1_8' title='bbox 995 402 1283 456; x_wconf 79' lang='lat' dir='ltr'><strong>QUINTUS.</strong></span> 
     </span>
    </p>
   </div>
   <div class='ocr_carea' id='block_1_6' title="bbox 205 559 953 603">
    <p class='ocr_par' dir='ltr' id='par_1_6' title="bbox 205 567 953 603">
     <span class='ocr_line' id='line_1_6' title="bbox 205 567 953 603; baseline -0.003 -6"><span class='ocrx_word' id='word_1_9' title='bbox 205 570 262 597; x_wconf 80' lang='lat' dir='ltr'><strong>GR.</strong></span> <span class='ocrx_word' id='word_1_10' title='bbox 276 568 414 596; x_wconf 64' lang='lat' dir='ltr'><strong>Caeterum</strong></span> <span class='ocrx_word' id='word_1_11' title='bbox 429 568 451 595; x_wconf 89' lang='lat' dir='ltr'><strong>si</strong></span> <span class='ocrx_word' id='word_1_12' title='bbox 465 568 518 595; x_wconf 84' lang='lat' dir='ltr'><strong>alia</strong></span> <span class='ocrx_word' id='word_1_13' title='bbox 540 567 675 603; x_wconf 73' lang='lat' dir='ltr'><strong>dogmatis</strong></span> <span class='ocrx_word' id='word_1_14' title='bbox 692 568 760 596; x_wconf 87' lang='lat' dir='ltr'><strong>ratio</strong></span> <span class='ocrx_word' id='word_1_15' title='bbox 776 568 922 600; x_wconf 85' lang='lat' dir='ltr'><strong>tibiadest.</strong></span> <span class='ocrx_word' id='word_1_16' title='bbox 939 576 953 595; x_wconf 90' lang='grc' dir='ltr'><strong>ο</strong></span> 
     </span>
    </p>
   </div>
   <div class='ocr_carea' id='block_1_7' title="bbox 1012 559 1787 603">
    <p class='ocr_par' dir='ltr' id='par_1_7' title="bbox 1043 561 1787 598">
     <span class='ocr_line' id='line_1_7' title="bbox 1043 561 1787 598; baseline -0.003 -6"><span class='ocrx_word' id='word_1_17' title='bbox 1043 566 1095 592; x_wconf 88' lang='grc' dir='ltr'><strong>ΓΡ.</strong></span> <span class='ocrx_word' id='word_1_18' title='bbox 1111 565 1214 592; x_wconf 68' lang='grc' dir='ltr'>Λοιπὸν</span> <span class='ocrx_word' id='word_1_19' title='bbox 1230 565 1256 591; x_wconf 73' lang='grc' dir='ltr'>εἴ</span> <span class='ocrx_word' id='word_1_20' title='bbox 1269 565 1312 595; x_wconf 79' lang='grc' dir='ltr'><strong>τίς</strong></span> <span class='ocrx_word' id='word_1_21' title='bbox 1332 572 1372 589; x_wconf 82' lang='grc' dir='ltr'>σοι</span> <span class='ocrx_word' id='word_1_22' title='bbox 1392 563 1469 597; x_wconf 81' lang='grc' dir='ltr'><strong>λόγος</strong></span> <span class='ocrx_word' id='word_1_23' title='bbox 1495 563 1598 598; x_wconf 72' lang='grc' dir='ltr'><strong>ἕτερος,</strong></span> <span class='ocrx_word' id='word_1_24' title='bbox 1627 561 1648 590; x_wconf 80' lang='grc' dir='ltr'>ὣ</span> <span class='ocrx_word' id='word_1_25' title='bbox 1676 564 1787 595; x_wconf 68' lang='grc' dir='ltr'><strong>Λετῖνσ,</strong></span> 
     </span>
    </p>
   </div>
   <div class='ocr_carea' id='block_1_8' title="bbox 171 613 955 650">
    <p class='ocr_par' dir='ltr' id='par_1_8' title="bbox 171 613 955 650">
     <span class='ocr_line' id='line_1_8' title="bbox 171 613 955 650; baseline -0.003 -8"><span class='ocrx_word' id='word_1_26' title='bbox 171 616 279 645; x_wconf 79' lang='lat' dir='ltr'><strong>Latine.</strong></span> <span class='ocrx_word' id='word_1_27' title='bbox 296 614 437 646; x_wconf 82' lang='lat' dir='ltr'><strong>edissere;</strong></span> <span class='ocrx_word' id='word_1_28' title='bbox 459 613 540 641; x_wconf 89' lang='lat' dir='ltr'><strong>nobis</strong></span> <span class='ocrx_word' id='word_1_29' title='bbox 562 613 672 650; x_wconf 79' lang='lat' dir='ltr'><strong>quidem</strong></span> <span class='ocrx_word' id='word_1_30' title='bbox 693 613 794 641; x_wconf 76' lang='lat' dir='ltr'><strong>suﬁicit</strong></span> <span class='ocrx_word' id='word_1_31' title='bbox 814 614 955 648; x_wconf 79' lang='lat' dir='ltr'><strong>evangeli-</strong></span> 
     </span>
    </p>
   </div>
   <div class='ocr_carea' id='block_1_9' title="bbox 171 659 954 694">
    <p class='ocr_par' dir='ltr' id='par_1_9' title="bbox 171 659 954 694">
     <span class='ocr_line' id='line_1_9' title="bbox 171 659 954 694; baseline -0.001 -7"><span class='ocrx_word' id='word_1_32' title='bbox 171 668 233 687; x_wconf 91' lang='lat' dir='ltr'><strong>cum</strong></span> <span class='ocrx_word' id='word_1_33' title='bbox 259 660 373 691; x_wconf 87' lang='lat' dir='ltr'><strong>dictum.</strong></span> <span class='ocrx_word' id='word_1_34' title='bbox 399 660 472 694; x_wconf 88' lang='lat' dir='ltr'><strong>quod</strong></span> <span class='ocrx_word' id='word_1_35' title='bbox 496 660 640 694; x_wconf 86' lang='lat' dir='ltr'><strong>perspicue</strong></span> <span class='ocrx_word' id='word_1_36' title='bbox 663 667 695 687; x_wconf 84' lang='lat' dir='ltr'><strong>ex</strong></span> <span class='ocrx_word' id='word_1_37' title='bbox 719 660 801 687; x_wconf 82' lang='lat' dir='ltr'><strong>Patre</strong></span> <span class='ocrx_word' id='word_1_38' title='bbox 820 659 954 693; x_wconf 85' lang='lat' dir='ltr'><strong>Spiritum</strong></span> 
     </span>
    </p>
   </div>
   <div class='ocr_carea' id='block_1_10' title="bbox 172 705 465 739">
    <p class='ocr_par' dir='ltr' id='par_1_10' title="bbox 172 705 465 739">
     <span class='ocr_line' id='line_1_10' title="bbox 172 705 465 739; baseline 0.003 -8"><span class='ocrx_word' id='word_1_39' title='bbox 172 705 320 739; x_wconf 86' lang='lat' dir='ltr'><strong>procedere</strong></span> <span class='ocrx_word' id='word_1_40' title='bbox 334 705 465 733; x_wconf 84' lang='lat' dir='ltr'><strong>declarat.</strong></span> 
     </span>
    </p>
   </div>
   <div class='ocr_carea' id='block_1_11' title="bbox 206 747 954 786">
    <p class='ocr_par' dir='ltr' id='par_1_11' title="bbox 206 747 954 786">
     <span class='ocr_line' id='line_1_11' title="bbox 206 747 954 786; baseline 0 -9"><span class='ocrx_word' id='word_1_41' title='bbox 206 750 284 777; x_wconf 74' lang='lat' dir='ltr'><strong>LAT.</strong></span> <span class='ocrx_word' id='word_1_42' title='bbox 310 747 470 782; x_wconf 82' lang='lat' dir='ltr'><strong>Retinuisti,</strong></span> <span class='ocrx_word' id='word_1_43' title='bbox 503 759 518 778; x_wconf 94' lang='grc' dir='ltr'><strong>ο</strong></span> <span class='ocrx_word' id='word_1_44' title='bbox 541 750 643 782; x_wconf 72' lang='lat' dir='ltr'><strong>Grzece,</strong></span> <span class='ocrx_word' id='word_1_45' title='bbox 673 750 726 778; x_wconf 88' lang='lat' dir='ltr'><strong>huc</strong></span> <span class='ocrx_word' id='word_1_46' title='bbox 752 755 838 786; x_wconf 88' lang='lat' dir='ltr'><strong>usque</strong></span> <span class='ocrx_word' id='word_1_47' title='bbox 862 750 954 785; x_wconf 89' lang='lat' dir='ltr'><strong>dispu-</strong></span> 
     </span>
    </p>
   </div>
   <div class='ocr_carea' id='block_1_12' title="bbox 172 796 953 830">
    <p class='ocr_par' dir='ltr' id='par_1_12' title="bbox 172 796 953 830">
     <span class='ocr_line' id='line_1_12' title="bbox 172 796 953 830; baseline 0 -8"><span class='ocrx_word' id='word_1_48' title='bbox 172 796 303 823; x_wconf 88' lang='lat' dir='ltr'><strong>tationem</strong></span> <span class='ocrx_word' id='word_1_49' title='bbox 331 804 364 823; x_wconf 79' lang='lat' dir='ltr'><strong>ex</strong></span> <span class='ocrx_word' id='word_1_50' title='bbox 389 797 554 824; x_wconf 90' lang='lat' dir='ltr'><strong>testimoniis</strong></span> <span class='ocrx_word' id='word_1_51' title='bbox 587 801 614 823; x_wconf 87' lang='lat' dir='ltr'><strong>et</strong></span> <span class='ocrx_word' id='word_1_52' title='bbox 640 801 779 830; x_wconf 91' lang='lat' dir='ltr'><strong>postremo</strong></span> <span class='ocrx_word' id='word_1_53' title='bbox 810 796 871 823; x_wconf 93' lang='lat' dir='ltr'><strong>loco</strong></span> <span class='ocrx_word' id='word_1_54' title='bbox 894 803 953 823; x_wconf 88' lang='lat' dir='ltr'><strong>eam</strong></span> 
     </span>
    </p>
   </div>
   <div class='ocr_carea' id='block_1_13' title="bbox 171 841 955 876">
    <p class='ocr_par' dir='ltr' id='par_1_13' title="bbox 171 841 955 876">
     <span class='ocr_line' id='line_1_13' title="bbox 171 841 955 876; baseline 0 -9"><span class='ocrx_word' id='word_1_55' title='bbox 171 847 199 869; x_wconf 84' lang='lat' dir='ltr'><strong>et</strong></span> <span class='ocrx_word' id='word_1_56' title='bbox 213 841 295 869; x_wconf 81' lang='lat' dir='ltr'><strong>ambo</strong></span> <span class='ocrx_word' id='word_1_57' title='bbox 310 841 502 875; x_wconf 85' lang='lat' dir='ltr'><strong>suscipiamus.</strong></span> <span class='ocrx_word' id='word_1_58' title='bbox 517 841 595 868; x_wconf 85' lang='lat' dir='ltr'><strong>Nunc</strong></span> <span class='ocrx_word' id='word_1_59' title='bbox 611 848 675 868; x_wconf 86' lang='lat' dir='ltr'><strong>vero</strong></span> <span class='ocrx_word' id='word_1_60' title='bbox 687 841 731 868; x_wconf 85' lang='lat' dir='ltr'><strong>die</strong></span> <span class='ocrx_word' id='word_1_61' title='bbox 749 850 755 868; x_wconf 87' lang='lat'><strong>:</strong></span> <span class='ocrx_word' id='word_1_62' title='bbox 778 841 800 867; x_wconf 86' lang='lat' dir='ltr'><strong>si</strong></span> <span class='ocrx_word' id='word_1_63' title='bbox 814 841 895 867; x_wconf 93' lang='lat' dir='ltr'><strong>simul</strong></span> <span class='ocrx_word' id='word_1_64' title='bbox 907 849 955 876; x_wconf 78' lang='lat' dir='ltr'><strong>ge-</strong></span> 
     </span>
    </p>
   </div>
   <div class='ocr_carea' id='block_1_14' title="bbox 171 887 956 922">
    <p class='ocr_par' dir='ltr' id='par_1_14' title="bbox 171 887 956 922">
     <span class='ocr_line' id='line_1_14' title="bbox 171 887 956 922; baseline 0 -9"><span class='ocrx_word' id='word_1_65' title='bbox 171 888 277 915; x_wconf 89' lang='lat' dir='ltr'><strong>neratio</strong></span> <span class='ocrx_word' id='word_1_66' title='bbox 298 893 326 915; x_wconf 89' lang='lat' dir='ltr'><strong>et</strong></span> <span class='ocrx_word' id='word_1_67' title='bbox 350 888 500 922; x_wconf 80' lang='lat' dir='ltr'><strong>processio,</strong></span> <span class='ocrx_word' id='word_1_68' title='bbox 528 887 665 922; x_wconf 91' lang='lat' dir='ltr'><strong>quomodo</strong></span> <span class='ocrx_word' id='word_1_69' title='bbox 681 895 736 914; x_wconf 91' lang='lat' dir='ltr'><strong>non</strong></span> <span class='ocrx_word' id='word_1_70' title='bbox 755 887 837 914; x_wconf 87' lang='lat' dir='ltr'><strong>etiam</strong></span> <span class='ocrx_word' id='word_1_71' title='bbox 859 894 956 921; x_wconf 87' lang='lat' dir='ltr'><strong>proce-</strong></span> 
     </span>
    </p>
   </div>
   <div class='ocr_carea' id='block_1_15' title="bbox 171 932 955 969">
    <p class='ocr_par' dir='ltr' id='par_1_15' title="bbox 171 932 955 969">
     <span class='ocr_line' id='line_1_15' title="bbox 171 932 955 969; baseline 0.003 -12"><span class='ocrx_word' id='word_1_72' title='bbox 171 934 249 965; x_wconf 64' lang='lat' dir='ltr'><strong>«iens.</strong></span> <span class='ocrx_word' id='word_1_73' title='bbox 268 941 301 961; x_wconf 78' lang='lat' dir='ltr'><strong>ex</strong></span> <span class='ocrx_word' id='word_1_74' title='bbox 320 934 412 969; x_wconf 80' lang='lat' dir='ltr'><strong>genito</strong></span> <span class='ocrx_word' id='word_1_75' title='bbox 433 933 508 960; x_wconf 88' lang='lat' dir='ltr'><strong>erit?</strong></span> <span class='ocrx_word' id='word_1_76' title='bbox 524 933 546 960; x_wconf 89' lang='lat' dir='ltr'><strong>si</strong></span> <span class='ocrx_word' id='word_1_77' title='bbox 572 933 652 960; x_wconf 87' lang='lat' dir='ltr'><strong>simul</strong></span> <span class='ocrx_word' id='word_1_78' title='bbox 677 941 710 959; x_wconf 81' lang='lat' dir='ltr'><strong>ex</strong></span> <span class='ocrx_word' id='word_1_79' title='bbox 733 933 811 959; x_wconf 80' lang='lat' dir='ltr'><strong>Patre</strong></span> <span class='ocrx_word' id='word_1_80' title='bbox 827 932 912 959; x_wconf 84' lang='lat' dir='ltr'><strong>Filius</strong></span> <span class='ocrx_word' id='word_1_81' title='bbox 928 936 955 959; x_wconf 88' lang='lat' dir='ltr'><strong>et</strong></span> 
     </span>
    </p>
   </div>
   <div class='ocr_carea' id='block_1_16' title="bbox 172 978 955 1014">
    <p class='ocr_par' dir='ltr' id='par_1_16' title="bbox 172 978 955 1014">
     <span class='ocr_line' id='line_1_16' title="bbox 172 978 955 1014; baseline 0.001 -10"><span class='ocrx_word' id='word_1_82' title='bbox 172 978 301 1012; x_wconf 78' lang='lat' dir='ltr'><strong>Spiritus.</strong></span> <span class='ocrx_word' id='word_1_83' title='bbox 327 979 464 1014; x_wconf 89' lang='lat' dir='ltr'><strong>quomodo</strong></span> <span class='ocrx_word' id='word_1_84' title='bbox 493 986 546 1006; x_wconf 83' lang='lat' dir='ltr'><strong>non</strong></span> <span class='ocrx_word' id='word_1_85' title='bbox 575 979 658 1006; x_wconf 88' lang='lat' dir='ltr'><strong>etiam</strong></span> <span class='ocrx_word' id='word_1_86' title='bbox 682 987 715 1006; x_wconf 78' lang='lat' dir='ltr'><strong>ex</strong></span> <span class='ocrx_word' id='word_1_87' title='bbox 738 979 807 1006; x_wconf 89' lang='lat' dir='ltr'><strong>Filio</strong></span> <span class='ocrx_word' id='word_1_88' title='bbox 835 979 955 1014; x_wconf 77' lang='lat' dir='ltr'><strong>Spiritus</strong></span> 
     </span>
    </p>
   </div>
   <div class='ocr_carea' id='block_1_17' title="bbox 170 1024 304 1050">
    <p class='ocr_par' dir='ltr' id='par_1_17' title="bbox 170 1024 304 1050">
     <span class='ocr_line' id='line_1_17' title="bbox 170 1024 304 1050; baseline 0.007 -1"><span class='ocrx_word' id='word_1_89' title='bbox 170 1024 304 1050; x_wconf 86' lang='lat' dir='ltr'><strong>sanctus?</strong></span> 
     </span>
    </p>
   </div>
   <div class='ocr_carea' id='block_1_18' title="bbox 205 1068 952 1103">
    <p class='ocr_par' dir='ltr' id='par_1_18' title="bbox 205 1068 952 1103">
     <span class='ocr_line' id='line_1_18' title="bbox 205 1068 952 1103; baseline 0.003 -9"><span class='ocrx_word' id='word_1_90' title='bbox 205 1068 262 1095; x_wconf 81' lang='lat' dir='ltr'><strong>GR.</strong></span> <span class='ocrx_word' id='word_1_91' title='bbox 281 1068 372 1095; x_wconf 87' lang='lat' dir='ltr'><strong>Dicam</strong></span> <span class='ocrx_word' id='word_1_92' title='bbox 383 1068 431 1095; x_wconf 91' lang='lat' dir='ltr'><strong>tibi</strong></span> <span class='ocrx_word' id='word_1_93' title='bbox 445 1073 473 1095; x_wconf 85' lang='lat' dir='ltr'><strong>ct</strong></span> <span class='ocrx_word' id='word_1_94' title='bbox 487 1075 538 1103; x_wconf 76' lang='lat' dir='ltr'><strong>ego</strong></span> <span class='ocrx_word' id='word_1_95' title='bbox 556 1077 562 1095; x_wconf 94' lang='lat'><em>:</em></span> <span class='ocrx_word' id='word_1_96' title='bbox 578 1068 605 1095; x_wconf 90' lang='lat' dir='ltr'><strong>Si</strong></span> <span class='ocrx_word' id='word_1_97' title='bbox 623 1068 702 1095; x_wconf 89' lang='lat' dir='ltr'><strong>simul</strong></span> <span class='ocrx_word' id='word_1_98' title='bbox 718 1069 798 1095; x_wconf 81' lang='lat' dir='ltr'><strong>Pater</strong></span> <span class='ocrx_word' id='word_1_99' title='bbox 814 1073 842 1096; x_wconf 89' lang='lat' dir='ltr'><strong>et</strong></span> <span class='ocrx_word' id='word_1_100' title='bbox 857 1069 952 1101; x_wconf 80' lang='lat' dir='ltr'><strong>Filius,</strong></span> 
     </span>
    </p>
   </div>
   <div class='ocr_carea' id='block_1_19' title="bbox 170 1114 954 1150">
    <p class='ocr_par' dir='ltr' id='par_1_19' title="bbox 170 1114 954 1150">
     <span class='ocr_line' id='line_1_19' title="bbox 170 1114 954 1150; baseline 0.004 -10"><span class='ocrx_word' id='word_1_101' title='bbox 170 1114 308 1148; x_wconf 81' lang='lat' dir='ltr'><strong>quomodo</strong></span> <span class='ocrx_word' id='word_1_102' title='bbox 320 1114 406 1142; x_wconf 83' lang='lat' dir='ltr'><strong>Filius</strong></span> <span class='ocrx_word' id='word_1_103' title='bbox 418 1119 460 1142; x_wconf 88' lang='lat' dir='ltr'><strong>est</strong></span> <span class='ocrx_word' id='word_1_104' title='bbox 477 1123 507 1141; x_wconf 73' lang='lat' dir='ltr'><strong>ex</strong></span> <span class='ocrx_word' id='word_1_105' title='bbox 523 1115 614 1145; x_wconf 81' lang='lat' dir='ltr'><strong>Patre,</strong></span> <span class='ocrx_word' id='word_1_106' title='bbox 630 1119 657 1141; x_wconf 87' lang='lat' dir='ltr'><strong>et</strong></span> <span class='ocrx_word' id='word_1_107' title='bbox 671 1122 726 1142; x_wconf 87' lang='lat' dir='ltr'><strong>non</strong></span> <span class='ocrx_word' id='word_1_108' title='bbox 744 1115 824 1141; x_wconf 84' lang='lat' dir='ltr'><strong>Pater</strong></span> <span class='ocrx_word' id='word_1_109' title='bbox 844 1123 954 1150; x_wconf 81' lang='lat' dir='ltr'><strong>quoque</strong></span> 
     </span>
    </p>
   </div>
   <div class='ocr_carea' id='block_1_20' title="bbox 169 1159 954 1194">
    <p class='ocr_par' dir='ltr' id='par_1_20' title="bbox 169 1159 954 1194">
     <span class='ocr_line' id='line_1_20' title="bbox 169 1159 954 1194; baseline -0.001 -7"><span class='ocrx_word' id='word_1_110' title='bbox 169 1168 204 1186; x_wconf 81' lang='lat' dir='ltr'><strong>ex</strong></span> <span class='ocrx_word' id='word_1_111' title='bbox 217 1159 307 1187; x_wconf 88' lang='lat' dir='ltr'><strong>Filio?</strong></span> <span class='ocrx_word' id='word_1_112' title='bbox 323 1159 351 1186; x_wconf 90' lang='lat' dir='ltr'><strong>Si</strong></span> <span class='ocrx_word' id='word_1_113' title='bbox 368 1160 448 1186; x_wconf 88' lang='lat' dir='ltr'><strong>simul</strong></span> <span class='ocrx_word' id='word_1_114' title='bbox 459 1159 577 1194; x_wconf 81' lang='lat' dir='ltr'><strong>Spiritus</strong></span> <span class='ocrx_word' id='word_1_115' title='bbox 591 1164 618 1186; x_wconf 84' lang='lat' dir='ltr'><strong>et</strong></span> <span class='ocrx_word' id='word_1_116' title='bbox 630 1159 716 1187; x_wconf 85' lang='lat' dir='ltr'><strong>Filius</strong></span> <span class='ocrx_word' id='word_1_117' title='bbox 733 1167 766 1186; x_wconf 83' lang='lat' dir='ltr'><strong>ex</strong></span> <span class='ocrx_word' id='word_1_118' title='bbox 783 1160 872 1192; x_wconf 69' lang='lat' dir='ltr'><strong>Patre,</strong></span> <span class='ocrx_word' id='word_1_119' title='bbox 887 1168 954 1194; x_wconf 83' lang='lat' dir='ltr'><strong>quu-</strong></span> 
     </span>
    </p>
   </div>
   <div class='ocr_carea' id='block_1_21' title="bbox 167 1204 955 1247">
    <p class='ocr_par' dir='ltr' id='par_1_21' title="bbox 167 1204 955 1247">
     <span class='ocr_line' id='line_1_21' title="bbox 167 1204 955 1247; baseline 0.001 -16"><span class='ocrx_word' id='word_1_120' title='bbox 167 1205 250 1247; x_wconf 64' lang='lat' dir='ltr'><strong>ptodo</strong></span> <span class='ocrx_word' id='word_1_121' title='bbox 263 1204 316 1232; x_wconf 86' lang='lat' dir='ltr'><strong>erit</strong></span> <span class='ocrx_word' id='word_1_122' title='bbox 331 1205 448 1239; x_wconf 82' lang='lat' dir='ltr'><strong>Spiritus</strong></span> <span class='ocrx_word' id='word_1_123' title='bbox 464 1213 498 1232; x_wconf 85' lang='lat' dir='ltr'><strong>ex</strong></span> <span class='ocrx_word' id='word_1_124' title='bbox 511 1205 589 1235; x_wconf 84' lang='lat' dir='ltr'><strong>Filio.</strong></span> <span class='ocrx_word' id='word_1_125' title='bbox 602 1209 629 1232; x_wconf 85' lang='lat' dir='ltr'><strong>et</strong></span> <span class='ocrx_word' id='word_1_126' title='bbox 645 1213 698 1232; x_wconf 93' lang='lat' dir='ltr'><strong>non</strong></span> <span class='ocrx_word' id='word_1_127' title='bbox 722 1205 803 1232; x_wconf 88' lang='lat' dir='ltr'><strong>etiam</strong></span> <span class='ocrx_word' id='word_1_128' title='bbox 821 1206 906 1234; x_wconf 81' lang='lat' dir='ltr'><strong>Filius</strong></span> <span class='ocrx_word' id='word_1_129' title='bbox 921 1213 955 1233; x_wconf 83' lang='lat' dir='ltr'><strong>ex</strong></span> 
     </span>
    </p>
   </div>
   <div class='ocr_carea' id='block_1_22' title="bbox 169 1251 760 1286">
    <p class='ocr_par' dir='ltr' id='par_1_22' title="bbox 169 1251 760 1286">
     <span class='ocr_line' id='line_1_22' title="bbox 169 1251 760 1286; baseline 0.002 -9"><span class='ocrx_word' id='word_1_130' title='bbox 169 1251 274 1286; x_wconf 78' lang='lat' dir='ltr'><strong>Spiritu</strong></span> <span class='ocrx_word' id='word_1_131' title='bbox 289 1259 319 1278; x_wconf 85' lang='lat' dir='ltr'><strong>ac</strong></span> <span class='ocrx_word' id='word_1_132' title='bbox 333 1251 453 1286; x_wconf 80' lang='lat' dir='ltr'><strong>genitum</strong></span> <span class='ocrx_word' id='word_1_133' title='bbox 467 1258 499 1277; x_wconf 78' lang='lat' dir='ltr'><strong>ex</strong></span> <span class='ocrx_word' id='word_1_134' title='bbox 516 1251 760 1284; x_wconf 87' lang='lat' dir='ltr'><strong>procedente</strong></span> 
     </span>
    </p>
   </div>
   <div class='ocr_carea' id='block_1_23' title="bbox 206 1295 957 1330">
    <p class='ocr_par' dir='ltr' id='par_1_23' title="bbox 206 1295 957 1330">
     <span class='ocr_line' id='line_1_23' title="bbox 206 1295 957 1330; baseline 0.001 -8"><span class='ocrx_word' id='word_1_135' title='bbox 206 1296 283 1323; x_wconf 79' lang='lat' dir='ltr'><strong>LAT.</strong></span> <span class='ocrx_word' id='word_1_136' title='bbox 302 1296 367 1322; x_wconf 85' lang='lat' dir='ltr'><strong>Dico</strong></span> <span class='ocrx_word' id='word_1_137' title='bbox 389 1296 472 1330; x_wconf 79' lang='lat' dir='ltr'><strong>igitur</strong></span> <span class='ocrx_word' id='word_1_138' title='bbox 490 1295 638 1330; x_wconf 77' lang='lat' dir='ltr'><strong>procedere,</strong></span> <span class='ocrx_word' id='word_1_139' title='bbox 680 1295 714 1322; x_wconf 89' lang='lat' dir='ltr'><strong>de</strong></span> <span class='ocrx_word' id='word_1_140' title='bbox 749 1296 957 1330; x_wconf 87' lang='lat' dir='ltr'><strong>quibuscunque</strong></span> 
     </span>
    </p>
   </div>
   <div class='ocr_carea' id='block_1_24' title="bbox 169 1339 956 1375">
    <p class='ocr_par' dir='ltr' id='par_1_24' title="bbox 169 1339 956 1375">
     <span class='ocr_line' id='line_1_24' title="bbox 169 1339 956 1375; baseline 0 -8"><span class='ocrx_word' id='word_1_141' title='bbox 169 1341 324 1367; x_wconf 82' lang='lat' dir='ltr'><strong>inveniatur</strong></span> <span class='ocrx_word' id='word_1_142' title='bbox 350 1340 464 1372; x_wconf 84' lang='lat' dir='ltr'><strong>dictum,</strong></span> <span class='ocrx_word' id='word_1_143' title='bbox 483 1339 637 1374; x_wconf 79' lang='lat' dir='ltr'><strong>signiﬁcare</strong></span> <span class='ocrx_word' id='word_1_144' title='bbox 661 1339 809 1367; x_wconf 89' lang='lat' dir='ltr'><strong>motionem</strong></span> <span class='ocrx_word' id='word_1_145' title='bbox 832 1341 956 1375; x_wconf 89' lang='lat' dir='ltr'><strong>qualem-</strong></span> 
     </span>
    </p>
   </div>
   <div class='ocr_carea' id='block_1_25' title="bbox 170 1385 954 1421">
    <p class='ocr_par' dir='ltr' id='par_1_25' title="bbox 170 1385 954 1421">
     <span class='ocr_line' id='line_1_25' title="bbox 170 1385 954 1421; baseline -0.001 -8"><span class='ocrx_word' id='word_1_146' title='bbox 170 1393 295 1420; x_wconf 85' lang='lat' dir='ltr'><strong>cunque,</strong></span> <span class='ocrx_word' id='word_1_147' title='bbox 329 1385 465 1420; x_wconf 80' lang='lat' dir='ltr'><strong>propriam</strong></span> <span class='ocrx_word' id='word_1_148' title='bbox 502 1390 592 1413; x_wconf 88' lang='lat' dir='ltr'><strong>tamen</strong></span> <span class='ocrx_word' id='word_1_149' title='bbox 624 1385 680 1417; x_wconf 85' lang='lat' dir='ltr'><strong>rei,</strong></span> <span class='ocrx_word' id='word_1_150' title='bbox 708 1385 742 1412; x_wconf 94' lang='lat' dir='ltr'><strong>de</strong></span> <span class='ocrx_word' id='word_1_151' title='bbox 769 1385 954 1421; x_wconf 67' lang='lat' dir='ltr'><strong>qua-agitur,</strong></span> 
     </span>
    </p>
   </div>
   <div class='ocr_carea' id='block_1_26' title="bbox 169 1433 877 1468">
    <p class='ocr_par' dir='ltr' id='par_1_26' title="bbox 169 1433 877 1468">
     <span class='ocr_line' id='line_1_26' title="bbox 169 1433 877 1468; baseline -0.004 -8"><span class='ocrx_word' id='word_1_152' title='bbox 169 1433 249 1467; x_wconf 87' lang='lat' dir='ltr'><strong>eique</strong></span> <span class='ocrx_word' id='word_1_153' title='bbox 265 1439 445 1468; x_wconf 77' lang='lat' dir='ltr'><strong>congruam...</strong></span> <span class='ocrx_word' id='word_1_154' title='bbox 874 1463 877 1467; x_wconf 28' lang='lat'><strong><em>1</em></strong></span> 
     </span>
    </p>
   </div>
   <div class='ocr_carea' id='block_1_27' title="bbox 205 1477 955 1512">
    <p class='ocr_par' dir='ltr' id='par_1_27' title="bbox 205 1477 955 1512">
     <span class='ocr_line' id='line_1_27' title="bbox 205 1477 955 1512; baseline 0 -8"><span class='ocrx_word' id='word_1_155' title='bbox 205 1477 281 1505; x_wconf 80' lang='lat' dir='ltr'><strong>[.AT.</strong></span> <span class='ocrx_word' id='word_1_156' title='bbox 301 1477 395 1505; x_wconf 87' lang='lat' dir='ltr'><strong>Sentio</strong></span> <span class='ocrx_word' id='word_1_157' title='bbox 415 1485 457 1504; x_wconf 92' lang='lat' dir='ltr'><strong>me</strong></span> <span class='ocrx_word' id='word_1_158' title='bbox 480 1482 604 1505; x_wconf 89' lang='lat' dir='ltr'><strong>coactum</strong></span> <span class='ocrx_word' id='word_1_159' title='bbox 629 1485 690 1504; x_wconf 87' lang='lat' dir='ltr'><strong>esse</strong></span> <span class='ocrx_word' id='word_1_160' title='bbox 714 1478 769 1512; x_wconf 86' lang='lat' dir='ltr'><strong>jam</strong></span> <span class='ocrx_word' id='word_1_161' title='bbox 794 1478 829 1504; x_wconf 87' lang='lat' dir='ltr'><strong>ad</strong></span> <span class='ocrx_word' id='word_1_162' title='bbox 852 1477 955 1512; x_wconf 88' lang='lat' dir='ltr'><strong>scripta</strong></span> 
     </span>
    </p>
   </div>
   <div class='ocr_carea' id='block_1_28' title="bbox 170 1522 956 1551">
    <p class='ocr_par' dir='ltr' id='par_1_28' title="bbox 170 1522 956 1551">
     <span class='ocr_line' id='line_1_28' title="bbox 170 1522 956 1551; baseline -0.001 -1"><span class='ocrx_word' id='word_1_163' title='bbox 170 1524 324 1551; x_wconf 65' lang='lat' dir='ltr'><strong>testimonia</strong></span> <span class='ocrx_word' id='word_1_164' title='bbox 349 1522 490 1550; x_wconf 84' lang='lat' dir='ltr'><strong>accedere.</strong></span> <span class='ocrx_word' id='word_1_165' title='bbox 521 1524 644 1550; x_wconf 80' lang='lat' dir='ltr'><strong>Attamen</strong></span> <span class='ocrx_word' id='word_1_166' title='bbox 661 1523 705 1550; x_wconf 87' lang='lat' dir='ltr'><strong>hic</strong></span> <span class='ocrx_word' id='word_1_167' title='bbox 728 1523 809 1550; x_wconf 83' lang='lat' dir='ltr'><strong>etiam</strong></span> <span class='ocrx_word' id='word_1_168' title='bbox 829 1523 880 1550; x_wconf 85' lang='lat' dir='ltr'><strong>hac</strong></span> <span class='ocrx_word' id='word_1_169' title='bbox 900 1523 956 1550; x_wconf 84' lang='lat' dir='ltr'><strong>dis-</strong></span> 
     </span>
    </p>
   </div>
   <div class='ocr_carea' id='block_1_29' title="bbox 169 1569 953 1608">
    <p class='ocr_par' dir='ltr' id='par_1_29' title="bbox 169 1569 953 1608">
     <span class='ocr_line' id='line_1_29' title="bbox 169 1569 953 1608; baseline 0 -12"><span class='ocrx_word' id='word_1_170' title='bbox 169 1570 309 1608; x_wconf 81' lang='lat' dir='ltr'><strong>putatione</strong></span> <span class='ocrx_word' id='word_1_171' title='bbox 333 1569 468 1601; x_wconf 82' lang='lat' dir='ltr'><strong>absoluta,</strong></span> <span class='ocrx_word' id='word_1_172' title='bbox 501 1569 608 1596; x_wconf 86' lang='lat' dir='ltr'><strong>initium</strong></span> <span class='ocrx_word' id='word_1_173' title='bbox 640 1569 713 1596; x_wconf 87' lang='lat' dir='ltr'><strong>aliud</strong></span> <span class='ocrx_word' id='word_1_174' title='bbox 746 1569 809 1596; x_wconf 90' lang='lat' dir='ltr'><strong>inde</strong></span> <span class='ocrx_word' id='word_1_175' title='bbox 834 1569 953 1601; x_wconf 79' lang='lat' dir='ltr'><strong>faciens;</strong></span> 
     </span>
    </p>
   </div>
   <div class='ocr_carea' id='block_1_30' title="bbox 171 1616 954 1651">
    <p class='ocr_par' dir='ltr' id='par_1_30' title="bbox 171 1616 954 1651">
     <span class='ocr_line' id='line_1_30' title="bbox 171 1616 954 1651; baseline 0 -9"><span class='ocrx_word' id='word_1_176' title='bbox 171 1617 389 1644; x_wconf 82' lang='lat' dir='ltr'><strong>testimoniorum</strong></span> <span class='ocrx_word' id='word_1_177' title='bbox 419 1617 462 1643; x_wconf 87' lang='lat' dir='ltr'><strong>tali</strong></span> <span class='ocrx_word' id='word_1_178' title='bbox 493 1621 571 1651; x_wconf 84' lang='lat' dir='ltr'><strong>pacto</strong></span> <span class='ocrx_word' id='word_1_179' title='bbox 604 1616 770 1643; x_wconf 88' lang='lat' dir='ltr'><strong>mentionem</strong></span> <span class='ocrx_word' id='word_1_180' title='bbox 800 1616 954 1642; x_wconf 83' lang='lat' dir='ltr'><strong>faciamat-</strong></span> 
     </span>
    </p>
   </div>
   <div class='ocr_carea' id='block_1_31' title="bbox 170 1661 954 1698">
    <p class='ocr_par' dir='ltr' id='par_1_31' title="bbox 170 1661 954 1698">
     <span class='ocr_line' id='line_1_31' title="bbox 170 1661 954 1698; baseline -0.004 -8"><span class='ocrx_word' id='word_1_181' title='bbox 170 1671 224 1698; x_wconf 81' lang='lat' dir='ltr'><strong>que</strong></span> <span class='ocrx_word' id='word_1_182' title='bbox 246 1662 488 1690; x_wconf 82' lang='lat' dir='ltr'><strong>demonstrationis</strong></span> <span class='ocrx_word' id='word_1_183' title='bbox 511 1670 544 1689; x_wconf 82' lang='lat' dir='ltr'><strong>ex</strong></span> <span class='ocrx_word' id='word_1_184' title='bbox 566 1662 675 1689; x_wconf 79' lang='lat' dir='ltr'><strong>Patrum</strong></span> <span class='ocrx_word' id='word_1_185' title='bbox 694 1661 826 1688; x_wconf 86' lang='lat' dir='ltr'><strong>doctrinis</strong></span> <span class='ocrx_word' id='word_1_186' title='bbox 852 1661 954 1688; x_wconf 87' lang='lat' dir='ltr'><strong>deduc-</strong></span> 
     </span>
    </p>
   </div>
   <div class='ocr_carea' id='block_1_32' title="bbox 172 1706 953 1741">
    <p class='ocr_par' dir='ltr' id='par_1_32' title="bbox 172 1706 953 1741">
     <span class='ocr_line' id='line_1_32' title="bbox 172 1706 953 1741; baseline -0.004 -6"><span class='ocrx_word' id='word_1_187' title='bbox 172 1715 215 1736; x_wconf 73' lang='grc' dir='ltr'><strong>ιω.</strong></span> <span class='ocrx_word' id='word_1_188' title='bbox 249 1709 317 1735; x_wconf 73' lang='lat' dir='ltr'><strong>Nam</strong></span> <span class='ocrx_word' id='word_1_189' title='bbox 343 1708 377 1735; x_wconf 87' lang='lat' dir='ltr'><strong>ad</strong></span> <span class='ocrx_word' id='word_1_190' title='bbox 409 1707 670 1735; x_wconf 90' lang='lat' dir='ltr'><strong>demonstrationem</strong></span> <span class='ocrx_word' id='word_1_191' title='bbox 706 1706 953 1741; x_wconf 87' lang='lat' dir='ltr'><strong>supernaturalium</strong></span> 
     </span>
    </p>
   </div>
   <div class='ocr_carea' id='block_1_33' title="bbox 171 1752 953 1787">
    <p class='ocr_par' dir='ltr' id='par_1_33' title="bbox 171 1752 953 1787">
     <span class='ocr_line' id='line_1_33' title="bbox 171 1752 953 1787; baseline -0.003 -6"><span class='ocrx_word' id='word_1_192' title='bbox 171 1761 262 1781; x_wconf 81' lang='lat' dir='ltr'><strong>rerum</strong></span> <span class='ocrx_word' id='word_1_193' title='bbox 276 1754 346 1780; x_wconf 85' lang='lat' dir='ltr'><strong>ratio</strong></span> <span class='ocrx_word' id='word_1_194' title='bbox 359 1758 417 1780; x_wconf 86' lang='lat' dir='ltr'><strong>arte</strong></span> <span class='ocrx_word' id='word_1_195' title='bbox 427 1756 581 1787; x_wconf 82' lang='lat' dir='ltr'><strong>comparata</strong></span> <span class='ocrx_word' id='word_1_196' title='bbox 594 1752 692 1779; x_wconf 87' lang='lat' dir='ltr'><strong>debilis</strong></span> <span class='ocrx_word' id='word_1_197' title='bbox 703 1756 756 1786; x_wconf 87' lang='lat' dir='ltr'><strong>est,</strong></span> <span class='ocrx_word' id='word_1_198' title='bbox 773 1756 856 1786; x_wconf 86' lang='lat' dir='ltr'><strong>atque</strong></span> <span class='ocrx_word' id='word_1_199' title='bbox 870 1752 953 1779; x_wconf 88' lang='lat' dir='ltr'><strong>etiam</strong></span> 
     </span>
    </p>
   </div>
   <div class='ocr_carea' id='block_1_34' title="bbox 170 1797 954 1834">
    <p class='ocr_par' dir='ltr' id='par_1_34' title="bbox 170 1797 954 1834">
     <span class='ocr_line' id='line_1_34' title="bbox 170 1797 954 1834; baseline -0.003 -8"><span class='ocrx_word' id='word_1_200' title='bbox 170 1807 202 1827; x_wconf 87' lang='lat' dir='ltr'><strong>ca</strong></span> <span class='ocrx_word' id='word_1_201' title='bbox 220 1807 280 1834; x_wconf 67' lang='lat' dir='ltr'><strong>qua:</strong></span> <span class='ocrx_word' id='word_1_202' title='bbox 295 1799 412 1826; x_wconf 83' lang='lat' dir='ltr'><strong>fortasse</strong></span> <span class='ocrx_word' id='word_1_203' title='bbox 425 1799 529 1826; x_wconf 83' lang='lat' dir='ltr'><strong>directe</strong></span> <span class='ocrx_word' id='word_1_204' title='bbox 539 1798 678 1825; x_wconf 86' lang='lat' dir='ltr'><strong>concludit</strong></span> <span class='ocrx_word' id='word_1_205' title='bbox 692 1802 720 1824; x_wconf 89' lang='lat' dir='ltr'><strong>ct</strong></span> <span class='ocrx_word' id='word_1_206' title='bbox 731 1805 792 1832; x_wconf 70' lang='lat' dir='ltr'><strong>qua:</strong></span> <span class='ocrx_word' id='word_1_207' title='bbox 810 1797 954 1825; x_wconf 59' lang='lat' dir='ltr'><strong>ad&#39;absur-</strong></span> 
     </span>
    </p>
   </div>
   <div class='ocr_carea' id='block_1_35' title="bbox 172 1843 953 1878">
    <p class='ocr_par' dir='ltr' id='par_1_35' title="bbox 172 1843 953 1878">
     <span class='ocr_line' id='line_1_35' title="bbox 172 1843 953 1878; baseline 0 -8"><span class='ocrx_word' id='word_1_208' title='bbox 172 1845 236 1871; x_wconf 86' lang='lat' dir='ltr'><strong>dum</strong></span> <span class='ocrx_word' id='word_1_209' title='bbox 253 1843 373 1876; x_wconf 91' lang='lat' dir='ltr'><strong>deducit,</strong></span> <span class='ocrx_word' id='word_1_210' title='bbox 404 1851 436 1871; x_wconf 88' lang='lat' dir='ltr'><strong>ac</strong></span> <span class='ocrx_word' id='word_1_211' title='bbox 461 1843 623 1878; x_wconf 78' lang='lat' dir='ltr'><strong>simpliciter</strong></span> <span class='ocrx_word' id='word_1_212' title='bbox 636 1843 809 1878; x_wconf 82' lang='lat' dir='ltr'><strong>syllogismns</strong></span> <span class='ocrx_word' id='word_1_213' title='bbox 838 1844 953 1878; x_wconf 87' lang='lat' dir='ltr'><strong>quilibet</strong></span> 
     </span>
    </p>
   </div>
   <div class='ocr_carea' id='block_1_36' title="bbox 1006 609 1788 647">
    <p class='ocr_par' dir='ltr' id='par_1_36' title="bbox 1006 609 1788 647">
     <span class='ocr_line' id='line_1_36' title="bbox 1006 609 1788 647; baseline -0.003 -9"><span class='ocrx_word' id='word_1_214' title='bbox 1006 612 1052 638; x_wconf 83' lang='grc' dir='ltr'>τοῦ</span> <span class='ocrx_word' id='word_1_215' title='bbox 1065 612 1211 647; x_wconf 73' lang='grc' dir='ltr'><strong>δόγματος,</strong></span> <span class='ocrx_word' id='word_1_216' title='bbox 1227 611 1330 644; x_wconf 76' lang='grc' dir='ltr'>φράσον</span> <span class='ocrx_word' id='word_1_217' title='bbox 1347 609 1404 645; x_wconf 77' lang='lat'><strong>(58)</strong></span> <span class='ocrx_word' id='word_1_218' title='bbox 1417 617 1424 624; x_wconf 87' lang='grc'><strong>·</strong></span> <span class='ocrx_word' id='word_1_219' title='bbox 1435 609 1471 640; x_wconf 84' lang='grc' dir='ltr'><strong>ὼς</strong></span> <span class='ocrx_word' id='word_1_220' title='bbox 1488 610 1555 643; x_wconf 78' lang='grc' dir='ltr'>ἡμῖν</span> <span class='ocrx_word' id='word_1_221' title='bbox 1567 617 1597 643; x_wconf 86' lang='grc' dir='ltr'>γε</span> <span class='ocrx_word' id='word_1_222' title='bbox 1617 611 1698 644; x_wconf 84' lang='grc' dir='ltr'>ἀρκεῖ</span> <span class='ocrx_word' id='word_1_223' title='bbox 1707 610 1788 645; x_wconf 71' lang='grc' dir='ltr'><strong>ῥῆσις</strong></span> 
     </span>
    </p>
   </div>
   <div class='ocr_carea' id='block_1_37' title="bbox 1005 655 1788 692">
    <p class='ocr_par' dir='ltr' id='par_1_37' title="bbox 1005 655 1788 692">
     <span class='ocr_line' id='line_1_37' title="bbox 1005 655 1788 692; baseline -0.005 -7"><span class='ocrx_word' id='word_1_224' title='bbox 1005 659 1021 692; x_wconf 82' lang='grc' dir='ltr'><strong>ἠ</strong></span> <span class='ocrx_word' id='word_1_225' title='bbox 1052 657 1218 692; x_wconf 78' lang='grc' dir='ltr'>εὐαγγελικὴ</span> <span class='ocrx_word' id='word_1_226' title='bbox 1250 658 1281 683; x_wconf 79' lang='grc' dir='ltr'>ἐκ</span> <span class='ocrx_word' id='word_1_227' title='bbox 1310 656 1357 683; x_wconf 71' lang='grc' dir='ltr'><strong>τοῦ</strong></span> <span class='ocrx_word' id='word_1_228' title='bbox 1393 655 1499 690; x_wconf 73' lang='grc' dir='ltr'>Πατρὺς</span> <span class='ocrx_word' id='word_1_229' title='bbox 1529 655 1727 690; x_wconf 77' lang='grc' dir='ltr'><strong>ἐκπορεύεσθαι</strong></span> <span class='ocrx_word' id='word_1_230' title='bbox 1757 657 1788 682; x_wconf 83' lang='grc' dir='ltr'>τὸ</span> 
     </span>
    </p>
   </div>
   <div class='ocr_carea' id='block_1_38' title="bbox 1006 702 1453 738">
    <p class='ocr_par' dir='ltr' id='par_1_38' title="bbox 1006 702 1453 738">
     <span class='ocr_line' id='line_1_38' title="bbox 1006 702 1453 738; baseline -0.007 -8"><span class='ocrx_word' id='word_1_231' title='bbox 1006 704 1120 737; x_wconf 81' lang='grc' dir='ltr'><strong>Πνεῦμα</strong></span> <span class='ocrx_word' id='word_1_232' title='bbox 1134 702 1297 738; x_wconf 78' lang='grc' dir='ltr'><strong>παριστῶσα</strong></span> <span class='ocrx_word' id='word_1_233' title='bbox 1314 702 1453 736; x_wconf 85' lang='grc' dir='ltr'><strong>σαφῶς....</strong></span> 
     </span>
    </p>
   </div>
   <div class='ocr_carea' id='block_1_39' title="bbox 1040 745 1788 785">
    <p class='ocr_par' dir='ltr' id='par_1_39' title="bbox 1040 745 1788 785">
     <span class='ocr_line' id='line_1_39' title="bbox 1040 745 1788 785; baseline -0.005 -9"><span class='ocrx_word' id='word_1_234' title='bbox 1040 750 1118 776; x_wconf 80' lang='grc' dir='ltr'><strong>ΛΑΤ.</strong></span> <span class='ocrx_word' id='word_1_235' title='bbox 1144 749 1282 785; x_wconf 83' lang='grc' dir='ltr'><strong>Ἐπίσχες,</strong></span> <span class='ocrx_word' id='word_1_236' title='bbox 1298 745 1320 774; x_wconf 82' lang='grc' dir='ltr'>ὧ</span> <span class='ocrx_word' id='word_1_237' title='bbox 1332 747 1444 783; x_wconf 69' lang='grc' dir='ltr'>Γριικὲ.</span> <span class='ocrx_word' id='word_1_238' title='bbox 1463 747 1509 774; x_wconf 80' lang='grc' dir='ltr'>καὶ</span> <span class='ocrx_word' id='word_1_239' title='bbox 1522 747 1607 773; x_wconf 77' lang='grc' dir='ltr'><strong>εἰσέτι</strong></span> <span class='ocrx_word' id='word_1_240' title='bbox 1622 746 1668 773; x_wconf 83' lang='grc' dir='ltr'>τὸν</span> <span class='ocrx_word' id='word_1_241' title='bbox 1686 747 1716 773; x_wconf 77' lang='grc' dir='ltr'>ὲκ</span> <span class='ocrx_word' id='word_1_242' title='bbox 1734 747 1788 772; x_wconf 81' lang='grc' dir='ltr'><strong>τῶν</strong></span> 
     </span>
    </p>
   </div>
   <div class='ocr_carea' id='block_1_40' title="bbox 1006 792 1788 829">
    <p class='ocr_par' dir='ltr' id='par_1_40' title="bbox 1006 792 1788 829">
     <span class='ocr_line' id='line_1_40' title="bbox 1006 792 1788 829; baseline -0.004 -9"><span class='ocrx_word' id='word_1_243' title='bbox 1006 793 1165 829; x_wconf 76' lang='grc' dir='ltr'>μαρτυριῶν</span> <span class='ocrx_word' id='word_1_244' title='bbox 1191 793 1271 826; x_wconf 87' lang='grc' dir='ltr'>λόγον</span> <span class='ocrx_word' id='word_1_245' title='bbox 1297 794 1344 819; x_wconf 74' lang='grc' dir='ltr'><strong>καὶ</strong></span> <span class='ocrx_word' id='word_1_246' title='bbox 1371 793 1488 818; x_wconf 81' lang='grc' dir='ltr'><strong>ὕστατον</strong></span> <span class='ocrx_word' id='word_1_247' title='bbox 1517 792 1611 818; x_wconf 80' lang='grc' dir='ltr'>τοῦτον</span> <span class='ocrx_word' id='word_1_248' title='bbox 1634 792 1680 817; x_wconf 69' lang='grc' dir='ltr'><strong>καὶ</strong></span> <span class='ocrx_word' id='word_1_249' title='bbox 1703 792 1788 826; x_wconf 74' lang='grc' dir='ltr'><strong>ἄμφω</strong></span> 
     </span>
    </p>
   </div>
   <div class='ocr_carea' id='block_1_41' title="bbox 1005 837 1788 874">
    <p class='ocr_par' dir='ltr' id='par_1_41' title="bbox 1005 837 1788 874">
     <span class='ocr_line' id='line_1_41' title="bbox 1005 837 1788 874; baseline -0.004 -9"><span class='ocrx_word' id='word_1_250' title='bbox 1005 839 1221 874; x_wconf 73' lang='grc' dir='ltr'>ταμιευπώμεοα</span> <span class='ocrx_word' id='word_1_251' title='bbox 1234 846 1240 853; x_wconf 94' lang='grc'><strong>·</strong></span> <span class='ocrx_word' id='word_1_252' title='bbox 1257 838 1304 865; x_wconf 84' lang='grc' dir='ltr'>νῦν</span> <span class='ocrx_word' id='word_1_253' title='bbox 1323 838 1351 864; x_wconf 83' lang='grc' dir='ltr'><strong>δὲ</strong></span> <span class='ocrx_word' id='word_1_254' title='bbox 1368 838 1425 864; x_wconf 81' lang='grc' dir='ltr'><strong>ἀλλ’</strong></span> <span class='ocrx_word' id='word_1_255' title='bbox 1442 838 1504 864; x_wconf 76' lang='grc' dir='ltr'>εἰπέ</span> <span class='ocrx_word' id='word_1_256' title='bbox 1515 844 1521 851; x_wconf 79' lang='lat'>&#39;</span> <span class='ocrx_word' id='word_1_257' title='bbox 1539 838 1562 863; x_wconf 73' lang='grc' dir='ltr'>εἰ</span> <span class='ocrx_word' id='word_1_258' title='bbox 1580 837 1638 871; x_wconf 68' lang='grc' dir='ltr'><strong>ἅμα</strong></span> <span class='ocrx_word' id='word_1_259' title='bbox 1655 838 1671 872; x_wconf 85' lang='grc' dir='ltr'>ἡ</span> <span class='ocrx_word' id='word_1_260' title='bbox 1687 837 1788 871; x_wconf 80' lang='grc' dir='ltr'>γέννη-</span> 
     </span>
    </p>
   </div>
   <div class='ocr_carea' id='block_1_42' title="bbox 1006 882 1789 920">
    <p class='ocr_par' dir='ltr' id='par_1_42' title="bbox 1006 882 1789 920">
     <span class='ocr_line' id='line_1_42' title="bbox 1006 882 1789 920; baseline -0.004 -9"><span class='ocrx_word' id='word_1_261' title='bbox 1006 893 1049 916; x_wconf 85' lang='grc' dir='ltr'><strong>σις</strong></span> <span class='ocrx_word' id='word_1_262' title='bbox 1074 885 1120 911; x_wconf 62' lang='grc' dir='ltr'><strong>καὶ</strong></span> <span class='ocrx_word' id='word_1_263' title='bbox 1137 886 1153 919; x_wconf 85' lang='grc' dir='ltr'>ὴ</span> <span class='ocrx_word' id='word_1_264' title='bbox 1170 885 1332 920; x_wconf 79' lang='grc' dir='ltr'>ὲκπόρευσις</span> <span class='ocrx_word' id='word_1_265' title='bbox 1347 904 1353 915; x_wconf 89' lang='grc'><em>,</em></span> <span class='ocrx_word' id='word_1_266' title='bbox 1371 884 1430 915; x_wconf 85' lang='grc' dir='ltr'><strong>πῶς</strong></span> <span class='ocrx_word' id='word_1_267' title='bbox 1450 884 1510 918; x_wconf 74' lang='grc' dir='ltr'><strong>οὐχὶ</strong></span> <span class='ocrx_word' id='word_1_268' title='bbox 1527 882 1557 909; x_wconf 80' lang='grc' dir='ltr'><strong>τὸ</strong></span> <span class='ocrx_word' id='word_1_269' title='bbox 1576 882 1740 916; x_wconf 73' lang='grc' dir='ltr'>ὲκπορευτδν</span> <span class='ocrx_word' id='word_1_270' title='bbox 1757 884 1789 909; x_wconf 82' lang='grc' dir='ltr'>ὲκ</span> 
     </span>
    </p>
   </div>
   <div class='ocr_carea' id='block_1_43' title="bbox 1004 930 1783 966">
    <p class='ocr_par' dir='ltr' id='par_1_43' title="bbox 1004 930 1783 966">
     <span class='ocr_line' id='line_1_43' title="bbox 1004 930 1783 966; baseline -0.001 -9"><span class='ocrx_word' id='word_1_271' title='bbox 1004 932 1051 958; x_wconf 85' lang='grc' dir='ltr'>τοῦ</span> <span class='ocrx_word' id='word_1_272' title='bbox 1067 931 1197 966; x_wconf 79' lang='grc' dir='ltr'><strong>γεννητοῦ</strong></span> <span class='ocrx_word' id='word_1_273' title='bbox 1214 940 1221 947; x_wconf 69' lang='grc' dir='ltr'><strong>ι</strong></span> <span class='ocrx_word' id='word_1_274' title='bbox 1238 933 1262 957; x_wconf 78' lang='grc' dir='ltr'>εἰ</span> <span class='ocrx_word' id='word_1_275' title='bbox 1278 931 1336 965; x_wconf 79' lang='grc' dir='ltr'><strong>ἅμα</strong></span> <span class='ocrx_word' id='word_1_276' title='bbox 1354 931 1384 957; x_wconf 82' lang='grc' dir='ltr'>ὲκ</span> <span class='ocrx_word' id='word_1_277' title='bbox 1397 931 1442 956; x_wconf 81' lang='grc' dir='ltr'>τοῦ</span> <span class='ocrx_word' id='word_1_278' title='bbox 1457 931 1564 964; x_wconf 77' lang='grc' dir='ltr'>Πάτρὺς</span> <span class='ocrx_word' id='word_1_279' title='bbox 1580 931 1593 957; x_wconf 81' lang='grc' dir='ltr'>ὁ</span> <span class='ocrx_word' id='word_1_280' title='bbox 1609 930 1674 961; x_wconf 79' lang='grc' dir='ltr'><strong>Υἱὸς</strong></span> <span class='ocrx_word' id='word_1_281' title='bbox 1694 930 1783 956; x_wconf 77' lang='grc' dir='ltr'><strong>καὶτὸ</strong></span> 
     </span>
    </p>
   </div>
   <div class='ocr_carea' id='block_1_44' title="bbox 1007 975 1734 1012">
    <p class='ocr_par' dir='ltr' id='par_1_44' title="bbox 1007 975 1734 1012">
     <span class='ocr_line' id='line_1_44' title="bbox 1007 975 1734 1012; baseline -0.006 -8"><span class='ocrx_word' id='word_1_282' title='bbox 1007 977 1130 1012; x_wconf 79' lang='grc' dir='ltr'><strong>Πνεῦμα,</strong></span> <span class='ocrx_word' id='word_1_283' title='bbox 1149 977 1206 1007; x_wconf 82' lang='grc' dir='ltr'>πῶς</span> <span class='ocrx_word' id='word_1_284' title='bbox 1221 976 1279 1011; x_wconf 65' lang='grc' dir='ltr'><strong>οὐχὶ</strong></span> <span class='ocrx_word' id='word_1_285' title='bbox 1298 977 1344 1002; x_wconf 77' lang='grc' dir='ltr'>καὶ</span> <span class='ocrx_word' id='word_1_286' title='bbox 1361 976 1393 1002; x_wconf 78' lang='grc' dir='ltr'>ἐκ</span> <span class='ocrx_word' id='word_1_287' title='bbox 1407 975 1454 1002; x_wconf 78' lang='grc' dir='ltr'><strong>τοῦ</strong></span> <span class='ocrx_word' id='word_1_288' title='bbox 1471 975 1536 1001; x_wconf 82' lang='grc' dir='ltr'>Υἱοῦ</span> <span class='ocrx_word' id='word_1_289' title='bbox 1555 975 1712 1010; x_wconf 72' lang='grc' dir='ltr'><strong>τὸΊΙνεῦμα</strong></span> <span class='ocrx_word' id='word_1_290' title='bbox 1726 983 1734 1007; x_wconf 87' lang='lat'><strong>;</strong></span> 
     </span>
    </p>
   </div>
   <div class='ocr_carea' id='block_1_45' title="bbox 1041 1067 1792 1102">
    <p class='ocr_par' dir='ltr' id='par_1_45' title="bbox 1041 1067 1792 1102">
     <span class='ocr_line' id='line_1_45' title="bbox 1041 1067 1792 1102; baseline 0 -10"><span class='ocrx_word' id='word_1_291' title='bbox 1041 1067 1092 1094; x_wconf 78' lang='grc' dir='ltr'><strong>ΓΡ.</strong></span> <span class='ocrx_word' id='word_1_292' title='bbox 1115 1067 1185 1102; x_wconf 82' lang='grc' dir='ltr'>Ἐρῶ</span> <span class='ocrx_word' id='word_1_293' title='bbox 1212 1076 1254 1094; x_wconf 83' lang='grc' dir='ltr'>σοι</span> <span class='ocrx_word' id='word_1_294' title='bbox 1277 1067 1354 1101; x_wconf 79' lang='grc' dir='ltr'><strong>κάγώ</strong></span> <span class='ocrx_word' id='word_1_295' title='bbox 1370 1075 1377 1082; x_wconf 90' lang='grc'><strong>·</strong></span> <span class='ocrx_word' id='word_1_296' title='bbox 1406 1068 1430 1093; x_wconf 74' lang='grc' dir='ltr'>εἰ</span> <span class='ocrx_word' id='word_1_297' title='bbox 1457 1068 1514 1102; x_wconf 75' lang='grc' dir='ltr'><strong>ἅμα</strong></span> <span class='ocrx_word' id='word_1_298' title='bbox 1531 1067 1624 1102; x_wconf 81' lang='grc' dir='ltr'><strong>Πατὴρ</strong></span> <span class='ocrx_word' id='word_1_299' title='bbox 1645 1067 1690 1093; x_wconf 76' lang='grc' dir='ltr'><strong>καὶ</strong></span> <span class='ocrx_word' id='word_1_300' title='bbox 1711 1067 1792 1099; x_wconf 69' lang='grc' dir='ltr'><strong>Υἱὸς,</strong></span> 
     </span>
    </p>
   </div>
   <div class='ocr_carea' id='block_1_46' title="bbox 1006 1112 1787 1148">
    <p class='ocr_par' dir='ltr' id='par_1_46' title="bbox 1006 1112 1787 1148">
     <span class='ocr_line' id='line_1_46' title="bbox 1006 1112 1787 1148; baseline 0 -11"><span class='ocrx_word' id='word_1_301' title='bbox 1006 1113 1086 1144; x_wconf 84' lang='grc' dir='ltr'><strong>πῶςό</strong></span> <span class='ocrx_word' id='word_1_302' title='bbox 1099 1113 1162 1144; x_wconf 82' lang='grc' dir='ltr'><strong>Υἱὸς</strong></span> <span class='ocrx_word' id='word_1_303' title='bbox 1180 1114 1210 1139; x_wconf 74' lang='grc' dir='ltr'>ἐκ</span> <span class='ocrx_word' id='word_1_304' title='bbox 1224 1113 1270 1140; x_wconf 79' lang='grc' dir='ltr'><strong>τοῦ</strong></span> <span class='ocrx_word' id='word_1_305' title='bbox 1284 1113 1401 1145; x_wconf 59' lang='lat' dir='ltr'><strong>[Ia-rpr</strong></span> <span class='ocrx_word' id='word_1_306' title='bbox 1416 1113 1477 1148; x_wconf 72' lang='grc' dir='ltr'><strong>οὐχὶ</strong></span> <span class='ocrx_word' id='word_1_307' title='bbox 1492 1113 1537 1139; x_wconf 66' lang='grc' dir='ltr'>καὶ</span> <span class='ocrx_word' id='word_1_308' title='bbox 1554 1113 1567 1138; x_wconf 82' lang='grc' dir='ltr'><strong><em>ὁ</em></strong></span> <span class='ocrx_word' id='word_1_309' title='bbox 1583 1112 1678 1147; x_wconf 65' lang='grc' dir='ltr'>Πατὴρ</span> <span class='ocrx_word' id='word_1_310' title='bbox 1695 1113 1726 1138; x_wconf 79' lang='grc' dir='ltr'>ἐκ</span> <span class='ocrx_word' id='word_1_311' title='bbox 1741 1113 1787 1138; x_wconf 78' lang='grc' dir='ltr'><strong>τοῦ</strong></span> 
     </span>
    </p>
   </div>
   <div class='ocr_carea' id='block_1_47' title="bbox 1007 1158 1789 1193">
    <p class='ocr_par' dir='ltr' id='par_1_47' title="bbox 1007 1158 1789 1193">
     <span class='ocr_line' id='line_1_47' title="bbox 1007 1158 1789 1193; baseline 0 -10"><span class='ocrx_word' id='word_1_312' title='bbox 1007 1158 1071 1184; x_wconf 68' lang='grc' dir='ltr'>Υἱοῦ</span> <span class='ocrx_word' id='word_1_313' title='bbox 1085 1167 1092 1191; x_wconf 86' lang='grc'>;</span> <span class='ocrx_word' id='word_1_314' title='bbox 1105 1159 1127 1184; x_wconf 75' lang='lat' dir='ltr'><strong>el</strong></span> <span class='ocrx_word' id='word_1_315' title='bbox 1144 1159 1201 1193; x_wconf 73' lang='grc' dir='ltr'><strong>ἅμα</strong></span> <span class='ocrx_word' id='word_1_316' title='bbox 1224 1158 1335 1193; x_wconf 77' lang='grc' dir='ltr'><strong>Πνεῦμα</strong></span> <span class='ocrx_word' id='word_1_317' title='bbox 1352 1158 1399 1185; x_wconf 70' lang='grc' dir='ltr'>καὶ</span> <span class='ocrx_word' id='word_1_318' title='bbox 1414 1159 1477 1190; x_wconf 82' lang='grc' dir='ltr'><strong>Υἱὸς</strong></span> <span class='ocrx_word' id='word_1_319' title='bbox 1493 1159 1524 1184; x_wconf 76' lang='grc' dir='ltr'>ὲκ</span> <span class='ocrx_word' id='word_1_320' title='bbox 1542 1158 1588 1184; x_wconf 85' lang='grc' dir='ltr'><strong>τοῦ</strong></span> <span class='ocrx_word' id='word_1_321' title='bbox 1603 1158 1716 1192; x_wconf 78' lang='grc' dir='ltr'><strong>Πατρὸς,</strong></span> <span class='ocrx_word' id='word_1_322' title='bbox 1731 1158 1789 1188; x_wconf 77' lang='grc' dir='ltr'>πῶς</span> 
     </span>
    </p>
   </div>
   <div class='ocr_carea' id='block_1_48' title="bbox 1008 1203 1786 1238">
    <p class='ocr_par' dir='ltr' id='par_1_48' title="bbox 1008 1203 1786 1238">
     <span class='ocr_line' id='line_1_48' title="bbox 1008 1203 1786 1238; baseline 0.003 -10"><span class='ocrx_word' id='word_1_323' title='bbox 1008 1203 1038 1228; x_wconf 72' lang='grc' dir='ltr'><strong>τὸ</strong></span> <span class='ocrx_word' id='word_1_324' title='bbox 1066 1203 1178 1238; x_wconf 79' lang='grc' dir='ltr'><strong>Πνεῦμα.</strong></span> <span class='ocrx_word' id='word_1_325' title='bbox 1204 1205 1235 1230; x_wconf 82' lang='grc' dir='ltr'>ὲκ</span> <span class='ocrx_word' id='word_1_326' title='bbox 1259 1204 1307 1230; x_wconf 82' lang='grc' dir='ltr'><strong>τοῦ</strong></span> <span class='ocrx_word' id='word_1_327' title='bbox 1333 1204 1409 1236; x_wconf 76' lang='grc' dir='ltr'><strong>Υἱοῦ,</strong></span> <span class='ocrx_word' id='word_1_328' title='bbox 1435 1204 1481 1230; x_wconf 69' lang='grc' dir='ltr'><strong>καὶ</strong></span> <span class='ocrx_word' id='word_1_329' title='bbox 1503 1204 1564 1238; x_wconf 74' lang='grc' dir='ltr'>οὐχὶ</span> <span class='ocrx_word' id='word_1_330' title='bbox 1579 1205 1592 1230; x_wconf 81' lang='grc' dir='ltr'><strong>ὁ</strong></span> <span class='ocrx_word' id='word_1_331' title='bbox 1611 1204 1675 1235; x_wconf 75' lang='grc' dir='ltr'><strong>Υἱὸς</strong></span> <span class='ocrx_word' id='word_1_332' title='bbox 1693 1205 1723 1230; x_wconf 81' lang='grc' dir='ltr'>ἐκ</span> <span class='ocrx_word' id='word_1_333' title='bbox 1738 1205 1786 1230; x_wconf 86' lang='grc' dir='ltr'>τοῦ</span> 
     </span>
    </p>
   </div>
   <div class='ocr_carea' id='block_1_49' title="bbox 971 1233 1787 1284">
    <p class='ocr_par' dir='ltr' id='par_1_49' title="bbox 971 1233 1787 1284">
     <span class='ocr_line' id='line_1_49' title="bbox 971 1233 1787 1284; baseline 0.001 -10"><span class='ocrx_word' id='word_1_334' title='bbox 971 1233 993 1262; x_wconf 66' lang='grc' dir='ltr'><strong>Β</strong></span> <span class='ocrx_word' id='word_1_335' title='bbox 1009 1248 1179 1283; x_wconf 81' lang='grc' dir='ltr'><strong>Πνεύματος.</strong></span> <span class='ocrx_word' id='word_1_336' title='bbox 1194 1250 1240 1276; x_wconf 77' lang='grc' dir='ltr'><strong>καὶ</strong></span> <span class='ocrx_word' id='word_1_337' title='bbox 1258 1249 1287 1276; x_wconf 69' lang='grc' dir='ltr'><strong>τὸ</strong></span> <span class='ocrx_word' id='word_1_338' title='bbox 1302 1250 1432 1284; x_wconf 80' lang='grc' dir='ltr'>γεννητὸν</span> <span class='ocrx_word' id='word_1_339' title='bbox 1446 1250 1478 1275; x_wconf 84' lang='grc' dir='ltr'>ὲκ</span> <span class='ocrx_word' id='word_1_340' title='bbox 1495 1249 1541 1276; x_wconf 83' lang='grc' dir='ltr'><strong>τοῦ</strong></span> <span class='ocrx_word' id='word_1_341' title='bbox 1554 1249 1719 1284; x_wconf 82' lang='grc' dir='ltr'>ὲκπορευτοῦ</span> 
     </span>
    </p>
   </div>
   <div class='ocr_carea' id='block_1_50' title="bbox 1044 1295 1789 1330">
    <p class='ocr_par' dir='ltr' id='par_1_50' title="bbox 1044 1295 1789 1330">
     <span class='ocr_line' id='line_1_50' title="bbox 1044 1295 1789 1330; baseline 0 -9"><span class='ocrx_word' id='word_1_342' title='bbox 1044 1296 1122 1322; x_wconf 84' lang='grc' dir='ltr'><strong>ΛΛΤ.</strong></span> <span class='ocrx_word' id='word_1_343' title='bbox 1140 1295 1196 1329; x_wconf 82' lang='grc'><strong>(59)</strong></span> <span class='ocrx_word' id='word_1_344' title='bbox 1219 1296 1291 1330; x_wconf 78' lang='grc' dir='ltr'><strong>Φημὶ</strong></span> <span class='ocrx_word' id='word_1_345' title='bbox 1306 1295 1396 1321; x_wconf 79' lang='grc' dir='ltr'>τοίνυν</span> <span class='ocrx_word' id='word_1_346' title='bbox 1414 1296 1454 1321; x_wconf 77' lang='grc' dir='ltr'><strong>ὅτι</strong></span> <span class='ocrx_word' id='word_1_347' title='bbox 1469 1295 1499 1321; x_wconf 84' lang='grc' dir='ltr'>τὸ</span> <span class='ocrx_word' id='word_1_348' title='bbox 1529 1295 1727 1330; x_wconf 69' lang='grc' dir='ltr'><strong>ἐκπορεύεσθαι</strong></span> <span class='ocrx_word' id='word_1_349' title='bbox 1745 1296 1789 1330; x_wconf 79' lang='grc' dir='ltr'><strong>ἐφ’</strong></span> 
     </span>
    </p>
   </div>
   <div class='ocr_carea' id='block_1_51' title="bbox 1007 1338 1788 1377">
    <p class='ocr_par' dir='ltr' id='par_1_51' title="bbox 1007 1338 1788 1377">
     <span class='ocr_line' id='line_1_51' title="bbox 1007 1338 1788 1377; baseline 0 -9"><span class='ocrx_word' id='word_1_350' title='bbox 1007 1338 1043 1368; x_wconf 81' lang='grc' dir='ltr'>ὧν</span> <span class='ocrx_word' id='word_1_351' title='bbox 1057 1342 1089 1368; x_wconf 73' lang='grc' dir='ltr'>ἂν</span> <span class='ocrx_word' id='word_1_352' title='bbox 1105 1341 1268 1377; x_wconf 69' lang='grc' dir='ltr'><strong>εὑρίσκηται</strong></span> <span class='ocrx_word' id='word_1_353' title='bbox 1286 1341 1435 1375; x_wconf 83' lang='grc' dir='ltr'>λεγόμενον</span> <span class='ocrx_word' id='word_1_354' title='bbox 1449 1361 1456 1372; x_wconf 88' lang='grc'><em>,</em></span> <span class='ocrx_word' id='word_1_355' title='bbox 1473 1341 1602 1376; x_wconf 78' lang='grc' dir='ltr'><strong>σημαίνει</strong></span> <span class='ocrx_word' id='word_1_356' title='bbox 1617 1342 1667 1375; x_wconf 83' lang='grc' dir='ltr'><strong>μὲν</strong></span> <span class='ocrx_word' id='word_1_357' title='bbox 1681 1341 1788 1375; x_wconf 82' lang='grc' dir='ltr'>κίνησιν</span> 
     </span>
    </p>
   </div>
   <div class='ocr_carea' id='block_1_52' title="bbox 1006 1386 1786 1421">
    <p class='ocr_par' dir='ltr' id='par_1_52' title="bbox 1006 1386 1786 1421">
     <span class='ocr_line' id='line_1_52' title="bbox 1006 1386 1786 1421; baseline 0 -9"><span class='ocrx_word' id='word_1_358' title='bbox 1006 1386 1124 1418; x_wconf 79' lang='grc' dir='ltr'>οἱανοῦν,</span> <span class='ocrx_word' id='word_1_359' title='bbox 1142 1387 1211 1421; x_wconf 76' lang='grc' dir='ltr'>πλὴν</span> <span class='ocrx_word' id='word_1_360' title='bbox 1225 1386 1329 1413; x_wconf 81' lang='grc' dir='ltr'><strong>οἰκείαν</strong></span> <span class='ocrx_word' id='word_1_361' title='bbox 1344 1386 1381 1421; x_wconf 79' lang='grc' dir='ltr'>τῷ</span> <span class='ocrx_word' id='word_1_362' title='bbox 1393 1387 1567 1421; x_wconf 77' lang='grc' dir='ltr'>προκειμένῳ</span> <span class='ocrx_word' id='word_1_363' title='bbox 1580 1386 1723 1421; x_wconf 71' lang='grc' dir='ltr'>πράγματι</span> <span class='ocrx_word' id='word_1_364' title='bbox 1740 1388 1786 1413; x_wconf 68' lang='grc' dir='ltr'><strong>καὶ</strong></span> 
     </span>
    </p>
   </div>
   <div class='ocr_carea' id='block_1_53' title="bbox 1007 1431 1239 1467">
    <p class='ocr_par' dir='ltr' id='par_1_53' title="bbox 1007 1431 1239 1467">
     <span class='ocr_line' id='line_1_53' title="bbox 1007 1431 1239 1467; baseline -0.004 -9"><span class='ocrx_word' id='word_1_365' title='bbox 1007 1431 1212 1467; x_wconf 67' lang='grc' dir='ltr'><strong>κατάλληλον...</strong></span> <span class='ocrx_word' id='word_1_366' title='bbox 1221 1451 1239 1459; x_wconf 91' lang='grc'><strong>..</strong></span> 
     </span>
    </p>
   </div>
   <div class='ocr_carea' id='block_1_54' title="bbox 1041 1478 1788 1514">
    <p class='ocr_par' dir='ltr' id='par_1_54' title="bbox 1041 1478 1788 1514">
     <span class='ocr_line' id='line_1_54' title="bbox 1041 1478 1788 1514; baseline 0.003 -11"><span class='ocrx_word' id='word_1_367' title='bbox 1041 1478 1120 1504; x_wconf 83' lang='grc' dir='ltr'><strong>ΛΑΤ.</strong></span> <span class='ocrx_word' id='word_1_368' title='bbox 1133 1478 1300 1512; x_wconf 82' lang='grc' dir='ltr'>Αἰσοάνομαι</span> <span class='ocrx_word' id='word_1_369' title='bbox 1311 1479 1360 1513; x_wconf 82' lang='grc' dir='ltr'><strong>μὲν</strong></span> <span class='ocrx_word' id='word_1_370' title='bbox 1373 1479 1422 1513; x_wconf 71' lang='grc' dir='ltr'><strong>ἤδη</strong></span> <span class='ocrx_word' id='word_1_371' title='bbox 1435 1479 1500 1514; x_wconf 79' lang='grc' dir='ltr'>πρὸς</span> <span class='ocrx_word' id='word_1_372' title='bbox 1507 1480 1556 1510; x_wconf 79' lang='grc' dir='ltr'><strong>τὰς</strong></span> <span class='ocrx_word' id='word_1_373' title='bbox 1567 1480 1703 1514; x_wconf 76' lang='grc' dir='ltr'>γραφικὰς</span> <span class='ocrx_word' id='word_1_374' title='bbox 1718 1489 1788 1514; x_wconf 80' lang='grc' dir='ltr'><strong>μαρ-</strong></span> 
     </span>
    </p>
   </div>
   <div class='ocr_carea' id='block_1_55' title="bbox 1005 1522 1790 1559">
    <p class='ocr_par' dir='ltr' id='par_1_55' title="bbox 1005 1522 1790 1559">
     <span class='ocr_line' id='line_1_55' title="bbox 1005 1522 1790 1559; baseline 0.004 -10"><span class='ocrx_word' id='word_1_375' title='bbox 1005 1525 1101 1558; x_wconf 75' lang='grc' dir='ltr'>τυρίας</span> <span class='ocrx_word' id='word_1_376' title='bbox 1119 1523 1207 1550; x_wconf 81' lang='grc' dir='ltr'>ἐλθεῖν</span> <span class='ocrx_word' id='word_1_377' title='bbox 1224 1522 1440 1559; x_wconf 69' lang='grc' dir='ltr'><strong>συνώοούμενοςο</strong></span> <span class='ocrx_word' id='word_1_378' title='bbox 1455 1525 1524 1559; x_wconf 82' lang='grc' dir='ltr'>πλὴν</span> <span class='ocrx_word' id='word_1_379' title='bbox 1536 1525 1594 1552; x_wconf 82' lang='grc' dir='ltr'>ἀλλ’</span> <span class='ocrx_word' id='word_1_380' title='bbox 1610 1525 1726 1552; x_wconf 80' lang='grc' dir='ltr'><strong>ἐνταῦθα</strong></span> <span class='ocrx_word' id='word_1_381' title='bbox 1742 1526 1790 1552; x_wconf 74' lang='grc' dir='ltr'><strong>καὶ</strong></span> 
     </span>
    </p>
   </div>
   <div class='ocr_carea' id='block_1_56' title="bbox 1005 1569 1787 1606">
    <p class='ocr_par' dir='ltr' id='par_1_56' title="bbox 1005 1569 1787 1606">
     <span class='ocr_line' id='line_1_56' title="bbox 1005 1569 1787 1606; baseline 0.003 -11"><span class='ocrx_word' id='word_1_382' title='bbox 1005 1570 1100 1597; x_wconf 68' lang='grc' dir='ltr'>τοῦτον</span> <span class='ocrx_word' id='word_1_383' title='bbox 1132 1570 1178 1597; x_wconf 79' lang='grc' dir='ltr'><strong>τὸν</strong></span> <span class='ocrx_word' id='word_1_384' title='bbox 1195 1569 1272 1604; x_wconf 73' lang='grc' dir='ltr'>λόγον</span> <span class='ocrx_word' id='word_1_385' title='bbox 1287 1570 1463 1605; x_wconf 70' lang='grc' dir='ltr'><strong>διαπεράνας,</strong></span> <span class='ocrx_word' id='word_1_386' title='bbox 1481 1572 1568 1605; x_wconf 81' lang='grc' dir='ltr'>ἀρχὴν</span> <span class='ocrx_word' id='word_1_387' title='bbox 1588 1571 1683 1606; x_wconf 79' lang='grc' dir='ltr'>ἑτέραν</span> <span class='ocrx_word' id='word_1_388' title='bbox 1697 1571 1787 1597; x_wconf 79' lang='grc' dir='ltr'><strong>ὲντεῦ-</strong></span> 
     </span>
    </p>
   </div>
   <div class='ocr_carea' id='block_1_57' title="bbox 1005 1614 1804 1653">
    <p class='ocr_par' dir='ltr' id='par_1_57' title="bbox 1005 1614 1804 1653">
     <span class='ocr_line' id='line_1_57' title="bbox 1005 1614 1804 1653; baseline 0.006 -13"><span class='ocrx_word' id='word_1_389' title='bbox 1005 1614 1057 1640; x_wconf 81' lang='grc' dir='ltr'><strong>θεν.</strong></span> <span class='ocrx_word' id='word_1_390' title='bbox 1065 1614 1226 1649; x_wconf 83' lang='grc' dir='ltr'>ποιούμενος</span> <span class='ocrx_word' id='word_1_391' title='bbox 1241 1635 1247 1647; x_wconf 85' lang='grc'>,</span> <span class='ocrx_word' id='word_1_392' title='bbox 1262 1614 1316 1641; x_wconf 84' lang='grc' dir='ltr'><strong>τῶν</strong></span> <span class='ocrx_word' id='word_1_393' title='bbox 1334 1615 1495 1650; x_wconf 74' lang='grc' dir='ltr'>μαρτυριῶν</span> <span class='ocrx_word' id='word_1_394' title='bbox 1510 1617 1582 1643; x_wconf 81' lang='grc' dir='ltr'><strong>οὕτω</strong></span> <span class='ocrx_word' id='word_1_395' title='bbox 1598 1619 1804 1653; x_wconf 76' lang='grc' dir='ltr'>μνησθήσομαιι</span> 
     </span>
    </p>
   </div>
   <div class='ocr_carea' id='block_1_58' title="bbox 1005 1659 1787 1699">
    <p class='ocr_par' dir='ltr' id='par_1_58' title="bbox 1005 1659 1787 1699">
     <span class='ocr_line' id='line_1_58' title="bbox 1005 1659 1787 1699; baseline 0.005 -13"><span class='ocrx_word' id='word_1_396' title='bbox 1005 1661 1051 1686; x_wconf 77' lang='grc' dir='ltr'><strong>καὶ</strong></span> <span class='ocrx_word' id='word_1_397' title='bbox 1066 1659 1117 1695; x_wconf 85' lang='grc' dir='ltr'><strong>τῆς</strong></span> <span class='ocrx_word' id='word_1_398' title='bbox 1133 1661 1165 1687; x_wconf 83' lang='grc' dir='ltr'>ὲκ</span> <span class='ocrx_word' id='word_1_399' title='bbox 1181 1660 1233 1687; x_wconf 84' lang='grc' dir='ltr'><strong>τῶν</strong></span> <span class='ocrx_word' id='word_1_400' title='bbox 1247 1661 1390 1696; x_wconf 82' lang='grc' dir='ltr'>Πατρικῶν</span> <span class='ocrx_word' id='word_1_401' title='bbox 1414 1661 1585 1696; x_wconf 84' lang='grc' dir='ltr'>διδαγμάτων</span> <span class='ocrx_word' id='word_1_402' title='bbox 1600 1664 1787 1699; x_wconf 81' lang='grc' dir='ltr'><strong>κατασκευῆς.</strong></span> 
     </span>
    </p>
   </div>
   <div class='ocr_carea' id='block_1_59' title="bbox 1005 1705 1791 1745">
    <p class='ocr_par' dir='ltr' id='par_1_59' title="bbox 1005 1705 1791 1745">
     <span class='ocr_line' id='line_1_59' title="bbox 1005 1705 1791 1745; baseline 0.008 -15"><span class='ocrx_word' id='word_1_403' title='bbox 1005 1705 1076 1739; x_wconf 82' lang='grc' dir='ltr'><strong>Πρὸς</strong></span> <span class='ocrx_word' id='word_1_404' title='bbox 1094 1705 1147 1740; x_wconf 82' lang='grc' dir='ltr'><strong>γὰρ</strong></span> <span class='ocrx_word' id='word_1_405' title='bbox 1164 1705 1213 1741; x_wconf 78' lang='grc' dir='ltr'><strong>τὴν</strong></span> <span class='ocrx_word' id='word_1_406' title='bbox 1228 1705 1283 1732; x_wconf 89' lang='grc' dir='ltr'>τῶν</span> <span class='ocrx_word' id='word_1_407' title='bbox 1299 1706 1445 1742; x_wconf 82' lang='grc' dir='ltr'><strong>ὑπερφυῶν</strong></span> <span class='ocrx_word' id='word_1_408' title='bbox 1462 1707 1598 1741; x_wconf 74' lang='grc' dir='ltr'>ἀπόδειξιν</span> <span class='ocrx_word' id='word_1_409' title='bbox 1615 1709 1661 1735; x_wconf 81' lang='grc' dir='ltr'><strong>καὶ</strong></span> <span class='ocrx_word' id='word_1_410' title='bbox 1676 1710 1688 1735; x_wconf 80' lang='grc' dir='ltr'><strong><em>ὁ</em></strong></span> <span class='ocrx_word' id='word_1_411' title='bbox 1702 1718 1791 1745; x_wconf 76' lang='grc' dir='ltr'><strong>τεχνι-</strong></span> 
     </span>
    </p>
   </div>
   <div class='ocr_carea' id='block_1_60' title="bbox 1003 1750 1789 1787">
    <p class='ocr_par' dir='ltr' id='par_1_60' title="bbox 1003 1750 1789 1787">
     <span class='ocr_line' id='line_1_60' title="bbox 1003 1750 1789 1787; baseline 0.004 -10"><span class='ocrx_word' id='word_1_412' title='bbox 1003 1750 1049 1782; x_wconf 76' lang='grc' dir='ltr'><strong>κὸς</strong></span> <span class='ocrx_word' id='word_1_413' title='bbox 1062 1751 1140 1785; x_wconf 75' lang='grc' dir='ltr'>λόγος</span> <span class='ocrx_word' id='word_1_414' title='bbox 1154 1752 1272 1787; x_wconf 72' lang='grc' dir='ltr'><strong>ἀσθενὴς</strong></span> <span class='ocrx_word' id='word_1_415' title='bbox 1285 1753 1344 1779; x_wconf 76' lang='grc' dir='ltr'><strong>ἐστι</strong></span> <span class='ocrx_word' id='word_1_416' title='bbox 1355 1752 1403 1780; x_wconf 78' lang='grc' dir='ltr'><strong>καὶ</strong></span> <span class='ocrx_word' id='word_1_417' title='bbox 1413 1753 1430 1780; x_wconf 75' lang='lat'><strong>.6</strong></span> <span class='ocrx_word' id='word_1_418' title='bbox 1449 1755 1509 1780; x_wconf 77' lang='grc' dir='ltr'><strong>κατ’</strong></span> <span class='ocrx_word' id='word_1_419' title='bbox 1519 1754 1626 1780; x_wconf 80' lang='grc' dir='ltr'>εὐθεῖαν</span> <span class='ocrx_word' id='word_1_420' title='bbox 1648 1755 1711 1785; x_wconf 77' lang='grc' dir='ltr'>ἴσως</span> <span class='ocrx_word' id='word_1_421' title='bbox 1726 1756 1789 1781; x_wconf 81' lang='grc' dir='ltr'><strong>συλ-</strong></span> 
     </span>
    </p>
   </div>
   <div class='ocr_carea' id='block_1_61' title="bbox 1003 1797 1788 1834">
    <p class='ocr_par' dir='ltr' id='par_1_61' title="bbox 1003 1797 1788 1834">
     <span class='ocr_line' id='line_1_61' title="bbox 1003 1797 1788 1834; baseline 0.009 -12"><span class='ocrx_word' id='word_1_422' title='bbox 1003 1797 1187 1831; x_wconf 77' lang='grc' dir='ltr'>λογιζόμενος,</span> <span class='ocrx_word' id='word_1_423' title='bbox 1198 1799 1243 1825; x_wconf 76' lang='grc' dir='ltr'><strong>καὶ</strong></span> <span class='ocrx_word' id='word_1_424' title='bbox 1254 1800 1267 1825; x_wconf 81' lang='grc' dir='ltr'><strong>ό</strong></span> <span class='ocrx_word' id='word_1_425' title='bbox 1279 1800 1394 1832; x_wconf 82' lang='grc' dir='ltr'><strong>ἀπάγων</strong></span> <span class='ocrx_word' id='word_1_426' title='bbox 1404 1801 1443 1831; x_wconf 75' lang='grc' dir='ltr'><strong>εἰς</strong></span> <span class='ocrx_word' id='word_1_427' title='bbox 1454 1800 1564 1834; x_wconf 75' lang='grc' dir='ltr'>ἄτοπον,</span> <span class='ocrx_word' id='word_1_428' title='bbox 1575 1800 1621 1827; x_wconf 78' lang='grc' dir='ltr'><strong>καὶ</strong></span> <span class='ocrx_word' id='word_1_429' title='bbox 1630 1801 1722 1833; x_wconf 73' lang='grc' dir='ltr'>ἁπλῶς</span> <span class='ocrx_word' id='word_1_430' title='bbox 1735 1802 1788 1834; x_wconf 75' lang='grc' dir='ltr'><strong>πᾶς</strong></span> 
     </span>
    </p>
   </div>
   <div class='ocr_carea' id='block_1_62' title="bbox 1005 1843 1788 1882">
    <p class='ocr_par' dir='ltr' id='par_1_62' title="bbox 1005 1843 1788 1882">
     <span class='ocr_line' id='line_1_62' title="bbox 1005 1843 1788 1882; baseline 0.008 -14"><span class='ocrx_word' id='word_1_431' title='bbox 1005 1843 1196 1878; x_wconf 75' lang='grc' dir='ltr'><strong>συλλογισμὸς,</strong></span> <span class='ocrx_word' id='word_1_432' title='bbox 1209 1845 1256 1871; x_wconf 78' lang='grc' dir='ltr'><strong>καὶ</strong></span> <span class='ocrx_word' id='word_1_433' title='bbox 1272 1845 1286 1870; x_wconf 84' lang='grc' dir='ltr'>ὁ</span> <span class='ocrx_word' id='word_1_434' title='bbox 1305 1845 1339 1871; x_wconf 82' lang='grc' dir='ltr'>δι’</span> <span class='ocrx_word' id='word_1_435' title='bbox 1354 1845 1467 1872; x_wconf 72' lang='grc' dir='ltr'>εἰκόνων</span> <span class='ocrx_word' id='word_1_436' title='bbox 1479 1846 1562 1873; x_wconf 82' lang='grc' dir='ltr'>τινῶν</span> <span class='ocrx_word' id='word_1_437' title='bbox 1578 1848 1623 1873; x_wconf 72' lang='grc' dir='ltr'>καὶ</span> <span class='ocrx_word' id='word_1_438' title='bbox 1636 1848 1788 1882; x_wconf 81' lang='grc' dir='ltr'>παραδειγ-</span> 
     </span>
    </p>
   </div>
   <div class='ocr_carea' id='block_1_63' title="bbox 171 1888 953 1935">
    <p class='ocr_par' dir='ltr' id='par_1_63' title="bbox 171 1888 950 1924">
     <span class='ocr_line' id='line_1_63' title="bbox 171 1888 950 1924; baseline -0.003 -8"><span class='ocrx_word' id='word_1_439' title='bbox 171 1893 252 1924; x_wconf 81' lang='lat' dir='ltr'><strong>atque</strong></span> <span class='ocrx_word' id='word_1_440' title='bbox 281 1888 404 1916; x_wconf 88' lang='lat' dir='ltr'><strong>inductio</strong></span> <span class='ocrx_word' id='word_1_441' title='bbox 420 1896 454 1916; x_wconf 79' lang='lat' dir='ltr'><strong>cx</strong></span> <span class='ocrx_word' id='word_1_442' title='bbox 471 1888 635 1923; x_wconf 81' lang='lat' dir='ltr'><strong>imaginibus</strong></span> <span class='ocrx_word' id='word_1_443' title='bbox 655 1892 683 1915; x_wconf 88' lang='lat' dir='ltr'><strong>ct</strong></span> <span class='ocrx_word' id='word_1_444' title='bbox 708 1888 863 1922; x_wconf 81' lang='lat' dir='ltr'><strong>exemplis;</strong></span> <span class='ocrx_word' id='word_1_445' title='bbox 888 1897 950 1915; x_wconf 85' lang='lat' dir='ltr'><strong>nam</strong></span> 
     </span>
    </p>
   </div>
   <div class='ocr_carea' id='block_1_64' title="bbox 1012 1888 1789 1935">
    <p class='ocr_par' dir='ltr' id='par_1_64' title="bbox 1012 1889 1789 1928">
     <span class='ocr_line' id='line_1_64' title="bbox 1012 1889 1789 1928; baseline 0.004 -12"><span class='ocrx_word' id='word_1_446' title='bbox 1012 1889 1100 1923; x_wconf 81' lang='grc' dir='ltr'><strong>μάτων</strong></span> <span class='ocrx_word' id='word_1_447' title='bbox 1126 1889 1250 1923; x_wconf 76' lang='grc' dir='ltr'><strong>ἀμαυρός</strong></span> <span class='ocrx_word' id='word_1_448' title='bbox 1274 1898 1303 1916; x_wconf 88' lang='grc' dir='ltr'>τε</span> <span class='ocrx_word' id='word_1_449' title='bbox 1322 1891 1369 1917; x_wconf 70' lang='grc' dir='ltr'><strong>καὶ</strong></span> <span class='ocrx_word' id='word_1_450' title='bbox 1392 1891 1511 1926; x_wconf 79' lang='grc' dir='ltr'>ἀδρανής</span> <span class='ocrx_word' id='word_1_451' title='bbox 1527 1899 1536 1908; x_wconf 74' lang='grc' dir='ltr'><strong>ο</strong></span> <span class='ocrx_word' id='word_1_452' title='bbox 1560 1892 1631 1928; x_wconf 76' lang='grc' dir='ltr'>ὑπὲρ</span> <span class='ocrx_word' id='word_1_453' title='bbox 1651 1893 1789 1927; x_wconf 78' lang='grc' dir='ltr'>ἀπόδειξιν</span> 
     </span>
    </p>
   </div>
   <div class='ocr_carea' id='block_1_65' title="bbox 171 1933 952 1970">
    <p class='ocr_par' dir='ltr' id='par_1_65' title="bbox 171 1933 952 1970">
     <span class='ocr_line' id='line_1_65' title="bbox 171 1933 952 1970; baseline -0.004 -8"><span class='ocrx_word' id='word_1_454' title='bbox 171 1943 253 1970; x_wconf 86' lang='lat' dir='ltr'><strong>super</strong></span> <span class='ocrx_word' id='word_1_455' title='bbox 270 1934 529 1962; x_wconf 83' lang='lat' dir='ltr'><strong>demonstrationem</strong></span> <span class='ocrx_word' id='word_1_456' title='bbox 554 1933 658 1960; x_wconf 80' lang='lat' dir='ltr'><strong>elevata</strong></span> <span class='ocrx_word' id='word_1_457' title='bbox 687 1937 760 1966; x_wconf 83' lang='lat' dir='ltr'><strong>sunt,</strong></span> <span class='ocrx_word' id='word_1_458' title='bbox 782 1933 846 1967; x_wconf 85' lang='lat' dir='ltr'><strong>quia</strong></span> <span class='ocrx_word' id='word_1_459' title='bbox 869 1933 890 1960; x_wconf 87' lang='lat' dir='ltr'><strong>si</strong></span> <span class='ocrx_word' id='word_1_460' title='bbox 905 1933 952 1960; x_wconf 87' lang='lat' dir='ltr'><strong>de-</strong></span> 
     </span>
    </p>
   </div>
   <div class='ocr_carea' id='block_1_66' title="bbox 172 1979 952 2014">
    <p class='ocr_par' dir='ltr' id='par_1_66' title="bbox 172 1979 952 2014">
     <span class='ocr_line' id='line_1_66' title="bbox 172 1979 952 2014; baseline -0.001 -6"><span class='ocrx_word' id='word_1_461' title='bbox 172 1981 382 2008; x_wconf 85' lang='lat' dir='ltr'><strong>monstrationes</strong></span> <span class='ocrx_word' id='word_1_462' title='bbox 404 1985 468 2007; x_wconf 84' lang='lat' dir='ltr'><strong>sunt</strong></span> <span class='ocrx_word' id='word_1_463' title='bbox 490 1987 587 2007; x_wconf 91' lang='lat' dir='ltr'><strong>eorum</strong></span> <span class='ocrx_word' id='word_1_464' title='bbox 610 1987 670 2014; x_wconf 67' lang='lat' dir='ltr'><strong>quae</strong></span> <span class='ocrx_word' id='word_1_465' title='bbox 693 1979 824 2011; x_wconf 80' lang='lat' dir='ltr'><strong>existunt,</strong></span> <span class='ocrx_word' id='word_1_466' title='bbox 841 1987 874 2006; x_wconf 86' lang='lat' dir='ltr'><strong>ea</strong></span> <span class='ocrx_word' id='word_1_467' title='bbox 892 1987 952 2014; x_wconf 59' lang='lat' dir='ltr'><strong>qua).</strong></span> 
     </span>
    </p>
   </div>
   <div class='ocr_carea' id='block_1_67' title="bbox 1009 1934 1787 1974">
    <p class='ocr_par' dir='ltr' id='par_1_67' title="bbox 1009 1934 1787 1974">
     <span class='ocr_line' id='line_1_67' title="bbox 1009 1934 1787 1974; baseline 0.008 -14"><span class='ocrx_word' id='word_1_468' title='bbox 1009 1934 1062 1969; x_wconf 83' lang='grc' dir='ltr'>γάρ</span> <span class='ocrx_word' id='word_1_469' title='bbox 1077 1941 1086 1950; x_wconf 69' lang='grc' dir='ltr'><strong>ο</strong></span> <span class='ocrx_word' id='word_1_470' title='bbox 1099 1935 1123 1961; x_wconf 85' lang='grc' dir='ltr'>εἰ</span> <span class='ocrx_word' id='word_1_471' title='bbox 1139 1935 1194 1970; x_wconf 86' lang='grc' dir='ltr'><strong>γὰρ</strong></span> <span class='ocrx_word' id='word_1_472' title='bbox 1217 1935 1273 1961; x_wconf 79' lang='grc' dir='ltr'><strong>τῶν</strong></span> <span class='ocrx_word' id='word_1_473' title='bbox 1288 1935 1372 1962; x_wconf 79' lang='grc' dir='ltr'>ὅντων</span> <span class='ocrx_word' id='word_1_474' title='bbox 1387 1937 1415 1962; x_wconf 82' lang='grc' dir='ltr'><strong>αἱ</strong></span> <span class='ocrx_word' id='word_1_475' title='bbox 1436 1937 1599 1970; x_wconf 77' lang='grc' dir='ltr'><strong>ἀποδείξεις,</strong></span> <span class='ocrx_word' id='word_1_476' title='bbox 1618 1939 1647 1965; x_wconf 79' lang='grc' dir='ltr'><strong>τὸ</strong></span> <span class='ocrx_word' id='word_1_477' title='bbox 1666 1938 1735 1974; x_wconf 81' lang='grc' dir='ltr'>ὑπὲρ</span> <span class='ocrx_word' id='word_1_478' title='bbox 1755 1940 1787 1966; x_wconf 64' lang='grc' dir='ltr'><strong>τὰ</strong></span> 
     </span>
    </p>
   </div>
   <div class='ocr_carea' id='block_1_68' title="bbox 1006 1980 1595 2018">
    <p class='ocr_par' dir='ltr' id='par_1_68' title="bbox 1006 1980 1595 2018">
     <span class='ocr_line' id='line_1_68' title="bbox 1006 1980 1595 2018; baseline 0.008 -12"><span class='ocrx_word' id='word_1_479' title='bbox 1006 1980 1071 2007; x_wconf 74' lang='grc' dir='ltr'><strong>ὅντα</strong></span> <span class='ocrx_word' id='word_1_480' title='bbox 1088 1981 1197 2011; x_wconf 82' lang='grc' dir='ltr'>πάντως</span> <span class='ocrx_word' id='word_1_481' title='bbox 1212 1982 1271 2008; x_wconf 71' lang='grc' dir='ltr'><strong>ἐστὶ</strong></span> <span class='ocrx_word' id='word_1_482' title='bbox 1286 1983 1333 2008; x_wconf 79' lang='grc' dir='ltr'><strong>καὶ</strong></span> <span class='ocrx_word' id='word_1_483' title='bbox 1352 1982 1423 2018; x_wconf 79' lang='grc' dir='ltr'>ὑπὲρ</span> <span class='ocrx_word' id='word_1_484' title='bbox 1443 1983 1595 2017; x_wconf 75' lang='grc' dir='ltr'>ἀπόδειξιν.</span> 
     </span>
    </p>
   </div>
   <div class='ocr_carea' id='block_1_69' title="bbox 171 2025 1397 2061">
    <p class='ocr_par' dir='ltr' id='par_1_69' title="bbox 171 2025 1397 2061">
     <span class='ocr_line' id='line_1_69' title="bbox 171 2025 1397 2061; baseline 0.002 -8"><span class='ocrx_word' id='word_1_485' title='bbox 171 2031 235 2054; x_wconf 79' lang='lat' dir='ltr'><strong>sunt</strong></span> <span class='ocrx_word' id='word_1_486' title='bbox 259 2034 342 2061; x_wconf 85' lang='lat' dir='ltr'><strong>super</strong></span> <span class='ocrx_word' id='word_1_487' title='bbox 365 2026 534 2058; x_wconf 68' lang='lat' dir='ltr'><strong>exsistentia,</strong></span> <span class='ocrx_word' id='word_1_488' title='bbox 560 2033 671 2060; x_wconf 87' lang='lat' dir='ltr'><strong>prorsus</strong></span> <span class='ocrx_word' id='word_1_489' title='bbox 705 2025 787 2052; x_wconf 85' lang='lat' dir='ltr'><strong>etiam</strong></span> <span class='ocrx_word' id='word_1_490' title='bbox 811 2033 894 2060; x_wconf 86' lang='lat' dir='ltr'><strong>super</strong></span> <span class='ocrx_word' id='word_1_491' title='bbox 920 2025 1184 2053; x_wconf 84' lang='lat' dir='ltr'><strong>demonstrationem</strong></span> <span class='ocrx_word' id='word_1_492' title='bbox 1198 2027 1304 2055; x_wconf 86' lang='lat' dir='ltr'><strong>elevata</strong></span> <span class='ocrx_word' id='word_1_493' title='bbox 1322 2034 1397 2056; x_wconf 85' lang='lat' dir='ltr'><strong>sunt.</strong></span> 
     </span>
    </p>
   </div>
   <div class='ocr_carea' id='block_1_70' title="bbox 1095 2108 1607 2122">
    <p class='ocr_par' dir='ltr' id='par_1_70' title="bbox 1095 2108 1607 2122">
     <span class='ocr_line' id='line_1_70' title="bbox 1095 2108 1607 2122; baseline 0.004 -5"><span class='ocrx_word' id='word_1_494' title='bbox 1095 2108 1607 2122; x_wconf 64' lang='lat'><strong>-———-—————-———_</strong></span> 
     </span>
    </p>
   </div>
   <div class='ocr_carea' id='block_1_71' title="bbox 774 2177 1180 2230">
    <p class='ocr_par' dir='ltr' id='par_1_71' title="bbox 774 2177 1180 2230">
     <span class='ocr_line' id='line_1_71' title="bbox 774 2177 1180 2230; baseline 0.007 -3"><span class='ocrx_word' id='word_1_495' title='bbox 774 2177 957 2229; x_wconf 88' lang='grc' dir='ltr'><strong>ΛΟΓΟΣ</strong></span> <span class='ocrx_word' id='word_1_496' title='bbox 996 2188 1180 2230; x_wconf 82' lang='grc' dir='ltr'><strong>ΕΚΤΟΣ</strong></span> 
     </span>
    </p>
   </div>
   <div class='ocr_carea' id='block_1_72' title="bbox 685 2351 1271 2398">
    <p class='ocr_par' dir='ltr' id='par_1_72' title="bbox 685 2351 1271 2398">
     <span class='ocr_line' id='line_1_72' title="bbox 685 2351 1271 2398; baseline 0.002 -2"><span class='ocrx_word' id='word_1_497' title='bbox 685 2351 980 2398; x_wconf 88' lang='lat' dir='ltr'><strong>DIALOGUS</strong></span> <span class='ocrx_word' id='word_1_498' title='bbox 1025 2354 1271 2398; x_wconf 84' lang='lat' dir='ltr'><strong>SEXTUS.</strong></span> 
     </span>
    </p>
   </div>
   <div class='ocr_carea' id='block_1_73' title="bbox 206 2514 953 2556">
    <p class='ocr_par' dir='ltr' id='par_1_73' title="bbox 206 2514 953 2551">
     <span class='ocr_line' id='line_1_73' title="bbox 206 2514 953 2551; baseline 0.001 -10"><span class='ocrx_word' id='word_1_499' title='bbox 206 2515 262 2542; x_wconf 81' lang='lat' dir='ltr'><strong>GR.</strong></span> <span class='ocrx_word' id='word_1_500' title='bbox 279 2514 341 2542; x_wconf 59' lang='lat' dir='ltr'><strong>Haec</strong></span> <span class='ocrx_word' id='word_1_501' title='bbox 353 2521 404 2549; x_wconf 80' lang='lat' dir='ltr'><strong>ego</strong></span> <span class='ocrx_word' id='word_1_502' title='bbox 420 2522 529 2549; x_wconf 85' lang='lat' dir='ltr'><strong>quoque</strong></span> <span class='ocrx_word' id='word_1_503' title='bbox 546 2515 603 2550; x_wconf 88' lang='lat' dir='ltr'><strong>ipse</strong></span> <span class='ocrx_word' id='word_1_504' title='bbox 616 2515 687 2542; x_wconf 88' lang='lat' dir='ltr'><strong>dico.</strong></span> <span class='ocrx_word' id='word_1_505' title='bbox 700 2516 799 2542; x_wconf 88' lang='lat' dir='ltr'><strong>Verum</strong></span> <span class='ocrx_word' id='word_1_506' title='bbox 815 2516 869 2551; x_wconf 89' lang='lat' dir='ltr'><strong>jam</strong></span> <span class='ocrx_word' id='word_1_507' title='bbox 886 2521 953 2543; x_wconf 89' lang='lat' dir='ltr'><strong>tem-</strong></span> 
     </span>
    </p>
   </div>
   <div class='ocr_carea' id='block_1_74' title="bbox 1012 2514 1788 2556">
    <p class='ocr_par' dir='ltr' id='par_1_74' title="bbox 1042 2514 1788 2551">
     <span class='ocr_line' id='line_1_74' title="bbox 1042 2514 1788 2551; baseline 0 -9"><span class='ocrx_word' id='word_1_508' title='bbox 1042 2516 1094 2542; x_wconf 85' lang='grc' dir='ltr'><strong>ΓΡ.</strong></span> <span class='ocrx_word' id='word_1_509' title='bbox 1104 2515 1196 2542; x_wconf 78' lang='grc' dir='ltr'>Ταῦτα</span> <span class='ocrx_word' id='word_1_510' title='bbox 1209 2515 1240 2550; x_wconf 84' lang='grc' dir='ltr'>δή</span> <span class='ocrx_word' id='word_1_511' title='bbox 1253 2524 1324 2550; x_wconf 84' lang='grc' dir='ltr'><strong>φημι</strong></span> <span class='ocrx_word' id='word_1_512' title='bbox 1339 2515 1385 2541; x_wconf 69' lang='grc' dir='ltr'>καὶ</span> <span class='ocrx_word' id='word_1_513' title='bbox 1399 2514 1479 2546; x_wconf 78' lang='grc' dir='ltr'><strong>αὑτός</strong></span> <span class='ocrx_word' id='word_1_514' title='bbox 1496 2516 1563 2551; x_wconf 85' lang='lat'><strong>(60).</strong></span> <span class='ocrx_word' id='word_1_515' title='bbox 1573 2515 1651 2542; x_wconf 78' lang='grc' dir='ltr'><strong>Ἀλλὰ</strong></span> <span class='ocrx_word' id='word_1_516' title='bbox 1670 2516 1742 2547; x_wconf 82' lang='grc' dir='ltr'><strong>τινες</strong></span> <span class='ocrx_word' id='word_1_517' title='bbox 1755 2517 1788 2543; x_wconf 75' lang='grc' dir='ltr'>ἂν</span> 
     </span>
    </p>
   </div>
   <div class='ocr_carea' id='block_1_75' title="bbox 172 2559 952 2596">
    <p class='ocr_par' dir='ltr' id='par_1_75' title="bbox 172 2559 952 2596">
     <span class='ocr_line' id='line_1_75' title="bbox 172 2559 952 2596; baseline 0.001 -9"><span class='ocrx_word' id='word_1_518' title='bbox 172 2568 223 2596; x_wconf 88' lang='lat' dir='ltr'><strong>pus</strong></span> <span class='ocrx_word' id='word_1_519' title='bbox 235 2565 278 2588; x_wconf 84' lang='lat' dir='ltr'><strong>est</strong></span> <span class='ocrx_word' id='word_1_520' title='bbox 295 2559 413 2590; x_wconf 86' lang='lat' dir='ltr'><strong>edicere.</strong></span> <span class='ocrx_word' id='word_1_521' title='bbox 430 2567 446 2586; x_wconf 89' lang='grc' dir='ltr'><strong>ο</strong></span> <span class='ocrx_word' id='word_1_522' title='bbox 463 2559 568 2592; x_wconf 86' lang='lat' dir='ltr'><strong>Latine,</strong></span> <span class='ocrx_word' id='word_1_523' title='bbox 587 2567 710 2594; x_wconf 60' lang='lat' dir='ltr'><strong>quaenam</strong></span> <span class='ocrx_word' id='word_1_524' title='bbox 726 2561 780 2587; x_wconf 88' lang='lat' dir='ltr'><strong>sint</strong></span> <span class='ocrx_word' id='word_1_525' title='bbox 798 2561 952 2588; x_wconf 85' lang='lat' dir='ltr'><strong>testimonia</strong></span> 
     </span>
    </p>
   </div>
   <div class='ocr_carea' id='block_1_76' title="bbox 173 2605 954 2640">
    <p class='ocr_par' dir='ltr' id='par_1_76' title="bbox 173 2605 954 2640">
     <span class='ocr_line' id='line_1_76' title="bbox 173 2605 954 2640; baseline 0.003 -8"><span class='ocrx_word' id='word_1_526' title='bbox 173 2611 229 2632; x_wconf 92' lang='lat' dir='ltr'><strong>tum</strong></span> <span class='ocrx_word' id='word_1_527' title='bbox 239 2614 271 2633; x_wconf 82' lang='lat' dir='ltr'><strong>ex</strong></span> <span class='ocrx_word' id='word_1_528' title='bbox 288 2605 448 2640; x_wconf 85' lang='lat' dir='ltr'><strong>Scripturis,</strong></span> <span class='ocrx_word' id='word_1_529' title='bbox 466 2609 522 2631; x_wconf 90' lang='lat' dir='ltr'><strong>tum</strong></span> <span class='ocrx_word' id='word_1_530' title='bbox 538 2612 571 2631; x_wconf 80' lang='lat' dir='ltr'><strong>ex</strong></span> <span class='ocrx_word' id='word_1_531' title='bbox 586 2605 696 2631; x_wconf 83' lang='lat' dir='ltr'><strong>Patrum</strong></span> <span class='ocrx_word' id='word_1_532' title='bbox 711 2605 838 2639; x_wconf 82' lang='lat' dir='ltr'><strong>scriptis,</strong></span> <span class='ocrx_word' id='word_1_533' title='bbox 854 2606 954 2640; x_wconf 88' lang='lat' dir='ltr'><strong>quibus</strong></span> 
     </span>
    </p>
   </div>
   <div class='ocr_carea' id='block_1_77' title="bbox 208 2662 952 2699">
    <p class='ocr_par' dir='ltr' id='par_1_77' title="bbox 208 2662 952 2699">
     <span class='ocr_line' id='line_1_77' title="bbox 208 2662 952 2699; baseline 0 -7"><span class='ocrx_word' id='word_1_534' title='bbox 208 2664 264 2699; x_wconf 77' lang='lat'><strong>(58)</strong></span> <span class='ocrx_word' id='word_1_535' title='bbox 283 2664 368 2692; x_wconf 81' lang='lat' dir='ltr'><strong>Vatic.</strong></span> <span class='ocrx_word' id='word_1_536' title='bbox 385 2663 462 2694; x_wconf 63' lang='lat'><strong>[1593.</strong></span> <span class='ocrx_word' id='word_1_537' title='bbox 479 2663 506 2690; x_wconf 91' lang='lat' dir='ltr'><strong>b.</strong></span> <span class='ocrx_word' id='word_1_538' title='bbox 527 2663 587 2690; x_wconf 91' lang='lat' dir='ltr'><strong>init.</strong></span> <span class='ocrx_word' id='word_1_539' title='bbox 604 2662 676 2698; x_wconf 80' lang='lat' dir='ltr'><strong>apud</strong></span> <span class='ocrx_word' id='word_1_540' title='bbox 695 2662 775 2690; x_wconf 80' lang='lat' dir='ltr'><strong>Allat.</strong></span> <span class='ocrx_word' id='word_1_541' title='bbox 800 2663 834 2690; x_wconf 88' lang='lat' dir='ltr'><strong>de</strong></span> <span class='ocrx_word' id='word_1_542' title='bbox 849 2664 952 2692; x_wconf 81' lang='lat' dir='ltr'><strong>Nicetis</strong></span> 
     </span>
    </p>
   </div>
   <div class='ocr_carea' id='block_1_78' title="bbox 171 2700 435 2735">
    <p class='ocr_par' dir='ltr' id='par_1_78' title="bbox 171 2700 435 2735">
     <span class='ocr_line' id='line_1_78' title="bbox 171 2700 435 2735; baseline -0.008 -8"><span class='ocrx_word' id='word_1_543' title='bbox 171 2708 188 2735; x_wconf 79' lang='grc' dir='ltr'>ι)</span> <span class='ocrx_word' id='word_1_544' title='bbox 214 2700 246 2727; x_wconf 79' lang='grc'><strong>15</strong></span> <span class='ocrx_word' id='word_1_545' title='bbox 260 2709 266 2726; x_wconf 90' lang='lat'><strong>:</strong></span> <span class='ocrx_word' id='word_1_546' title='bbox 279 2700 435 2735; x_wconf 62' lang='grc' dir='ltr'>ςιράνωσον.</span> 
     </span>
    </p>
   </div>
   <div class='ocr_carea' id='block_1_79' title="bbox 207 2732 951 2770">
    <p class='ocr_par' dir='ltr' id='par_1_79' title="bbox 207 2732 951 2770">
     <span class='ocr_line' id='line_1_79' title="bbox 207 2732 951 2770; baseline 0.003 -10"><span class='ocrx_word' id='word_1_547' title='bbox 207 2735 262 2767; x_wconf 68' lang='lat'><strong>(59)</strong></span> <span class='ocrx_word' id='word_1_548' title='bbox 278 2732 364 2762; x_wconf 75' lang='lat' dir='ltr'><strong>vatic.</strong></span> <span class='ocrx_word' id='word_1_549' title='bbox 379 2735 397 2761; x_wconf 77' lang='grc' dir='ltr'><strong>Γ.</strong></span> <span class='ocrx_word' id='word_1_550' title='bbox 413 2735 456 2765; x_wconf 76' lang='grc'><strong>55,</strong></span> <span class='ocrx_word' id='word_1_551' title='bbox 471 2741 496 2760; x_wconf 88' lang='lat' dir='ltr'><strong>a.</strong></span> <span class='ocrx_word' id='word_1_552' title='bbox 511 2733 666 2770; x_wconf 74' lang='lat' dir='ltr'><strong>mcd._Nota</strong></span> <span class='ocrx_word' id='word_1_553' title='bbox 692 2732 849 2768; x_wconf 75' lang='lat' dir='ltr'><strong>marginalis</strong></span> <span class='ocrx_word' id='word_1_554' title='bbox 863 2744 869 2761; x_wconf 90' lang='lat'><strong>:</strong></span> <span class='ocrx_word' id='word_1_555' title='bbox 883 2735 951 2770; x_wconf 79' lang='grc' dir='ltr'><strong>Περὶ</strong></span> 
     </span>
    </p>
   </div>
   <div class='ocr_carea' id='block_1_80' title="bbox 173 2768 876 2807">
    <p class='ocr_par' dir='ltr' id='par_1_80' title="bbox 173 2768 876 2807">
     <span class='ocr_line' id='line_1_80' title="bbox 173 2768 876 2807; baseline -0.003 -11"><span class='ocrx_word' id='word_1_556' title='bbox 173 2770 219 2797; x_wconf 65' lang='lat' dir='ltr'><strong>Vr)</strong></span> <span class='ocrx_word' id='word_1_557' title='bbox 234 2769 428 2807; x_wconf 60' lang='lat' dir='ltr'><strong>txmpau’uﬁu</strong></span> <span class='ocrx_word' id='word_1_558' title='bbox 445 2769 492 2795; x_wconf 71' lang='grc' dir='ltr'><strong>καὶ</strong></span> <span class='ocrx_word' id='word_1_559' title='bbox 507 2768 612 2802; x_wconf 68' lang='grc' dir='ltr'><strong>’ἰσαχῶς</strong></span> <span class='ocrx_word' id='word_1_560' title='bbox 628 2769 744 2803; x_wconf 74' lang='grc' dir='ltr'><strong>εἴρηται.</strong></span> <span class='ocrx_word' id='word_1_561' title='bbox 874 2769 876 2772; x_wconf 76' lang='grc'><em>’</em></span> 
     </span>
    </p>
   </div>
   <div class='ocr_carea' id='block_1_81' title="bbox 1007 2559 1789 2597">
    <p class='ocr_par' dir='ltr' id='par_1_81' title="bbox 1007 2559 1789 2597">
     <span class='ocr_line' id='line_1_81' title="bbox 1007 2559 1789 2597; baseline 0 -9"><span class='ocrx_word' id='word_1_562' title='bbox 1007 2559 1073 2595; x_wconf 79' lang='grc' dir='ltr'>εἶεν,</span> <span class='ocrx_word' id='word_1_563' title='bbox 1091 2559 1113 2588; x_wconf 78' lang='grc' dir='ltr'>ὧ</span> <span class='ocrx_word' id='word_1_564' title='bbox 1136 2562 1244 2594; x_wconf 81' lang='grc' dir='ltr'><strong>Λατίνε,</strong></span> <span class='ocrx_word' id='word_1_565' title='bbox 1267 2561 1314 2587; x_wconf 77' lang='grc' dir='ltr'><strong>καὶ</strong></span> <span class='ocrx_word' id='word_1_566' title='bbox 1340 2561 1368 2587; x_wconf 74' lang='grc' dir='ltr'>αἱ</span> <span class='ocrx_word' id='word_1_567' title='bbox 1394 2561 1541 2596; x_wconf 72' lang='grc' dir='ltr'>μαρτυρίαι</span> <span class='ocrx_word' id='word_1_568' title='bbox 1559 2562 1586 2588; x_wconf 80' lang='grc' dir='ltr'><strong>αι</strong></span> <span class='ocrx_word' id='word_1_569' title='bbox 1603 2562 1740 2597; x_wconf 74' lang='grc' dir='ltr'>Γραφικαί</span> <span class='ocrx_word' id='word_1_570' title='bbox 1760 2571 1789 2588; x_wconf 80' lang='grc' dir='ltr'>τε</span> 
     </span>
    </p>
   </div>
   <div class='ocr_carea' id='block_1_82' title="bbox 1008 2604 1790 2642">
    <p class='ocr_par' dir='ltr' id='par_1_82' title="bbox 1008 2604 1790 2642">
     <span class='ocr_line' id='line_1_82' title="bbox 1008 2604 1790 2642; baseline -0.001 -8"><span class='ocrx_word' id='word_1_571' title='bbox 1008 2608 1054 2634; x_wconf 74' lang='grc' dir='ltr'><strong>καὶ</strong></span> <span class='ocrx_word' id='word_1_572' title='bbox 1069 2607 1220 2642; x_wconf 73' lang='grc' dir='ltr'>Πατρικαὶ,</span> <span class='ocrx_word' id='word_1_573' title='bbox 1237 2607 1332 2641; x_wconf 78' lang='grc' dir='ltr'>καιρὸς</span> <span class='ocrx_word' id='word_1_574' title='bbox 1353 2605 1404 2641; x_wconf 70' lang='grc' dir='ltr'><strong>ἤδη</strong></span> <span class='ocrx_word' id='word_1_575' title='bbox 1419 2607 1520 2640; x_wconf 78' lang='grc' dir='ltr'>λέγειν,</span> <span class='ocrx_word' id='word_1_576' title='bbox 1536 2607 1569 2633; x_wconf 84' lang='grc' dir='ltr'>δι’</span> <span class='ocrx_word' id='word_1_577' title='bbox 1585 2604 1622 2634; x_wconf 83' lang='grc' dir='ltr'>ὧν</span> <span class='ocrx_word' id='word_1_578' title='bbox 1640 2608 1673 2634; x_wconf 72' lang='grc' dir='ltr'>ἂν</span> <span class='ocrx_word' id='word_1_579' title='bbox 1687 2608 1790 2642; x_wconf 78' lang='grc' dir='ltr'>γένοιτο</span> 
     </span>
    </p>
   </div>
   <div class='ocr_carea' id='block_1_83' title="bbox 1043 2663 1791 2700">
    <p class='ocr_par' dir='ltr' id='par_1_83' title="bbox 1043 2663 1791 2700">
     <span class='ocr_line' id='line_1_83' title="bbox 1043 2663 1791 2700; baseline -0.001 -8"><span class='ocrx_word' id='word_1_580' title='bbox 1043 2665 1099 2700; x_wconf 80' lang='lat'><strong>(60)</strong></span> <span class='ocrx_word' id='word_1_581' title='bbox 1114 2664 1291 2700; x_wconf 19' lang='lat' dir='ltr'><strong>Idemrhujus</strong></span> <span class='ocrx_word' id='word_1_582' title='bbox 1310 2663 1533 2700; x_wconf 77' lang='lat' dir='ltr'><strong>dial_ogi__initium</strong></span> <span class='ocrx_word' id='word_1_583' title='bbox 1549 2665 1631 2691; x_wconf 86' lang='lat' dir='ltr'><strong>etiam</strong></span> <span class='ocrx_word' id='word_1_584' title='bbox 1649 2665 1719 2699; x_wconf 87' lang='lat' dir='ltr'><strong>apud</strong></span> <span class='ocrx_word' id='word_1_585' title='bbox 1739 2664 1791 2691; x_wconf 78' lang='lat' dir='ltr'><strong>Fa-</strong></span> 
     </span>
    </p>
   </div>
   <div class='ocr_carea' id='block_1_84' title="bbox 1006 2698 1790 2735">
    <p class='ocr_par' dir='ltr' id='par_1_84' title="bbox 1006 2698 1790 2735">
     <span class='ocr_line' id='line_1_84' title="bbox 1006 2698 1790 2735; baseline 0.001 -8"><span class='ocrx_word' id='word_1_586' title='bbox 1006 2698 1125 2728; x_wconf 87' lang='lat' dir='ltr'><strong>bricium</strong></span> <span class='ocrx_word' id='word_1_587' title='bbox 1149 2699 1285 2735; x_wconf 66' lang='lat' dir='ltr'><strong>indicatur</strong></span> <span class='ocrx_word' id='word_1_588' title='bbox 1307 2698 1376 2735; x_wconf 55' lang='lat' dir='ltr'><strong>om.</strong></span> <span class='ocrx_word' id='word_1_589' title='bbox 1397 2698 1456 2733; x_wconf 65' lang='lat' dir='ltr'><strong>Gn,</strong></span> <span class='ocrx_word' id='word_1_590' title='bbox 1471 2700 1525 2727; x_wconf 88' lang='lat' dir='ltr'><strong>vol.</strong></span> <span class='ocrx_word' id='word_1_591' title='bbox 1542 2699 1587 2732; x_wconf 83' lang='lat' dir='ltr'><strong>Vl,</strong></span> <span class='ocrx_word' id='word_1_592' title='bbox 1611 2708 1637 2735; x_wconf 91' lang='lat' dir='ltr'><strong>p.</strong></span> <span class='ocrx_word' id='word_1_593' title='bbox 1666 2698 1730 2732; x_wconf 59' lang='lat' dir='ltr'><strong>i551,</strong></span> <span class='ocrx_word' id='word_1_594' title='bbox 1745 2700 1790 2728; x_wconf 73' lang='lat' dir='ltr'><strong>ed.</strong></span> 
     </span>
    </p>
   </div>
   <div class='ocr_carea' id='block_1_85' title="bbox 1005 2733 1378 2768">
    <p class='ocr_par' dir='ltr' id='par_1_85' title="bbox 1005 2733 1378 2768">
     <span class='ocr_line' id='line_1_85' title="bbox 1005 2733 1378 2768; baseline -0.008 -5"><span class='ocrx_word' id='word_1_595' title='bbox 1005 2740 1059 2764; x_wconf 81' lang='lat' dir='ltr'><strong>vet.</strong></span> <span class='ocrx_word' id='word_1_596' title='bbox 1077 2740 1104 2762; x_wconf 89' lang='lat' dir='ltr'><strong>et</strong></span> <span class='ocrx_word' id='word_1_597' title='bbox 1122 2740 1187 2762; x_wconf 92' lang='lat' dir='ltr'><strong>tom.</strong></span> <span class='ocrx_word' id='word_1_598' title='bbox 1204 2733 1259 2766; x_wconf 84' lang='lat' dir='ltr'><strong>Vll,</strong></span> <span class='ocrx_word' id='word_1_599' title='bbox 1274 2733 1378 2768; x_wconf 82' lang='lat' dir='ltr'><strong>p.756.</strong></span> 
     </span>
    </p>
   </div>
  </div>
