1935 3071
216 129 272 160 πε,

975 127 1104 160 JOELIS

1793 127 1848 161 236

254 190 318 216 Post
332 187 560 222 Pax-idemmegno
575 187 679 222 petitur
694 186 821 215 Salomon
835 186 907 214 ﬁlius
921 193 1007 215 annos

1096 186 1172 213 Μετὰ
1188 185 1234 213 οὖν
1248 187 1329 214 Δαϐὶδ
1345 187 1504 215 ἐϐασίλευσε
1521 187 1648 223 Σολομῶν
1661 188 1674 215 ὸ
1691 187 1748 220 υίδς
1762 188 1850 216 αὑτοῦ

216 234 408 269 quadraginta,
425 233 531 260 eximiae
544 233 699 268 divimeque
715 239 742 260 et
757 241 840 268 supra
853 233 1003 260 humanum

217 283 327 314 captum
341 279 482 313 sapienti:e
495 277 642 312 particeps.
660 278 709 304 llic
724 278 818 304 urbem
831 282 859 304 et
873 277 1005 311 templum

217 326 325 353 Domini
341 325 511 358 longitudine
526 324 679 350 cubitorum
693 323 845 357 sexaginta,
862 322 1007 349 latitudine

217 372 326 408 viginti,
343 371 490 398 altitudine
504 375 614 398 centum
627 370 734 404 viginti,
752 375 857 404 septem
870 376 1004 396 annorum

216 419 306 454 spatio
319 418 452 445 absolvit:
467 417 535 444 duas
561 416 662 451 quippe
679 415 899 450 contignationes
921 415 1007 441 babe—

186 489 191 492 .
217 465 274 496 bal,
289 469 317 491 ut
329 463 414 491 refert
427 463 574 497 Josepbus.
593 463 620 488 In
644 461 788 496 prandium
803 461 864 496 ejus
881 461 1007 495 quotidie

218 510 428 538 insumebantur
440 510 536 536 simila:
550 509 606 536 cori
623 509 747 544 triginta,
762 507 857 535 farinae
879 507 1009 535 cribratae

218 556 274 583 cori
287 555 437 589 sexaginta,
449 555 527 581 electi
539 554 618 581 vituli
633 553 740 585 decem.
756 553 804 588 qui
834 558 926 580 autem
959 561 1008 588 per

217 608 328 635 campos
342 600 527 635 pascebantur
560 599 641 626 boves
665 598 773 634 viginti,
793 605 860 625 oves
884 602 1008 629 centum,

218 650 318 681 praeter
329 653 425 672 cervos
437 651 585 679 etcapreas
598 649 625 672 et
650 652 715 671 aves
732 644 834 671 electas
856 648 884 670 ct
905 643 1004 670 altiles.

217 691 305 718 Corus
317 691 426 725 triginta
444 690 598 717 modiorum
610 697 736 716 mensura
748 693 801 721 cst,
816 689 853 716 ita
868 693 898 716 ut
910 695 1006 716 omnes

218 737 302 765 modii
323 737 404 764 simul
420 735 590 771 'colligantnr
606 736 660 762 duo
680 735 764 762 millia
777 740 804 761 et
822 735 1005 769 septuaginta.

1057 233 1105 266 ἔτη
1121 231 1156 267 μ’,
1173 232 1212 264 ὃς,
1225 232 1274 267 τὴν
1291 233 1506 268 πανθαύμαστον
1519 235 1566 260 καὶ
1581 234 1704 260 θεόδοτον
1719 234 1766 260 καὶ
1777 234 1850 270 ὑπὲρ

1059 278 1203 312 ἄνθρωπον
1226 279 1323 313 σοφίαν
1359 280 1518 315 δεξάμενος,
1544 281 1708 316 ᾠκοδόμησε
1737 282 1787 314 τήν
1816 291 1848 308 τε

1061 326 1140 352 πόλιν
1159 326 1206 352 καὶ
1232 326 1278 352 τὸν
1302 327 1366 353 ναὺν
1383 328 1489 362 Κυρίου
1505 328 1533 353 ἐν
1554 328 1643 353 ἔτεσιν
1661 328 1744 359 ἑπτὰ,
1761 328 1850 362 μῆκος

1062 372 1172 406 πήχεων
1190 371 1221 402 ξ’,
1234 370 1313 406 εὖρος
1325 374 1436 408 πήχεων
1453 372 1476 399 κ’
1499 374 1546 398 καὶ
1561 372 1627 407 ὕψος
1653 375 1765 408 πήχεων
1782 372 1825 408 ρκ’
1841 383 1848 389 -

1061 417 1186 451 διόροφης
1198 417 1253 452 γὰρ
1266 415 1309 452 ἦν,
1325 417 1361 448 ὥς
1376 426 1458 451 φησιν
1482 417 1623 452 Ἰώσηπος.
1645 417 1682 443 Τὸ
1696 417 1723 444 δὲ
1737 418 1851 452 ἄριστον

1057 463 1104 488 τοῦ
1119 462 1293 498 Σολομῶντος
1302 461 1336 498 ἦν
1352 464 1413 490 καθ’
1426 464 1534 498 ἡμέραν
1548 465 1624 499 κόροι
1636 464 1804 497 σεμιδάλεως
1814 464 1850 496 λ’,

1058 507 1135 542 κόροι
1151 509 1270 543 ἀλεύρου
1283 511 1518 543 κεκοπανισμὲνου
1530 509 1561 542 ξ’,
1575 511 1672 545 μόσχοι
1682 510 1807 537 ἐκλεκτοὶ
1821 508 1850 543 ι’,

1059 553 1118 587 βόες
1132 555 1248 588 νομάδες
1260 554 1284 581 κ’
1304 556 1352 582 καὶ
1382 555 1510 590 πρόϐατα
1532 559 1566 591 ρ’,
1583 556 1662 588 ἐκτὸς
1676 556 1786 590 ἐλάφων
1801 557 1850 583 καὶ

1057 599 1196 633 δορκάδων
1222 601 1268 627 καὶ
1284 600 1400 634 ὀρνίθων
1416 602 1555 628 ἐκλεκτῶν
1581 603 1628 629 καὶ
1657 602 1798 630 σιτευτῶν.
1820 603 1851 629 '0

1060 643 1087 669 δὲ
1104 645 1184 679 κάρος
1198 646 1285 672 ἐποίει
1299 647 1381 681 μόδια
1398 647 1432 673 λ’.
1453 647 1538 682 Ὀμοῦ
1549 648 1680 682 γινόμενα
1695 649 1775 682 μόδιει
1785 647 1850 683 ,βψ’.

1067 690 1202 717 Ἀπέθανε
1217 691 1245 718 δὲ
1259 692 1386 727 Σολομῶν
1401 693 1471 719 ἑτῶν
1487 693 1538 727 ογ’,
1550 694 1597 720 καὶ
1610 694 1698 729 ἐτάφη
1717 693 1851 729 its-tamet}

1061 738 1165 772 πατρδς
1182 738 1277 766 αὐτοῦ.
1304 739 1363 774 Ἐφ’
1383 737 1414 767 οὗ
1439 737 1473 776 ἦν
1502 741 1627 775 Ὄμηρος
1645 741 1692 766 καὶ
1714 740 1849 770 Ἡσίοδος.

217 784 279 811 Vita
297 792 380 823 po'i-ro
394 783 506 810 functus
521 788 563 809 est
575 782 704 809 Salomon
719 781 808 808 aetatis
827 788 899 807 anno
913 781 1116 816 septuagesimo
1133 783 1226 817 tertio,
1244 785 1433 820 sepeliturque
1460 793 1522 813 cum
1539 790 1616 821 patre
1650 785 1764 814 Davide.
1792 785 1851 814 Sub

217 839 252 858 eo
268 830 403 858 Homerus
413 834 440 857 et
459 828 593 855 Hesiodus
605 828 741 854 claruere.

256 877 308 913 15
324 875 461 904 Salemoni
476 876 590 909 iurcgno
606 874 737 901 sueccssit
754 873 910 900 Roboamus
924 871 1006 904 ﬁlius,

1095 874 1173 900 Μετὰ
1189 874 1216 902 δὲ
1240 856 1406 910 Σολομῶντα
1429 876 1589 903 ἐϐασίλευσε
1614 876 1732 911 Ῥοϐοὰμ
1753 877 1767 903 ὁ
1793 876 1851 908 UB;

217 931 359 958 regnoque
381 921 489 957 przeluit
520 927 606 948 annos
630 919 837 954 septemdecim.
869 918 939 945 male
971 916 1006 944 de

218 970 334 998 Domino
348 989 355 998 .
368 972 447 1002 :c'que
464 975 495 994 ac
513 971 600 1001 pater,
624 965 750 993 meritus.
769 964 894 991 Mortuus
917 968 960 991 est
979 963 1007 990 in

217 1016 340 1051 peccatis
352 1015 420 1041 suis.
437 1014 476 1040 Eo
491 1018 616 1048 tempore
633 1020 681 1039 rex
705 1010 813 1046 Egypti
832 1009 1007 1041 Susaccmus,

219 1060 417 1095 Hierosolymis
433 1058 530 1094 captis,
550 1057 681 1092 pecunias
699 1064 760 1089 qua:
786 1056 813 1082 in
836 1055 938 1090 templo
966 1062 1009 1082 re-

217 1105 317 1140 giaque
336 1107 425 1134 erant,
444 1107 472 1129 ct
487 1110 584 1129 aureas
615 1101 707 1128 hastas
735 1106 761 1128 et
776 1103 853 1128 scuta
882 1099 1007 1134 diripuit,

217 1156 335 1185 quorum
350 1149 412 1176 loco
422 1156 496 1175 a-nea
512 1148 638 1174 restituta
650 1152 724 1174 sunt.

254 1243 319 1269 Post
349 1241 519 1268 Roboamum
540 1239 622 1267 Abias
652 1239 724 1266 ﬁlius
755 1239 890 1274 regnavit,
917 1243 946 1265 et
965 1238 1008 1265 hic

215 1295 328 1324 quoque
344 1287 413 1314 male
427 1295 457 1314 se
468 1287 551 1322 gessit
561 1294 625 1321 erga
640 1286 798 1315 Dominum.
825 1289 853 1312 et
884 1288 1008 1312 mortuus

219 1341 261 1363 cst
273 1342 345 1362 anno
354 1334 430 1369 regni
446 1334 473 1361 6.

252 1381 321 1408 Post
337 1380 433 1407 Abiam
461 1378 586 1414 regnavit
611 1379 718 1406 Asanus
745 1378 827 1407 ﬁlius.
849 1383 877 1405 et
903 1377 927 1405 is
951 1385 1007 1404 non

204 1437 211 1440 -
221 1432 297 1455 recte
312 1434 406 1454 secum
419 1425 535 1453 Domino
547 1425 639 1461 gessit,
653 1432 782 1460 annoque
796 1425 873 1459 regni
886 1424 917 1451 16
933 1431 1008 1450 mor-

205 1487 209 1489 -
218 1479 285 1501 tuus
297 1476 349 1499 est.

255 1519 346 1544 Asano
357 1515 489 1543 successit
514 1515 541 1542 in
564 1522 647 1550 regno
666 1514 831 1550 Josapbatus
854 1513 936 1546 ﬁlius,
958 1514 1007 1549 qui

205 1575 208 1578 ν
221 1565 291 1592 bene
303 1563 408 1599 agendo
417 1562 562 1590 Dominum
570 1561 722 1588 demeritus
733 1565 786 1594 est,
796 1560 920 1595 obiitque
936 1567 1009 1588 anno

213 1611 298 1646 .regni
314 1610 359 1637 25.
808 1640 812 1645 ,

245 1668 321 1695 Post
337 1666 517 1701 Josapbatum
533 1673 616 1701 regno
647 1664 757 1700 praefuit
785 1665 912 1692 Joramus
925 1663 1008 1697 ﬁlius,

220 1715 268 1748 qui
283 1713 310 1740 in
321 1713 408 1739 Deum
418 1711 577 1746 impiusl'uit
588 1720 595 1742 ;
606 1711 678 1738 diem
688 1710 756 1738 obiit
764 1710 903 1738 viscerum
912 1710 1009 1738 morbo

219 1759 361 1786 confectus
374 1765 447 1784 anno
461 1764 536 1792 regni
547 1761 654 1784 octavo.

255 1806 320 1833 Post
332 1804 472 1832 Joramum
491 1811 605 1837 regnum
629 1802 751 1838 suscepit
779 1802 912 1830 Ochosias
936 1801 1010 1830 ﬁlius

220 1859 322 1880 annum
335 1857 432 1883 unum,
447 1849 496 1885 qui
510 1849 546 1877 ob
563 1849 669 1878 scelera
693 1849 748 1876 Deo
769 1848 882 1876 odiosus
892 1848 1008 1876 fuitesc-

219 1905 322 1934 uusque
339 1901 382 1925 est
389 1896 423 1924 ab
435 1897 498 1925 qu.

254 1955 415 1985 Ochoziaein
431 1962 516 1990 regno
535 1953 669 1982 successit
684 1953 811 1981 Gotholia
824 1959 911 1981 mater
922 1960 1010 1981 annos

220 2012 279 2036 sex,
296 2011 358 2039 qua;
372 2009 468 2030 omnes
478 2001 604 2029 Ochozia:
617 2000 720 2028 liberos
745 2004 844 2035 praeter
863 2007 949 2028 unum
966 2001 1010 2027 in-

221 2050 324 2078 fantem
336 2048 370 2076 ab
379 2048 464 2076 Jodae
479 2047 631 2075 sacerdotis
653 2054 738 2074 uxore
753 2052 852 2081 praeter
867 2046 1007 2074 hominum

221 2094 380 2129 opinionem
396 2097 535 2120 servatum
552 2092 705 2120 interemit.
720 2092 746 2119 Is
755 2099 789 2118 ex
809 2091 959 2126 improviso
973 2091 1009 2118 ab

221 2141 306 2169 Jodae
335 2139 479 2167 sacerdote
499 2138 640 2173 septennis
661 2147 707 2165 rex
732 2142 853 2165 creatur.
880 2137 1010 2165 Gotholia

221 2195 288 2215 vero
301 2186 328 2214 in
344 2186 418 2221 regia
434 2185 609 2213 interﬁcitur.

259 2276 312 2312 ιθ
326 2274 482 2303 Gotholiam
504 2273 608 2308 excipit
630 2273 694 2301 Joas
709 2273 835 2301 Ochozia:
861 2272 934 2300 ﬁlius
965 2279 1010 2299 se-

223 2322 345 2358 ptennis,
360 2321 539 2356 regnavitque
554 2327 642 2347 annos
655 2319 845 2354 quadraginta.
864 2319 914 2346 Hie
935 2319 1012 2353 prius

221 2369 256 2396 ob
271 2368 401 2404 pietatem
419 2367 475 2394 Deo
489 2370 584 2402 gratus
597 2366 715 2398 exstitit,
737 2365 838 2392 deinde
857 2364 1008 2397 aberravit,

221 2414 350 2450 domique
364 2417 492 2441 necatur.
508 2412 573 2440 Joas
583 2412 745 2439 Zachariam
765 2411 927 2446 prophetam
943 2418 1011 2445 prae-

220 2461 342 2496 ceptoris
354 2461 397 2488 sui
412 2459 499 2487 ﬁlium
515 2459 578 2486 neci
594 2458 718 2486 tradidit.
747 2457 804 2485 Sub
817 2457 861 2484 bis
877 2457 1010 2492 tempori-

221 2509 273 2535 bus
287 2506 390 2543 Sibylla
402 2506 475 2534 clara
490 2505 656 2533 habebatur.

255 2565 321 2592 Post
333 2562 529 2597 Joasimperio
542 2561 653 2597 praefuit
669 2560 794 2588 Amasias
823 2559 897 2587 ﬁlius
923 2567 1010 2587 annos

219 2611 316 2647 viginti
330 2617 440 2642 novem.
455 2609 498 2636 vir
523 2612 653 2644 spectata:
681 2608 708 2634 in
722 2608 815 2634 Deum’
836 2607 958 2641 pietatis.
980 2607 1008 2633 In

219 2656 316 2691 pra‘lio
331 2656 515 2684 obtruncatus
528 2659 581 2682 est.

254 2712 370 2740 Amasize
382 2710 505 2739 succedit
517 2711 544 2738 in
557 2718 642 2746 regno
652 2708 732 2736 (nias
744 2708 826 2742 ﬁlius.
843 2708 890 2744 qui
905 2712 933 2736 et
944 2709 1009 2735 Aza-

220 2759 285 2790 rias,
299 2759 379 2786 annis
394 2757 438 2785 52.
450 2757 475 2784 ls
490 2756 617 2784 Numinis
626 2755 845 2784 benevolentiam
854 2760 1008 2786 assecutus.

221 2812 283 2831 cum
296 2812 425 2839 prospera
440 2808 538 2832 cuncta
559 2803 611 2831 sibi
626 2802 711 2830 ﬁuere
738 2802 856 2834 videret,
880 2801 945 2829 ﬁatu
964 2807 1009 2829 tu-

223 2858 300 2878 mens
316 2850 403 2879 voluit
418 2850 598 2884 ipsemetDeo
609 2850 751 2878 incensum
761 2848 878 2882 oll‘erre;
891 2849 931 2877 sic
945 2857 1007 2876 cum

1058 921 1141 947 αὐτοῦ
1166 921 1213 956 ἐτη
1242 921 1332 954 ιζ’,ὂς
1361 922 1392 948 ’τὸ
1424 922 1541 957 πονηρὸν
1576 923 1705 956 ἐποίησεν
1734 921 1851 948 ἐνώπιον

1058 966 1176 1000 Κυρίου,
1190 966 1226 998 ὡ;
1244 969 1258 994 ὁ
1276 968 1368 1004 πατὴρ
1394 968 1493 1000 αὑτοῦ,
1513 968 1559 995 καὶ
1584 968 1722 994 ἀπέθανεν
1740 968 1769 994 ὲν
1789 968 1852 999 ταῖς

1058 1013 1210 1048 ἁμαρτίαις
1229 1013 1322 1040 αὑτοῦ.
1348 1014 1406 1048 Ἐφ’
1427 1012 1457 1040 οὗ
1480 1014 1636 1048 Σουσακεὶμ
1661 1013 1788 1049 βασιλεὺς
1804 1015 1851 1040 Αί-

1059 1057 1164 1092 γύπτου
1187 1058 1237 1093 τὴν
1261 1058 1439 1094 Ἰερουσαλὴμ.
1466 1059 1535 1086 ἑλὼν
1552 1059 1679 1093 ἀφείλετο
1702 1060 1736 1085 τὰ
1757 1060 1785 1086 ὲν
1811 1059 1851 1095 τῷ

1060 1103 1117 1139 ναῷ
1135 1104 1183 1130 καὶ
1199 1105 1256 1135 τοῖς
1272 1104 1420 1139 βασιλείοις
1442 1106 1571 1140 χρήματα
1587 1105 1633 1131 καὶ
1648 1105 1682 1131 τὰ
1698 1106 1787 1141 χρυσᾶ
1808 1106 1852 1133 δός

1061 1158 1130 1183 ρατα
1144 1149 1192 1175 καὶ
1215 1151 1278 1181 τοὺς
1294 1150 1413 1185 χρυσοῦς
1430 1151 1560 1185 θυρεοὺς,
1584 1151 1643 1178 ἀνθ’
1664 1147 1702 1178 ὦν
1723 1152 1850 1186 ἐγένοντο

1059 1195 1166 1229 χαλκοῖ.

1095 1241 1172 1268 Μετὰ
1197 1241 1225 1268 δὲ
1257 1241 1378 1276 Ῥοϐοᾶιμ
1410 1242 1586 1268 ἐϐασίλευσεν
1622 1242 1714 1274 Ἀϐίας
1747 1244 1761 1269 ὁ
1792 1242 1849 1274 υίὸς

1060 1285 1161 1319 αὑτοῦ,
1188 1287 1236 1313 καὶ
1265 1287 1378 1322 ἐποίησε
1396 1287 1427 1313 τὸ
1449 1281 1567 1322 πονηρδν
1588 1287 1703 1314 ἐνώπιον
1727 1289 1848 1323 Κυρίου,

1059 1331 1107 1357 καὶ
1120 1329 1255 1357 ἀπέθανεν
1272 1331 1434 1366 βασιλεύσας
1450 1332 1497 1367 ἐτη
1518 1331 1555 1364 ς’.

1095 1376 1173 1403 Μετὰ
1186 1376 1214 1403 δὲ
1237 1376 1330 1404 ’Λϐίαν
1344 1377 1521 1404 ἐϐασίλευσεν
1541 1378 1608 1405 Ἀσὰ
1623 1378 1680 1410 υἱὸς
1693 1379 1786 1411 αὐτοῦ,
1803 1380 1850 1406 καὶ

1059 1423 1172 1458 ἐποίησε
1192 1422 1222 1449 τὸ
1240 1423 1357 1459 πονηρὸν
1383 1423 1499 1451 ἐνώπιον
1516 1425 1632 1460 Κυρίου,
1657 1425 1704 1452 καὶ
1729 1425 1850 1453 ἀπέθανε

1061 1468 1225 1504 βασιλεύσας
1239 1470 1286 1506 ἐτη
1304 1469 1354 1502 ις’.

1095 1516 1174 1544 Μετὰ
1188 1516 1216 1543 δὲ
1239 1516 1305 1544 Ἀσὰ
1318 1517 1493 1546 ἐϐασίλευσεν
1517 1518 1652 1553 Ἰωσαφὰτ
1675 1519 1731 1551 υἱὸς
1747 1519 1848 1551 αὐτοῦ,

1061 1562 1109 1588 καὶ
1131 1562 1244 1598 εποίησε
1263 1563 1293 1589 τὸ
1310 1563 1388 1596 εὐθὲς
1410 1564 1526 1591 ἐνώπιον
1542 1564 1655 1599 Κυρίου,
1679 1565 1725 1591 καὶ
1741 1565 1849 1592 ἐτελεύ-

1061 1616 1127 1642 τησε
1144 1607 1308 1642 βασιλεύσας
1322 1609 1370 1643 ἔτη
1384 1612 1433 1636 κε’.

1096 1665 1175 1692 Μετὰ
1188 1665 1216 1692 δὲ
1238 1665 1373 1700 Ἰωσαφὰτ
1396 1667 1571 1693 ἐϐασίλευσεν
1600 1667 1705 1702 Ἰωρὰμ
1722 1667 1780 1698 υίὸς
1801 1667 1851 1693 αὑ-

1061 1711 1124 1743 τοῦ,
1146 1712 1195 1738 καὶ
1215 1712 1328 1747 ἐποίησε
1345 1713 1375 1738 τὸ
1391 1713 1511 1748 πονηρὸν
1537 1713 1653 1740 ἐνώπιον
1672 1714 1787 1748 Κυρίου,
1804 1714 1851 1740 καὶ

1061 1757 1182 1785 ἀπέθανε
1196 1758 1396 1793 δυσεντερικδς,
1413 1758 1579 1793 βασιλεύσας
1596 1759 1644 1794 ἐτη
1656 1761 1692 1793 η’.

1096 1804 1175 1831 Μετὰ
1190 1804 1217 1830 δὲ
1237 1803 1340 1839 Ἰωρὰμ
1355 1803 1532 1830 ἐϐασίλευσεν
1552 1804 1676 1839 Ὀχοζίας
1690 1804 1747 1836 υίὸς
1765 1804 1850 1831 αὑτοῦ

1061 1850 1122 1882 ἔτος
1137 1853 1171 1883 α’,
1188 1851 1235 1877 καὶ
1258 1850 1371 1885 ἐποίησε
1388 1849 1419 1877 τὸ
1443 1850 1571 1886 πονηρὸν,
1588 1851 1635 1878 καὶ
1651 1851 1771 1886 ἀνῃρέθη
1797 1851 1850 1878 ὑπὸ

1067 1897 1136 1933 Ἰηοῦ
1143 1917 1149 1924 .

1097 1955 1175 1982 Μετὰ
1190 1955 1219 1982 δὲ
1241 1955 1366 1990 Ὀχοζίαν
1380 1955 1541 1982 ἐϐασίλευσε
1565 1955 1677 1982 Γοθολία
1693 1956 1786 1990 μήτηρ
1799 1956 1850 1982 αὑ·

1061 2001 1108 2029 τοῦ
1120 2002 1168 2036 ἔτη
1185 2005 1222 2034 ς’,
1238 2002 1287 2028 καὶ
1307 2001 1453 2028 ἀπέκτεινε
1477 2002 1581 2032 πάντας
1597 2002 1660 2033 τοὺς
1675 2001 1750 2032 υἱοὺς
1773 2002 1850 2037 Ὀχο-

1061 2046 1120 2078 ζίου
1133 2049 1270 2080 «ipsum;
1288 2046 1388 2080 νηπίου
1411 2046 1470 2076 ἐνὸς
1486 2045 1666 2076 διασωθέντος
1689 2046 1850 2081 παραδόξως

1061 2092 1114 2118 ὑπὸ
1134 2091 1262 2126 γυναικδς
1294 2091 1387 2118 Ἰωδαὲ
1409 2091 1457 2118 τοῦ
1473 2092 1586 2126 ἱερέως·
1602 2091 1631 2122 ὃς
1650 2093 1697 2117 καὶ
1709 2092 1852 2126 αίφνιδίως

1061 2137 1234 2173 ἀνηγορεύθη
1251 2137 1378 2172 βασιλεὺς
1394 2138 1446 2164 ὑπὸ
1468 2136 1558 2163 Ἰωδαὲ
1575 2135 1622 2162 τοῦ
1643 2136 1748 2170 ίερέως,
1764 2137 1851 2172 ὑπάρ-

1062 2193 1117 2219 χων
1132 2183 1200 2210 ἑτῶν
1215 2183 1248 2214 ζ’.
1272 2183 1305 2210 Ἡ
1321 2183 1348 2210 δὲ
1366 2183 1479 2209 Γοθολία
1499 2182 1659 2217 ἀπεκτάνθη
1680 2183 1709 2208 ὲν
1724 2182 1791 2217 οῐκῳ
1803 2182 1850 2209 τοῦ

1025 2216 1049 2244 θ
1064 2216 1209 2266 βασιλέως.

1098 2277 1175 2304 Μετὰ
1196 2276 1243 2303 οὖν
1266 2275 1394 2302 Γοθολίαν
1417 2273 1552 2310 ὲπταετὴς
1577 2272 1740 2309 βασιλεύσας
1775 2273 1850 2304 Ὶωὰς

1063 2322 1119 2354 υίδς
1145 2321 1266 2357 Ὀχοζίου
1280 2321 1329 2355 ἐτη
1346 2321 1383 2355 μ’,
1401 2320 1489 2346 ἐποίει
1505 2321 1536 2346 τὸ
1559 2320 1637 2350 εὐθὲς
1657 2318 1773 2345 ἐνώπιον
1791 2319 1850 2345 Κυ-

1064 2368 1134 2403 ρίου,
1154 2366 1215 2394 εῐτα
1231 2367 1426 2402 παρατραπεὶς
1447 2366 1554 2400 ἐσφάγη
1571 2366 1600 2391 ἐν
1619 2364 1657 2400 τῷ
1673 2365 1740 2398 οἴκῳ
1754 2364 1851 2393 αὑτοῦ.

1065 2414 1114 2445 ⁸ος
1136 2414 1184 2440 καὶ
1204 2412 1351 2439 ἀπέκτεινε
1379 2411 1519 2446 Ζαχαρίαν
1545 2411 1590 2438 τὸν
1620 2411 1776 2445 προφήτην,
1803 2411 1850 2437 τὸν

1062 2460 1118 2485 υἱὸν
1135 2458 1182 2484 τοῦ
1194 2458 1355 2485 διδασκάλου
1371 2457 1466 2484 αὑτοῦ.
1485 2457 1542 2491 Ἐφ’
1556 2453 1587 2483 οὗ
1601 2457 1618 2491 ὴ
1633 2456 1750 2483 Σίϐυλλα
1765 2457 1850 2490 ἐγνω-

1063 2505 1162 2540 ρίζετο,
1849 2494 1854 2499 ”

1096 2561 1174 2588 Μετὰ
1194 2560 1222 2586 δὲ
1242 2560 1319 2592 Ἰωὰς
1339 2559 1516 2586 ἐϐασίλευσεν
1542 2558 1676 2594 Ἀμασίας
1692 2558 1749 2589 υίὸς
1764 2557 1849 2584 αὑτοῦ

1062 2605 1110 2639 ἔτη
1137 2604 1188 2636 κθ’,
1213 2605 1261 2631 καὶ
1286 2605 1401 2638 ἐποίησε
1432 2604 1464 2630 τὸ
1488 2603 1566 2636 seat;
1593 2604 1710 2630 ἐνώπιον
1726 2603 1847 2638 Κυρίου”

1061 2652 1167 2685 ἐσφάγη
1185 2650 1213 2676 δὶ
1231 2652 1259 2677 ἐν
1273 2651 1310 2684 τῷ
1327 2650 1448 2684 πολέμῳ.

1096 2708 1174 2736 Μετὰ
1200 2707 1228 2734 δὲ
1249 2707 1385 2741 Ἀμασίαν
1414 2707 1591 2734 ἐϐασίλευσεν
1621 2706 1729 2739 Ὀζίας,
1759 2706 1773 2731 ὀ
1802 2705 1849 2733 καὶ

1066 2754 1195 2790 Ἀζαρίας
1205 2773 1212 2786 ,
1230 2753 1286 2785 υίὸς
1301 2753 1384 2780 αὑτοῦ
1399 2754 1447 2789 ἐτη
1464 2753 1514 2789 νβ’,
1538 2753 1586 2780 καὶ
1597 2753 1709 2787 ἐποίησε
1726 2751 1757 2778 τὸ
1771 2752 1849 2782 εὺθὲς

1060 2801 1176 2828 ἐνώπιον
1193 2800 1296 2836 Κυρίου
1310 2819 1318 2832 ,
1337 2801 1384 2828 καὶ
1405 2800 1583 2836 εὐοδούμ,ενος
1609 2799 1727 2835 ἐπήρθη,
1750 2799 1798 2825 καὶ
1816 2799 1848 2834 δὴ

1061 2849 1177 2883 θελήσας
1202 2847 1336 2883 θυμιᾶσαι
1363 2847 1401 2882 τῷ
1426 2846 1486 2882 θεῷ
1511 2847 1592 2878 abab;
1611 2846 1658 2881 ἀφ’
1677 2844 1774 2873 ἑαυτοῦ
1801 2845 1847 2871 καὶ
