1935 3071
88 164 142 197 237

747 161 794 191 Cll
803 159 1092 191 RONUGRAPIIIA.

1677 154 1731 186 238

90 227 235 262 Θυμιάσας
270 225 352 256 εὐθὺς
379 222 536 258 Her-{4min},
571 222 616 248 καὶ
633 221 718 252 οὕτως
739 220 887 255 ἐτελεύτη-

962 229 969 246 l
986 219 1088 254 templo
1099 216 1277 249 adolevisset,
1295 220 1408 249 repente
1424 216 1499 251 lepra
1528 215 1636 242 obsitus
1650 221 1690 243 est
1707 221 1734 242 et

91 283 149 302 σεν.

126 318 208 347 Μετὰ
230 319 260 345 δὲ
282 318 374 350 Ὀζίαν
397 316 575 344 ἐϐασίλευσεν
598 314 710 341 Ἰωάοαν
728 313 786 345 υἱὸς
803 312 888 340 αὑτοῦ

92 367 138 401 ἔτη
157 364 197 398 ις’
209 385 216 397 ,
233 365 281 392 καὶ
295 365 410 399 ἐποίησε
424 364 454 390 τὸ
477 362 557 394 εὺθὲς
572 361 689 388 ἐνώπιον
705 360 820 396 Κυρίου,
841 359 889 386 καὶ

91 412 225 446 ὲτελεύτη
231 420 288 438 σεν.

127 459 208 485 Μετᾷ
222 458 251 484 δὲ
282 457 395 484 Ἰωάθαν
411 455 587 482 ἐϐασίλευσεν
608 453 694 489 Ἀχὰζ
722 453 781 484 υἱὸς
807 450 889 478 αἰδτοῦ

92 505 141 538 ἔτη
165 507 218 537 ις’,
238 503 287 530 καὶ
312 503 431 538 ποιήσας
449 502 480 528 τὸ
500 501 618 537 πονηρὸν
645 499 760 526 ἐνώπιον
786 498 890 534 Κυρίου

93 551 247 578 ἀπέθανεν.

135 597 215 623 Μετὰ
230 596 259 622 δὲ
285 595 370 630 Ἀχὰζ
392 594 568 621 ἐϐασίλευσεν
589 592 713 625 Ἐζεκίας
728 591 786 623 υἱὸς
808 590 892 618 αὑτοῦ

93 643 142 676 ἔτη
156 642 212 674 κίν,
229 642 277 668 καὶ
293 641 407 676 ἐποίησε
423 639 453 666 τὸ
469 639 547 670 εὺοὲς
567 638 685 664 ἐνώπιον
703 638 819 672 Κυρίου,
846 637 894 663 καὶ

94 688 287 723 ἐτελεύτησεν.
309 687 369 721 Ἐφ’
386 683 417 713 οὗ
434 684 469 721 ἦν
490 687 503 711 ὁ
527 684 677 715 Μωσαῗκδς
697 683 816 718 χαλκοῦς
832 683 894 717 ὄφις

94 735 134 761 ἑτι
161 734 241 767 παρὰ
273 732 410 758 Ἰουδαίων
436 730 593 764 σεϐόμενος,
618 729 646 755 ὃν
663 729 797 763 ἠφάνισεν
818 728 895 760 Ἐζε-

93 782 178 812 κίας,
196 780 293 814 ὥσπερ
310 779 342 813 δὴ
357 778 405 804 καὶ
426 777 475 808 τὰς
498 777 608 812 βίϐλους
634 776 682 801 τοῦ
708 774 893 809 Σολομῶντος.

100 827 160 861 Ἐφ’
178 824 217 854 ὧν
237 828 345 861 χρόνων
374 824 480 858 Ῥῶμος
503 824 550 850 καὶ
575 822 674 857 Ῥἐμος
694 820 852 848 ἐϐασίλευον
867 821 895 847 ὲν

100 874 211 909 Ῥώμῃ,
228 873 278 899 καὶ
295 871 411 898 Σίϐυλλα
426 871 442 905 ὴ
464 868 618 904 Ἐρυθραία
633 867 808 902 ὲγνωρίζετο.
833 866 895 900 Ἐφ’

941 266 1026 293 vitam
1040 264 1152 291 eﬁ‘udit.

977 313 1041 339 Post
1053 311 1147 339 Oziam
1165 318 1279 344 regnum
1295 309 1415 337 obtinuit
1430 309 1583 337 Joathanus
1595 309 1666 336 ﬁlius
1683 316 1735 335 an-

941 366 993 385 nos
1004 357 1156 390 sexdecim,
1175 357 1237 392 pius
1248 364 1279 383 ac
1307 356 1453 391 religiosus
1480 357 1533 388 vir,
1548 361 1576 383 ct
1610 361 1735 382 mortuus

941 407 994 430 est.

978 449 1043 476 Post
1054 448 1221 476 Joathanum
1236 449 1353 483 imperio
1377 448 1486 482 prmfuit
1501 448 1629 474 Achazus
1663 447 1735 474 Illius

943 502 1031 522 annos
1043 494 1192 528 sexdecim,
1213 495 1255 521 vir
1267 502 1386 529 nequam
1401 499 1429 521 et
1440 494 1551 528 impius,
1565 498 1592 520 ct
1610 498 1737 520 mortuus

943 545 995 568 est.

979 587 1080 614 Achazi
1099 594 1213 621 regnum
1224 587 1333 620 excepit
1349 585 1482 612 Ezechias
1499 585 1582 618 ﬁlius,
1593 585 1696 620 pietate
1709 585 1735 612 in

946 634 1031 660 Deum
1063 633 1282 660 commendatus.
1299 631 1386 666 Regni
1415 639 1488 658 anno
1505 632 1638 666 vigesimo
1663 639 1737 658 nono

945 679 1017 706 diem
1043 679 1122 706 obiit.
1150 679 1224 706 Illius
1248 682 1328 705 amate
1356 677 1492 704 Mosaicus
1516 685 1609 704 aeneus
1623 684 1738 710 serpens

945 725 1038 752 adhuc
1054 729 1200 759 supererat
1216 732 1231 751 a
1245 724 1350 751 Judzcis
1366 724 1394 750 in
1424 723 1604 750 veneratione
1616 723 1737 750 habitus.

945 772 1016 798 Eum
1030 771 1170 802 Ezechias,
1185 770 1257 797 sicut
1273 775 1300 797 ct
1311 770 1468 797 Salomonis
1493 769 1591 803 libros,
1605 768 1740 803 expunxit

946 823 974 845 et
1002 817 1035 844 de
1063 817 1155 844 medio
1179 817 1301 844 sustulit.
1327 816 1375 843 llis
1401 816 1575 851 temporibus
1594 816 1698 842 Romus
1712 821 1740 842 et

948 864 1050 891 Remus
1066 864 1161 891 “ODIIE
1187 864 1332 898 imperium
1346 863 1485 895 tenebant,
1514 867 1542 889 ct
1557 862 1658 897 Sibylla
1673 861 1741 896 Ery-

95 918 125 948 οὗ
223 918 400 953 Σεναχηρεὶμ
420 916 494 943 κατὰ
521 914 703 950 Ἰερουσαλὴμ
716 913 832 946 ἀναϐὰς,
848 913 892 940 διὰ

960 910 1028 937 [mea
1052 910 1169 937 illustris
1180 915 1250 937 erat.
1271 910 1305 937 Et
1329 909 1617 944 17,Senacherimus
1643 908 1741 936 Hieru-

95 968 172 994 θείου
186 965 307 1000 ἀγγέλου
324 966 353 990 ὲν
370 964 418 999 μιᾷ
432 963 511 989 νυκτὶ
525 961 584 1000 ρπε¹
600 962 725 997 χιλιάδας
734 959 891 993 ἀποϐαλὼν,

98 1014 160 1049 μετ’
177 1012 313 1047 αἰσχύνης
331 1009 512 1046 ὑπέστρεψεν.

120 1105 212 1131 ’Μετὰ
240 1102 270 1129 δὲ
306 1101 432 1132 Ἐζεκίαν
461 1100 625 1127 ἐϐασίλευσε
653 1098 805 1133 Μανασσῆς
837 1099 895 1130 υίὸς

97 1152 182 1178 αὑτοῦ
197 1151 246 1185 ἐτη
264 1149 312 1183 νε¹,
328 1151 341 1176 ὁ
356 1149 404 1176 καὶ
421 1148 467 1174 τὸν
489 1147 578 1182 μέγαν
602 1146 718 1173 Ἡσαΐαν
731 1148 833 1181 πρίσας
848 1147 896 1172 καὶ

96 1197 149 1233 τὴν
182 1195 366 1231 Ἰερουσαλὴμ
387 1194 486 1221 ἁθώων
511 1193 638 1233 αἱμάτων
665 1192 771 1227 πλήσας
798 1191 846 1218 καὶ
866 1192 896 1218 τδ

97 1242 220 1277 πονηρὸν
236 1241 357 1268 εναντίον
370 1239 473 1274 Κυρίου
493 1240 621 1272 ποιήσας.
640 1238 773 1272 Ὕστερον
783 1238 811 1264 δὲ
828 1238 897 1272 μετὰ

98 1289 148 1324 τὴν
165 1288 268 1315 ἅλωσιν
285 1287 335 1314 καὶ
353 1285 545 1322 αἰχμαλωσίαν
569 1284 653 1311 αὑτοῦ
678 1283 810 1319 μετανοίᾳ
825 1284 897 1318 διορ-

99 1335 261 1370 οωσὰμενος
277 1334 407 1361 ἀπέθανε.
777 1361 779 1363 η

134 1382 215 1409 Μετὰ
232 1382 262 1408 δὲ
274 1380 426 1413 Μανασσῆν
442 1377 618 1406 ἐϐασίλευσεν
638 1377 729 1411 Ἀμὼς
744 1376 801 1407 υίὸς
814 1376 898 1403 αὑτοῦ

101 1427 149 1463 ἔτη
168 1426 200 1462 β’,
216 1427 265 1453 καὶ
284 1427 398 1461 ἐποίησε
411 1425 442 1452 τὸ
457 1424 578 1460 πονηρὸν
590 1423 707 1450 ἐνώπιον
721 1423 898 1458 Κυρίουλκαὶ

102 1475 213 1508 ἐσφάγη
229 1475 257 1500 ἐν
272 1473 312 1509 τῷ
327 1474 394 1508 οῐκῳ
411 1471 505 1499 αὐτοῦ.

139 1519 220 1546 Μετὰ
237 1519 266 1546 δὲ
287 1519 378 1553 Ἀμώς
390 1517 570 1544 ἐϐασίλευσεν
591 1515 696 1547 Ἰωσίας
715 1514 798 1541 αὐτοῦ
811 1515 900 1549 ὑπάρ-

944 955 1029 982 salem
1043 963 1218 991 oppugnanti,
1231 960 1341 982 centum
1353 956 1511 990 octuaginla
1520 956 1642 990 quinque
1654 955 1740 982 milli—

945 1004 997 1031 bus
1015 1010 1064 1037 per
1091 1003 1218 1037 angelum
1237 1011 1289 1030 una
1313 1007 1393 1030 nocte
1422 1002 1576 1037 trucidatis,
1604 1002 1741 1030 dedecore

945 1054 1058 1084 opertus
1068 1056 1193 1075 I‘BVCTSUS
1209 1054 1260 1076 ρει.

982 1096 1047 1122 Post
1071 1094 1215 1122 Ezechiam
1235 1095 1372 1122 hlanasses
1398 1094 1472 1122 ﬁlius
1488 1103 1601 1130 regnum
1622 1095 1743 1122 obtinuit

947 1149 1034 1168 annos
1043 1139 1242 1175 quinquaginta
1258 1141 1391 1174 quinque,
1411 1148 1538 1174 magnum
1555 1140 1650 1167 Isaiam
1666 1148 1742 1167 serra

948 1188 1054 1219 divisit,
1070 1186 1290 1221 Hierosolymam
1306 1186 1497 1213 innocentium
1512 1187 1647 1221 sanguine
1662 1187 1744 1213 inun-

948 1234 1034 1265 davit,
1056 1234 1112 1260 Deo
1134 1241 1249 1261 exosus.
1269 1232 1391 1259 Tandem
1408 1236 1470 1267 post
1487 1232 1626 1259 excidium
1645 1237 1675 1260 et
1698 1240 1745 1260 ca-

949 1281 1103 1315 ptivitatem
1116 1287 1180 1307 eum
1191 1279 1331 1306 sceleratae
1348 1278 1410 1305 vitae
1423 1278 1564 1313 ptenituit,
1575 1279 1675 1317 sicque
1688 1280 1743 1307 vita

949 1326 1062 1352 functus
1075 1330 1128 1352 est.

983 1371 1101 1398 Manassi
1116 1371 1250 1398 successit
1264 1370 1291 1397 in
1308 1378 1392 1406 regno
1408 1370 1526 1398 Amosus
1546 1370 1629 1404 ﬁlius,
1647 1379 1746 1406 regna-

951 1417 990 1444 vit
1004 1425 1091 1444 annos
1106 1417 1187 1449 duos,
1202 1425 1254 1444 nec
1267 1425 1296 1445 se
1313 1425 1377 1452 erga
1399 1418 1486 1444 Deum
1508 1418 1585 1452 pium
1607 1418 1742 1453 praebuit,

951 1463 1127 1498 propriisque
1141 1463 1168 1490 in
1184 1463 1291 1490 aedibus
1310 1463 1464 1491 trucidatus
1476 1469 1528 1491 est.

985 1510 1116 1537 Alnosum
1124 1510 1232 1545 excepit
1244 1509 1333 1537 .losias
1344 1509 1417 1537 ﬁlius
1426 1510 1515 1537 aetatis
1524 1517 1659 1537 annorum
1670 1515 1744 1537 octo.

104 1575 160 1601 χων
177 1565 236 1597 uio;
258 1565 306 1600 ἐτη
322 1563 374 1596 λα’,
390 1563 459 1590 ἐτῶν
476 1563 608 1598 ὑπάρχων
628 1563 664 1596 η’,
684 1561 732 1588 καὶ
745 1561 858 1595 ἐποίησε
870 1560 899 1587 τὺ

960 1555 1192 1591 Regnavitannos
1207 1556 1318 1590 triginta
1345 1564 1441 1583 unum.
1473 1555 1524 1583 llic
1547 1555 1614 1584 fecit
1638 1560 1745 1584 rectum

103 1613 184 1644 εὑῡὲς
198 1611 315 1638 ἐνώπιον
330 1610 433 1646 Κυρίου
444 1630 452 1642 ,
467 1609 516 1636 καὶ
537 1607 700 1643 ἐτελεύτησε
712 1606 850 1640 τοξευθεὶς
871 1606 900 1632 ὲν

103 1659 142 1694 τῷ
158 1659 281 1694 πολέμῳ.
305 1658 363 1691 Ἐφ’
376 1654 413 1683 ὧν
437 1656 542 1691 χρόνων
559 1655 607 1681 καὶ
629 1654 660 1681 τὸ
683 1653 832 1685 Βυζάντιον
848 1653 901 1679 ὑπὸ

105 1707 194 1738 Βύζου
215 1705 349 1740 βασιλέως
367 1703 479 1737 ἐκτίσθη
498 1702 550 1736 τῆς
565 1701 689 1737 Θρᾴκης’

139 1752 220 1779 Μετά
234 1751 263 1777 δὲ
284 1749 390 1776 Ἰωσίαν
410 1748 591 1775 ἐϐασίλευσεν
615 1745 730 1781 Ἱωάχαζ
745 1745 803 1777 υίὸς
817 1743 902 1771 αὐτοῦ

108 1799 196 1834 μῆνας
214 1800 248 1832 γ’,
265 1796 313 1823 καὶ
328 1795 441 1831 ἐποίησε
462 1795 493 1822 τὸ
511 1794 630 1829 πονηρὸν
648 1792 767 1819 ἐνώπιον
785 1791 901 1827 Κυρίου,

107 1845 155 1871 καὶ
169 1843 283 1879 ληφθεὶς
299 1843 352 1868 ὑπὸ
368 1841 468 1877 Νεχαὼ
484 1841 619 1876 βασιλέως
635 1839 774 1874 Αἰγύπτου
791 1838 903 1873 ἀπήχθη

108 1895 148 1924 εἰς
165 1893 318 1926 Αἴγυπτον,
331 1891 360 1917 ὲν
375 1887 392 1928 ᾖ
409 1889 457 1916 καὶ
471 1889 622 1915 ἀπέθανεν.
708 1885 712 1887 ’

142 1940 225 1967 Μετὰ
248 1939 278 1965 δὲ
311 1936 428 1971 ’Ῑωάχαζ
453 1935 630 1961 ἐϐασίλευσεν
663 1933 794 1967 Ἰωακεὶμ
818 1933 833 1959 ὁ
857 1932 904 1958 καὶ

114 1987 270 2020 Ἰιῖλιακεὶμ,
288 1985 303 2011 ὁ
315 1983 430 2017 ἀδελφὸς
448 1982 543 2015 αὐτοῦ,
560 1981 609 2016 ἐτη
625 1984 671 2013 ια’,
689 1981 736 2007 καὶ
749 1979 862 2014 ἐποίησε
874 1978 905 2005 τὺ

108 2034 229 2069 πονηρὸν
258 2032 376 2059 ἐνώπιον
401 2030 516 2065 Κυρίου.
543 2029 600 2056 Καὶ
627 2027 711 2054 ἐλθὼν
733 2026 906 2061 Ναϐουχοδο-

109 2081 190 2115 νόσορ
223 2078 274 2115 τὴν
301 2079 395 2105 πᾶσαν
427 2076 559 2103 Ἰουδαίαν
589 2074 726 2109 ὑπόφορον
762 2073 903 2108 εποίησεν.

115 2127 315 2160 Ἀθετήσαντος
330 2125 358 2151 δὲ
384 2123 549 2159 φορολογίαν
583 2121 714 2155 Ἰωακεὶμ
738 2117 805 2156 ἦλθε
824 2119 906 2146 πάλιν

109 2175 149 2205 εἰς
172 2171 355 2208 Ὶερουσαλὴμ
366 2167 618 2204 Ναϐουχοδονόσορ,
634 2167 682 2195 καὶ
695 2166 790 2193 τοῦτον
805 2174 905 2201 χειρω-

112 2220 231 2253 σάμενος
249 2219 298 2244 καὶ
309 2215 411 2243 ἀνελὼν
429 2215 483 2241 ἀπὸ
498 2215 546 2241 τοῦ
560 2213 667 2248 τείχους
687 2212 802 2247 ῥιφῆναι
820 2219 907 2246 προσ-

111 2264 189 2295 έταξε
199 2284 207 2296 ,
221 2264 270 2289 καὶ
285 2262 388 2294 ἄταφον
405 2261 451 2287 ἐπὶ
465 2261 550 2286 πολὺν
564 2259 696 2286 κατέλιπε
709 2259 815 2293 χρόνον.

148 2310 228 2337 Μετὰ
243 2309 273 2335 δὲ
301 2308 432 2342 Ἰωακεὶμ
455 2306 637 2333 ἐϐασίλευσεν
670 2304 797 2339 Ἰεχονίας
819 2305 832 2331 ὁ
848 2304 906 2336 υίὸς

111 2356 206 2387 αὑτοῦ,
225 2357 240 2382 ὁ
257 2355 305 2382 καὶ
328 2354 470 2388 Ἰωακεὶμ,
494 2353 540 2384 διὰ
562 2351 777 2387 προστάγματος
801 2351 907 2377 Ναϐου-

112 2404 258 2439 χοδονόσορ
288 2401 375 2437 μῆνας
401 2402 493 2436 τρεῖς,
514 2399 564 2426 καὶ
591 2399 706 2432 ἐποίησε
732 2398 762 2425 τὸ
789 2397 907 2432 πονηρὸν

112 2450 238 2477 ἐναντίον
259 2448 374 2483 Κυρίου.
391 2447 448 2474 Καὶ
469 2446 534 2480 περὶ
549 2445 614 2476 τοὺς
629 2445 729 2479 φόρους
747 2443 908 2478 ἀγνωμονή-

84 2518 92 2526 .
115 2505 213 2528 σαντος
242 2494 327 2522 αὐτοῦ
358 2492 442 2529 ἦλθεν
474 2492 553 2523 αὖθις
588 2489 826 2525 Ναϐουχοδονόσορ
867 2490 908 2520 εἰς

119 2542 312 2578 Ἰερουσαλὴμ,
329 2541 376 2567 καὶ
391 2540 438 2566 τὸν
452 2539 584 2565 Σεδεκίαν
596 2537 655 2563 ἀντ’
669 2536 753 2562 αὑτοῦ
770 2535 910 2570 καταστή-

116 2597 162 2620 σας
176 2587 318 2622 ἀπῴκισεν
330 2587 378 2618 ἐἰς
398 2585 550 2612 Βαϐυλῶνα
579 2583 709 2618 Ἰεχονίαν
725 2583 773 2609 καὶ
788 2582 837 2615 τὴν
854 2589 909 2616 μη-

116 2635 181 2671 τέρα
207 2636 255 2660 καὶ
282 2633 345 2664 τοὺς
370 2633 504 2667 ἄρχοντας
522 2629 618 2658 αὐτοῦ.
641 2629 786 2663 Ἐξὴνεγκε
811 2627 840 2653 δὲ
861 2628 909 2653 καὶ

116 2682 179 2713 τοὺς
186 2681 343 2716 θησαυροὺς
355 2679 462 2713 Κυρίου
468 2677 515 2704 ua).
526 2676 573 2704 τοῦ
586 2676 717 2711 βασιλέως
728 2676 774 2702 καὶ
781 2675 812 2701 τὰ
819 2675 909 2710 χρυσᾶ

118 2728 203 2763 σκεύη
217 2727 318 2760 πάντα,
335 2725 353 2753 ὃ.
368 2726 483 2760 ἐποίησε
498 2724 626 2758 Σολομῶν
643 2725 671 2750 ὲν
685 2724 742 2758 ναῷ
758 2722 872 2757 Κυρίου.

151 2818 229 2846 Μετὰ
240 2818 268 2844 6?
288 2816 417 2852 Ἰεχονίαν
432 2815 595 2842 ἐϐασίλευσε
612 2813 739 2844 Σεδεκίας
757 2811 910 2847 πατραδελ-

119 2875 166 2902 σος
182 2865 266 2892 αὑτοῦ
291 2865 339 2900 ἐτη
351 2866 385 2898 γ’.
409 2863 457 2890 καὶ
477 2862 593 2896 ἐποίησε
608 2861 638 2886 τὸ
658 2859 775 2894 πονηρὸν
791 2858 910 2884 ἐναντίον

120 2913 239 2949 Κυρίου*
258 2912 307 2939 καὶ
325 2911 390 2946 περὶ
406 2909 456 2945 τὴν
474 2906 638 2944 φορολογίαν
663 2905 792 2938 ὡσαύτως
818 2913 910 2940 παρα-

953 1610 1046 1630 coram
1067 1602 1194 1629 Domino.
1214 1602 1319 1637 Sagitta
1334 1603 1481 1630 confossus
1493 1603 1520 1630 in
1539 1603 1635 1637 praelia
1661 1611 1748 1631 occu-

953 1648 1025 1676 buit.
1037 1649 1078 1676 Eo
1091 1654 1215 1684 tempore
1233 1649 1396 1685 Byzantium
1412 1649 1509 1684 aByzo
1531 1649 1670 1677 Thracum
1682 1658 1747 1686 rege

953 1694 1153 1722 exaediﬁcatur.

989 1741 1054 1768 Post
1065 1740 1169 1768 .losiam
1183 1741 1308 1776 regnavit
1322 1742 1482 1771 Joachazus
1496 1743 1582 1771 ﬁlius.
1603 1744 1629 1771 Is
1649 1745 1749 1771 volun-

954 1787 1004 1814 tati
1033 1787 1081 1814 Dei
1107 1787 1278 1822 adversatus,
1304 1794 1400 1823 captus
1425 1798 1440 1817 a
1463 1797 1527 1825 rege
1554 1790 1747 1826 Egyptiorum

954 1834 1104 1862 Nechaone
1124 1835 1317 1870 abductusque
1330 1840 1372 1863 cst
1384 1836 1411 1862 in
1432 1836 1593 1872 Aﬂgyptum,
1611 1837 1656 1864 ubi
1675 1837 1750 1864 occi-

954 1881 1004 1913 dit,
1022 1889 1086 1909 cum
1102 1882 1250 1917 imperium
1272 1883 1406 1910 tenuisset
1424 1891 1534 1911 menses
1549 1888 1614 1911 tres.

987 1928 1123 1956 Joachazo
1136 1929 1270 1956 successit
1285 1928 1556 1960 Joachimuslrater.
1574 1930 1618 1956 cui
1634 1933 1662 1956 et
1678 1930 1750 1956 Elia-

957 1974 1030 2002 cimo
1044 1983 1157 2006 nomen,
1170 1983 1257 2002 annos
1274 1976 1412 2002 undecim.
1428 1975 1507 2002 Hunc
1522 1981 1634 2010 propter
1645 1976 1750 2004 scelera

957 2025 1101 2048 aversatus
1131 2025 1174 2048 est
1204 2020 1348 2048 Dominus.
1373 2020 1464 2054 Quare
1491 2020 1748 2049 Nabuchodonosor

956 2067 1077 2095 Judaaam
1095 2066 1226 2094 invadens
1251 2074 1315 2094 eum
1341 2067 1394 2094 sibi
1411 2057 1572 2102 vectigalem
1596 2068 1672 2096 fecit.
1695 2069 1750 2097 Sed

957 2121 1019 2141 cum
1035 2112 1196 2140 Joachimus
1212 2113 1347 2148 imperata
1365 2113 1472 2140 solvere
1485 2120 1636 2146 recusaret,
1648 2115 1749 2143 iterant

958 2161 1116 2194 irrumpens
1130 2159 1351 2194 Hierosolymam
1371 2159 1456 2194 cepit,
1473 2168 1621 2195 regemque
1638 2165 1749 2197 captum

959 2213 1116 2240 casumque
1132 2213 1147 2233 e
1163 2213 1244 2233 muro
1257 2205 1427 2241 praecipitem
1440 2205 1514 2239 dari,
1526 2207 1752 2243 insepultumque

923 2261 944 2288 ι)
959 2251 1005 2278 diu
1017 2252 1110 2286 jacere
1124 2250 1218 2285 jussit.

998 2296 1052 2331 18
1065 2295 1356 2331 Joachimumexcepit
1381 2295 1529 2324 Jechonias
1548 2296 1630 2329 ﬁlius,
1654 2300 1700 2333 qui
1724 2305 1753 2326 ct

958 2343 1130 2375 Joachimus,
1144 2351 1193 2378 per
1202 2350 1312 2370 menses
1321 2347 1376 2370 tres
1386 2351 1394 2371 :
1404 2343 1442 2370 sic
1449 2343 1523 2370 enim
1531 2344 1754 2372 Nabuchodono-

962 2397 1042 2417 sorus
1061 2390 1088 2417 in
1106 2390 1244 2417 mandatis
1256 2389 1380 2417 dederat.
1395 2389 1465 2424 Erga
1476 2391 1562 2418 Deum
1573 2391 1674 2426 impius
1690 2391 1751 2419 fuit.

962 2436 1012 2464 l'lic
1031 2445 1094 2464 cum
1111 2437 1214 2464 tributa
1228 2437 1299 2464 mala
1318 2437 1371 2464 ﬁde
1388 2438 1570 2473 persolveret,
1582 2439 1672 2466 valida
1697 2439 1751 2466 itc-

962 2491 1021 2511 rum
1037 2491 1120 2511 manu
1137 2483 1427 2511 Nabuchodonosorus
1440 2484 1657 2521 Hierosolymam
1680 2486 1755 2513 obsi~

962 2530 1046 2557 diune
1070 2529 1172 2564 cingit,
1197 2534 1225 2557 et
1250 2529 1391 2557 Jechoniae
1414 2538 1529 2566 regnum
1554 2532 1580 2557 in
1609 2530 1752 2558 Scdcciam

963 2575 1104 2608 transfert,
1115 2583 1159 2608 eo,
1177 2580 1265 2603 matre
1290 2576 1460 2611 reliquisque
1485 2577 1559 2604 illius
1581 2576 1755 2612 principibus

962 2622 1126 2658 Babylonem
1154 2622 1293 2650 adductis.
1310 2622 1468 2650 Thesauros
1485 2623 1550 2650 item
1573 2630 1668 2649 omnes
1698 2627 1754 2650 tam

962 2677 1057 2697 sacros
1076 2677 1158 2704 quam
1185 2669 1293 2705 regios,
1325 2673 1353 2696 et
1380 2677 1492 2696 auream
1511 2669 1729 2703 suppellectilem
1744 2691 1752 2704 ,

963 2724 1045 2753 quam
1074 2716 1202 2744 Salomon
1223 2716 1250 2743 in
1274 2716 1356 2743 domo
1388 2715 1496 2742 Domini
1530 2722 1752 2751 praeparaverat,

962 2764 1130 2798 exportavit.

1001 2810 1066 2837 Post
1079 2808 1240 2837 Jechoniam
1256 2807 1387 2835 Sedecias
1409 2812 1525 2842 patruus
1539 2815 1654 2843 regnum
1678 2810 1753 2838 obti-

963 2857 1026 2884 nuit
1036 2863 1124 2883 annos
1135 2847 1208 2886 tres,
1227 2854 1270 2881 vir
1288 2853 1408 2888 iniustus
1431 2858 1459 2881 et
1475 2853 1576 2889 impius
1589 2874 1597 2887 ,
1620 2855 1668 2891 qui
1691 2864 1755 2885 cum

965 2903 1051 2940 pactis
1067 2909 1118 2930 nec
1135 2900 1192 2937 ipse
1209 2899 1340 2935 stetissel,
1356 2900 1437 2930 tertio
1459 2900 1753 2932 Nabuchodonosorus
