1935 3071
183 137 236 169 243

927 140 1058 172 JOELIS

1768 142 1823 174 ΞΗ

218 183 281 222 Post
300 194 446 230 Sperdium
471 195 570 223 Darius
594 193 736 232 Hystaspis
763 197 836 225 ﬁlius
859 206 970 233 regnum

1062 199 1142 227 Μετὰ
1161 200 1188 226 δὲ
1214 200 1347 235 Σμέρδιον
1365 200 1510 227 ἐϐασίλευε
1525 201 1638 235 Δαρεῖος
1659 199 1820 226 Ὑστάσπου

181 241 386 269 administravit
400 249 488 269 annos
502 242 610 278 viginti,
625 243 676 270 sub
688 251 743 278 quo
763 252 872 272 rursum
885 245 971 273 Zoro-

183 287 297 315 babelus
314 293 342 315 et
354 288 435 316 Jesus
449 288 677 316 exaadiiicatiouis
693 290 786 325 templi
802 290 971 325 provinciam

180 334 234 361 sibi
257 335 433 362 commissam
461 335 619 362 absolvunt.
645 336 762 369 Quando
785 337 973 366 Zorobabelus

181 381 309 415 superior
340 381 368 408 in
395 381 560 416 exponendo
591 382 762 417 problemate
794 383 971 417 declaratur,

179 425 262 460 eique
288 433 340 460 pro
367 426 447 453 libito
476 427 612 462 quidquid
642 432 716 456 esset
753 429 970 462 concederetur,

179 471 299 506 primum
318 471 473 500 libertatem
487 474 591 507 populi,
605 473 704 501 deinde
720 473 972 511 Hierosolymorum

179 517 394 545 exstructionem
417 519 560 552 exposcit;
585 519 659 554 quod
685 524 713 547 et
737 521 841 548 exitum
862 521 970 548 habuit.

179 561 212 590 Et
224 567 290 589 tunc
303 562 369 589 anui
391 564 562 598 septuaginta
582 565 749 599 captivitatis
773 570 802 592 et
822 566 868 594 irm
893 574 970 593 com-

177 608 245 642 pleti
274 613 348 635 sunt.
375 608 483 646 Interea
513 617 638 637 summus
668 611 798 638 sacerdos
825 611 972 646 scribaque

177 654 264 691 Esdra
281 654 413 689 populum
429 655 537 690 legibus
556 656 659 684 divinis
682 657 858 691 informahat,
875 663 904 685 et
921 667 971 693 pro

177 708 226 727 sua
248 700 351 735 ingenii
370 701 532 729 dexteritate
549 702 795 737 interpretabatur.
816 705 865 732 llic
886 705 970 733 etiam

175 746 263 774 libros
292 754 386 775 sacros
413 749 447 775 ab
474 748 602 776 hostibus
631 755 776 785 corruptos
806 751 970 780 renovavit:

176 793 369 820 Chaldaeorum
389 794 492 829 quippe
519 802 603 822 manu
628 801 690 830 post
714 796 970 832 Hierosolymorum

176 839 315 867 excidium
334 840 529 874 deﬂagrarunt.
555 841 727 877 Quapropter
743 843 815 870 Deus
831 851 881 871 suo
907 852 970 872 eum

176 885 267 914 aillatu
285 887 321 914 ita
336 887 446 920 muniit,
463 892 493 914 ut
507 888 568 915 illos
583 888 678 916 ederet
688 894 716 916 et
728 889 893 924 publicaret.
989 880 1011 908 θ

211 932 294 960 Dario
318 932 346 959 in
365 940 449 968 regno
468 934 593 961 succedit
615 934 768 963 Artabanes
790 943 840 970 per
863 943 973 963 menses
987 931 993 938 ’

177 983 295 1013 septem.

212 1024 352 1053 Artabano
375 1026 542 1054 Artaxerxes
555 1027 743 1062 Longimanus
759 1035 808 1062 per
823 1034 912 1054 annos
925 1027 970 1054 41.

175 1071 215 1099 Ea
237 1076 400 1107 tempestate
422 1073 583 1108 Sophocles,
604 1073 769 1107 Heraclitus,
784 1074 970 1109 Anaxagoras,

175 1118 355 1155 Pythagoras,
372 1119 557 1156 Thucydides,
569 1120 726 1155 Euripides,
740 1120 905 1151 Herodotus.
918 1120 971 1155 23

175 1165 365 1200 Empedocles,
383 1166 524 1201 Diogenes,
539 1167 624 1197 Zeno.
649 1167 832 1202 Pherecydes,
851 1167 972 1194 Aristar-

176 1211 255 1243 chus,
271 1210 462 1246 Hippocrates.
478 1212 668 1244 Parmenides,
684 1213 772 1244 Plato,
798 1211 970 1243 Aristoteles,

175 1257 374 1285 Demosthenes
388 1263 416 1285 et
431 1257 556 1285 SOClalCS
571 1258 716 1286 ﬂorebant.

212 1349 276 1376 Post
290 1349 470 1376 Artaxerxem
488 1349 654 1377 Artaxerxes
674 1349 760 1382 alius;
779 1353 807 1377 et
826 1349 872 1384 qui
888 1349 970 1376 Arta-

174 1397 252 1424 xerxi
264 1404 431 1430 successere,
443 1405 556 1432 regnum
568 1397 694 1425 obtinent
706 1397 738 1424 ad
747 1397 860 1424 Darium
872 1405 969 1432 usque,

175 1451 258 1478 quem
281 1444 438 1471 Alexander
460 1444 610 1471 interemit.
632 1443 682 1471 Hie
694 1451 756 1471 eum
773 1451 886 1478 regnum
903 1443 970 1470 Per-

175 1499 269 1518 sarum
283 1495 427 1523 vastasset,
447 1491 575 1518 universa
602 1495 674 1517 terra
700 1490 811 1517 subacta
826 1489 965 1526 Babylone

1026 245 1119 280 ἐτηκ’.
1135 247 1193 282 Ἐφ’
1210 244 1240 274 οὗ
1258 247 1340 273 πάλιν
1361 247 1515 282 Ζοροὸἀῦελ
1529 247 1577 273 καὶ
1590 246 1695 281 Ἰησοῦς
1707 247 1821 281 ἐπιτρα-

1029 293 1126 324 πέντες
1139 293 1303 319 ἐτελείωσαν
1317 293 1365 328 τὴν
1378 293 1524 328 οἰκοδομὴν
1535 293 1581 319 τοῦ
1600 292 1677 324 ναοῦ,
1689 292 1733 319 ὅτε
1744 293 1757 318 ό
1771 293 1821 319 Ζο-

1028 338 1145 373 ροὸἁόελ
1156 340 1185 365 ἐν
1194 339 1371 375 προόλήματι
1380 340 1507 375 νικήσας,
1517 340 1563 365 καὶ
1573 339 1736 374 ἐπιτραπεὶς
1743 339 1823 374 αἰτή-

1029 383 1127 411 σασθαι
1148 385 1162 410 ὃ
1174 385 1311 420 βούλεται,
1322 384 1439 419 ἠξίωσεν
1455 384 1591 419 ἀφεθῆναι
1608 384 1658 419 τὴν
1675 385 1821 418 αἰχμαλω-

1028 431 1089 457 σίαν
1117 431 1164 458 καὶ
1192 431 1405 467 οἰκοδομηθῆναι
1428 431 1479 466 τὴν
1505 431 1704 466 Ἰερουσαλήμ·
1734 430 1748 457 ὃ
1771 431 1820 457 καὶ

1027 477 1134 511 γέγονε,
1151 479 1197 504 καὶ
1208 478 1269 504 τότε
1283 478 1463 513 πεπλήρωται
1476 478 1516 508 εἰς
1527 477 1605 508 τέλος
1616 478 1649 504 τὰ
1658 477 1708 511 τῆς
1719 477 1822 511 αἰχμα-

1027 522 1128 555 λωσίας
1145 524 1193 550 καὶ
1213 523 1262 558 τῆς
1286 523 1372 557 ὀργῆς
1389 523 1435 558 ἕτη
1454 521 1485 548 0'.
1508 522 1537 548 Ὅ
1554 522 1582 548 δέ
1610 530 1641 555 γε
1670 521 1819 556 ἀρχιερεὺς

1027 570 1075 595 καὶ
1098 570 1280 604 γραμματεὺς
1309 570 1428 604 Ἔσδρας
1458 567 1493 604 ἦν
1519 569 1653 595 διῖάσκων
1667 568 1714 594 τδν
1736 567 1819 602 νόμον

1026 614 1074 639 τοῦ
1092 615 1157 640 Θεοῦ
1176 616 1221 641 καὶ
1235 614 1423 650 διερμηνεύων
1436 614 1473 645 ὡς
1488 614 1673 648 εὐφυέστατος
1696 613 1818 644 πάντων,

1025 659 1054 692 ὃς
1067 662 1114 687 καὶ
1130 661 1179 692 τὰς
1205 662 1280 696 ἱερὰς
1298 661 1404 696 βίὸλους
1434 661 1644 696 ἀποκατέστησε
1660 660 1821 695 διαφθαρεί-

1026 715 1076 738 σας
1094 708 1147 734 ὑπὸ
1163 708 1218 734 τῶν
1236 708 1377 743 πολεμίων
1390 716 1397 724 ·
1410 710 1434 735 οἱ
1449 709 1503 742 γάρ
1523 717 1564 734 τοι
1589 707 1719 734 Χαλδαῖοι
1749 706 1821 741 μετὰ

1026 754 1076 789 τὴν
1088 754 1189 781 ἅλωσιν
1205 755 1255 789 τῆς
1277 754 1459 790 Ἰερουσαλὴμ
1481 754 1638 789 ἐνέπρησαν
1654 754 1755 784 πάσας.
1774 753 1820 778 Διὸ

1027 800 1074 826 καὶ
1087 800 1248 827 ἐνέπνευσεν
1269 802 1283 827 ὁ
1305 800 1371 832 Θεὸς
1386 800 1474 836 τούτῳ
1489 800 1560 827 ὥστε
1577 800 1662 831 αὑτᾶς
1675 799 1818 826 ἐκθέσθαι.

1059 938 1136 965 Μετὰ
1155 937 1182 963 δὲ
1210 938 1323 972 Δαρεῖον
1349 937 1529 964 ἐϐασίλευσεν
1563 937 1738 973 Ἀρταὸάνης
1765 937 1820 973 μῆ-

1024 991 1072 1015 νας
1084 983 1117 1015 ς’.

1059 1031 1136 1056 Μετά
1165 1029 1194 1056 δὲ
1221 1030 1395 1066 Ἀρταϐάνην
1420 1030 1598 1058 ἑῦασίλευσεν
1633 1029 1820 1066 Ἀρταξέρξης

1025 1078 1039 1103 ὁ
1050 1077 1212 1112 Μακρίχειρ
1225 1077 1272 1112 ἔτη
1283 1076 1339 1112 μα’.
1355 1077 1413 1112 Ἐφ’
1423 1074 1454 1104 οὗ
1472 1078 1624 1113 Σοφοκλῆς,
1639 1078 1820 1114 Ἡράκλειτος

1023 1125 1071 1150 καὶ
1087 1123 1272 1159 ’Δναξαγὸρας
1283 1123 1331 1150 καὶ
1347 1124 1512 1159 Πυθαγόρας
1526 1125 1575 1150 καί
1587 1124 1754 1158 Θουκυδίδης
1770 1124 1820 1150 καὶ

1023 1171 1173 1205 Εὐριπίδης
1189 1171 1234 1197 καὶ
1259 1171 1404 1206 Ὶίρόδοτος
1430 1171 1477 1197 καὶ
1496 1170 1683 1206 Ἐμπεδοκλῆς
1699 1170 1745 1197 καὶ
1759 1172 1820 1196 Διο-

1023 1218 1106 1252 γένης
1119 1220 1160 1243 καί
1171 1217 1265 1252 Ζήνων
1276 1216 1430 1252 Φερεκύδης
1457 1225 1486 1242 τε
1507 1218 1553 1243 καί¹
1580 1216 1758 1252 Ἀρίσταρχος
1772 1217 1821 1243 καὶ

1029 1263 1224 1299 Ἰπποκρᾶτης,
1235 1263 1420 1298 Παρμενίδης,
1435 1262 1551 1290 Πλάτων
1560 1263 1606 1289 καὶ
1627 1262 1820 1298 Ἀριστοτέλης

1022 1309 1069 1336 καὶ
1087 1309 1265 1344 Δημοσὺένης
1278 1309 1327 1335 καὶ
1339 1308 1488 1344 Σωκράτης
1503 1309 1692 1345 ὲγνωρίξοντο.

1060 1355 1138 1383 Μετὰ
1160 1356 1189 1381 δὲ
1212 1355 1396 1390 Ἀρταξέρξην
1422 1355 1599 1381 ἐϐασίλευσεν
1629 1354 1817 1389 Ἀρταξέρξης

1023 1401 1101 1433 ἄλλος
1109 1402 1157 1428 καὶ
1166 1401 1189 1428 oi
1203 1401 1322 1436 καθεξῆς
1333 1401 1386 1432 ’ἑως
1410 1401 1535 1436 Δαρείου,
1553 1401 1582 1427 ὃν
1603 1401 1709 1427 ἀνεῖλεν
1725 1401 1817 1433 Ἀλέξ-

1022 1448 1130 1484 ανδρος,
1156 1444 1187 1474 οὗ
1212 1448 1262 1483 τὴν
1294 1446 1406 1482 Περσῶν
1441 1445 1579 1482 βασιλείαν
1617 1445 1821 1477 καταλύσαντος

1023 1495 1071 1523 καὶ
1115 1496 1207 1530 πάσης
1247 1495 1296 1530 τῆς
1334 1495 1385 1530 γῆς
1423 1495 1613 1530 κρατήσαντος
1652 1495 1680 1519 ἐν
1723 1493 1816 1519 Βαϐυ-

174 1537 325 1569 occubuit;
352 1541 380 1564 et
404 1544 438 1564 eo
465 1537 520 1564 fato
551 1537 646 1564 functo
671 1535 840 1569 administri,
865 1543 895 1563 ut
913 1536 969 1570 jam

1028 1541 1091 1569 λῶνί
1130 1550 1160 1568 τε
1193 1540 1409 1575 τελευτήσαντος
1446 1540 1544 1566 διεῖλον
1585 1541 1634 1574 τὴν
1665 1539 1817 1573 βασιλείαν,

174 1583 279 1610 dictum
292 1588 344 1614 est,
362 1583 508 1618 imperium
522 1583 660 1615 divisere;
674 1591 791 1618 quorum
806 1582 971 1610 Ptolemazus

174 1629 240 1665 Lagi
258 1629 330 1657 tilius
346 1629 457 1665 Egypti
480 1637 596 1665 regnum
619 1630 776 1664 occupavit,
802 1635 830 1657 et
845 1629 892 1664 qui
908 1634 970 1664 post

174 1684 238 1703 eum
263 1676 402 1704 subsecuti
424 1680 488 1703 sunt
513 1676 652 1703 Ptoleimei
677 1675 807 1703 tredecim
826 1683 913 1711 usque
935 1677 969 1704 ad

174 1724 348 1758 Cleopatram
371 1723 492 1759 Dionysii
515 1724 608 1751 tiliam.
631 1723 773 1752 Universae
792 1723 863 1751 Asiae
881 1724 969 1759 impe-

175 1771 248 1797 rium
277 1771 393 1805 arripuit
417 1771 587 1805 Antigonus,
616 1771 710 1806 Syriae,
738 1771 908 1806 Babyloniae,
940 1775 969 1797 et

174 1816 328 1844 Palmstinae
342 1816 474 1843 Seleucus
488 1816 619 1849 Nicanor,
636 1817 683 1852 qui
698 1816 767 1843 duas
782 1816 854 1851 apud
869 1816 969 1844 Cilices

175 1868 205 1890 et
219 1862 325 1892 tertiam
342 1862 415 1897 apud
430 1862 513 1897 Syros
526 1862 610 1890 urbes
624 1861 758 1893 condidit,
772 1862 844 1889 banc
856 1861 968 1896 quidem

176 1908 341 1938 Seleuciam.
359 1908 433 1935 illam
449 1909 634 1940 Antiochiam,
653 1908 760 1935 tertiam
774 1908 936 1936 Laodiceam
953 1916 968 1934 a

176 1963 239 1987 suo,
251 1955 312 1987 tilii,
327 1955 443 1990 ﬁliaeque
457 1955 777 1990 nomiueinuncupatam.
790 1954 827 1982 Eo
845 1960 968 1990 tempore

176 2001 279 2029 Rhodii
303 2009 364 2029 cum
379 2002 525 2037 imperium
544 2002 628 2029 maris
643 2001 836 2033 obtinuissent,
849 2006 967 2028 statuam

175 2056 279 2075 teneam
303 2049 329 2075 in
350 2056 380 2075 ea
396 2049 464 2075 urbe
481 2049 538 2076 sive
557 2048 645 2075 insula
664 2047 715 2075 soli
741 2055 846 2076 sacram
873 2055 969 2075 erexe-

175 2099 250 2128 runt,
268 2102 348 2129 quam
364 2102 396 2121 ex
414 2094 603 2129 magnitudine
619 2094 765 2122 ColosSum
782 2095 967 2129 appellarunt,

174 2149 191 2167 a
206 2148 259 2175 qua
275 2140 327 2175 ipsi
342 2146 435 2175 postea
443 2139 620 2167 Celessenses
636 2140 702 2167 dicti
717 2145 791 2167 sunt.

1024 1589 1064 1620 ὡς
1087 1587 1208 1623 πρόσθεν
1236 1587 1357 1622 εἴρηται,
1386 1587 1410 1612 οἱ
1428 1587 1522 1617 παῖδες
1545 1585 1627 1612 αὐτοῦ
1643 1585 1738 1616 οὕτως.
1761 1585 1818 1618 Τῆς

1029 1634 1079 1670 μὲν
1095 1633 1235 1667 Αἰγύπτου
1251 1633 1422 1664 Πτολεμαῖος
1438 1627 1614 1657 ὲὸασίλευςῖεν
1628 1631 1641 1656 ὀ
1658 1630 1748 1663 Λάγου
1768 1639 1816 1656 και

1024 1681 1049 1707 οἱ
1067 1680 1185 1713 καθεξῆς
1204 1678 1369 1712 Πτολεμαῖοι
1389 1680 1422 1711 ιγ’
1447 1677 1500 1707 ἕως
1523 1675 1703 1708 Κλεοπάτρας
1730 1675 1819 1709 01w;-

1024 1728 1088 1763 τρὺς
1106 1726 1257 1757 Διονυσίου,
1276 1727 1325 1760 τῆς
1349 1724 1378 1751 δὲ
1404 1724 1497 1754 Ἀσίας
1525 1723 1617 1756 πάσης
1651 1722 1816 1755 Ἀντίγονος,

1024 1774 1073 1808 τῆς
1086 1773 1114 1799 δὲ
1139 1772 1242 1807 Συρίας
1269 1772 1316 1798 καὶ
1345 1769 1521 1800 Βαϐυλωνίας
1552 1769 1601 1795 καὶ
1631 1768 1818 1800 Παλαιστίντς

1025 1819 1157 1850 Σέλευκος
1171 1817 1341 1852 ὁΝικάνωρ,
1358 1816 1386 1848 ὃς
1417 1817 1464 1842 καὶ
1485 1815 1578 1846 πόλεις
1602 1814 1648 1841 δύο
1669 1824 1766 1845 κτισας
1789 1817 1818 1839 ὲν

1024 1867 1082 1898 ’τοῖς
1099 1865 1196 1900 μέρεσι
1213 1863 1343 1895 Κιλικίας
1365 1863 1413 1889 καὶ
1429 1862 1514 1897 ἄλλην
1530 1862 1558 1888 ὲν
1574 1862 1671 1897 Συρίᾳ.
1696 1861 1744 1895 τὴν
1768 1861 1819 1895 μὲν

1025 1912 1187 1938 Σελεύκειαν
1214 1910 1341 1942 ἐκάλεσε,
1370 1909 1420 1944 τὴν
1442 1909 1475 1935 ,δὲ
1508 1908 1687 1943 Ἀντιόχειαν,
1713 1909 1762 1942 τὴν
1789 1908 1818 1934 ἐμὲ

1024 1958 1186 1986 Λαοδίκειαν
1207 1958 1247 1988 εἰς
1268 1957 1299 1983 τὸ
1321 1956 1419 1983 ἑαυτοῦ
1442 1956 1529 1988 ὄνομα
1555 1955 1603 1982 καὶ
1628 1955 1674 1982 τοῦ
1690 1955 1749 1981 υίοὺ
1770 1963 1818 1981 και

1024 2006 1073 2040 τῆς
1089 2003 1225 2039 θυγατρὸς
1241 2003 1392 2037 Λαοδίκης.
1414 2002 1479 2036 Ἐφ’
1495 1999 1526 2029 οὗ
1556 2001 1656 2028 Ῥόδιοι
1679 2001 1818 2028 Θαλασσο-

1024 2051 1216 2086 κρατήσαντες
1239 2049 1391 2084 ἀνέστησαν
1402 2049 1430 2074 ὲν
1441 2049 1472 2083 τῇ
1485 2048 1571 2079 πόλει,
1590 2048 1673 2083 ἤγουν
1686 2049 1716 2082 τῇ
1727 2048 1817 2073 ἐκεῖσε

1024 2098 1110 2132 νήσῳ,
1125 2096 1243 2132 χαλκοῦν
1257 2096 1406 2130 ἀνδριάντα
1421 2095 1468 2122 τοῦ
1482 2095 1569 2130 ἡλίου,
1586 2094 1615 2121 ὃν
1628 2094 1672 2120 διὰ
1687 2095 1718 2120 τὸ
1734 2096 1818 2127 μέγεα

1025 2143 1071 2174 θος
1114 2142 1248 2169 ἐκάλεσαν
1276 2141 1426 2175 ﬁciosum,
1469 2143 1515 2168 καί
1537 2141 1614 2167 αὐτοὶ
1648 2140 1818 2172 Κολοσσαεῑς

1025 2190 1240 2224 ὠνομάσθησαν.

212 2233 328 2261 Seleuco
342 2233 476 2260 successit
490 2232 641 2260 Antioohus
654 2232 727 2260 filius
738 2237 764 2259 et
777 2233 821 2260 alii
835 2233 968 2267 quinque.

1058 2237 1135 2264 Μετὰ
1165 2237 1192 2263 δὲ
1220 2235 1354 2262 Σέλευκον
1380 2236 1557 2263 ἐϐασίλευσεν
1592 2234 1730 2270 ’Δντίοχος
1759 2235 1820 2267 υἱὲς

174 2279 279 2308 Deinde
290 2279 456 2307 subsecutus
466 2283 508 2306 est
519 2279 671 2306 Antiochus
682 2279 847 2313 Epiphanes,
862 2278 970 2306 Seleuci

174 2326 360 2361 Philopatoris
385 2326 467 2357 ﬁlius,
485 2325 537 2353 sub
561 2334 616 2360 quo
634 2326 788 2353 secundum
810 2326 968 2361 Hierosoly-

175 2380 285 2400 morum
304 2371 442 2400 excidium
464 2376 492 2398 et
513 2371 726 2399 Maccabaeorum
753 2379 795 2398 res
812 2376 893 2406 gesta:
908 2380 971 2398 nar-

175 2422 283 2450 rantur,
301 2418 488 2453 templumque
502 2417 655 2444 secundum
669 2417 791 2444 Danielis
807 2418 968 2444 vaticinium

174 2465 361 2500 profanatum.
400 2464 451 2491 Hie
481 2464 649 2491 nelariorum
671 2464 808 2490 scelerum
845 2464 968 2491 archite-

174 2515 237 2539 ctus
263 2511 347 2538 vitam
372 2511 399 2538 in
424 2511 514 2537 aliena
532 2515 605 2536 terra
626 2517 688 2536 cum
707 2509 865 2544 turpissima
882 2515 970 2537 morte

173 2558 366 2588 commutavit.

210 2605 266 2641 δή.
283 2605 451 2632 Antiochum
469 2604 577 2638 excepit
595 2603 667 2631 ﬁlius
682 2603 813 2638 Eupator.

208 2697 330 2726 Posthac
350 2696 440 2724 Julius
456 2696 557 2728 Caesar,
575 2695 622 2730 qui
646 2696 755 2730 genitus
775 2700 893 2727 nonest,
925 2703 971 2723 res

174 2743 285 2781 imperii
308 2743 513 2771 administravit
541 2751 547 2769 :
573 2750 647 2769 nono
673 2743 775 2770 etenim
803 2750 908 2774 mense,
932 2751 968 2770 ex

175 2798 231 2825 quo
246 2794 356 2818 uterum
372 2795 459 2817 mater
476 2790 548 2817 ferre
564 2793 698 2824 cceperat,
719 2789 814 2816 matris
833 2793 969 2817 emortua:

177 2842 257 2865 utero
271 2842 346 2865 secto
362 2837 527 2865 extrahitur.
543 2837 622 2865 Unde
633 2842 661 2864 et
673 2836 764 2864 Caesar
779 2835 882 2868 dictus,
893 2841 921 2864 et
935 2837 969 2863 ab

177 2892 211 2912 co
224 2885 345 2914 Caesares
363 2893 459 2915 omnes
475 2885 664 2913 Romanorum
681 2883 872 2918 imperatores,
890 2891 904 2910 a
918 2891 969 2911 cac-

1023 2283 1107 2310 αὑτοῦ
1133 2283 1180 2310 καὶ
1205 2283 1280 2310 ἄλλοι
1295 2286 1326 2310 ε’.
1349 2281 1415 2309 Εἶτα
1437 2281 1614 2309 ἐϐασίλευσεν
1644 2282 1782 2316 Ἀντίοχος
1805 2283 1820 2309 ὸ

1032 2328 1197 2363 Ἐπιφανὴς,
1217 2328 1276 2359 υἱὸς
1290 2327 1424 2353 Σελεύκου
1440 2326 1487 2353 τοῦ
1502 2326 1698 2360 Φιλοπάτορος,
1714 2327 1763 2358 ἐφ’
1782 2323 1814 2352 οὗ

1023 2375 1138 2409 γέγονεν
1154 2376 1169 2410 ἡ
1183 2374 1300 2408 δευτέρα
1319 2373 1420 2404 ἅλωσις
1435 2372 1486 2406 τῆς
1513 2372 1693 2407 Ἰερουσαλὴμ
1711 2373 1759 2399 καὶ
1780 2374 1814 2399 τὰ

1027 2421 1098 2447 κατᾶ
1114 2421 1169 2446 τῶν
1190 2419 1379 2446 Μακκαϐαίων
1395 2417 1519 2453 ἐπράχθη
1538 2419 1585 2443 καὶ
1602 2417 1633 2443 τὸ
1659 2417 1731 2453 ἱερὸν
1754 2419 1820 2451 ἐμο-

1023 2467 1105 2502 λύνοη
1125 2467 1195 2493 κατὰ
1205 2467 1254 2501 τὴν
1271 2465 1317 2492 τοῦ
1335 2465 1434 2499 Δανιὴλ
1454 2465 1619 2500 πρόρρησιν.
1637 2464 1686 2494 Ὃς
1704 2464 1751 2490 καὶ
1778 2464 1818 2490 δι’

1022 2514 1039 2540 ἃ
1059 2513 1162 2549 ἔπραξε
1184 2513 1271 2539 πολλὰ
1285 2512 1359 2539 κακὰ
1375 2512 1508 2546 αἰσχίστῳ
1527 2511 1603 2546 μόρῳ
1629 2510 1674 2536 τὸν
1691 2510 1749 2545 βίον
1765 2511 1815 2537 ἐπὶ

1025 2559 1105 2593 ξένης
1124 2559 1323 2594 κατέστρεψεν.

1059 2604 1136 2630 Μετὰ
1163 2603 1192 2629 δὲ
1237 2603 1373 2638 Ἀντίοχον
1401 2601 1606 2628 ἐϐαπίλευσενὸ
1643 2602 1700 2633 υἱὸς
1731 2602 1816 2629 αὐτοῦ

1022 2651 1035 2676 ὁ
1050 2649 1196 2684 Εὐπάτωρ.
1622 2673 1625 2676 .

1058 2696 1135 2723 Μετὰ
1150 2695 1179 2721 δὲ
1198 2695 1284 2721 ταῦτα
1300 2693 1476 2721 ἐϐασίλευσεν
1498 2693 1607 2725 Ἰούλιος
1624 2694 1733 2728 Καῖσαρ
1745 2695 1758 2720 ὁ
1778 2693 1817 2728 μὴ

1022 2741 1180 2776 γεννηθείς·
1202 2740 1251 2772 τῆς
1272 2739 1325 2775 γὰρ
1346 2740 1449 2775 μητρὸς
1464 2738 1548 2765 αὑτοῦ
1564 2738 1700 2773 θανούσης
1718 2739 1746 2764 ἐν
1773 2739 1814 2773 τῷ

1022 2788 1125 2823 ὲννάτῳ
1151 2788 1228 2822 μηνὶ,
1244 2786 1347 2821 ταύτην
1367 2786 1549 2816 ἀνατεμόντες
1570 2785 1699 2818 ἐξέϐαλον
1718 2785 1812 2812 αὐτόν.

1022 2836 1105 2863 Ὀθεν
1135 2834 1183 2860 καὶ
1209 2834 1319 2868 Καῖσαρ
1343 2833 1473 2866 λέγεται·
1493 2833 1546 2866 ἀφ’
1568 2829 1599 2858 οὗ
1626 2832 1764 2867 Καίσαρες
1788 2833 1813 2859 οἱ

1027 2881 1173 2918 Ῥωμαίων
1191 2880 1454 2916 προσηγορεύθησιν
1471 2878 1604 2913 βασιλεῖς,
1621 2879 1634 2906 ὅ
1651 2880 1725 2906 ἐστιν
1744 2879 1812 2906 ὀνα-
