1935 3071
99 126 158 160 2l5

756 131 1103 164 CHBOXOGRAPHIA".

1682 135 1742 168 216-

99 184 176 220 τομὴ
193 185 266 212 κατὰ
285 185 334 221 τὴν
350 185 493 222 Ῥωμαίων
505 187 639 222 γλῶτταν.
661 189 709 222 Ὃς
726 191 833 226 πρῶτος
845 193 893 219 καὶ

955 198 1009 218 tura
1033 191 1073 218 sic
1096 190 1168 219 dicta
1195 191 1287 226 lingua
1309 192 1441 220 Romana.
1474 193 1524 220 llic
1550 193 1653 228 primus
1679 202 1739 220 0m-

103 231 187 266 μόνος
200 231 338 266 ἐκράτησε
358 232 413 269 τῷν
443 233 606 269 Ῥωμαϊκῶν
633 237 781 272 σκήπτρων
822 238 893 273 μετὰ

103 277 210 312 πολλῆς
230 277 433 313 ὑπερηφανίας·
451 280 513 307 ὅθεν
528 281 575 308 καὶ
594 282 731 319 δικτάτωρ
756 286 893 319 ἐκαλεῖτο,

102 323 118 349 ὅ
137 323 196 349 ἐστι
214 324 366 358 μονάρχης.
381 325 494 352 Πάντων
507 327 535 353 δὲ
549 329 691 364 κρατήσας
706 332 734 357 ἐν
750 331 894 366 ἰταμότητι

103 369 153 394 καὶ
175 370 319 402 τυραννίδι
335 371 381 397 ἐπὶ
395 370 442 406 ἔτη
458 375 492 407 ιη’
517 373 638 410 ἀνῃρέθη
657 375 703 402 ἐπὶ
729 377 894 413 συγκλήτου.

105 416 156 447 Ὃς
183 416 285 451 νόμους
316 417 466 453 Ῥωμαίοις
492 420 590 453 ἔδωκε,
618 423 666 448 καὶ
695 423 741 450 τὸν
772 423 897 459 βίσεκτον

104 459 218 495 ἐφεῦρε,
233 461 282 488 καὶ
296 462 341 488 τὸν
351 463 423 497 μῆνα
441 464 549 491 Ἰούλιον
560 467 750 502 μετωνόμασε,
761 469 896 504 πρότερον

106 506 270 533 Κυντίλλιον
298 507 475 543 καλούμενον.
494 512 552 546 Ἐφ’
571 510 601 540 οὗ
630 511 664 548 ἦν
691 515 738 541 καὶ
771 515 896 547 Ἰούδαςὸ

106 552 252 585 Γαλιλαῖος
264 555 277 580 6
288 554 318 580 ὲν
328 556 389 587 10.75;
404 556 524 592 Πρὰξεσι
545 558 598 584 τῶν
611 559 770 587 ἀποστόλων
788 570 895 596 μνημο-

107 600 265 634 νευόμενος,
279 602 326 627 καὶ
345 601 522 638 Ἀντίπατρος
537 605 550 631 ὁ
566 605 691 639 Ἠρὼδου
711 606 802 642 πατὴρ
817 607 896 642 βασι-

106 643 171 676 λεὺς
185 645 238 679 τῆς
262 646 395 679 Ἰουδαίας
408 649 543 684 κατέστη.

142 691 223 719 Μετὰ
237 693 266 719 δὲ
286 692 396 721 Ἰούλιον
410 695 538 731 Καίσαρα
552 696 729 726 ἐϐασίλευσεν
741 699 898 734 Αὔγουστος

107 737 222 773 Καῖσαρ
245 739 390 767 Ὀκταϐίου
413 741 481 773 υίὸς,
496 741 525 774 ὃς
540 744 588 769 καὶ
603 743 751 777 Σεϐαστὸς,
767 746 814 782 ἐτη
833 746 878 779 νς⁸
891 756 898 764 ·

106 783 161 817 ἀφ’
171 781 202 811 οὗ
216 784 347 812 Σεϐαστοὶ
366 787 413 814 καὶ
432 787 582 822 Δῦγουστοι
599 790 860 827 προσηγορεύθησαν
873 794 898 820 οἱ

112 831 259 866 Ῥωμαίων
268 831 400 868 βασιλεῖς,
410 835 477 862 καὶὸ
487 836 541 870 μὴν
547 836 702 870 Αὔγουστος
713 839 826 874 ἐκλήθη,
834 841 899 876 πρό-

105 885 186 910 τερον
203 876 338 910 Σεξτίλιος
355 879 567 915 ὀνομαζόμενος.
589 882 636 908 Ἐν
657 882 697 918 τῷ
716 883 759 918 μβ¹
775 883 831 910 ἔτει
847 885 899 919 τῆς

105 923 190 949 αὑτοῦ
202 923 343 957 βασιλείας
354 926 486 960 ἐγεννήθη
496 927 509 952 6
519 927 620 962 Κύριος
631 929 710 964 ὴμῶν
722 929 825 963 Ἰησοῦς
835 931 900 965 Χρι-

106 969 180 999 στός.
195 969 241 995 Ἐν
247 969 277 995 δὲ
287 970 326 1005 τῷ
340 970 384 1005 μα’
395 970 451 998 ἔτει
459 971 509 1006 τῆς
522 972 662 1007 βασιλείας
673 974 767 1008 αὑτοῦ,
777 975 831 1002 ἀπὸ
841 976 900 1002 κτί-

106 1022 176 1045 σεως
185 1014 291 1049 κόσμου
300 1016 353 1042 ἔτει
363 1016 421 1051 ,εφ’,
433 1017 480 1044 καὶ
488 1018 610 1053 Ἡρώδης
622 1019 650 1053 ἐξ
663 1020 747 1048 ἐθνῶν
761 1022 810 1056 ἠδη
820 1022 898 1056 βασι-

106 1058 169 1089 λεὺς
177 1059 230 1094 τῆς
250 1059 381 1093 Ἰουδαίας
392 1062 588 1098 ἀνηγόρευται.
599 1064 652 1091 Τοῦ
668 1065 696 1092 δὲ
707 1067 811 1102 Κυρίου
821 1068 899 1102 ήμῶν

105 1103 196 1139 Ἰησοῦ
203 1105 325 1140 Χριστοῦ
333 1108 405 1134 κατὰ
414 1108 504 1143 σάρκα
513 1110 690 1146 γεννηθέντος
699 1112 800 1139 καὶτοῦ
812 1113 901 1148 Ἠρώ-

105 1151 152 1178 dou
165 1153 261 1185 κακῶς
274 1154 319 1180 τὸν
341 1154 398 1189 βίον
411 1156 640 1190 μεταλλάξαντος,
657 1158 839 1193 πεπλήρωται
855 1159 898 1192 τὸ,

106 1199 168 1224 Οὐκ
179 1199 318 1233 ἐκλείψει
328 1200 428 1235 ἅρχων
438 1201 655 1236 ἐξ’Ῑούδα,1ἕως
665 1203 703 1230 ἂν
709 1203 783 1238 ἔλθῃ
794 1201 818 1238 ᾧ
827 1205 901 1232 ἀπό-

107 1252 213 1276 κειται,
224 1246 253 1276 ὅς
265 1246 340 1272 ἐστιν
355 1247 369 1273 6
389 1248 517 1282 Χριστός.
539 1249 568 1274 Ὀ
579 1248 606 1275 δέ
619 1257 651 1283 γε
671 1250 795 1286 Ἡρώδης
817 1250 897 1286 ἔσχεν

105 1290 181 1333 αὖτῷ
199 1291 276 1322 υἱοὺς
292 1292 455 1328 ὁμωνύμους
471 1295 519 1321 καὶ
536 1294 688 1330 διωνύμους
702 1298 789 1331 τρεῖς,
810 1297 899 1333 Ἦρώ·

105 1336 156 1371 δην
181 1337 313 1364 Ἀντίπαν
330 1339 376 1365 τὸν
403 1340 512 1367 καὶτὸν
531 1341 690 1377 Πρόδρομον
713 1344 898 1378 ἀποτεμόντα,

107 1383 141 1415 ἐφ
173 1379 205 1409 οὗ
222 1383 269 1409 καὶ
283 1385 298 1410 6
313 1385 415 1419 Κύριος
426 1386 598 1422 ἐσταυρώθη,
620 1387 744 1423 Ἡρώδην
755 1389 899 1422 Φίλιππον,

106 1424 129 1460 ᾧ
150 1429 261 1462 πρῶτον
289 1429 424 1464 Ἡρωδιὰς
448 1432 618 1466 συναφθεῖσα
653 1433 731 1460 ἔτεκε
760 1435 900 1473 θυγατέρα

109 1475 246 1512 Σαλώμην
263 1476 314 1512 τὴν
330 1477 536 1513 ὀρχησαμένην,
554 1480 601 1506 καὶ
624 1479 747 1516 Ἡρώδην
769 1481 900 1508 ’Λντίπα-

947 236 1023 264 nium
1047 243 1075 265 et
1097 238 1172 265 solus
1194 239 1338 272 imperium
1359 239 1512 266 Rmnanum
1538 240 1638 270 tenuit,
1665 239 1739 274 quod

948 283 1065 317 superbe
1093 283 1240 310 admodum
1261 288 1475 319 arroganterque
1503 284 1732 316 administravit;

949 328 1013 356 hinc
1021 328 1147 356 dictatori
1159 337 1259 356 nomen
1270 329 1307 356 illi
1317 330 1379 356 fuit.
1396 330 1420 357 ls
1435 338 1530 357 severe
1544 338 1575 358 ac
1591 331 1737 366 tyrannice

950 375 990 401 rei
1017 374 1133 409 publica;
1157 375 1352 410 gubernaculis
1378 377 1552 411 pertractatis
1580 385 1628 412 per
1654 385 1741 404 annos

949 420 1103 447 octodecim
1118 421 1145 448 in
1159 425 1254 448 senatu
1272 421 1438 448 trucidatur.
1455 422 1586 449 Romanis
1598 422 1674 457 leges
1690 422 1740 450 de-

950 464 1002 498 dit,
1024 466 1175 494 bissextum
1200 467 1329 499 instituit,
1352 475 1473 495 mensem
1490 468 1568 503 prius
1590 468 1741 501 Quintilem

950 513 1053 540 dictum
1077 513 1181 540 Julium
1205 513 1368 540 nominavit.
1392 514 1449 541 Sub
1482 522 1515 541 eo
1538 514 1631 542 ﬂoruit
1658 514 1743 543 Judas

951 558 1089 590 Galilaeus.
1107 559 1186 594 cujus
1201 559 1228 586 in
1245 559 1361 586 Actibus
1375 560 1565 594 apostolorum
1579 561 1683 588 mentio
1700 561 1740 592 ﬁt.

950 608 978 631 et
995 604 1137 639 Antipater
1150 605 1265 632 Herodis
1284 608 1363 640 pater
1381 612 1433 639 τοιςΔ
1448 604 1549 634 Judaea:
1568 610 1688 633 creatur.

987 695 1051 722 Post
1063 694 1163 722 Jnlium
1180 695 1314 723 Caesarem
1328 696 1476 728 imperium
1493 696 1584 723 tenuit
1603 696 1745 730 Augustus

950 739 1040 767 C:esar
1051 740 1156 768 Octavii
1169 741 1251 775 (ilius,
1265 742 1312 776 qui
1327 746 1355 769 et
1368 742 1508 777 Augustus
1521 741 1676 776 appellatus
1690 748 1744 774 est,

950 794 1038 813 annos
1052 787 1249 822 quinquaginta
1262 795 1320 815 sex.
1337 787 1378 814 Ab
1395 787 1448 815 hoc
1463 787 1580 814 Romani
1596 788 1745 822 imperato-

950 840 995 860 res
1005 832 1112 860 Sehasti
1139 833 1312 868 Augustique
1328 833 1419 860 vocati
1436 838 1511 865 sunt,
1524 839 1552 861 et
1567 835 1669 861 mensis
1683 836 1740 861 Au-

950 883 1057 913 gustus,
1081 878 1126 906 cui
1149 883 1229 906 antea
1254 887 1354 906 nomen
1381 879 1490 906 Sextili.
1522 879 1601 906 Anno
1626 880 1746 914 quadra-

950 923 1199 958 gesimo'secundo
1224 924 1347 960 ejusdem
1367 923 1477 959 imperii
1499 923 1634 952 Dominus
1650 930 1746 953 noster

950 970 1030 998 Jesus
1040 969 1167 998 Christus
1183 972 1319 999 nascitur.
1338 972 1420 999 Anno
1437 979 1504 999 vero
1520 972 1597 1000 illius
1626 973 1745 1008 quadra-

952 1017 1056 1051 gesimo
1067 1016 1155 1051 primo
1168 1016 1203 1043 ab
1213 1016 1278 1044 orbe
1288 1017 1400 1045 condito
1408 1025 1497 1045 anuus
1503 1018 1572 1046 5500
1580 1019 1749 1052 completur,

952 1069 1015 1089 eum
1039 1062 1160 1090 Herodes
1185 1071 1231 1090 rex
1250 1063 1351 1090 Judaaae
1371 1063 1493 1099 eligitur.
1512 1065 1599 1092 Porro
1627 1065 1745 1092 Domino

952 1113 1046 1135 nostro
1068 1109 1131 1136 Jesu
1153 1108 1263 1136 Christo
1284 1108 1312 1136 in
1334 1116 1419 1136 carne
1445 1113 1522 1141 nato,
1547 1109 1655 1137 Herode
1678 1111 1743 1138 item

952 1154 1124 1181 atrocissime
1139 1154 1194 1181 vita
1207 1154 1314 1186 functo,
1327 1154 1508 1189 adimpletum
1520 1159 1562 1182 est
1578 1154 1645 1182 illud
1661 1165 1667 1182 :
1684 1155 1746 1183 Non

951 1200 1051 1233 deﬁciet
1065 1200 1186 1235 princeps
1204 1208 1235 1227 ex
1245 1199 1326 1231 Iuda.
1344 1200 1425 1227 donec
1435 1202 1523 1227 veniat
1538 1202 1580 1227 cui
1601 1202 1747 1235 repositum

952 1246 1005 1281 25
1025 1250 1074 1278 est,
1099 1246 1147 1281 qui
1167 1251 1211 1274 est
1232 1246 1372 1274 Christus.
1399 1247 1523 1274 Herodes
1551 1255 1616 1274 vero
1645 1248 1748 1275 liberos

952 1292 1108 1320 binomines
1122 1293 1230 1328 sibique
1245 1294 1423 1327 cognomines
1434 1298 1491 1321 tres
1503 1293 1625 1328 suscepit
1642 1303 1648 1320 :
1661 1293 1748 1320 Hero-

952 1339 1014 1366 dem
1043 1339 1181 1374 Antipam,
1205 1339 1252 1374 qui
1271 1339 1454 1367 Praeeursoris
1475 1344 1557 1374 caput
1582 1340 1701 1367 abscidit
1718 1345 1748 1367 ct
1803 1356 1806 1358 ν

953 1386 1004 1413 sub
1017 1394 1071 1421 quo
1087 1387 1217 1413 Dominus
1231 1386 1306 1413 cruci
1327 1386 1423 1414 atIixus
1435 1391 1497 1420 est;
1513 1386 1650 1414 Herodem
1671 1387 1748 1415 Phil-

953 1432 1056 1468 ippum,
1081 1434 1126 1460 eui
1142 1434 1260 1468 primum
1270 1430 1402 1461 Herodias
1418 1438 1505 1467 nupta
1522 1433 1651 1461 Salomen
1664 1434 1763 1461 salta-e

954 1480 1051 1506 tricem
1074 1481 1229 1515 generavit,
1243 1485 1271 1507 et
1287 1479 1422 1508 Herodem
1447 1479 1623 1514 Antipatrum
1650 1480 1747 1507 Jacobi

107 1530 173 1556 τρο-δ
187 1523 234 1549 τὸν
259 1525 307 1550 καὶ
333 1524 460 1551 Ἰάκωϐον
476 1525 605 1552 ἀνελόντα
617 1526 664 1553 τοῦ
686 1527 845 1560 Ζεϐεδαίου,
870 1528 900 1560 ὃς

955 1525 1078 1552 Zebedaei
1094 1526 1270 1560 parricidam,
1289 1528 1349 1561 qui,
1362 1534 1425 1554 eum
1443 1526 1514 1553 inter
1526 1526 1748 1554 concionandum

109 1569 138 1594 ὲν
153 1569 192 1603 τῷ
203 1569 373 1605 δημηγορεῖν
385 1569 432 1596 τοῦ
448 1571 535 1606 δήμου
547 1572 711 1606 φωνοῦντος,
728 1573 814 1607 Φωνὴ
827 1575 901 1601 Θεοῦ

109 1614 161 1640 καί
178 1615 235 1642 οὐκ
250 1615 420 1650 ἀνθρώπου,
438 1616 516 1652 δίκην
534 1617 636 1645 ἔδωκεν
648 1618 750 1646 αὐτίκα.
762 1627 769 1635 ·
786 1619 902 1654 ἄγγελος

110 1661 165 1696 γὰρ
186 1660 294 1696 Κυρίου
314 1661 395 1693 εὐθὺς
410 1662 505 1689 τοῦτον
520 1663 627 1698 ἁθρόως
651 1664 772 1698 ἐπάταξε
784 1684 792 1697 ,
812 1666 859 1692 καὶ
874 1665 903 1697 θς

109 1707 271 1742 ἀνεπήδησε
282 1707 334 1742 τῆς
352 1708 487 1743 καθέδρας
502 1708 530 1735 ὲν
547 1709 585 1743 τῷ
601 1709 697 1742 δεινῶς
713 1710 762 1745 τὴν
779 1711 903 1746 γαστέρα

109 1752 194 1779 αὐτοῦ
224 1753 442 1788 σπαράττεσθαι.
473 1754 525 1780 Τὸν
550 1753 578 1780 δέ
604 1763 636 1789 γε
667 1755 740 1782 θεῖον
773 1756 903 1784 Ἰάκωϐον

112 1799 177 1827 ἰδὼν
193 1799 374 1834 ἀπαγόμενον
387 1799 437 1835 τὴν
452 1800 498 1826 ἐπὶ
511 1799 626 1827 θάνατον
639 1800 699 1829 ὁδὸν
716 1802 730 1828 6
745 1802 901 1837 κατήγορος

111 1845 196 1872 αὐτοῦ
222 1846 270 1871 καὶ
291 1846 496 1881 μεταμεληθεὶς
519 1848 675 1882 προσέπεσε
701 1849 758 1879 τοῖς
777 1848 842 1875 ποσὶ
856 1849 903 1876 τοῦ

110 1892 265 1919 ἀποστόλου
278 1892 366 1927 λέγων
376 1901 382 1908 ·
398 1894 603 1928 Συγχώρησόν
615 1903 677 1928 μοι,
699 1894 836 1929 ἄνθρωπε
850 1896 904 1923 τοῦ

111 1938 197 1970 Θεοῦ,
220 1939 265 1966 ὅτι
284 1939 523 1974 μεταμεμέλημαι
542 1940 595 1974 ἐφ’
608 1938 651 1971 οἷς
669 1940 809 1974 ἐλάλησα
829 1942 905 1969 κατὰ

111 1985 179 2011 σοῦ.
206 1985 236 2011 '0
257 1985 285 2011 δὲ
315 1984 451 2020 μακάριος
477 1985 573 2012 τοῦτον
604 1986 798 2022 καταφιλήσας
825 1986 904 2014 εἶπεν

111 2031 198 2066 αὐτῷ·
207 2031 322 2065 Εἰρήνη
334 2038 393 2063 σοι,
403 2030 522 2064 τέκνον,
534 2032 639 2066 εἰρήνη
652 2040 712 2066 σοι,
722 2033 772 2060 καὶ
786 2034 905 2068 συγχώ-

110 2085 199 2112 ρησις
217 2078 270 2104 τοῦ
289 2078 489 2112 πταίσματος.
517 2078 546 2105 '0
563 2078 590 2104 δὲ
617 2079 686 2114 μετὰ
711 2079 804 2114 φωνῆς
820 2080 905 2115 μεγά-

111 2125 160 2158 λης
177 2123 282 2155 εὐθέως
302 2123 467 2157 Χριστιανὸν
490 2124 587 2150 ἑαυτὸν
601 2124 646 2150 ἐπὶ
669 2125 779 2152 πάντων
803 2126 905 2160 ἀνηγό-

115 2178 207 2204 ρευσε,
231 2169 281 2196 καὶ
294 2169 382 2201 οὕτως
404 2169 677 2205 συγκαταριθμηθεὶς
695 2170 735 2204 τῷ
755 2171 807 2197 ὑπ’
822 2171 904 2198 αὑτοῦ

955 1573 1130 1603 inclamasset
1141 1573 1258 1608 populus
1275 1581 1282 1600 :
1302 1573 1354 1600 νοτ
1371 1572 1420 1599 Dei
1442 1577 1466 1600 et
1488 1581 1540 1600 non
1563 1573 1685 1604 hominis,
1703 1580 1747 1599 re-

955 1625 1038 1657 pente
1049 1627 1143 1655 pmnas
1158 1619 1233 1646 dedit
1253 1627 1260 1645 :
1274 1619 1388 1653 angelus
1411 1618 1512 1653 quippe
1526 1619 1635 1646 Domini
1651 1619 1747 1646 confe-

954 1666 1018 1694 stim
1033 1673 1097 1693 eum
1114 1664 1268 1700 percussit;
1283 1664 1348 1691 hinc
1366 1665 1539 1691 cruciatuum
1556 1664 1700 1693 doloribus
1718 1666 1751 1692 in

955 1715 1051 1739 ventre
1077 1710 1229 1738 convulsus
1261 1718 1277 1737 e
1302 1710 1373 1737 solio
1394 1709 1505 1737 exsiliit.
1530 1710 1658 1738 Divinum
1684 1718 1757 1738 vero-

953 1757 1084 1785 Jacobum
1095 1763 1158 1783 cum
1175 1756 1235 1791 ejus
1249 1761 1393 1783 accusator
1404 1755 1437 1782 ad
1451 1761 1565 1782 mortem
1580 1756 1644 1782 duci
1662 1756 1748 1783 vidis-

955 1807 1007 1835 set.
1022 1802 1183 1837 pmnitentia
1198 1803 1296 1829 ductus
1313 1802 1340 1829 in
1362 1801 1446 1836 pedes
1465 1802 1581 1836 apostoli
1603 1803 1750 1836 procubuit

955 1849 1076 1877 dicens:
1096 1848 1221 1876 Condona
1248 1848 1322 1881 mihi,
1348 1849 1386 1875 vir
1411 1847 1478 1880 Dei;
1497 1848 1554 1882 jam
1579 1857 1620 1875 me
1644 1849 1749 1884 pmnilez

957 1894 1082 1928 facinoris
1108 1893 1232 1920 adversus
1260 1898 1285 1920 te
1306 1894 1458 1928 perpetrati.
1485 1893 1519 1920 Et
1545 1893 1644 1920 beatus
1669 1893 1746 1920 illum

956 1940 1131 1967 exosculatus
1144 1940 1213 1966 dixit
1226 1948 1233 1966 :
1249 1938 1372 1971 Pastibi,
1385 1938 1435 1973 ﬁli.
1446 1947 1498 1974 pax
1512 1939 1558 1966 tibi
1569 1941 1601 1966 sit
1614 1944 1637 1966 et
1649 1941 1756 1967 erroris-

956 1987 1042 2013 υιιιιία.
1061 1985 1108 2012 llle
1133 1984 1253 2012 distenta
1271 1992 1337 2011 voce
1355 1984 1443 2018 palatii
1466 1984 1596 2010 omnibus
1613 1992 1642 2011 se
1667 1984 1748 2011 [idem

955 2031 1056 2059 Christi
1078 2030 1156 2065 sequi
1182 2029 1332 2064 professus.
1360 2037 1412 2056 una
1440 2036 1502 2056 cum
1523 2037 1556 2056 eo
1579 2037 1662 2063 quem
1690 2030 1757 2064 ipse.

956 2076 1034 2111 prius
1057 2075 1084 2102 in
1100 2075 1234 2110 judicium
1250 2079 1371 2107 vocarat,
1395 2075 1519 2110 martyrii
1533 2083 1665 2103 coronam
1681 2084 1749 2106 con:

956 2122 1091 2156 sequitur.
1106 2120 1186 2148 Miser
1200 2126 1292 2148 autem
1309 2121 1432 2149 llerodes
1443 2121 1516 2149 fwda
1529 2123 1663 2151 vermium
1688 2124 1750 2152 tabe

957 2176 1006 2204 per
1032 2168 1169 2203 plurimos
1184 2167 1244 2194 dies
1272 2167 1424 2201 confectus,
1450 2168 1684 2202 quemadmodum
1702 2177 1750 2204 pa:

114 2215 331 2250 κατηγορηθέντι
350 2216 397 2241 σὺν
421 2214 495 2250 αὐτῷ
510 2214 558 2241 καὶ
572 2216 602 2241 τὸ
618 2214 747 2250 βραϐεῖον
767 2216 814 2242 τοῦ
835 2225 901 2252 μαρ-

961 2222 1001 2243 ter
1015 2215 1074 2250 ejus
1085 2221 1118 2241 eo
1133 2213 1284 2248 improbior
1300 2221 1331 2240 ac
1346 2213 1512 2248 perversior,
1528 2215 1612 2242 vitam
1626 2215 1706 2242 ﬁniit.

113 2263 206 2298 τυρίου
229 2262 418 2296 ἀπηνέγκατο.
445 2261 475 2287 Ὀ
492 2261 520 2287 δέ
538 2269 570 2295 γε
591 2261 682 2294 ἅθλιος
706 2261 831 2297 Ἡρώδης
855 2264 902 2290 ἐπὶ
922 2264 1031 2300 ἡμέρας
1062 2260 1243 2295 φθειρόμενος
1273 2260 1321 2286 καὶ
1334 2260 1479 2295 σκώληκας
1493 2260 1638 2297 ἐκϐράζων
1661 2262 1748 2290 ﬂeat.-

113 2309 165 2341 νῶς
183 2310 231 2336 τὸν
247 2309 305 2344 βίον
320 2308 478 2340 κατέλυσεν,
491 2307 586 2347 ὥσπερ
599 2309 646 2334 καὶ
665 2311 678 2335 ὁ
690 2309 905 2346 δυσσεϐέστερος
925 2308 1008 2338 αὑτοῦ
1027 2308 1129 2342 πατήρ.

147 2357 227 2383 Μετὰ
236 2357 265 2383 δὲ
274 2355 429 2389 Αὔγουστον
440 2349 601 2382 ἐϐασίλευσε
613 2356 742 2392 Τιὸἐριος
755 2358 811 2389 υἱὸς
824 2358 907 2385 αὐτοῦ

113 2404 160 2438 ἐτη
173 2407 227 2437 κγ’,
244 2402 271 2433 ὃς
287 2402 382 2433 κτίσας
394 2402 471 2428 πόλιν
485 2403 513 2428 ὲν
525 2403 560 2436 τῇ
582 2403 697 2439 Ἰουδαία
709 2404 839 2430 ἐκάλεσεν
856 2405 907 2431 αὐ·

113 2450 161 2484 τὴν
174 2450 215 2480 είς
230 2449 260 2475 τὸ
281 2448 345 2475 ἴδιον
357 2447 442 2482 ὗνομα
461 2448 621 2482 Τιϐεριάδα,
635 2446 671 2475 Oi}
692 2448 733 2484 τῷ
745 2449 774 2475 ιε’
791 2449 845 2476 ἔτει
857 2452 907 2484 τῆς

115 2496 253 2530 βασιλείας
269 2497 284 2522 6
307 2495 408 2530 Κύριος
423 2495 501 2529 ἡμῶν
517 2494 679 2529 βαπτισθεὶς
697 2495 744 2521 τοῦ
763 2496 908 2530 εὐαγγελι-

115 2543 162 2569 xm";
178 2542 359 2578 κηρύγματος
369 2541 519 2576 ἀπήρξατο.
537 2540 582 2566 Ἐν
593 2540 621 2566 δὲ
637 2540 675 2575 τῷ
690 2544 726 2576 ιη’
739 2542 906 2576 σταυρωθεὶς

115 2589 212 2621 ἀνέστη
225 2590 258 2624 τῇ
274 2588 314 2614 κε’
330 2587 376 2613 τοῦ
389 2586 520 2620 Φαμενὼθ
537 2587 621 2622 μηνὸς
636 2587 697 2621 ἦτοι
714 2587 847 2621 Μαρτίου,
862 2587 909 2613 τοῦ

116 2636 320 2670 πρωτοκτίστου
334 2634 418 2669 μηνὸς
426 2633 513 2659 Νισὰν
523 2641 560 2659 πα
567 2632 589 2667 ρ’
602 2632 740 2667 Ἑϐραίοις
748 2632 907 2671 λεγομένου,

117 2680 330 2715 ὲπιςξωτκούσης
356 2679 513 2714 Κυριακῆς.
543 2678 594 2705 Διὰ
616 2678 642 2704 τί
663 2678 692 2704 δὲ
715 2678 796 2714 ὀγδόη
821 2679 836 2714 ὴ
860 2679 908 2705 τοῦ

118 2728 218 2763 Κυρίου
243 2726 393 2756 ἀνάστασις
421 2725 635 2759 ἐπωνόμασταις
659 2723 767 2759 Ἐπειδὴ
792 2724 908 2755 ἑπτάκις

117 2775 220 2809 νεκρῶν
244 2774 396 2800 ἀνάστασιν
423 2771 541 2809 εὕρομεν
560 2771 589 2809 ὲμν
612 2772 646 2806 τῇ
664 2770 726 2806 θείᾳ
744 2770 841 2804 Γραφῇ
859 2769 906 2796 καὶ

120 2829 136 2855 μ
152 2804 184 2847 τι
215 2821 282 2850 τοὺς
308 2817 330 2850 ζ’
355 2804 618 2851 δγδοοςνεκρῶν
634 2804 742 2850 νᾶνέστη
763 2816 776 2841 ό
794 2815 904 2850 Κύριος.

121 2866 173 2901 Ιίρδ
198 2867 255 2900 γὰρ
282 2864 331 2898 τῆς
355 2863 475 2898 Χριστοῦ
501 2862 677 2893 ἀναστάσεως
701 2862 728 2888 ὲν
745 2862 777 2897 τῇ
802 2860 906 2894 Παλαιᾷ

992 2357 1055 2384 POst
1084 2355 1238 2390 Augustum
1265 2353 1393 2381 Tiberius
1417 2354 1477 2389 ejus
1502 2354 1575 2383 ﬁlius
1601 2355 1756 2390 imperiuuo

957 2401 1045 2430 tenuit
1055 2407 1141 2428 annos
1151 2399 1247 2434 viginti
1264 2404 1328 2426 tres.
1344 2399 1371 2427 Is
1382 2399 1481 2427 urbem
1497 2399 1524 2426 in
1546 2400 1641 2428 Iudaea
1662 2410 1748 2436 prope

955 2448 1044 2474 laeum
1064 2446 1203 2474 conditam
1226 2453 1242 2472 a
1265 2453 1315 2472 suo
1339 2445 1450 2472 nomine
1464 2445 1639 2473 Tiberiadem
1655 2448 1748 2481 appel-

955 2494 1031 2521 laxit.
1051 2492 1162 2527 Imperii
1187 2492 1247 2527 ejus
1269 2499 1342 2518 anno
1367 2491 1476 2518 decimo
1497 2492 1595 2526 quinto
1615 2492 1747 2519 Dominus

957 2544 1050 2567 noster
1076 2538 1231 2573 baptizatus
1262 2539 1427 2573 evangelica:
1455 2539 1509 2573 26
1539 2537 1744 2572 praedicationis
1779 2536 1784 2571 ἶ

961 2586 1038 2612 initia
1062 2585 1163 2620 posuit,
1182 2590 1210 2612 et
1232 2585 1338 2612 decimo
1361 2590 1468 2617 octavo,
1491 2584 1673 2611 Pbamenothi
1688 2584 1747 2611 sive

960 2633 1048 2659 Martii
1065 2632 1146 2667 primi
1165 2631 1268 2659 conditi
1291 2631 1403 2663 mensis.
1423 2631 1469 2665 qui
1486 2625 1606 2657 Nisanus
1618 2629 1751 2658 Hebra-is.

958 2682 1011 2709 est,
1041 2677 1171 2704 vicesimo
1194 2677 1290 2711 quinto
1312 2675 1368 2707 die,
1394 2673 1537 2702 Dominico
1558 2673 1745 2706 illucescente,

959 2723 1033 2750 cruci
1062 2722 1157 2750 alIixus
1185 2722 1334 2750 resurrexit
1359 2729 1374 2748 a
1395 2720 1522 2759 mortuis.
1551 2719 1605 2748 Sed
1627 2728 1745 2755 quanam

960 2768 1067 2796 ratione
1098 2773 1194 2795 oetava
1225 2767 1334 2795 Domini
1360 2765 1526 2794 resurrectio
1551 2767 1747 2802 nuncupatur?

961 2812 1071 2848 Septem
1086 2813 1191 2840 scilicet
1200 2813 1227 2840 in
1236 2812 1336 2840 divinis
1349 2811 1460 2839 Litteris
1474 2815 1645 2849 mortuorum
1655 2819 1747 2840 resur-

962 2859 1100 2887 rcctioncs
1136 2859 1401 2894 deprehendimus.”
1421 2859 1552 2887 deinccos
1581 2863 1693 2886 octavus
1730 2865 1744 2882 a

1776 2445 1799 2483 Ξ)
