1935 3071
179 107 230 140 251

936 105 953 135 J
956 105 1029 136 OEL
1035 105 1069 135 IS

1758 101 1815 135 252

180 163 240 191 Sub
250 171 284 191 eo
295 163 413 199 Symeon
425 161 515 197 Clopae
530 161 603 188 lilius
617 165 644 188 et
659 160 780 195 lgnatius
789 164 966 195 cognomentc

1030 160 1070 186 ιαὶ
1097 158 1228 193 Ἰγνάτιος
1252 158 1267 185 6
1289 157 1425 192 Θεοιρόρος
1447 157 1653 193 ἐμαρτύρησαν,
1671 158 1719 185 καὶ
1732 157 1814 186 Βασι-

181 208 365 243 Theophorus
380 207 510 242 martyrio
518 206 601 233 vitam
612 212 742 240 posuere.
757 205 900 237 Basilides,
914 205 967 232 Ce-

181 253 302 286 rinthus,
311 252 451 282 Nicolaus,
460 250 616 282 Ebionatus,
625 249 815 277 haeresiarchas
829 254 857 277 et
865 250 968 278 verita-

181 299 216 326 tis
230 299 323 326 hostes
336 298 476 325 vivebant.

216 345 335 379 Trajano
350 345 378 371 in
394 343 512 379 imperio
530 344 663 371 successit
679 344 816 371 Adrianus
829 363 837 377 ,
865 343 911 378 qui
940 347 969 370 et

179 389 269 417 Ailius
282 409 288 421 ,
308 389 507 424 imperavitque
523 396 610 416 annos
620 389 717 424 viginti
733 393 870 423 quatuor.
889 389 968 422 Aqua

180 435 316 463 intercute
330 436 484 463 exstinctus
498 440 551 463 est.
571 435 714 470 Templum
727 435 818 471 Cyzici
831 435 969 462 exstruxit

180 487 208 508 et
224 481 321 508 urbem
339 482 366 508 in
385 481 500 508 Thracia
516 481 735 515 Adrianopolim.
749 481 806 509 Sub
820 489 853 509 eo
866 481 967 513 Cerdo,

180 527 350 559 Valentinus,
365 527 476 559 Marcio,
489 527 644 559 Montanus,
670 527 842 560 Satorninus,
868 527 969 562 Carpo-

179 578 268 600 crates
288 572 476 600 lizeresiarchaz
491 578 519 600 et
534 573 632 607 Aquila
648 573 784 600 vivebant.

216 662 361 690 Exstincto
376 662 497 689 Adriano
510 662 544 689 ad
561 662 732 690 Antoninum
750 662 897 697 imperium
918 662 967 690 de-

120 730 122 732 τ
177 708 302 736 volutum
320 712 373 739 est,
387 708 461 742 quod
484 708 557 735 rexit
577 716 666 735 annos
692 708 788 743 viginti
809 709 887 736 duos.
903 709 968 744 Ejus

178 753 295 788 imperio
309 753 475 789 Polycarpus
488 754 602 781 Joannis
612 755 788 790 evangelista:
802 755 966 790 discipulus,

177 799 304 826 JuStinus
315 799 498 834 philosophus
510 804 538 826 et
550 800 698 836 Dionysius
711 801 858 836 episcopus
869 801 967 829 Corin-

179 845 219 872 thi
242 849 358 872 mortem
376 853 425 880 pro
442 845 552 873 Christo
563 846 670 873 obiere.
690 846 767 874 Tunc
782 855 892 882 quoque
914 847 967 875 Ta-
982 838 1004 867 Β

178 892 273 918 tianus
289 896 317 918 et
334 890 507 918 Bardesanes
521 892 724 924 bieresiarchze,
748 897 777 919 et
800 893 923 921 Priscilla
940 898 969 922 et

178 938 326 965 Maximilla
339 945 373 965 ex
386 936 621 974 Cataphrygarum
630 944 704 967 secta
715 939 832 967 fatidicae
844 940 968 968 celebres

178 983 363 1011 habebantur.

212 1030 351 1058 Antonino
358 1032 492 1059 successit
502 1032 608 1059 Marcus
621 1031 693 1059 (ilius
705 1040 712 1058 :
725 1031 870 1066 imperium
881 1032 969 1060 tenuit

176 1085 264 1104 annos
280 1078 417 1105 undecim.
437 1078 493 1105 Sub
508 1087 541 1106 eo
556 1078 626 1113 ignis
640 1079 710 1106 caelo
723 1079 757 1105 ab
765 1087 863 1106 occasu
878 1079 911 1106 ad
924 1087 969 1106 or—

177 1127 236 1150 tum
251 1123 331 1158 longe
344 1124 453 1158 lateque
467 1125 559 1159 vagari
576 1124 652 1151 visus
668 1128 720 1152 est.

213 1169 264 1203 31
287 1170 351 1197 Post
368 1171 489 1197 Marcum
509 1170 656 1204 imperium
682 1170 888 1197 administravit
912 1170 968 1198 Sc-

177 1222 262 1242 verus
275 1215 347 1243 ﬁlius
361 1223 449 1242 annos
465 1220 543 1248 octo;
561 1219 589 1241 et
604 1215 631 1242 in
645 1215 813 1243 Prmconeso
831 1220 968 1244 mactatus

176 1261 292 1288 interiit.

215 1307 279 1333 Post
308 1307 443 1334 Severum
473 1311 572 1342 regnat
595 1306 763 1334 Commodus
778 1307 865 1334 frater
880 1315 968 1335 annos

176 1352 333 1379 duodecim.
350 1353 399 1379 llic
423 1353 565 1387 sanguinis
583 1353 700 1387 bilisque
735 1353 898 1380 excrelione
925 1361 968 1381 re-

176 1399 291 1434 pentine
314 1399 426 1426 occidit.
444 1399 502 1426 Sub
519 1399 545 1426 id
563 1400 694 1434 temporis
717 1399 889 1430 Theodotus,
918 1401 966 1434 qui

176 1444 284 1478 primus
308 1444 386 1472 Pauli
414 1445 639 1472 Samosateni'et
665 1446 785 1473 Nestorii
823 1446 967 1474 erroribus

175 1490 280 1518 semina
298 1490 385 1523 dedit,
404 1495 431 1518 et
448 1491 602 1519 Theodotio
624 1492 874 1526 cognoscebantur.

212 1578 277 1605 Post
286 1577 467 1606 Commodum
479 1579 609 1607 Pertinax
617 1588 725 1608 menses
732 1580 802 1608 duos
811 1581 966 1615 imperavit:

176 1631 192 1650 a
208 1624 346 1652 militibus
361 1624 395 1652 ad
411 1630 528 1653 mortem
543 1626 624 1653 datus
637 1630 691 1653 est.

212 1669 277 1697 Post
293 1670 465 1698 Pertinacem
484 1671 630 1706 imperium
648 1678 779 1706 procurat
795 1672 902 1706 Didius,
917 1674 965 1709 qui

175 1720 204 1743 et
220 1716 355 1749 Julianus,
375 1725 483 1744 menses
506 1723 636 1752 quatuor.
662 1719 683 1745 A
696 1719 879 1752 cubiculario,
899 1721 966 1748 dum

175 1770 237 1790 sese
262 1763 289 1790 in
315 1763 440 1791 Palatino
470 1764 545 1792 fonte
566 1765 684 1800 piscium
709 1766 807 1793 obtutu
836 1772 964 1800 recreat,

175 1808 300 1836 caeditur.

209 1855 274 1883 Post
283 1856 392 1883 Didium
402 1857 546 1891 imperium
558 1858 664 1886 obtinet
673 1859 791 1889 Severus
799 1870 884 1889 annos
893 1867 968 1890 octo-

174 1900 313 1929 decim.Ea
320 1907 479 1938 tempestate
487 1903 622 1932 Leonides
630 1906 774 1940 cpiscopus
783 1913 811 1933 et
820 1912 895 1942 pater
905 1908 968 1935 Ori-

174 1947 251 1981 genis
261 1947 345 1974 vitam
360 1955 438 1974 suam
457 1956 473 1982 p
485 1957 507 1975 'r
521 1951 679 1984 martyrium
710 1951 813 1985 posuit.
840 1952 967 1980 Clemens

174 1992 356 2024 Stromateus.
373 1993 566 2028 Symmachus,
581 1996 714 2030 Origenes
737 1997 802 2024 item
820 1997 965 2026 ﬂorebant.

210 2039 275 2066 Post
292 2040 424 2066 Severum
441 2041 597 2068 Antoninus
611 2047 638 2069 et
654 2042 722 2069 Geta
745 2044 804 2078 ejus
820 2043 904 2071 frater
918 2044 968 2071 im-

174 2083 283 2117 perium
307 2087 402 2111 tenent
426 2092 535 2112 menses
560 2085 639 2113 duos.
656 2087 791 2114 Praeterea
812 2088 968 2117 Antoninus

173 2129 259 2156 fratre
277 2135 395 2156 mactato
413 2131 486 2156 solus
506 2131 652 2165 imperium
678 2132 852 2160 administrat
880 2142 967 2162 annos

175 2184 233 2204 seu.
249 2177 270 2202 A
286 2177 405 2210 propriis
416 2176 567 2211 jugulatur.

211 2223 276 2249 Post
298 2222 466 2264 Antoninum
493 2223 650 2251 Antoninus
672 2224 829 2253 Caracallus
847 2226 963 2261 imperio

176 2267 288 2302 praefuit
310 2276 397 2296 annos
411 2269 506 2303 viginti
524 2277 582 2297 sex.
596 2270 624 2297 In
640 2271 740 2306 proelio
753 2272 964 2301 occiditur.Sub

175 2323 210 2342 eo
225 2315 346 2343 Galenus
365 2317 488 2344 medicus
505 2317 636 2345 innotuit.

210 2361 350 2389 Antonino
365 2363 490 2389 succedit
505 2363 650 2398 Macrinus,
663 2370 814 2401 regnatque
829 2374 917 2395 annos
929 2368 962 2400 4;

175 2407 211 2435 ab
225 2408 367 2435 Antonino
383 2409 508 2436 sublatus
523 2414 576 2437 est.

212 2454 266 2488 32
283 2454 347 2481 Post
363 2455 513 2482 Macrinum
532 2456 680 2490 imperium
705 2457 794 2484 tenuit
807 2458 964 2487 Antoninus

175 2501 272 2529 Galba.
285 2501 458 2529 lnterimitur
474 2502 507 2529 ab
522 2502 688 2530 Alexandro.

210 2548 275 2575 Post
301 2547 471 2575 Antoninum
499 2548 647 2583 imperavit
672 2550 827 2577 Alexander
846 2550 964 2578 Mamaea:

175 2593 249 2621 ﬁlius
270 2601 358 2621 annos
383 2593 516 2621 tredecim
529 2614 536 2626 ,
556 2600 585 2622 et
609 2594 717 2622 insidiis
732 2595 870 2622 Maximini
887 2595 965 2623 ducis

176 2641 383 2668 circumventus
398 2649 459 2668 cum
473 2641 582 2667 Mamaea
595 2647 680 2668 matre
689 2641 808 2668 violenta
823 2647 910 2668 morte
917 2649 964 2668 oc-

177 2685 285 2712 cubuit.
306 2686 363 2713 Sub
381 2693 415 2713 co
429 2686 575 2713 Narcissus
588 2686 839 2721 Hierosolymorum
856 2688 966 2721 episco-

178 2738 241 2765 pus,
258 2739 321 2758 cum
346 2732 418 2759 inter
436 2732 632 2767 baptizandum
649 2733 740 2759 oleum
758 2734 900 2759 unctionis
915 2733 964 2759 dc-

176 2776 299 2807 fecisset.
315 2778 397 2812 jussit
412 2782 442 2805 ut
458 2786 529 2813 aqua
544 2779 570 2805 in
586 2786 634 2805 vas
650 2778 841 2806 iul'underctur
855 2799 862 2810 ,
883 2786 964 2812 quam

178 2821 308 2856 precibus
322 2823 348 2850 in
364 2824 454 2852 oleum
472 2824 660 2852 commutavit.

1023 205 1097 240 λίδης
1119 205 1167 231 καὶ
1187 203 1326 239 Κήρινθος
1346 205 1393 230 καὶ
1419 203 1554 235 Νικόλαος
1578 205 1626 230 καὶ
1655 204 1813 237 Ἐϐιωναῖος

1022 252 1045 277 οἱ
1077 250 1254 286 αίρεσιάρχαι
1283 251 1331 277 καὶ
1359 250 1451 286 ἐχθροὶ
1479 250 1529 286 τῆς
1561 249 1692 286 ἀληθείας
1725 251 1813 289 ἐγνωο

1025 295 1139 331 ρίζοντο.

1057 343 1135 370 Μετὰ
1153 343 1182 370 δὲ
1202 343 1338 378 Τραϊανὸν
1354 342 1532 370 ἐϐασίλευσεν
1555 343 1694 378 Ἀδριανὸς
1715 343 1745 376 ὃς
1765 345 1814 372 καὶ

1022 388 1115 419 Αἴλιος
1137 389 1185 424 ἐτη
1207 389 1256 422 κδ’,
1278 389 1327 416 καὶ
1352 388 1499 423 ὑδεριάσας
1519 389 1664 417 ἀπέθανεν.
1681 391 1729 422 ’ος
1748 391 1814 417 ναὸν

1022 435 1051 461 ἐν
1077 434 1191 469 Κυζίκῳ
1209 434 1305 466 κτίσας
1320 435 1368 462 καὶ
1392 435 1470 462 πόλιν
1490 435 1519 460 ἐν
1533 436 1566 469 τῇ
1586 427 1681 472 Θρᾴκῃ
1704 436 1814 471 Ἀδρια-

1022 479 1147 507 νούπολιν
1161 480 1246 515 αὐτὴν
1259 480 1495 515 προσηγόρευσεν,
1517 480 1576 515 Ἐφ’
1591 478 1622 508 οὗ
1640 481 1752 517 Κέρδων
1764 482 1814 509 καὶ

1022 526 1198 558 Οὑαλεντῖνος
1211 526 1258 553 καὶ
1273 527 1409 561 Μαρκίων
1425 528 1473 553 καὶ
1491 527 1631 558 Μοντανὸς
1647 529 1694 554 καὶ
1710 528 1813 563 Σατορ-

1022 574 1094 604 νῖνος
1111 573 1159 599 καὶ
1176 574 1382 608 Καρποκράτης
1398 574 1422 600 oi
1436 574 1613 610 αἱρεσιάρχαι
1626 575 1674 602 καὶ
1693 576 1813 607 Ἀκύλας

1021 619 1214 654 ἑγνωρίζοντο.

1056 666 1134 693 Μετὰ
1157 666 1186 692 δὲ
1217 666 1357 701 Ἀδριανδν
1376 667 1556 694 ἐϐασίλευσεν
1578 668 1739 700 Ἀντωνῖνος
1758 669 1806 704 ἐτη

1021 711 1074 746 κβ¹.
1095 711 1154 746 Ἐφ’
1169 709 1200 739 οὗ
1220 713 1401 747 Πολύκαρπος
1425 714 1439 739 6
1464 714 1588 749 μαθητὴς
1623 714 1745 741 Ἰωάννου
1760 715 1808 742 τοῦ

1021 755 1229 789 εὐαγγελιστοῦ,
1247 757 1293 783 καὶ
1313 757 1458 788 Ἰουσττνος
1477 758 1491 783 6
1517 757 1665 792 φιλόσοφος
1688 757 1735 784 καὶ
1754 758 1814 784 Διο-

1021 802 1110 833 νύσιος
1135 802 1286 834 ἐπίσκοπος
1313 802 1448 836 Κορίνθου
1468 802 1678 838 ἐμαρτύρησαν,
1693 804 1741 830 καὶ
1757 804 1814 830 Τα-

1020 846 1110 877 τιανὸς
1119 848 1166 873 καὶ
1176 847 1355 883 Βαρδησάνης
1367 848 1391 873 oi
1405 847 1592 883 αῑρεσιάρχαι,
1602 850 1649 875 καὶ
1658 849 1812 883 Πρισκίλλα

1019 893 1067 919 καὶ
1081 893 1241 928 Μαξιμίλλα
1254 895 1282 922 αἱ
1294 893 1545 930 ψευδοπροφήτιδες
1557 895 1610 921 τῶν
1622 895 1693 923 κατὰ
1702 896 1813 932 Φρύγας

1019 939 1210 976 ἐγνωρίζοντο.
1387 940 1393 944 ’

1054 1029 1134 1057 Μετά
1148 1030 1177 1057 δὲ
1200 1030 1358 1058 Ἀντωνῖνον
1373 1032 1534 1059 ἐϐασίλευσε
1553 1033 1669 1068 Μάρκος
1687 1034 1744 1066 υίὸς
1761 1034 1796 1062 αὖ

1018 1076 1066 1102 τοῦ
1083 1076 1129 1112 ἔτη
1146 1075 1190 1104 ια’.
1213 1077 1271 1111 Ἐφ’
1283 1074 1313 1104 οὗ
1327 1077 1381 1111 πῦρ
1399 1078 1431 1104 ἐκ
1443 1078 1490 1105 τοῦ
1506 1079 1624 1114 οὐρανοῦ
1637 1079 1692 1106 ἀπὸ
1700 1079 1812 1115 δυσμῶν

1019 1121 1063 1147 ἐπ’
1078 1121 1212 1154 ἀνατολὰς
1225 1123 1375 1158 φερόμενος
1389 1123 1480 1159 ὤφθη.

1054 1167 1133 1194 Μετὰ
1150 1168 1179 1194 δέ
1205 1169 1318 1203 Μάρκον
1333 1169 1496 1196 ἐϐασίλευσε
1516 1170 1637 1206 Σεϐἦρος
1655 1171 1712 1203 υίὸς
1728 1171 1813 1199 αὐτοῦ

1019 1212 1065 1247 ἐτη
1080 1217 1116 1249 η’,
1133 1214 1181 1240 καὶ
1194 1215 1301 1251 ἐσφάγη
1319 1215 1349 1242 ἐν
1365 1216 1555 1252 Προικονήσῳ,

1053 1302 1131 1329 Μετὰ
1154 1302 1182 1328 δέ
1198 1303 1319 1339 Σεϐῆρον
1347 1303 1509 1331 ἐϐασίλευσε
1527 1305 1653 1340 Κόμοδος
1668 1306 1681 1332 6
1696 1306 1812 1339 ἁδελφὸς

1018 1347 1103 1375 αὑτοῦ
1117 1348 1164 1384 ἕτη
1181 1349 1223 1384 ιβ’,
1241 1351 1289 1376 καὶ
1303 1349 1356 1376 ὕπὸ
1370 1347 1518 1385 ἀναγωγῆς
1534 1351 1654 1385 αἵματος
1668 1352 1715 1378 καὶ
1728 1353 1811 1387 χολῆς

1018 1395 1114 1429 ἀθρόον
1145 1396 1290 1424 ἀπέθανεν.
1329 1397 1386 1430 Ἐφ’
1413 1393 1443 1423 οὗ
1472 1398 1518 1424 καὶ
1552 1398 1691 1430 Θεόδοτος,
1719 1400 1733 1425 6
1763 1400 1812 1426 καὶ

1019 1440 1129 1475 πρῶτος
1161 1443 1210 1475 τῆς
1246 1443 1317 1469 κατὰ
1349 1443 1455 1469 Παῦλον
1485 1443 1530 1470 τὸν
1569 1444 1730 1478 Σαμοσατέα
1763 1445 1810 1471 καὶ

1019 1485 1167 1522 Νεστόριον
1184 1487 1288 1524 πλάνης
1304 1489 1459 1524 ἀρξάμενος
1470 1509 1478 1522 ,
1498 1491 1546 1516 καὶ
1562 1489 1710 1516 Θεοδοτίων
1726 1491 1811 1524 ἐγνω-

1020 1533 1138 1568 ρίζοντο.

1053 1577 1131 1604 Μετὰ
1154 1577 1182 1604 δὲ
1197 1578 1318 1613 Κόμοδον
1331 1578 1490 1605 ἐϐασίλευσε
1507 1579 1644 1615 Περτίναξ
1661 1581 1748 1615 μῆνας
1775 1579 1810 1614 β’,

1017 1624 1064 1650 καὶ
1080 1624 1188 1659 ἐσφάγη
1203 1624 1256 1650 ὑπὸ
1270 1624 1322 1651 τῶν
1337 1625 1526 1660 στρατιωτῶν.

1054 1669 1132 1695 Μετὰ
1152 1669 1180 1696 δέ
1206 1671 1362 1704 Περτίνακσι
1381 1671 1541 1697 ἐϐασίλευσε
1560 1671 1654 1704 Δάδιος
1672 1674 1762 1707 μῆνας
1778 1673 1810 1705 δ’,

1017 1714 1046 1746 6;
1077 1716 1123 1741 καὶ
1151 1715 1297 1747 Ἰουλιανὸς
1324 1715 1454 1750 λέγεται,
1485 1716 1532 1743 καὶ
1556 1718 1662 1753 ἐσράγη
1684 1719 1736 1745 ὑπὸ
1761 1720 1810 1746 τοῦ

1018 1760 1244 1796 κουϐικουλαρίου
1262 1762 1301 1793 εἰς
1317 1762 1366 1796 τὴν
1382 1762 1474 1798 πηγὴν
1488 1762 1535 1789 τοῦ
1550 1763 1683 1790 παλατίου
1698 1764 1810 1800 θεωρῶν

1018 1808 1083 1838 τοὺς
1101 1807 1209 1843 ίχθύας.

1054 1855 1134 1881 Μετὰ
1147 1855 1174 1881 δὲ
1189 1854 1286 1881 Δάδιον
1302 1853 1461 1881 ἐϐασίλευσε
1479 1855 1599 1890 Σεϐἦρος
1618 1856 1664 1890 ἐτη
1684 1859 1728 1891 ιη’.
1751 1857 1810 1891 Ἐφ’

1017 1899 1048 1929 οὗ
1074 1902 1209 1936 Λεωνίδης
1234 1902 1248 1928 6
1275 1902 1425 1933 ἐπίσκοπος
1451 1903 1499 1927 καὶ
1529 1901 1621 1936 πατὴρ
1652 1902 1809 1937 Ὠριγένους

1018 1946 1206 1982 ἐμαρτύρησε,
1231 1947 1277 1973 καὶ
1303 1946 1420 1981 Κλήμης
1434 1948 1448 1972 6
1463 1946 1648 1981 Στρωματεὺς
1662 1947 1710 1974 καὶ
1738 1948 1811 1983 Σύμ-

1020 2002 1106 2029 μαχος
1124 1994 1170 2020 καὶ
1190 1992 1332 2027 Ὠριγὲνης
1348 1993 1539 2027 ἐγνωρίζοντο.

1053 2039 1130 2066 Μετὰ
1156 2039 1184 2065 δὲ
1213 2038 1333 2074 Σεϐῆρον
1364 2038 1541 2065 ἐϐασίλευσεν
1577 2039 1734 2071 Ἀντωνῖνος
1763 2039 1810 2066 καὶ

1018 2086 1103 2117 Γέτας
1117 2086 1131 2112 6
1147 2085 1263 2119 ἀδελφὸς
1280 2084 1364 2111 αὑτοῦ
1392 2085 1481 2120 μῆνας
1500 2084 1533 2120 β’.
1555 2085 1612 2112 Καὶ
1629 2085 1737 2118 σφάξας
1763 2086 1809 2112 τὸν

1018 2132 1132 2167 ἀδελφὺν
1151 2132 1238 2158 αὐτοῦ
1264 2130 1310 2158 καὶ
1341 2132 1516 2167 μοναρχήσας
1538 2132 1587 2167 ἐτη
1610 2135 1636 2158 ς’
1656 2132 1809 2167 ἀναιρεῖται
1862 2167 1865 2169 ἓ

982 2179 1004 2207 Ι)
1019 2179 1072 2205 ὑπὸ
1090 2179 1141 2205 τῶν
1159 2179 1243 2205 [δίων.

1053 2226 1132 2252 Μετὰ
1154 2225 1182 2251 δὲ
1217 2225 1378 2251 ’Λντωνῖνον
1398 2220 1587 2262 ἐϐασίλευσεν,
1604 2224 1765 2256 Ἀντωντνος
1795 2226 1809 2252 6

1016 2271 1180 2305 Καράκαλος
1204 2271 1252 2305 ἐτη
1273 2273 1329 2304 κς¹,
1347 2273 1395 2298 καὶ
1421 2273 1530 2308 ἐσφάγη
1548 2273 1577 2299 ἐν
1603 2271 1726 2306 πολέμῳ.
1750 2272 1808 2306 Ἐφ’

1015 2314 1046 2343 οὗ
1057 2317 1090 2353 ἦν
1102 2318 1221 2352 Γαληνὸς
1235 2320 1249 2344 6
1266 2319 1367 2353 ἱατρός.

1051 2356 1128 2389 Μέτὰ
1147 2363 1176 2388 δὲ
1200 2363 1358 2390 Ἀντωνῖνον
1378 2362 1537 2389 ἐϐασίλευσε
1554 2363 1694 2397 Μακρῖνος
1714 2362 1760 2397 ἐτη
1775 2362 1806 2395 δ’,

1016 2409 1065 2435 καὶ
1081 2409 1188 2443 ἐσφάγη
1206 2409 1258 2434 ὑπὸ
1278 2409 1449 2435 Ἀντιι)νίνου.

1051 2455 1129 2482 Μετὰ
1158 2455 1185 2481 δὲ
1215 2456 1356 2490 Μακρῖνον
1385 2455 1564 2481 ἐϐασίλευσεν
1603 2455 1761 2486 Ἀντωνῖνος
1794 2455 1808 2481 6

1016 2499 1133 2533 Γάλϐας,
1150 2500 1198 2527 καὶ
1211 2501 1317 2535 ἐσφάγη
1334 2500 1386 2526 ὑπὸ
1408 2500 1596 2534 Ἀλεξάνδρου.

1052 2547 1129 2573 Μετὰ
1149 2547 1177 2573 δὲ
1210 2547 1368 2573 Ἀντωνῖνον
1389 2546 1567 2573 ἐϐασίλευσεν
1595 2546 1768 2582 Ἀλέξανδρος
1794 2548 1807 2572 6

1016 2594 1148 2627 Μαμαὴς
1164 2593 1211 2628 ἐτη
1229 2596 1273 2627 ιγ’,
1295 2594 1342 2620 καὶ
1370 2593 1478 2628 ἐσφάγη
1496 2594 1546 2619 σὺν
1562 2595 1595 2629 τῇ
1614 2594 1699 2628 μητρὶ
1723 2593 1806 2620 αὑτοῦ

1016 2640 1133 2673 Μαμαίᾳ.
1157 2638 1186 2670 ἐξ
1210 2639 1356 2673 ἐπιϐουλῆς
1381 2638 1537 2673 Μαξιμίνου
1554 2638 1721 2674 στρατηγοῦ.
1748 2639 1807 2674 Ἐφ’

1016 2684 1046 2713 οὗ
1073 2686 1228 2720 Νάρκισσος
1254 2685 1407 2716 ἐπίσκοπος
1430 2685 1627 2720 Ἰεροσολύμων
1644 2686 1673 2711 ὲν
1695 2685 1733 2719 τῷ
1757 2685 1807 2719 βα-

1017 2731 1133 2764 πτίζειν,
1156 2731 1248 2757 ἐλαίου
1263 2730 1310 2756 τοῦ
1327 2731 1480 2765 χρίσματος
1494 2730 1646 2763 λείψαντος,
1660 2731 1806 2757 ἐκέλευσεν

1018 2778 1090 2813 ὕδωρ
1111 2779 1140 2803 ἐν
1155 2777 1193 2812 τῷ
1213 2777 1330 2812 κρατῆρι
1352 2776 1495 2812 βληθῆναι,
1510 2779 1557 2804 καὶ
1584 2777 1806 2812 προσευξάμενος

1018 2826 1056 2856 εἰς
1073 2824 1161 2851 ἔλαιον
1176 2823 1254 2850 τοῦτο
1272 2822 1415 2858 μετέῆαλε.
