1935 3071
217 135 270 165 ‘239

974 133 1108 165 JOELIS

1794 133 1850 166 Ξῡῦ

217 193 264 228 qui
289 202 305 220 a
332 193 442 221 .luliauo
470 197 564 220 essent
584 192 776 225 contaminati,
807 193 925 228 imperio
954 200 1001 220 nor

1064 192 1245 227 στρατόπεδον
1269 191 1412 227 εἲρηκέναι
1430 191 1467 227 μὴ
1483 191 1611 218 δύνασθαι
1632 191 1785 227 βασιλεύειν
1800 193 1850 220 αὺ-

217 249 298 274 posse
317 248 434 274 praeesse
450 239 602 274 respondit.
625 240 717 272 Quare
739 247 834 266 omnes
853 247 906 266 una
929 247 1006 273 voce,

206 291 249 317 ,ut
270 286 368 318 fertur,
389 286 586 319 acclamarunt,
601 285 655 312 Nos
668 285 816 313 Christiani
839 293 944 313 sumus.
963 285 1008 313 Sic

203 325 363 366 imperium
380 331 496 366 accepit.
517 331 617 358 Verum
635 332 681 358 hic
695 331 756 366 pius
766 336 848 365 alque
865 331 1009 358 admiran-

218 378 269 405 dus
286 383 345 412 post
359 378 468 412 imperii
491 377 533 404 sui
554 385 663 404 menses
682 382 755 409 octo,
780 385 842 404 cum
865 385 879 404 a
898 378 1008 405 Perside

218 424 332 456 rediret,
347 424 429 451 rebus
443 424 562 450 terrenis
581 423 710 455 excessit,
733 423 882 450 Ecclesiam
905 429 933 450 et
946 423 1008 450 uni-

219 477 325 496 versam
346 469 553 496 multitudinem
572 469 675 504 ingenti
692 469 768 496 luctu
785 468 916 497 alliciens.

256 570 321 596 Post
337 561 514 597 Iovinianum
540 570 748 597 Valentinianus
772 569 916 604 imperium
939 569 1008 596 rexit

217 624 305 642 annos
318 616 475 642 duodecim.
494 615 519 642 ls
538 616 679 643 Valentem
708 616 833 647 fratrem,
863 621 1006 650 postquam

218 663 393 689 renuntiatus
403 668 478 689 esset
495 662 655 696 imperator,
668 663 779 697 triginta
793 662 892 688 diebus
907 661 1008 696 elapsis

216 716 249 735 ex
277 708 384 735 Paeonia
403 709 523 735 accitutn
538 709 671 743 collegam
693 709 802 743 imperii
819 708 892 735 fecit.
908 708 1008 735 Valens

218 754 354 781 haereticis
380 754 507 781 addictus
521 755 667 789 episcopos
682 756 840 782 sacerdotes
865 760 893 782 et
915 755 1006 781 diaco-

217 808 278 832 nos,
295 807 405 826 omnem
424 801 542 835 denique
558 801 665 835 plebem
684 802 785 828 acerbe
810 807 933 828 vexatam
960 808 1008 828 ex—

217 845 281 872 silio
298 846 443 876 multabat,
456 847 574 880 plurima
588 848 670 882 impia
685 848 729 874 illa
743 847 853 882 quidem
863 847 1007 879 atrocissie

216 898 317 924 tuaque
344 896 440 917 contra
460 891 507 917 Dei
530 891 679 918 Ecclesiam
705 900 857 926 aggressus.
883 892 1006 918 Tandem

216 944 278 962 cum
306 935 404 963 Gothis
434 938 520 963 armis
547 937 681 964 dimicans
710 937 827 965 atllictus
852 945 884 964 ac
904 942 1007 964 stratus

215 990 278 1009 cum
293 983 436 1009 nonnullis
451 983 559 1017 fugiens
578 983 604 1009 in
621 985 762 1018 tugurium
786 992 815 1011 se
833 984 950 1018 recipit;
968 982 1006 1010 ibi

216 1035 270 1054 una
288 1036 349 1054 cum
372 1029 428 1054 suis
450 1033 478 1054 et
499 1028 609 1062 tugurio
631 1028 797 1062 flamntis_ab
814 1029 941 1054 hostibus
957 1028 1006 1055 ab-

215 1079 343 1108 sumptus
357 1078 410 1106 est,
424 1069 486 1100 cum
504 1073 587 1108 impie
601 1075 805 1108 rempublicam
817 1074 1008 1100 administras-

216 1124 258 1147 set
282 1127 370 1146 annos
386 1119 608 1154 quatuordecim.
629 1120 840 1147 Valentinianus
862 1120 975 1154 Magnus
991 1126 1007 1145 e

216 1164 303 1192 Gallia
321 1165 432 1191 rediens
452 1164 524 1191 diem
541 1165 611 1191 obiit
626 1170 781 1192 extremum
798 1173 804 1193 :
833 1164 939 1200 imperii
953 1163 1007 1199 39

216 1211 339 1238 haeredes
366 1210 525 1237 Gratianum
560 1211 658 1243 lilium,
683 1211 730 1245 qui
747 1211 862 1245 Augusti
887 1209 1005 1245 insignia

215 1261 326 1291 ceperat
340 1257 489 1290 Romaque
497 1257 731 1288 commorabatur,
747 1261 774 1283 et
784 1256 1005 1283 Valentinianum

215 1303 365 1337 puerulum
386 1302 476 1329 adhuc
495 1302 629 1328 instituit.
655 1302 864 1328 Valentinianus
881 1301 1005 1329 deserto-

215 1355 277 1374 rum
296 1347 322 1373 vi
345 1352 458 1373 coactus
488 1347 597 1380 itnpcrii
615 1347 708 1373 sedem
738 1347 791 1374 sibi
821 1347 951 1381 arripuit,
978 1350 1007 1374 et

215 1393 329 1420 absente
342 1393 426 1420 fratre
447 1402 569 1429 purpura
592 1393 774 1421 convestitur.

252 1512 401 1540 Gratianus
425 1512 551 1547 Magnum
570 1512 755 1540 Theodosium
776 1520 908 1548 generum
925 1521 1006 1540 suum

214 1566 249 1586 ex
268 1559 396 1594 Hispania
413 1560 578 1586 advocatum
604 1559 798 1593 imperatorem
819 1565 904 1592 creat,
930 1561 1006 1588 able-

214 1609 316 1640 gatquc
353 1604 386 1631 ad
430 1604 553 1631 Orientis
595 1605 847 1639 gubernationem,
889 1605 1006 1641 Scythas

216 1652 362 1678 Thraciam
384 1652 560 1678 devastantes
585 1651 798 1678 debellaturum.
824 1652 921 1679 Postea
937 1660 1005 1679 vero

214 1698 325 1725 Maximi
344 1697 486 1732 cujusdam
508 1696 617 1723 insidiis
630 1697 665 1723 ab
677 1697 865 1732 Andragathio
883 1698 1005 1725 trucida-

216 1751 261 1772 tur
280 1749 307 1772 et
320 1752 335 1771 a
351 1743 509 1771 Theodosio
521 1743 549 1770 in
566 1743 640 1778 regia
652 1742 779 1777 sepulcra
795 1743 930 1771 defertur.

251 1845 315 1872 Post
328 1844 489 1872 Gratianum
512 1844 659 1878 imperium
677 1844 747 1871 rexit
760 1844 934 1872 Theodosius
949 1845 1005 1871 Ma-

214 1899 285 1926 gnus
310 1898 397 1917 annos
425 1890 634 1924 septemdecim.
658 1889 791 1924 Gregorio
818 1896 1004 1924 cognomento

215 1935 356 1970 'l'beologo
372 1936 464 1962 sedem
486 1935 657 1970 Cpolilanam
672 1935 796 1962 decrevit
812 1935 899 1962 invito
915 1943 947 1962 ac
962 1943 1005 1962 re-

214 1982 321 2015 nuenti,
340 1987 470 2016 tanquam
490 1982 543 2016 qui
569 1989 618 2016 pro
640 1981 774 2016 religione
789 1982 892 2008 multos
915 1989 1002 2008 exan-

214 2029 309 2056 tlasset
325 2029 434 2056 labores
454 2028 607 2062 urbemque
622 2027 656 2055 ab
670 2027 811 2054 haereseon
826 2027 871 2054 lue
886 2027 1003 2055 liberas-

213 2080 267 2101 set.
283 2073 383 2100 Verum
405 2073 558 2108 Gregorius
572 2073 617 2100 ubi
632 2073 780 2099 nonnullos
793 2072 936 2107 [Egyptios
950 2072 1003 2099 sibi

214 2127 248 2148 eo
277 2121 386 2147 nomine
401 2120 503 2146 invidia
529 2121 647 2154 percitos
665 2119 857 2146 succensuisse
877 2119 1001 2151 rescivit,

214 2166 340 2193 oratione
370 2174 452 2200 quam
482 2165 682 2200 Syntacteriam
704 2166 817 2192 vocavit.
835 2166 1001 2200 conscripta,

1060 237 1114 263 τῶν
1133 237 1171 269 ὡς
1184 237 1247 263 ’ὑπὸ
1272 237 1416 264 Ἰουλιανοῦ
1440 237 1637 272 μολυνϐἐντων.
1660 238 1727 264 Τότε
1746 238 1850 270 πάντας

1061 284 1110 319 μιᾷ
1122 284 1196 318 φωνῇ
1210 283 1397 318 ἀποκριθῆναι
1410 284 1530 317 λέγεται,
1547 284 1589 310 ὅτι
1611 284 1706 318 Ἡμεῖς
1720 285 1850 319 Χριστια-

1059 329 1099 355 νοί
1116 330 1210 364 ἐσμεν,
1232 331 1279 356 καὶ
1305 329 1378 356 οὓτω
1397 331 1444 364 τὴν
1470 330 1609 364 βασιλείαν
1634 330 1754 362 ἐδέξατο.
1779 331 1849 357 Ἀλλ’

1058 371 1137 406 οὗτος
1157 376 1171 401 ὁ
1191 375 1306 410 εὐσεϐὴς
1329 376 1377 402 καλ⁸
1399 376 1550 410 θαυμάσιος
1566 377 1636 411 μετὰ
1651 376 1676 412 η’
1694 378 1782 412 μῆνας
1802 377 1851 411 τῆς

1041 439 1046 444 .
1060 420 1144 446 αὑτοῦ
1162 420 1304 455 βασιλείας
1324 422 1352 446 ὲν
1366 421 1405 456 τῷ
1421 422 1605 457 ὑποστρέφειν
1618 423 1672 449 ἀπὸ
1685 422 1735 457 τῆς
1752 423 1850 458 Περσί-

1059 466 1103 497 δος
1132 467 1308 501 ἐτελεύτησε,
1333 468 1404 502 μέγα
1431 469 1527 499 πένθος
1545 469 1711 504 καταλείψας
1730 471 1764 505 τῇ
1789 469 1846 496 Ἐκο

1059 511 1160 546 κλησῐᾳ
1173 512 1222 538 καὶ
1238 511 1313 543 λαοῖς
1331 513 1444 539 ἅπασιν.

1094 567 1172 593 Μετὰ
1190 567 1218 593 δὲ
1246 568 1403 594 Ἰοὸινιαιὸν
1428 568 1605 595 ἐϐασίλευσεν
1628 568 1850 598 Οὐαλεντινιανὸς

1059 613 1105 648 ἔτη
1122 614 1165 646 ιβ’,
1184 613 1223 646 ὃς,
1245 615 1314 648 μετὰ
1326 613 1346 639 λ’
1362 614 1470 649 ἡμέρας
1489 615 1537 648 τῆς
1553 614 1635 640 αὐτοῦ
1646 615 1851 649 ἀναγορεύσεως

1059 659 1105 685 τὸν
1118 659 1217 686 ἑαυτοῦ
1233 660 1346 693 ἀδελφὺν
1364 661 1504 687 Οὐάλεντα
1516 663 1547 687 ἐκ
1564 662 1690 691 [latam/ia;
1707 669 1852 696 μεταπεμ-

1058 706 1190 740 ψάμενος,
1217 707 1345 732 κοινωνὸν
1371 708 1418 741 τῆς
1441 707 1580 741 βασιλείας
1604 707 1800 742 προσελάϐετο,
1822 707 1851 739 ὃς

1059 752 1123 783 τοὺς
1138 753 1296 786 αἰρετικοὺς
1319 753 1480 787 συγκροτῶν
1496 754 1526 779 οὺ
1544 753 1663 781 διέλιπεν
1683 755 1851 785 ἐπισκόπους

1058 800 1107 824 καὶ
1123 798 1329 833 πρεσϐυτέρους
1346 800 1392 825 καὶ
1404 799 1544 830 διακόνους
1563 799 1609 826 καὶ
1623 800 1704 831 λαοὺς
1721 800 1851 835 ὲξορίζων

1059 847 1105 872 καῖ
1128 846 1243 871 πλεῖστα
1267 846 1386 880 ἀθέμιτα
1404 845 1451 871 καὶ
1472 845 1602 879 ώμότατα
1626 846 1698 872 κατὰ
1729 847 1778 880 τῆς
1802 845 1850 871 τοῦ

1058 892 1127 918 Θεοῦ
1161 892 1326 926 Ἐκκλησίας
1354 891 1561 926 μηχανώμενον
1589 893 1723 927 ’Υστερον
1746 892 1773 918 δὲ
1794 893 1852 923 τοῖς

1059 937 1169 968 Γότοοις
1192 938 1312 972 πόλεμον
1339 937 1486 971 συμϐαλὼν
1502 939 1548 964 καὶ
1564 939 1635 964 κατὰ
1651 940 1751 973 κράτος
1768 939 1850 974 ἡττη-

1059 984 1115 1014 θεὶς
1130 983 1226 1018 φεύγει
1239 985 1287 1010 σὺν
1303 984 1403 1017 ὀλίγοις
1414 985 1454 1016 είς
1464 985 1579 1019 οἴκημα,
1597 985 1624 1010 ὲν
1637 981 1658 1018 ᾧ
1670 985 1764 1011 τοῦτον
1782 992 1851 1011 κατ-

1058 1029 1176 1055 έκαυσαν
1214 1030 1237 1055 οἱ
1266 1030 1390 1064 πολέμιοι
1417 1031 1466 1056 σὺν
1486 1032 1541 1062 τοῖς
1563 1030 1690 1056 συνοῦσιν
1707 1030 1781 1065 αὐτῷ
1803 1031 1851 1056 καὶ

1059 1076 1134 1110 αιτῷ
1163 1076 1312 1110 οἰκήματι,
1339 1075 1536 1109 βασιλεύσαντα
1569 1076 1687 1107 ἀνοσίως
1722 1075 1769 1110 ἐτη
1807 1075 1848 1101 ιδ’.

1059 1122 1282 1152 υἱισλεντινιανὸς
1300 1122 1328 1147 δὲ
1351 1122 1364 1147 ὁ
1382 1123 1475 1155 Μέγας
1495 1123 1526 1147 ἐκ
1540 1122 1594 1148 τῶν
1613 1122 1706 1156 μερῶν
1721 1122 1770 1156 τῆς
1786 1121 1848 1148 Γαλι

1059 1169 1119 1200 λίας
1137 1162 1222 1194 ἐλσὼν
1242 1168 1400 1204 ἐτελειώθη,
1422 1168 1610 1203 κληρονόμους
1625 1168 1674 1203 τῆς
1690 1167 1787 1194 ἑαυτοῦ
1801 1167 1850 1202 βα-

1059 1214 1161 1244 σιλείας
1186 1212 1345 1239 καταλιπὼν
1365 1213 1514 1248 Γρατιανὸν
1531 1213 1577 1239 τὸν
1594 1213 1651 1238 υίὸν
1675 1213 1768 1244 αὐτοῦ,
1795 1211 1851 1238 Αὕ-

1058 1269 1173 1295 γουστον
1204 1260 1268 1286 ὂντα
1305 1260 1353 1285 καὶ
1385 1260 1414 1285 ὲν
1446 1259 1539 1294 Ῥώμῃ
1569 1258 1770 1294 διατρίϐοντα,
1802 1259 1850 1284 καὶ

1059 1307 1282 1334 υὺαλεντινιανὸν
1297 1307 1356 1333 νέον
1368 1306 1468 1341 κομιδῆ
1479 1307 1661 1341 τυγχάνοντα,
1677 1305 1706 1332 ὃν
1715 1307 1731 1340 ἡ
1741 1306 1849 1339 ἀνάγκη

1058 1353 1113 1379 τῶν
1129 1351 1343 1386 ἐπιχειρούντων
1358 1352 1402 1378 τὸν
1413 1353 1496 1378 τόπον
1512 1353 1561 1385 τῆς
1574 1351 1712 1385 βασιλείας
1725 1352 1853 1386 ὑφαρπά-

1059 1399 1116 1430 ζειν
1145 1398 1337 1433 παρεσκεύασε
1368 1400 1414 1424 καὶ
1442 1399 1558 1430 ἀπόντος
1585 1399 1632 1425 τοῦ
1659 1397 1774 1432 ἀδελφοῦ
1801 1397 1845 1424 “th

1059 1445 1206 1480 πορφύραν
1220 1445 1418 1480 ἀναδήσασθαι.

1100 1512 1128 1541 Ὀ
1145 1514 1172 1541 δέ
1190 1523 1222 1547 γε
1238 1514 1384 1549 Γρατιανδς
1407 1513 1453 1540 τὸν
1483 1513 1570 1548 μέγαν
1597 1513 1738 1540 Θεοδόσιον
1759 1512 1789 1545 ἐξ
1815 1512 1850 1538 'l—

1059 1560 1174 1590 σπανίας
1190 1558 1302 1592 ἀγαγὼν
1319 1557 1526 1592 προεχειρίσατο
1537 1558 1575 1588 εἰς
1588 1556 1710 1591 βασιλέα,
1725 1555 1850 1590 γαμϐρὸν

1056 1605 1140 1632 αὐτοῦ
1171 1606 1247 1637 ὄντα,
1272 1605 1340 1638 πρὸς
1364 1605 1396 1630 τὸ
1423 1603 1551 1638 πολεμεῖν
1577 1604 1634 1635 τοῖς
1660 1602 1778 1633 Σκύθαις
1801 1601 1849 1636 τὴν

1057 1652 1171 1688 Θρᾴκην
1189 1652 1371 1686 ληϊζομένοις.
1396 1651 1425 1676 Ὀ
1439 1651 1466 1676 δὲ
1491 1650 1639 1685 Γρατιανὸς
1661 1649 1721 1676 κατ’
1737 1648 1850 1675 ἑπιΰου-
1872 1646 1875 1649 ’

1056 1698 1105 1732 λὴν
1129 1698 1255 1733 Μαξίμου
1272 1698 1344 1728 τινος
1365 1695 1399 1723 δι’
1428 1697 1623 1733 Ἀιιδραγαοίου
1644 1696 1773 1732 ἀνῃρέθη,
1803 1696 1850 1721 καὶ

1057 1745 1110 1772 ὑπὸ
1132 1744 1274 1771 Θεοδοσίου
1302 1745 1342 1776 εἰς
1366 1744 1431 1775 τοὺς
1457 1743 1614 1778 βασιλικοὺς
1650 1746 1753 1777 τάφους
1784 1750 1848 1777 μετ-

1056 1792 1150 1827 men.

1091 1848 1168 1876 Μετὰ
1189 1848 1218 1875 δὲ
1242 1848 1389 1883 Γρατιανὺν
1410 1848 1569 1874 ἐϐασίλευσε
1597 1847 1737 1878 Θεοδᾶσος
1755 1848 1769 1874 ὁ
1789 1847 1847 1874 Μέο

1055 1905 1108 1930 γας
1127 1896 1173 1931 ἐτη
1199 1896 1243 1928 ιζ’,
1266 1895 1296 1927 ὃς
1311 1896 1350 1931 τῷ
1369 1896 1493 1929 Θεολὸγῳ
1509 1895 1654 1930 Γρηγορίῳ
1669 1894 1719 1930 τὴν
1736 1895 1848 1921 ἐπισκοο

1056 1942 1110 1977 πὴν
1125 1942 1248 1976 ἐκύρωσε
1266 1942 1576 1973 Κωνσταντινουπόλεως
1586 1943 1632 1968 καὶ
1642 1940 1678 1976 μὴ
1692 1940 1845 1975 θελήσιντι,

1056 1989 1233 2023 βιασάμενος,
1250 1988 1287 2019 ὡς
1304 1988 1389 2014 πολλὰ
1410 1989 1525 2022 καμόντι
1542 1990 1586 2014 καὶ
1600 1988 1650 2022 τῆς
1669 1988 1773 2021 πλάνης
1793 1987 1846 2013 τῶν

1055 2035 1190 2069 αἱρέσεων
1209 2034 1258 2070 τὴν
1275 2034 1353 2061 πόλιν
1371 2033 1593 2069 ἐλευθερώσαντι.
1614 2033 1734 2067 Ὀλίγους
1749 2033 1778 2059 δὲ
1792 2033 1846 2058 τῶν

1055 2081 1211 2115 Αἰγυπτίων
1224 2080 1316 2116 μαθὼν
1327 2082 1341 2107 ὁ
1357 2081 1427 2112 θεῖος
1444 2081 1592 2116 Γρηγόριος
1607 2080 1646 2116 τῷ
1670 2080 1743 2113 λόγῳ
1757 2079 1845 2112 τούτῳ

1056 2126 1255 2162 φθονήσαντας,
1275 2126 1321 2152 τὸν
1336 2126 1536 2160 Συντακτήριον
1551 2125 1656 2156 συνθεὶς
1671 2124 1721 2158 τῆς
1734 2126 1845 2150 ἐπισκο-

1056 2173 1140 2207 πικῆς
1154 2172 1315 2206 διοικήσεως
1325 2173 1513 2208 ὑπεχώρησεν.
1528 2170 1686 2198 ’Λντ¹αὑτοῦ
1698 2170 1726 2195 δε
1740 2169 1846 2195 Νεκτά-

213 2211 248 2238 ab
261 2212 437 2246 episcopatus
466 2219 550 2238 onere
567 2219 627 2238 sese
652 2211 799 2238 abdicavit.
828 2211 902 2238 Loco
927 2211 1002 2238 illius

1058 2227 1113 2253 μοι
1125 2217 1331 2253 προχειρίζεται
1349 2219 1363 2244 ὅ
1379 2227 1408 2244 -ιε
1426 2217 1552 2253 βασιλεὺς
1571 2217 1617 2242 καὶ
1633 2215 1769 2251 ήσύνοδος
1780 2234 1787 2246 ,
1801 2215 1844 2240 ὅτε

213 2258 249 2285 ab
279 2259 446 2293 imperatore
470 2261 498 2284 et
525 2257 629 2293 synodo
646 2257 790 2284 Nectarius
813 2262 924 2285 evectus
946 2262 997 2286 est.

214 2307 283 2333 Tum
300 2307 420 2333 secunda
431 2306 552 2341 synodus
573 2305 624 2333 150
640 2309 800 2332 sanctorum
818 2305 929 2332 Patrum
948 2306 998 2332 ad-

213 2360 310 2379 versus
331 2353 519 2380 Maccdonium
542 2352 701 2386 episcopum
725 2350 909 2386 Cpolitanum,
935 2351 998 2386 Spi-

213 2399 283 2426 ritus
308 2399 394 2425 sancti
419 2402 655 2433 oppugnatorem,
684 2397 762 2432 Cpoli
789 2397 928 2424 celebrata
943 2403 996 2425 est.

212 2444 269 2471 Sub
292 2444 388 2471 eodem
410 2445 558 2478 pretiosum
580 2443 761 2471 Praecursoris
782 2448 864 2478 caput
892 2443 997 2478 Cpolim

210 2489 368 2516 advehitur.
391 2489 498 2516 Interea
519 2480 729 2516 Valentinianus
747 2489 774 2515 in
789 2489 913 2516 occiduis
931 2497 998 2524 par-

212 2535 285 2562 tibus
305 2536 362 2570 ipse
387 2535 440 2562 sibi
457 2535 556 2570 laqueo
575 2536 658 2562 vitam
686 2536 836 2570 intercipit,
859 2543 913 2570 qua
932 2543 997 2563 vero

208 2583 242 2609 de
255 2590 336 2609 causa
356 2583 446 2609 adhuc
467 2582 668 2616 incompertum
690 2587 742 2609 est.
768 2582 854 2609 Porro
867 2583 996 2610 Theodo-

208 2632 266 2658 sius
283 2631 404 2658 Orientis
421 2629 476 2665 40
489 2630 636 2665 imperium
661 2630 713 2657 sibi
734 2630 863 2656 traditum
882 2629 997 2656 Arcadio

208 2676 458 2704 administrandum
483 2676 642 2708 committit,
669 2676 819 2702 llonorium
842 2675 994 2711 dignitate,

209 2730 262 2758 qua
279 2724 337 2758 ipso
352 2723 483 2758 pollebat,
494 2728 605 2750 auctutn
624 2723 658 2749 ad
674 2720 832 2748 Occidentis
846 2721 993 2756 imperium

207 2777 289 2804 quam
311 2769 389 2796 ocius
414 2770 539 2804 ablegat;
555 2775 675 2803 eumque
698 2775 761 2794 eum
778 2767 811 2794 ad
827 2775 857 2795 se
874 2768 995 2795 venisset

207 2817 278 2844 laetis
289 2817 361 2844 ulnis
373 2817 545 2851 cor-nplexum
556 2815 629 2843 dulci
645 2814 741 2842 osculo
753 2815 836 2849 cepit,
846 2820 928 2849 atque
940 2816 994 2842 0c-

207 2864 352 2892 eidentalis
365 2865 472 2899 imperii
490 2863 755 2891 administrationem
770 2861 916 2891 concessit.
933 2862 994 2898 Ipse

1057 2264 1103 2290 καὶ
1116 2264 1132 2299 ὴ
1147 2264 1262 2298 δευτέρα
1272 2264 1379 2294 σύνοδος
1394 2264 1506 2297 γέγονεν
1517 2264 1545 2289 ὲν
1558 2261 1844 2289 Κωνσταντινουπόλει

1055 2311 1109 2336 τῶν
1144 2313 1181 2346 ρν¹
1215 2310 1300 2342 ἁγίων
1333 2310 1463 2344 Πατέρων
1493 2310 1564 2336 κατὰ
1595 2309 1763 2336 Μακεδονίου
1795 2307 1842 2333 τοῦ

1053 2356 1293 2391 πνευματομάχου,
1304 2356 1453 2381 ἐπισκόπου
1463 2356 1605 2389 γεγονότος
1622 2356 1780 2381 Κωνσταντι
1789 2362 1843 2379 «ιυ-

1054 2401 1168 2432 πόλεως.
1193 2402 1253 2427 Ἐπὶ
1269 2401 1297 2427 δὲ
1313 2401 1456 2427 Θεοδοσίου
1486 2402 1533 2428 καὶ
1545 2403 1561 2436 ἡ
1576 2402 1655 2435 τιμία
1677 2401 1782 2434 κεφαλὴ
1796 2399 1842 2426 τοῦ

1054 2447 1249 2481 Ιίροδρόμουὲν
1267 2447 1548 2473 Κωνσταντινουπόλει
1562 2447 1734 2481 διεκομίσθη.
1756 2446 1799 2471 Ἐν
1814 2445 1843 2471 ἱὲ

1052 2492 1092 2526 τῷ
1113 2492 1214 2526 μεταξὺ
1233 2491 1456 2524 Οὑαλεντινίανὸς
1479 2494 1508 2518 ὲν
1528 2495 1584 2523 τοῖς
1599 2494 1647 2527 τῆς
1669 2493 1779 2523 Δύσεως
1796 2493 1844 2527 μέ-

1054 2547 1113 2572 ρεσι
1138 2537 1228 2572 βρόχῳ
1245 2539 1419 2573 χρησάμενος
1442 2539 1472 2565 τὸ
1488 2540 1564 2569 τέλος
1578 2535 1641 2574 εὗρε
1655 2538 1702 2565 τοῦ
1721 2538 1791 2573 βίου,
1808 2537 1842 2564 δι’

1051 2585 1085 2620 ἢν
1110 2585 1198 2610 αἰτίαν
1215 2586 1297 2620 μέχρι
1319 2586 1366 2612 τοῦ
1389 2587 1522 2621 παρόντες
1545 2588 1594 2613 οὐκ
1610 2587 1701 2620 ἴσμεν.
1723 2587 1753 2612 '0
1767 2586 1795 2612 δέ
1811 2594 1841 2619 ’,ε

1052 2631 1193 2662 Θεοδόσιος
1211 2632 1240 2657 ἐν
1255 2632 1305 2666 μὲν
1322 2634 1354 2667 τῇ
1379 2632 1506 2668 ’Λνατολῇ
1525 2633 1570 2658 τὸν
1596 2633 1738 2668 Ἀρκάδιον
1758 2641 1843 2667 προσ-

1053 2677 1133 2709 έταξε
1159 2678 1209 2712 τὴν
1222 2678 1423 2711 παραδοθεῖσαν
1438 2679 1511 2714 αὐτῷ
1528 2679 1668 2713 βασιλείαν
1685 2680 1841 2713 φυλάττειν,

1058 2723 1186 2757 Ὀνώριον
1212 2723 1241 2749 δὲ
1269 2725 1300 2758 τῇ
1324 2723 1406 2750 αὑτοῦ
1430 2725 1550 2758 τιμήσας
1573 2724 1636 2759 ἀξία
1651 2725 1698 2750 ἐπὶ
1718 2725 1768 2760 τὴν
1791 2725 1842 2759 τῆς

1052 2769 1160 2800 Adesto;
1182 2769 1322 2804 βασιλείαν
1341 2769 1428 2797 ἐλθεῖν
1448 2771 1554 2805 ταχέως
1573 2770 1752 2806 προσέταξεν.
1782 2770 1841 2796 Ἐλ-

1051 2817 1134 2842 ῠόντα
1157 2816 1185 2842 δὲ
1207 2816 1289 2843 αὐτὸν
1307 2817 1508 2851 περιεπτύξατο
1524 2819 1569 2843 καὶ
1590 2818 1712 2853 ἐφίλησε,
1738 2819 1785 2844 καὶ
1808 2819 1841 2844 τὰ

1051 2864 1098 2899 τῆς
1121 2863 1259 2898 βασιλείας
1285 2864 1413 2900 σκῆπτρα
1438 2864 1488 2899 τῆς
1503 2865 1612 2896 Assam;
1639 2866 1838 2900 παραδεδωκὼς
