1935 3071
118 93 172 125 293
826 94 1035 124 PILl-LFATIO.
1705 98 1758 129 2M,

118 157 222 184 susque
238 149 302 177 inde
317 151 441 177 exortum
457 157 506 184 per
523 155 632 185 apertos
644 158 756 185 campos
768 150 927 185 exspatiari,
943 149 1016 184 quod
1033 150 1132 177 mirum
1143 151 1214 177 haud
1228 150 1377 184 videbitur,
1391 152 1413 179 si
1427 153 1478 180 soli
1492 152 1566 180 illius
1577 157 1674 181 natura
1688 161 1756 182 enn-

118 193 272 220 siderctur.
292 193 382 226 Quare
399 193 432 221 de
447 194 501 220 alio
516 194 630 221 llumine
648 193 763 224 Cadmo.
789 193 887 220 iisdem
906 199 990 228 atque
1011 193 1101 228 Lycus
1126 195 1249 222 l'ontibus
1267 197 1422 227 exsiliente,
1442 198 1537 226 scribit
1559 198 1660 226 Strabo
1674 200 1723 227 lib.
1741 209 1757 228 χ

118 238 157 272 (p.
175 238 240 267 578)
256 248 262 264 :
284 238 459 273 ’Υπέρκειται
472 238 500 264 δὲ
512 238 561 272 τῆς
580 238 739 270 Λαοδικείας
754 238 816 272 ὅρος
843 238 962 272 Κάδμος,
977 237 1004 270 ἐξ
1014 235 1046 264 οὗ
1064 239 1111 264 καὶ
1123 239 1234 270 ultimo;
1250 241 1300 274 ῥεῖ,
1314 240 1360 266 καὶ
1371 241 1448 272 ἄλλος
1461 242 1605 277 ὁμώνυμος
1627 243 1666 277 τῷ
1674 244 1733 279 δρα
1747 254 1753 260 ·

118 282 149 307 τὸ
166 281 251 308 πλέον
263 282 290 308 δὲ
304 279 379 312 οὗτος
396 282 449 308 ὑπὸ
463 282 515 315 γῆς
532 283 615 316 ῥυεὶς,
638 279 687 308 εἶτ’
701 281 844 316 ἀνακύψας
860 283 1007 308 συνέπεσεν
1022 283 1061 313 εἰς
1073 284 1156 309 muco
1169 285 1225 314 toi;
1239 284 1328 315 ἄλλοις
1342 287 1484 320 ποταμοῖς,
1499 287 1639 321 ἐμφαίνων
1650 289 1708 323 ἅμα
1725 291 1755 316 τὸ

118 321 292 360 πολύτρητον
304 326 352 360 τῆς
370 326 472 360 χώρας,
485 327 529 352 καὶ
544 325 574 352 τὸ
587 324 729 352 εὕσειστον
742 334 749 340 ·
764 327 788 351 ει
804 327 858 361 γάρ
872 335 914 357 τις
926 327 1006 361 άλλη,
1017 329 1064 354 καὶ
1074 329 1090 362 ἡ
1104 329 1246 355 Λαοδίκτικ
1264 329 1413 362 εὖσειστος,
1430 332 1476 357 καὶ
1491 332 1540 367 τῆς
1555 321 1754 369 πλησιυχῶρου.

118 371 187 403 (Καὶ
207 371 266 404 μετ’
281 370 383 403 ὀλίγα.)
400 368 495 404 Σχεδὸν
508 369 535 396 δέ
548 378 575 396 τι
587 369 726 401 elice-.616;
737 371 794 396 ἐστι
811 371 857 396 καὶ
873 372 948 398 πᾶσα
959 372 975 405 ή
986 373 1049 408 περὶ
1063 374 1108 399 τὸν
1122 374 1275 409 Μαίανδρῡν
1289 375 1365 409 χώρα
1377 375 1423 402 καὶ
1433 377 1566 411 ὑπόνομος
1589 368 1755 412 πυρίτενκαὶ

118 414 197 440 ὕδατι
224 414 306 448 μέχρι
327 414 376 448 τῆς
398 414 558 448 μεσογαίας.
575 412 663 447 Supra
686 413 841 440 Laodiceam
856 414 882 440 si,

998 424 1072 443 mons
1090 416 1216 447 Cadmus,
1234 426 1246 443 e
1260 426 1309 452 quo
1326 419 1408 453 Lycus
1432 420 1531 453 (lc/luit,
1557 422 1669 456 itemque
1685 419 1753 450 alius

117 457 203 483 monti
227 457 402 491 cognominis,
417 457 461 490 qui
476 465 534 483 cunt
551 457 622 483 haud
634 457 727 490 exiguo
744 458 830 492 spatio
850 462 949 485 terram
963 461 1076 491 subiens,
1095 469 1234 496 rursusque
1254 470 1398 497 emergens,
1419 464 1523 498 reliquis
1542 466 1682 493 misceatur
1700 469 1753 502 ﬂu-

117 502 244 531 minibus,
260 501 343 527 simul
357 505 382 527 et
397 500 486 527 multis
502 501 675 534 foraminibus
691 501 808 535 perviam
822 501 985 530 demonstrat
998 512 1053 530 esse
1069 505 1212 538 regionem,
1230 510 1253 531 et
1268 507 1408 533 obnoxium
1425 512 1501 534 lt‘l‘ftl'
1514 510 1634 540 motibus,
1652 515 1675 536 ξι
1691 500 1753 538 eici.

119 546 194 571 niam
207 546 280 571 item.
302 544 335 570 Et
352 552 424 572 mox.
440 544 504 571 Fere
522 549 614 571 autem:
627 549 682 571 tota
697 545 730 571 ad
746 544 915 572 Mtcaudrum
930 547 1001 581 regio
1015 547 1092 580 facile
1110 550 1300 575 lerru’motibus
1323 552 1481 582 concutitur,
1495 556 1518 577 et
1534 553 1665 580 cuniculos
1677 556 1751 581 liabet

114 589 177 623 igne
190 594 214 615 et
228 597 298 623 aqua
312 588 402 623 plenos
413 596 492 623 usque
505 589 540 615 ad
554 588 761 616 Mcdtterranea.
780 588 832 616 Sed
847 590 980 624 quidquid
998 591 1033 617 sit
1048 591 1082 617 de
1099 591 1161 621 hoc,
1178 597 1240 619 ante
1256 600 1337 626 quant
1354 594 1407 620 alio
1423 595 1511 620 oratio
1525 596 1665 629 procedat,
1683 598 1751 624 invi-

115 641 211 660 samus
228 640 448 666 veneremurque
475 633 607 667 templutn
631 633 718 667 ipsum
743 633 883 660 Michaelis
912 635 1213 668 muniﬁcentissimuut,
1227 637 1300 670 quod
1322 637 1432 664 Nieetas
1447 639 1526 665 nobis
1543 645 1749 672 contctranctts.

115 678 167 704 lib.
183 685 220 709 vr,
237 678 264 704 in
281 685 337 712 quo
351 678 385 704 de
401 677 526 704 Mattuele
551 677 728 711 imperatore,
746 679 842 712 paucis
872 686 879 704 t

985 682 1070 705 'ntat:
1089 679 1135 704 καὶ
1153 679 1199 704 τὸν
1215 680 1413 714 ἀρχαγγελικὲν
1436 682 1500 707 ναὸν
1527 683 1618 708 εἰσιὼν
1641 685 1749 718 μεγέθει

117 722 259 755 μέγιστον,
279 722 326 747 καὶ
340 721 432 748 κάλλει
460 721 602 747 κάλλιστον
620 721 694 751 ὄντα,
712 721 759 747 καὶ
776 721 881 755 θαυμαο

983 722 1038 756 ιρὺς
1051 722 1159 749 ἅπαντα
1177 723 1266 757 ἔργον.
1283 723 1315 750 Et
1340 725 1422 751 (edem
1439 726 1590 761 archangeli
1616 729 1747 762 magnum

113 766 178 792 dine
194 768 352 797 niaximum,
369 766 569 801 pulchritudine
589 765 805 800 pulcherrimam,
825 769 849 793 et
864 765 1027 792 admirabilis
1042 767 1147 793 omnino
1161 767 1267 798 artiﬁcii
1283 776 1358 802 opus,
1376 769 1517 803 ingressus.

159 810 197 836 Ex
218 810 261 836 his
276 810 370 844 itaque
387 809 492 836 Cltonis
504 814 584 836 natus
594 809 744 836 Choniates
761 809 882 842 Nicetes,
907 809 1042 836 novt-nnis
1057 817 1072 835 a
1085 815 1162 844 patre
1175 811 1208 836 ad
1224 811 1383 838 llieltaeletu
1401 817 1467 839 natu
1488 815 1618 849 majorem
1644 815 1745 851 Byzan-

116 854 186 880 tium
201 854 333 886 mittitur,
351 854 452 881 littcris
468 853 584 887 aliisque
600 853 755 887 disciplinis
772 853 962 885 instruendus,
982 854 1055 888 quod
1067 859 1143 881 tanta
1158 862 1235 888 cura,
1253 857 1345 883 studio
1362 861 1390 883 et
1424 857 1518 885 labore
1535 866 1549 884 a
1576 865 1659 887 tratre
1685 869 1749 895 pcr-

119 898 225 924 fcctunt
243 903 297 929 est,
315 897 591 931 utquemadmodum
607 904 735 924 successu
753 897 885 931 temporis
912 897 1027 925 Michael
1055 899 1081 925 in
1115 898 1287 926 Athenarum
1310 900 1469 934 pra-sidem,
1487 902 1522 929 ita
1541 902 1651 930 Nicetas
1670 903 1743 931 inter

117 943 260 976 primaria-
271 942 446 968 auctoritatis
463 942 538 968 viros
557 941 583 968 in
597 941 685 968 aulam
701 946 845 975 exceptus,
865 941 893 967 in
910 941 1064 968 scribarum
1082 942 1265 977 intperiali‘um
1294 951 1440 971 numerum
1455 946 1506 972 sub
1525 946 1649 974 Mattttele
1662 949 1743 975 (Zom-

117 993 192 1012 tteno
207 985 383 1016 allectussit,
404 985 578 1011 e'tvirtutum
592 992 624 1011 ac
640 984 827 1011 doctrinarum
857 984 928 1011 fama
942 985 1015 1012 inter
1048 985 1152 1020 primos
1183 987 1257 1014 illius
1283 989 1333 1014 aevi
1360 988 1535 1016 inelaruerit.
1564 990 1745 1018 Posttuoduut

117 1030 271 1056 Andronici
291 1029 464 1064 tyrannidem
485 1028 605 1063 fugiens,
619 1029 690 1062 juris
705 1028 795 1055 civilis
810 1029 903 1055 studio
923 1035 982 1055 sese
993 1028 1081 1061 dedit,
1101 1033 1184 1064 atque
1195 1030 1265 1057 adeo
1278 1031 1405 1065 profecit,
1426 1036 1454 1058 ut
1469 1033 1653 1066 quadriennio
1671 1039 1744 1068 post,

115 1075 278 1101 Andronico
295 1073 396 1101 misere
411 1078 521 1104 euecto,
540 1073 592 1099 sub
607 1073 708 1100 Isaacio
723 1072 826 1107 Augelo
844 1073 1003 1107 Byzantium
1019 1080 1158 1101 reversus.
1176 1074 1208 1100 ad
1224 1075 1343 1109 majores
1359 1075 1496 1102 ltonorum
1515 1077 1616 1111 gradus
1632 1084 1746 1106 evectus

116 1119 154 1144 sit
172 1127 179 1144 :
197 1118 300 1152 quibus
313 1118 347 1144 ad
363 1118 486 1144 excisum
500 1125 515 1144 a
530 1117 644 1144 Francis
658 1116 818 1151 Byzantium
839 1116 943 1151 integre
959 1117 1142 1152 perfungilur.
1164 1117 1286 1152 Namque
1304 1119 1330 1144 in
1347 1118 1492 1146 Thraciam
1509 1121 1639 1151 mittitur,
1667 1122 1741 1149 utihi

119 1161 234 1188 arcibus
251 1160 420 1193 reﬁciendis,
438 1161 653 1194 civitatibusque
666 1160 890 1187 co‘ntntuniendis
920 1165 1061 1194 praeesset,
1090 1166 1172 1195 atque
1186 1162 1256 1188 adeo
1286 1162 1446 1189 militarium
1464 1163 1593 1190 ordinum
1622 1164 1745 1193 delectus

113 1205 241 1232 haberet.
254 1205 299 1232 Sic
316 1207 397 1232 etiam
416 1207 441 1232 in
460 1205 616 1239 provincias
639 1209 668 1231 et
684 1204 833 1238 municipia
842 1204 875 1230 ab
889 1204 950 1231 aliis
963 1205 1175 1239 imperatoribus
1184 1205 1292 1237 missus,
1312 1213 1402 1232 rerum
1415 1215 1528 1233 summae
1541 1208 1657 1241 pra-luit.
1672 1209 1746 1242 Quos

112 1249 234 1276 honores
264 1253 292 1276 et
331 1249 517 1284 magistratus,
546 1253 578 1275 ut
603 1247 717 1275 Michael
743 1247 892 1274 Choniates
923 1247 997 1274 illius
1020 1250 1104 1275 frater
1127 1249 1233 1279 scribit,
1255 1250 1385 1276 continua
1401 1251 1745 1285 imperatorumsttceeSsio

110 1293 237 1327 integros
253 1293 437 1328 illibatosque,
456 1301 508 1320 nec
534 1300 655 1327 unquam
685 1292 855 1326 interruptos
871 1292 1044 1318 conservavit
1065 1300 1072 1318 :
1091 1292 1146 1318 imo
1161 1300 1226 1319 vero
1247 1293 1293 1327 qui
1307 1293 1556 1328 subsequebantur.
1586 1297 1746 1329 pra-ceden-

115 1341 124 1363 t
141 1336 193 1364 bus
209 1345 276 1372 erga
296 1337 374 1363 illuttt
406 1335 598 1363 benevolentia
611 1336 717 1362 anteire
742 1336 820 1369 quasi
847 1335 1061 1368 contendentes,
1086 1336 1119 1362 ad
1136 1335 1271 1369 pristinos
1290 1337 1365 1363 illius
1382 1337 1502 1365 honores
1514 1339 1616 1373 aliquid
1630 1339 1744 1374 ittsut‘ot‘

110 1382 297 1416 adjiciebant,
315 1382 367 1408 viri
380 1382 513 1408 nituirum
526 1382 629 1408 virtute
642 1381 832 1414 obstttpentes,
854 1384 1016 1414 tantumque
1033 1387 1065 1407 ex
1081 1380 1198 1414 imperio
1211 1388 1261 1407 suo
1286 1381 1410 1408 imminui
1426 1382 1627 1416 existimantes,
1655 1392 1742 1418 quatt-

111 1431 169 1452 tttm
180 1426 214 1453 de
227 1426 380 1454 hottoribus
393 1426 464 1453 illius
477 1426 696 1452 imminueretur.
710 1425 827 1451 Uxorem
843 1424 940 1451 habuit
957 1431 990 1450 ex
1007 1424 1103 1450 illustri
1117 1423 1352 1451 Bclissariotarum
1366 1427 1506 1460 progenie,
1521 1427 1600 1461 cujus
1626 1436 1740 1456 nomen.

110 1471 347 1503 quemadmodum
364 1475 391 1497 et
403 1470 500 1504 patris,
517 1474 544 1497 et
558 1477 592 1496 an
608 1477 640 1496 ex
653 1477 684 1495 ea
703 1469 856 1502 susceperit
871 1468 974 1495 liberos
990 1468 1152 1498 Cltoniates,
1174 1469 1348 1496 incommode
1362 1471 1447 1497 tacuit
1476 1471 1589 1497 Michael
1618 1471 1738 1498 Chonia-

110 1519 164 1544 tes,
181 1522 244 1541 cum
255 1514 400 1542 Michaelis
418 1519 447 1541 et
461 1514 576 1541 Joannis
590 1513 827 1540 Bclissztriotarum
849 1513 965 1539 fratrum
990 1512 1085 1538 laudes
1102 1511 1170 1538 adeo
1189 1512 1319 1546 ampliter
1332 1515 1604 1541 commemoraverit.
1637 1515 1738 1542 Verum

109 1559 235 1594 Byzantii
249 1560 329 1586 clade
356 1559 465 1586 alllictis
475 1558 634 1586 Grtccorum
649 1558 744 1589 rebus,
762 1562 790 1584 et
807 1557 881 1584 illius
891 1556 996 1583 adibus
1010 1555 1206 1590 pulcherrimis
1230 1561 1312 1591 atque
1335 1557 1514 1592 amplissimis
1543 1558 1570 1585 itt
1608 1559 1741 1593 Sporacio

108 1605 172 1631 sitis
197 1605 328 1631 incendio
339 1605 504 1639 absumptis,
523 1603 586 1631 licet
604 1603 638 1630 ad
655 1603 730 1630 illius
743 1602 933 1629 habitaculum
949 1600 1102 1633 porticibus
1117 1599 1254 1633 obsitum,
1293 1601 1412 1636 ideoque
1438 1601 1586 1628 obscurum
1610 1607 1636 1630 et
1665 1604 1740 1630 aditu

108 1648 233 1680 difficile,
249 1657 282 1675 ex
300 1656 355 1683 quo
372 1653 464 1675 tamen
481 1652 652 1682 opportunus
661 1651 720 1674 erat
734 1647 766 1674 ad
781 1644 1076 1681 proximumtemplutn
1091 1644 1240 1670 maximum
1258 1652 1396 1677 accessus,
1422 1645 1594 1672 conﬂuerent
1607 1667 1614 1679 ,
1630 1655 1691 1673 cum
1707 1647 1740 1674 ab

108 1686 294 1728 aggressione
322 1693 453 1724 militum,
471 1693 518 1726 qui
537 1691 604 1718 nihil
619 1691 813 1725 investigatum
843 1691 1048 1725 relinquebant,
1068 1697 1128 1717 sese
1141 1690 1289 1718 defendere
1305 1698 1362 1717 non
1376 1691 1509 1722 valerent,
1525 1699 1577 1726 ope
1593 1693 1734 1726 cujusdam

108 1738 220 1766 Veneti.
238 1738 283 1765 cui
301 1737 404 1764 victum
419 1741 565 1770 tutumque
578 1739 721 1770 receptum
735 1735 792 1768 ipse
809 1735 1013 1769 suppeditabat,
1029 1734 1113 1761 armis
1129 1738 1157 1761 et
1171 1734 1285 1761 militari
1299 1734 1395 1762 habitu
1413 1743 1463 1769 pro
1480 1737 1646 1763 merc.ttorio
1661 1744 1736 1764 sunt-

111 1784 179 1816 ptis,
197 1782 368 1816 prredaloros
379 1780 541 1814 aliquandiu
559 1779 670 1806 fortiter
681 1779 779 1806 aedium
793 1778 916 1813 ingressu
930 1779 1033 1812 depulsi
1054 1783 1129 1811 sunt,
1146 1778 1211 1805 dum
1232 1786 1260 1806 se
1275 1779 1493 1807 cormnilitouem
1509 1787 1614 1812 eorum,
1630 1782 1739 1809 elaedes

106 1826 168 1853 illas
186 1832 393 1861 prteoccupasse
409 1824 530 1856 simulat,
549 1823 769 1857 colloquiturque
785 1830 847 1848 cum
861 1821 915 1848 illis
938 1823 1027 1856 patria
1058 1822 1158 1857 lingua,
1174 1830 1235 1857 quae
1253 1831 1297 1850 res
1327 1823 1481 1858 postulabat.
1497 1845 1504 1852 .
1520 1824 1574 1851 Sed
1596 1833 1668 1853 cum.
1686 1825 1738 1851 illis

106 1870 270 1897 catervatim
303 1867 493 1899 irruentibus,
509 1872 537 1894 et
562 1866 718 1893 inhumanis
746 1871 827 1899 atque
853 1865 972 1892 elleratis
1004 1866 1130 1900 ingeniis,
1160 1866 1289 1893 resistere
1320 1874 1375 1894 non
1392 1872 1496 1901 posset,
1514 1867 1622 1894 tandem
1636 1868 1737 1896 Nicetae

113 1918 213 1940 auctor
230 1913 283 1939 luit
301 1912 365 1939 inde
378 1908 552 1943 discedendi,
568 1919 601 1938 ne
621 1911 692 1945 capti
719 1910 746 1936 in
763 1909 872 1935 vincula
893 1909 945 1943 ipsi
977 1910 1194 1944 conjicercntur,
1226 1910 1358 1937 mulieres
1384 1910 1417 1936 ad
1441 1916 1535 1944 stupra
1551 1915 1578 1937 et
1608 1911 1737 1938 libidines

108 1961 286 1990 raperentur.
302 1955 408 1983 Veneto
426 1956 517 1989 itaque
529 1954 610 1986 duce,
634 1959 661 1980 et
690 1958 719 1980 ut
747 1952 865 1987 praedam
878 1959 954 1979 suam
982 1954 1139 1983 comitante,
1160 1954 1251 1980 tristes
1266 1957 1293 1980 ct
1320 1954 1389 1980 male
1418 1954 1509 1980 vestiti
1532 1954 1564 1980 ad
1578 1954 1661 1985 mdes,
1689 1954 1737 1982 ull

107 2002 164 2028 noti
182 2000 236 2026 illis
247 2000 346 2027 Veneti
361 1999 533 2029 habitabant,
552 1999 736 2026 ducebantur.
751 1997 850 2024 Verum
865 1996 911 2022 ttbi
929 1996 960 2022 ad
976 2001 1080 2030 partem
1099 1996 1175 2022 urbis
1203 1996 1316 2023 Francis
1343 1996 1511 2030 adsignatum
1541 2004 1702 2031 pervenere,
1718 2006 1732 2024 a

107 2044 221 2070 tantulis
239 2043 429 2070 inhumaniter
444 2042 564 2072 deserti,
576 2041 674 2068 liberis
685 2041 730 2075 qui
752 2040 874 2066 nondum
889 2039 1015 2074 progredi
1032 2044 1157 2074 poterant
1174 2040 1296 2066 humeris
1309 2040 1457 2074 impositis,
1477 2048 1526 2074 per
1538 2040 1645 2067 medios
1657 2041 1733 2068 vicos

108 2088 238 2115 incedere
250 2083 399 2121 coguntur,
414 2087 581 2121 laudentque
598 2090 746 2121 postquam
764 2085 823 2111 dies
838 2084 960 2118 quinque
970 2084 995 2110 in
1007 2083 1077 2110 urbe
1089 2084 1253 2110 commorati
1266 2084 1385 2114 fuerant,
1396 2083 1558 2110 discessere.
1581 2083 1733 2111 Calamito-

109 2138 163 2158 tctn
181 2132 303 2166 augebat
316 2131 375 2157 dies
396 2134 507 2164 a‘spera,
523 2135 552 2157 et
574 2138 644 2156 uxor
655 2129 758 2156 Niceten
773 2128 862 2163 partui
879 2128 967 2154 vicina
986 2136 992 2154 :
1010 2131 1038 2154 et
1051 2132 1080 2154 ut
1107 2127 1196 2154 omnia
1214 2127 1434 2161 perquirentium
1465 2128 1581 2154 militum
1605 2129 1729 2154 crudeli-

109 2181 194 2202 tatem
209 2174 446 2209 atquclibidinettt
462 2174 628 2208 e‘llugerent,
647 2173 806 2207 quicunque
833 2175 889 2197 tum
921 2172 948 2198 in
965 2179 1047 2198 unum
1073 2176 1268 2201 convenerant,
1288 2171 1419 2198 mulieres
1448 2171 1475 2197 itt
1493 2171 1614 2198 tncdiutn
1631 2180 1731 2206 agmen

109 2217 543 2254 recipiunt,ctadolescctttulas
554 2218 654 2245 faciem
672 2224 753 2244 caeno
782 2216 901 2246 illinere,
932 2221 1014 2250 atque
1042 2214 1079 2241 ita
1107 2222 1237 2249 genarum
1268 2214 1396 2242 ruborem
1420 2215 1594 2249 exstinguere
1623 2216 1733 2250 jllbt‘llld

110 2265 142 2291 [ι
165 2265 199 2290 ad
217 2263 309 2298 inclyti
327 2264 455 2298 martyris
469 2262 549 2290 Mocii
562 2263 695 2297 templum
709 2269 784 2292 vere,
797 2260 917 2287 insolens
936 2266 967 2285 ac
979 2258 1100 2285 nefarius
1113 2257 1223 2292 quidem
1237 2258 1316 2284 miles
1341 2258 1458 2293 puellam
1474 2258 1634 2291 formosam,
1647 2259 1706 2294 jutli

105 2311 144 2338 cis
157 2307 434 2343 cujusdamﬁjunhe
459 2307 550 2335 medio
566 2314 665 2334 eorum
692 2311 819 2340 tanquam
843 2305 924 2338 lupus
940 2311 1035 2338 agnam
1049 2302 1179 2336 abripuit.
1208 2301 1396 2328 Consternalis
1426 2303 1582 2336 spectaculo
1614 2304 1732 2335 eicis/is,

112 2354 212 2389 puella:
234 2358 313 2387 pater
330 2353 407 2379 senio
421 2356 448 2379 et
461 2351 561 2378 inorbo
576 2350 706 2383 alllicttts,
726 2355 752 2376 et
777 2349 919 2376 iuuenum
934 2347 1087 2381 prolapsus,
1102 2345 1199 2372 crebro
1222 2345 1343 2372 Nicelam
1368 2353 1457 2379 orare,
1473 2351 1502 2373 ut
1532 2354 1581 2381 pro
1608 2347 1680 2374 virili
1696 2347 1732 2374 at!

108 2398 228 2433 puellam
241 2397 461 2431 recuperandam
474 2395 526 2422 sibi
542 2400 617 2422 esset
627 2392 863 2428 adjumeuto.llle,
880 2391 992 2425 vestigia
1006 2389 1123 2424 raptoris
1134 2397 1312 2423 persequens.
1325 2389 1379 2416 vim
1393 2389 1553 2418 factamnon
1567 2391 1626 2418 sine
1640 2392 1729 2426 lacry-

104 2444 155 2470 mis
170 2444 385 2478 proclantans.et
399 2441 524 2477 gestibus
539 2448 620 2475 opem
633 2438 857 2475 praetereuntium
870 2436 988 2463 militum
1002 2434 1296 2468 implorans,quosdam
1310 2434 1392 2461 etiam
1404 2434 1530 2461 manibus
1544 2435 1727 2469 prehendens,

105 2495 204 2514 eorum
221 2487 380 2514 animosita
403 2486 490 2516 ﬂexit,
507 2491 537 2512 ut
555 2482 807 2518 impudentisillius
823 2481 935 2508 domum
952 2479 1065 2514 perduci
1081 2478 1152 2512 passi
1169 2479 1224 2505 sint
1239 2488 1246 2505 τ
1263 2486 1317 2513 quo
1330 2486 1392 2506 cum
1407 2485 1518 2506 ventum
1552 2486 1636 2512 esset,
1663 2480 1726 2506 licet

103 2537 197 2566 raptor
207 2531 405 2560 reluctaretur,
424 2535 451 2556 et
466 2530 493 2556 itt
511 2529 621 2556 foribus
636 2533 711 2554 stans
722 2527 776 2552 vim
786 2525 906 2552 facturos
919 2523 1074 2558 repelleret,
1088 2523 1180 2550 verbis
1200 2527 1290 2550 tamen
1320 2523 1422 2551 Niceno
1448 2524 1582 2558 persuasi,
1608 2524 1727 2557 puellam

106 2576 187 2602 minis
200 2576 235 2602 ab
253 2575 396 2609 impudico
411 2575 459 2602 illo
471 2576 647 2608 extorquent,
661 2576 688 2598 et
706 2570 776 2604 patri
792 2569 949 2596 restituunt.
961 2568 1005 2595 Sic
1015 2567 1083 2594 urbe
1098 2567 1234 2594 excedunt
1246 2567 1356 2594 Nicctas
1378 2575 1430 2594 una
1452 2572 1479 2594 et
1503 2567 1627 2598 comites,
1656 2574 1731 2601 pro;

104 2625 188 2646 eunte
201 2619 362 2654 patriarcha
373 2619 434 2645 sine
445 2618 555 2648 baculo,
568 2617 628 2643 sine
642 2614 810 2644 calceis,una
827 2612 947 2639 tunicula
963 2612 1071 2638 ittdulo.
1088 2611 1162 2638 Urbe
1175 2612 1291 2646 egressi,
1310 2611 1517 2646 Selyhriamque
1533 2611 1659 2644 profecti,
1676 2619 1725 2645 pe-

106 2665 165 2691 dem
182 2664 290 2691 sistunt
304 2663 409 2689 familia
427 2661 570 2689 inviolata.
587 2659 640 2686 Sed
659 2665 722 2685 cum
742 2657 854 2683 horrido
866 2656 1017 2683 oblectaret
1034 2663 1103 2689 parte
1121 2655 1215 2686 vitam,
1231 2659 1259 2682 et
1270 2656 1368 2690 pannis
1379 2659 1407 2682 et
1422 2654 1512 2688 inopia
1528 2654 1612 2680 nimis
1627 2655 1726 2687 miser,

103 2709 146 2742 qui
168 2707 251 2742 copia
270 2714 364 2734 rerum
381 2711 463 2733 autem
480 2709 508 2732 et
520 2703 667 2738 splendore
686 2701 852 2735 dignitatum
864 2699 981 2726 celebris
994 2699 1095 2731 fuerat,
1112 2699 1145 2726 ad
1158 2700 1308 2726 Ascanium
1334 2702 1421 2726 lacum
1436 2703 1464 2726 et
1475 2698 1608 2733 Bithynia:
1620 2704 1728 2740 metro;

104 2748 182 2786 polin)
195 2752 330 2783 uicinam,
348 2754 478 2785 tanquam
514 2748 640 2782 captivus
650 2753 712 2772 ctttn
731 2743 844 2778 reliquis
858 2742 1022 2776 inquilinum
1033 2744 1099 2778 egit.
1122 2745 1173 2771 sibi
1188 2743 1286 2770 vivens
1299 2749 1325 2770 et
1345 2743 1426 2770 saluti
1450 2743 1549 2769 anima:
1563 2743 1723 2776 providens;

103 2796 255 2823 Voluerunt
271 2795 367 2828 itaque
379 2793 469 2820 Graeci
487 2792 537 2823 illi,
558 2790 604 2825 qui
624 2795 680 2816 tum
698 2788 795 2815 Nicaea!
811 2787 985 2817 habitabant,
998 2794 1024 2815 ct
1044 2796 1141 2815 eorum
1163 2789 1322 2822 imperator,
1344 2787 1369 2813 in
1385 2786 1454 2813 alios
1470 2786 1538 2813 adeo
1552 2787 1649 2818 ci‘i‘usi,
1665 2791 1724 2814 lan—
