1935 3071
153 137 204 168 3t)!
839 140 1048 172 PREFATIO.
1734 146 1786 176 302

191 195 343 222 [“iniamale
361 195 495 222 Chouiata
521 195 677 223 orationem
694 197 787 224 verbis
812 196 899 224 Vossii
918 197 951 225 de
973 199 1157 233 scriptoribus
1180 199 1293 232 Cnet-is;
1311 201 1412 236 quibus
1431 202 1475 229 ille
1496 202 1623 229 Gulielmi
1652 202 1781 237 \_\l:i:nlri

152 239 339 274 suspicionem
364 239 398 266 de
418 239 514 266 Niceta
531 239 644 272 Davide,
662 244 690 267 et
708 240 801 268 Niceta
814 240 949 268 Choniata
970 242 1070 270 refellit
1088 252 1094 270 :
1116 243 1240 271 Gulielmi
1254 245 1386 279 Xylandri
1400 247 1515 280 suspicio
1531 251 1579 277 est,
1596 251 1712 272 (‘Itlllflt'lll
1729 254 1783 272 «ἐκέ

151 285 223 311 hunc
237 283 361 310 Nicetam
379 283 517 314 Davidem.
536 285 582 318 qui
596 288 621 310 et
638 283 745 312 Niretas
761 285 910 320 Paphlago,
927 294 957 312 ac
972 286 1048 313 illum
1064 288 1105 314 cui
1122 287 1271 314 Aronn‘nati
1290 295 1488 323 cognomentum
1507 289 1566 324 fuit.
1596 289 1648 315 Sed
1664 295 1781 323 tempori

131 354 134 355 ,
152 330 279 355 videnlur
292 328 484 354 disconvenire.
505 327 536 354 In
552 329 710 363 quibusdam
735 329 811 355 codd.
841 338 903 355 mss.
928 328 1026 356 Nicena
1043 329 1146 359 Dum'di,
1173 329 1324 364 philosopr
1349 330 1525 366 l’upltlagoni,
1542 332 1708 361 tribuuntur,
1725 338 1783 364 qun:

150 373 199 399 alii
213 373 351 400 ascribunt
378 371 475 398 Nicelw
493 371 614 404 Serrani,
631 373 705 407 prius
732 372 855 399 Ecclesia:
878 372 1183 406 Constantinopolimuw
1198 374 1319 403 diacono.
1334 379 1424 407 postea
1441 379 1531 401 autem
1555 375 1721 401 Hcraclz’eusi
1735 383 1782 401 ar-

150 417 315 451 chiepisropo
329 425 337 443 .'
350 421 378 443 ut
392 417 420 443 in
434 415 537 444 Catena
553 416 664 443 Patrum
686 421 710 442 et
725 417 883 450 scriptorum
898 416 1144 448 ecclesiasticarum,
1157 422 1279 450 excerpta
1299 419 1326 444 in
1343 418 1500 445 Iliun/imum
1515 423 1538 444 et
1555 418 1654 444 Lucum
1669 427 1782 453 etmnge-

150 463 226 489 (istas
240 462 323 490 :item
342 462 470 496 expositio
485 460 628 487 multorum
638 460 805 487 Nazianzeni
820 462 970 487 carminum
991 466 1014 487 et
1031 462 1192 487 orationum.
1214 461 1335 487 Diuersos
1349 466 1437 488 tamen
1455 470 1508 488 esse
1523 463 1568 488 hos
1584 461 1699 490 Nic-eras.
1712 462 1780 487 Leo.

152 506 193 532 nis
211 504 309 531 Allutii
328 505 458 531 sententia
471 509 519 536 est,
535 505 562 531 in
578 504 698 531 Diatriba
715 505 746 531 de
761 504 867 535 Psellis,
883 505 924 530 cui
939 505 988 531 hac
1003 506 1028 532 in
1045 510 1121 540 parte
1136 506 1221 540 potius
1232 506 1374 532 subscribe.
1390 506 1442 532 Sed
1457 505 1483 532 in
1499 506 1663 540 quibusdam
1682 514 1779 532 mattu—

149 549 265 583 scriptis
281 548 385 576 Nicetaa
403 548 497 575 llavidi
519 548 613 578 tribui.
630 556 691 582 quae
708 548 754 575 alii
768 548 910 574 ascribunt
925 547 1026 575 Niceta:
1041 548 1165 581 Surroni,
1185 549 1252 576 IiJes
1266 550 1300 576 sit
1317 557 1400 582 penes
1416 550 1516 583 ipsum.
1534 548 1609 581 Quos
1624 557 1674 583 ego
1687 549 1777 576 evolvi

150 592 264 620 codices
280 593 495 627 manuscriptos,
512 600 609 619 ontnes
624 600 683 619 uno
698 600 832 619 consensu
848 591 1048 626 expositionem
1066 591 1093 617 in
1105 590 1252 618 Orationes
1268 591 1443 622 Nazianzeni,
1459 590 1560 625 quas’si
1573 599 1620 625 pra
1639 592 1779 617 recensui-

150 644 231 669 mus,
244 636 347 663 Nieelaa
366 636 480 663 Serroni
500 636 641 663 vindicant
655 644 660 662 :
674 636 878 670 cxpostionem
895 643 961 662 vero
978 635 1004 661 itt
1022 635 1143 661 carmina
1155 656 1161 666 ,
1174 635 1276 662 Nicone
1295 635 1400 661 Davidt.
1419 635 1450 662 Et
1466 636 1498 661 de
1514 635 1564 661 hoc
1580 635 1647 660 nulli
1663 642 1781 668 unquam

149 680 267 707 dubium
285 680 347 707 fuit.
361 680 451 712 Quare
469 679 578 706 firmum
591 684 755 713 certumque
768 684 872 708 manet.
886 679 988 705 Niceta:
1005 679 1116 705 Davidis
1131 678 1337 713 Expositioncm
1358 680 1384 705 in
1398 687 1521 705 carmina
1536 687 1543 709 ;
1560 678 1662 705 Νιςυὶιιξ
1685 679 1782 705 Serro-

150 723 208 756 nis,
222 723 432 757 Expositionem
446 723 473 750 in
487 723 633 750 Orationes
649 723 813 750 Nazianzcni
830 730 901 749 esse.

300 905 741 999 NIKHTA
789 902 1010 991 ΤΟΥ
1056 905 1064 989 ξ

875 902 1010 990 ΟΥ
1056 899 1639 989 ΧΩΝΙΑΤΟΥ

784 1042 1145 1111 ΙΣΤΟΡΙΑ.

414 1206 852 1348 ΝΙΟΕΤΑΞ
920 1203 1178 1345 CHot

754 1259 852 1346 ίἘ
920 1253 1518 1363 CHONIAT/E

777 1419 1179 1485 HISTORIA.

146 803 1780 828 ΜΕ

423 1627 672 1652 EMINENTISSIMO
694 1627 822 1649 SANCTIE
845 1625 983 1647 ROMANAE
1006 1624 1157 1647 ECCLESIE
1179 1623 1315 1646 PRINCIPI
1332 1623 1502 1646 CARDINALI

793 1690 906 1724 JULIO
924 1690 1031 1723 ΜΔΖΔ
1040 1689 1144 1720 MNO.

179 1857 274 1886 Editio
292 1856 395 1884 Nicetes
407 1861 477 1882 nova
492 1858 639 1890 patronum
655 1853 707 1897 sibi
725 1860 758 1879 ex
771 1860 846 1880 more
862 1851 1004 1886 quaerebat
1017 1850 1150 1878 adversus
1164 1850 1298 1886 malignos
1320 1851 1494 1886 iuvidosque.
1517 1849 1592 1880 Unus
1616 1855 1774 1886 occurristi,

143 1901 295 1931 cardinalis
315 1899 546 1931 eminentissime,
565 1897 646 1931 cujus
666 1895 821 1932 pamocinio
843 1904 902 1925 non
920 1895 989 1923 levis
1008 1900 1104 1922 auctor
1128 1902 1188 1922 sese
1213 1895 1410 1928 committeret,
1435 1904 1521 1923 unum
1544 1900 1569 1923 te
1585 1895 1718 1931 siquidem
1734 1898 1774 1924 ti-

144 1947 245 1975 demus
261 1943 396 1972 litteraria
415 1946 594 1970 monumenta
612 1941 674 1968 orbi
690 1941 796 1969 Gallico
810 1940 924 1967 forsitan
941 1939 1033 1974 ignota
1049 1939 1152 1973 ubique
1165 1939 1287 1974 gentium
1309 1939 1436 1974 conquiri
1459 1942 1566 1975 lubere,
1583 1945 1610 1968 ct
1625 1941 1651 1968 in
1673 1941 1775 1968 biblio—

143 1991 253 2018 thecam
269 1993 341 2015 tuam
361 1986 604 2021 incomparabilem
620 1985 740 2016 admitti,
757 1988 787 2011 ut
802 1988 830 2011 et
845 1983 1029 2010 certissimum
1045 1983 1081 2009 sit
1095 1982 1258 2017 scriptorem
1273 1983 1320 2018 qui
1336 1989 1362 2010 te
1378 1984 1451 2010 ultro
1471 1984 1529 2011 adit
1545 1984 1662 2018 benigna
1682 1984 1773 2013 fronte

143 2034 294 2062 admissum
312 2032 357 2059 iri.
374 2031 431 2059 Hoc
444 2038 510 2058 vero
531 2030 659 2056 omnium
685 2028 787 2063 linguis
809 2027 995 2061 laudibusque
1011 2026 1145 2053 celebrari
1171 2026 1265 2058 debet,
1282 2027 1356 2061 quod
1375 2027 1441 2054 licet
1454 2035 1486 2054 ea
1512 2028 1668 2062 prudentia,
1690 2038 1772 2064 quam

143 2077 235 2105 caeteri
249 2085 282 2104 ex
299 2076 433 2103 librorum
450 2074 568 2102 lectione
585 2072 762 2100 emendicare
788 2078 902 2099 necesse
925 2070 1039 2102 habent,
1065 2069 1115 2096 tibi
1132 2069 1252 2105 ingenita
1277 2070 1324 2104 sit,
1343 2078 1396 2104 eos.
1406 2075 1496 2098 tamen
1516 2076 1590 2098 tanta
1606 2072 1689 2100 animi
1706 2081 1772 2101 con-

144 2122 266 2149 tentione
285 2126 395 2153 tamque
411 2119 534 2153 impenso
551 2121 663 2152 sumptu
676 2116 831 2151 comparari
845 2115 897 2146 vis,
916 2122 948 2141 ac
964 2113 986 2140 si
1005 2112 1150 2147 prudentia
1166 2113 1211 2139 illa
1223 2121 1278 2140 tton
1291 2114 1339 2141 tibi
1354 2119 1470 2149 cognata
1482 2115 1529 2142 sed
1542 2115 1635 2143 labore
1651 2119 1769 2150 parantia

143 2170 227 2192 esset.
241 2165 336 2198 Itaque
350 2163 423 2190 bono
439 2162 525 2197 magis
543 2161 655 2196 publico
671 2160 872 2187 bibliothecam
889 2158 1012 2186 instituis
1031 2164 1112 2192 quam
1131 2161 1189 2190 tuo,
1207 2161 1238 2184 ut
1253 2165 1350 2186 omnes
1366 2158 1521 2194 intelligant
1538 2164 1566 2187 et
1585 2167 1641 2187 rem
1658 2161 1721 2188 belli
1741 2167 1770 2189 et

145 2208 220 2243 pacis
235 2197 336 2235 dei-ora
352 2213 478 2241 peraaque
496 2204 546 2231 tibi
559 2211 633 2231 curae
648 2211 720 2231 esse.
735 2203 829 2230 Altero
846 2202 943 2229 Gallici
964 2201 1058 2228 hostes
1076 2202 1197 2228 nominis
1216 2202 1337 2235 obteres,
1362 2203 1449 2230 altero
1474 2203 1623 2238 peritiores
1644 2205 1769 2233 homines
1791 2197 1794 2201 ’

143 2242 254 2283 ellieies,
271 2256 301 2278 ut
315 2256 418 2285 quanto
431 2250 468 2276 sis
479 2242 643 2276 ornamento
656 2247 775 2282 principi
790 2251 818 2274 et
830 2254 911 2282 quam
926 2253 1057 2281 prospere
1072 2254 1129 2274 rem
1141 2246 1272 2274 Gallicam
1291 2254 1381 2281 geras,
1398 2255 1454 2274 non
1468 2248 1550 2275 modo
1567 2249 1610 2276 his
1621 2250 1668 2284 qui
1684 2251 1767 2278 vitam

144 2297 251 2327 vivunt,
266 2295 314 2322 sed
333 2294 418 2321 etiam
436 2292 555 2328 posteris
572 2297 687 2319 narrent
703 2296 731 2318 et
747 2291 868 2318 tradant.
883 2290 989 2317 Felices
1000 2297 1091 2317 autem
1105 2295 1146 2317 ter
1159 2295 1312 2326 quaterque
1326 2291 1354 2318 hi
1369 2299 1487 2326 quorum
1502 2300 1586 2328 opera
1600 2302 1693 2321 rerum
1709 2303 1723 2323 a
1743 2301 1768 2324 te

146 2340 277 2374 praeclare
290 2343 430 2373 gestarum
444 2336 579 2364 memoria
594 2335 721 2362 testatior
736 2334 801 2366 erit,
816 2334 873 2361 sive
891 2333 965 2368 quod
988 2334 1102 2361 materia
1115 2335 1250 2361 illustrior
1265 2335 1323 2362 sive
1339 2335 1411 2370 quod
1426 2343 1519 2363 rerum
1536 2337 1614 2372 copia
1631 2339 1705 2366 nulla
1729 2341 1770 2366 eis

144 2384 231 2418 possit
247 2382 360 2409 uberior
373 2381 551 2415 contingere:
569 2378 804 2414 quemadmodum
822 2378 895 2405 enim
909 2377 949 2405 rei
970 2378 1104 2405 tenuitate
1120 2379 1265 2412 scriptoris
1287 2379 1446 2413 eloquentia
1466 2379 1610 2413 deteritur.
1630 2382 1667 2409 ita
1683 2387 1709 2410 et
1728 2385 1767 2410 rei

142 2427 274 2461 dignitate
286 2425 452 2452 clarescitet
468 2423 645 2450 dill‘unditur.
662 2421 694 2449 Hi
716 2421 810 2449 Galliae
828 2420 895 2449 ﬁnes
918 2422 1136 2457 prudentissimo
1156 2422 1373 2459 felicissimoque
1394 2425 1512 2452 consilio
1535 2429 1581 2452 tuo
1598 2427 1720 2460 prolatos
1740 2429 1765 2455 in

140 2470 218 2497 Italia
235 2468 403 2500 narrabant,
414 2472 443 2495 et
455 2467 556 2495 frustra
569 2475 629 2494 esse
638 2474 686 2494 eos
694 2466 742 2501 qui
754 2466 985 2501 Gallicoimperio
997 2466 1067 2493 ﬁnes
1087 2471 1223 2501 statuunt,
1242 2468 1316 2502 quod
1332 2468 1474 2496 Gallorum
1490 2469 1579 2497 virtus
1594 2470 1694 2498 invicta
1711 2480 1766 2498 non

141 2514 241 2547 ratibus
253 2513 347 2545 certis,
363 2511 413 2540 sed
425 2511 492 2538 orbe
505 2511 660 2540 claudatur.
678 2510 711 2538 lli
726 2509 880 2538 Germaniae
893 2510 1034 2545 principes
1049 2511 1134 2539 armis
1145 2511 1286 2540 Gallorum
1301 2512 1462 2541 victricibus
1474 2515 1618 2543 exterritos
1628 2515 1766 2550 quievisse

143 2557 269 2585 neutrive
283 2557 354 2592 parti
367 2563 429 2583 sese
444 2555 584 2583 addixisse
602 2555 731 2587 tradent;
753 2563 808 2590 quo
826 2554 898 2582 facto
919 2554 971 2581 sibi
992 2554 1166 2590 posterisque
1184 2555 1241 2583 suis
1258 2557 1413 2584 consultum
1441 2557 1551 2585 iverunt
1569 2561 1597 2585 et
1619 2558 1767 2586 imminen-

141 2607 195 2629 tem
211 2601 296 2629 rebus
308 2600 366 2627 suis
381 2600 484 2627 exitum
502 2599 679 2634 depulerunt.
702 2599 736 2626 IIi
750 2598 844 2626 Gallos
859 2598 948 2633 copiis
966 2598 1047 2634 longe
1071 2599 1192 2634 impares
1207 2600 1322 2628 classem
1340 2600 1467 2629 hostilem
1481 2601 1615 2629 devicisse
1631 2603 1764 2637 praedica-

142 2645 220 2675 bunt.
233 2649 261 2672 et
276 2651 326 2671 eos
340 2644 386 2679 qui
403 2644 437 2671 de
451 2643 538 2678 gloria
553 2648 709 2671 certaturos
723 2648 752 2669 se
768 2643 913 2675 putabant,
929 2644 1023 2672 statim
1041 2644 1094 2671 sibi
1116 2645 1150 2672 de
1165 2645 1254 2673 salute
1277 2647 1439 2674 certandum
1460 2647 1637 2679 intellexisse,
1655 2649 1763 2675 tametsi

141 2689 261 2724 superba
277 2687 354 2715 natio
371 2695 454 2714 naves
468 2687 606 2724 solvisset,
620 2691 649 2714 ut
665 2687 744 2721 quasi
761 2694 810 2721 per
826 2687 922 2714 ludum
936 2689 1083 2724 iocumque
1096 2689 1216 2717 Gallicas
1234 2690 1412 2726 deprimeret.
1428 2691 1497 2718 Galli
1513 2699 1567 2718 non
1584 2699 1700 2719 numero
1715 2693 1764 2720 sccl

139 2733 243 2760 virtute
260 2736 422 2759 censentur.
439 2731 507 2758 Hinc
521 2730 628 2758 feroces
641 2731 780 2758 exercitus
794 2738 866 2766 saepe
886 2731 921 2759 ab
937 2732 981 2760 IIIS
1000 2738 1172 2768 expugnatos
1190 2733 1295 2766 videas,
1318 2734 1384 2761 hinc
1404 2734 1486 2761 etiam
1509 2739 1653 2762 terrestres
1671 2727 1766 2769 coria;

139 2776 165 2804 in
178 2784 253 2812 spem
271 2776 393 2802 victoria:
408 2780 514 2803 erectas
527 2776 563 2802 ob
579 2779 757 2810 superantem
773 2775 977 2804 multitudinem
995 2777 1100 2804 deletas
1119 2778 1299 2812 attritasque.
1317 2778 1388 2805 Eant
1405 2786 1480 2806 nunc
1493 2779 1539 2814 qui
1563 2783 1638 2807 retro
1659 2785 1766 2816 tempe-

139 2828 200 2847 rum
217 2819 361 2847 ministros
379 2819 509 2847 laudibus
522 2819 548 2847 in
567 2819 667 2847 crelum
684 2819 831 2857 extollunt.
849 2819 901 2852 Tu,
916 2820 1067 2848 cardinalis
1082 2821 1311 2852 eminentissime,
1332 2830 1394 2849 cum
1417 2822 1489 2851 fasce
1509 2830 1648 2851 armorum
1673 2825 1765 2859 plures

141 2864 236 2892 vinces
253 2871 337 2899 quam
359 2863 405 2891 alii
423 2864 570 2899 explicatis
585 2864 679 2891 armis.
696 2862 843 2903 Tirvivida
861 2870 954 2892 mente
974 2869 1020 2892 tua
1038 2869 1064 2891 et
1087 2864 1175 2899 sagaci
1201 2865 1318 2893 consilio
1338 2867 1394 2901 regi
1414 2866 1661 2901 Christianissimo,
1680 2875 1762 2902 quem
