  <div class='ocr_page' id='page_1' title='image "/cluster/home/n/w/nwhite01/storage/ocr_20150623/139/njp.32101077773131/169.png"; bbox 0 0 1935 3071; ppageno 0'>
   <div class='ocr_carea' id='block_1_1' title="bbox 150 103 914 148">
    <p class='ocr_par' dir='ltr' id='par_1_1' title="bbox 150 103 914 138">
     <span class='ocr_line' id='line_1_1' title="bbox 150 103 914 138; baseline 0.008 -6"><span class='ocrx_word' id='word_1_1' title='bbox 150 103 215 134; x_wconf 65' lang='lat' dir='ltr'><strong>1m</strong></span> <span class='ocrx_word' id='word_1_2' title='bbox 740 107 790 137; x_wconf 83' lang='lat' dir='ltr'><strong>AD</strong></span> <span class='ocrx_word' id='word_1_3' title='bbox 808 107 914 138; x_wconf 83' lang='lat' dir='ltr'><strong>NlCE&#39;l</strong></span> 
     </span>
    </p>
   </div>
   <div class='ocr_carea' id='block_1_2' title="bbox 1018 103 1782 148">
    <p class='ocr_par' dir='ltr' id='par_1_2' title="bbox 1023 109 1782 148">
     <span class='ocr_line' id='line_1_2' title="bbox 1023 109 1782 148; baseline 0.012 -9"><span class='ocrx_word' id='word_1_4' title='bbox 1023 109 1189 141; x_wconf 72' lang='lat' dir='ltr'><strong>STORlAM</strong></span> <span class='ocrx_word' id='word_1_5' title='bbox 1729 118 1782 148; x_wconf 68' lang='lat' dir='ltr'><strong>3M</strong></span> 
     </span>
    </p>
   </div>
   <div class='ocr_carea' id='block_1_3' title="bbox 157 162 1786 208">
    <p class='ocr_par' dir='ltr' id='par_1_3' title="bbox 157 162 1786 208">
     <span class='ocr_line' id='line_1_3' title="bbox 157 162 1786 208; baseline 0.009 -21"><span class='ocrx_word' id='word_1_6' title='bbox 157 163 214 208; x_wconf 78' lang='lat' dir='ltr'><strong>jam</strong></span> <span class='ocrx_word' id='word_1_7' title='bbox 228 162 321 208; x_wconf 82' lang='lat' dir='ltr'><strong>populi</strong></span> <span class='ocrx_word' id='word_1_8' title='bbox 339 169 408 198; x_wconf 88' lang='lat' dir='ltr'><strong>pene</strong></span> <span class='ocrx_word' id='word_1_9' title='bbox 425 170 521 190; x_wconf 90' lang='lat' dir='ltr'><strong>omnes</strong></span> <span class='ocrx_word' id='word_1_10' title='bbox 537 163 663 196; x_wconf 87' lang='lat' dir='ltr'><strong>adorant,</strong></span> <span class='ocrx_word' id='word_1_11' title='bbox 679 164 771 199; x_wconf 79' lang='lat' dir='ltr'><strong>plures</strong></span> <span class='ocrx_word' id='word_1_12' title='bbox 789 165 944 199; x_wconf 87' lang='lat' dir='ltr'><strong>triumphos</strong></span> <span class='ocrx_word' id='word_1_13' title='bbox 959 167 1069 200; x_wconf 78' lang='lat' dir='ltr'><strong>parabis</strong></span> <span class='ocrx_word' id='word_1_14' title='bbox 1085 175 1166 202; x_wconf 87' lang='lat' dir='ltr'><strong>quam</strong></span> <span class='ocrx_word' id='word_1_15' title='bbox 1181 169 1227 196; x_wconf 92' lang='lat' dir='ltr'><strong>alii</strong></span> <span class='ocrx_word' id='word_1_16' title='bbox 1249 170 1272 196; x_wconf 85' lang='lat' dir='ltr'><strong>ri</strong></span> <span class='ocrx_word' id='word_1_17' title='bbox 1290 178 1440 206; x_wconf 89' lang='lat' dir='ltr'><strong>manuque.</strong></span> <span class='ocrx_word' id='word_1_18' title='bbox 1461 173 1547 208; x_wconf 73' lang='lat' dir='ltr'><strong>Perge</strong></span> <span class='ocrx_word' id='word_1_19' title='bbox 1572 172 1652 200; x_wconf 87' lang='lat' dir='ltr'><strong>modo</strong></span> <span class='ocrx_word' id='word_1_20' title='bbox 1677 174 1716 201; x_wconf 84' lang='lat' dir='ltr'><strong>rei</strong></span> <span class='ocrx_word' id='word_1_21' title='bbox 1732 182 1786 208; x_wconf 89' lang='lat' dir='ltr'><strong>pu-</strong></span> 
     </span>
    </p>
   </div>
   <div class='ocr_carea' id='block_1_4' title="bbox 158 205 1783 249">
    <p class='ocr_par' dir='ltr' id='par_1_4' title="bbox 158 205 1783 249">
     <span class='ocr_line' id='line_1_4' title="bbox 158 205 1783 249; baseline 0.008 -18"><span class='ocrx_word' id='word_1_22' title='bbox 158 205 238 232; x_wconf 74' lang='lat' dir='ltr'><strong>blica:</strong></span> <span class='ocrx_word' id='word_1_23' title='bbox 255 206 398 233; x_wconf 79' lang='lat' dir='ltr'><strong>litterariae</strong></span> <span class='ocrx_word' id='word_1_24' title='bbox 414 208 546 241; x_wconf 80' lang='lat' dir='ltr'><strong>prodesse</strong></span> <span class='ocrx_word' id='word_1_25' title='bbox 561 213 590 234; x_wconf 91' lang='lat' dir='ltr'><strong>et</strong></span> <span class='ocrx_word' id='word_1_26' title='bbox 604 208 734 235; x_wconf 83' lang='lat' dir='ltr'><strong>litteratis</strong></span> <span class='ocrx_word' id='word_1_27' title='bbox 758 209 915 236; x_wconf 80' lang='lat' dir='ltr'><strong>lmininibus</strong></span> <span class='ocrx_word' id='word_1_28' title='bbox 940 209 1044 243; x_wconf 83' lang='lat' dir='ltr'><strong>favere,</strong></span> <span class='ocrx_word' id='word_1_29' title='bbox 1065 212 1125 238; x_wconf 85' lang='lat' dir='ltr'><strong>sine</strong></span> <span class='ocrx_word' id='word_1_30' title='bbox 1142 212 1242 246; x_wconf 81' lang='lat' dir='ltr'><strong>quibus</strong></span> <span class='ocrx_word' id='word_1_31' title='bbox 1259 205 1391 241; x_wconf 80' lang='lat' dir='ltr'><strong>virorum</strong></span> <span class='ocrx_word' id='word_1_32' title='bbox 1407 205 1556 243; x_wconf 78' lang='lat' dir='ltr'><strong>illustrium</strong></span> <span class='ocrx_word' id='word_1_33' title='bbox 1579 216 1661 249; x_wconf 87' lang='lat' dir='ltr'><strong>facta,</strong></span> <span class='ocrx_word' id='word_1_34' title='bbox 1689 205 1783 244; x_wconf 72' lang='lat' dir='ltr'><strong>statim</strong></span> 
     </span>
    </p>
   </div>
   <div class='ocr_carea' id='block_1_5' title="bbox 160 250 1781 320">
    <p class='ocr_par' dir='ltr' id='par_1_5' title="bbox 160 250 1781 320">
     <span class='ocr_line' id='line_1_5' title="bbox 160 250 1781 320; baseline 0.007 -44"><span class='ocrx_word' id='word_1_35' title='bbox 160 255 243 320; x_wconf 46' lang='lat' dir='ltr'><strong>alique</strong></span> <span class='ocrx_word' id='word_1_36' title='bbox 271 250 389 276; x_wconf 86' lang='lat' dir='ltr'><strong>animam</strong></span> <span class='ocrx_word' id='word_1_37' title='bbox 418 251 617 286; x_wconf 84' lang='lat' dir='ltr'><strong>deposuerunt,</strong></span> <span class='ocrx_word' id='word_1_38' title='bbox 644 251 825 283; x_wconf 87' lang='lat' dir='ltr'><strong>intcrcidunt,</strong></span> <span class='ocrx_word' id='word_1_39' title='bbox 839 257 867 279; x_wconf 89' lang='lat' dir='ltr'><strong>et</strong></span> <span class='ocrx_word' id='word_1_40' title='bbox 882 261 943 279; x_wconf 86' lang='lat' dir='ltr'><strong>cum</strong></span> <span class='ocrx_word' id='word_1_41' title='bbox 961 261 1078 288; x_wconf 81' lang='lat' dir='ltr'><strong>corpore</strong></span> <span class='ocrx_word' id='word_1_42' title='bbox 1104 264 1206 291; x_wconf 73' lang='lat' dir='ltr'><strong>magna:</strong></span> <span class='ocrx_word' id='word_1_43' title='bbox 1223 265 1333 292; x_wconf 89' lang='lat' dir='ltr'><strong>quoque</strong></span> <span class='ocrx_word' id='word_1_44' title='bbox 1357 258 1457 286; x_wconf 75' lang='lat' dir='ltr'><strong>animae</strong></span> <span class='ocrx_word' id='word_1_45' title='bbox 1482 260 1697 295; x_wconf 71' lang='lat' dir='ltr'><strong>exstinguuntur</strong></span> <span class='ocrx_word' id='word_1_46' title='bbox 1714 261 1781 288; x_wconf 80' lang='lat' dir='ltr'><strong>dum</strong></span> 
     </span>
     <span class='ocr_line' id='line_1_6' title="bbox 160 298 285 320; baseline 0.008 -1"><span class='ocrx_word' id='word_1_47' title='bbox 160 298 285 320; x_wconf 81' lang='lat' dir='ltr'><strong>srentur.</strong></span> 
     </span>
    </p>
   </div>
   <div class='ocr_carea' id='block_1_6' title="bbox 159 298 285 321">
    <p class='ocr_par' dir='ltr' id='par_1_6' title="bbox 159 298 285 321">
     <span class='ocr_line' id='line_1_7' title="bbox 159 298 285 321; baseline 0.008 -2"><span class='ocrx_word' id='word_1_48' title='bbox 159 298 285 321; x_wconf 80' lang='lat' dir='ltr'><strong>srtcntur.</strong></span> 
     </span>
    </p>
   </div>
   <div class='ocr_carea' id='block_1_7' title="bbox 695 339 1700 376">
    <p class='ocr_par' dir='ltr' id='par_1_7' title="bbox 695 339 1700 376">
     <span class='ocr_line' id='line_1_8' title="bbox 695 339 1700 376; baseline 0.011 -11"><span class='ocrx_word' id='word_1_49' title='bbox 695 339 861 366; x_wconf 71' lang='lat' dir='ltr'><strong>Eminentite</strong></span> <span class='ocrx_word' id='word_1_50' title='bbox 877 345 929 367; x_wconf 82' lang='lat' dir='ltr'><strong>tuac</strong></span> <span class='ocrx_word' id='word_1_51' title='bbox 945 340 1150 369; x_wconf 74' lang='lat' dir='ltr'><strong>addictissimus</strong></span> <span class='ocrx_word' id='word_1_52' title='bbox 1167 343 1326 372; x_wconf 70' lang='lat' dir='ltr'><strong>CAIlOLUS</strong></span> <span class='ocrx_word' id='word_1_53' title='bbox 1341 345 1490 373; x_wconf 80' lang='lat' dir='ltr'><strong>ANNIBAL</strong></span> <span class='ocrx_word' id='word_1_54' title='bbox 1508 347 1700 376; x_wconf 76' lang='lat' dir='ltr'><strong>FABROTUS.</strong></span> 
     </span>
    </p>
   </div>
   <div class='ocr_carea' id='block_1_8' title="bbox 184 440 1754 460">
    <p class='ocr_par' dir='ltr' id='par_1_8' title="bbox 184 440 1754 460">
     <span class='ocr_line' id='line_1_9' title="bbox 184 440 1754 460; baseline 0 -14"><span class='ocrx_word' id='word_1_55' title='bbox 184 440 1754 460; x_wconf 44' lang='grc' dir='ltr'><em>Ἥ</em></span> 
     </span>
    </p>
   </div>
   <div class='ocr_carea' id='block_1_9' title="bbox 154 545 1781 574">
    <p class='ocr_par' dir='ltr' id='par_1_9' title="bbox 154 545 1781 574">
     <span class='ocr_line' id='line_1_10' title="bbox 154 545 1781 574; baseline 0.002 -7"><span class='ocrx_word' id='word_1_56' title='bbox 154 545 195 567; x_wconf 80' lang='grc' dir='ltr'><strong>ΔΙ)</strong></span> <span class='ocrx_word' id='word_1_57' title='bbox 214 545 410 567; x_wconf 71' lang='lat' dir='ltr'><strong>MAGNIFICUM</strong></span> <span class='ocrx_word' id='word_1_58' title='bbox 427 546 465 567; x_wconf 83' lang='lat' dir='ltr'><strong>ET</strong></span> <span class='ocrx_word' id='word_1_59' title='bbox 483 546 676 568; x_wconf 78' lang='lat' dir='ltr'><strong>GENEROSUM</strong></span> <span class='ocrx_word' id='word_1_60' title='bbox 692 546 802 573; x_wconf 68' lang='lat' dir='ltr'><strong>\‘lllUM,</strong></span> <span class='ocrx_word' id='word_1_61' title='bbox 818 547 850 568; x_wconf 88' lang='lat' dir='ltr'><strong>D.</strong></span> <span class='ocrx_word' id='word_1_62' title='bbox 867 547 1033 570; x_wconf 74' lang='lat' dir='ltr'><strong>ANTONIUM</strong></span> <span class='ocrx_word' id='word_1_63' title='bbox 1049 547 1234 574; x_wconf 78' lang='lat' dir='ltr'><strong>FUGGERUM,</strong></span> <span class='ocrx_word' id='word_1_64' title='bbox 1253 549 1463 571; x_wconf 64' lang='lat' dir='ltr'><strong>KIRCHBERGE</strong></span> <span class='ocrx_word' id='word_1_65' title='bbox 1485 550 1523 571; x_wconf 84' lang='grc' dir='ltr'><strong>ΕΤ</strong></span> <span class='ocrx_word' id='word_1_66' title='bbox 1538 550 1781 573; x_wconf 70' lang='lat' dir='ltr'><strong>VVEISSENHOBNI</strong></span> 
     </span>
    </p>
   </div>
   <div class='ocr_carea' id='block_1_10' title="bbox 193 585 1781 615">
    <p class='ocr_par' dir='ltr' id='par_1_10' title="bbox 193 585 1781 615">
     <span class='ocr_line' id='line_1_11' title="bbox 193 585 1781 615; baseline 0.003 -9"><span class='ocrx_word' id='word_1_67' title='bbox 193 585 355 611; x_wconf 77' lang='lat' dir='ltr'><strong>DOMINUM,</strong></span> <span class='ocrx_word' id='word_1_68' title='bbox 379 585 533 607; x_wconf 69' lang='lat' dir='ltr'><strong>C/ESARE/E</strong></span> <span class='ocrx_word' id='word_1_69' title='bbox 552 585 721 607; x_wconf 78' lang='lat' dir='ltr'><strong>MAJESTATI</strong></span> <span class='ocrx_word' id='word_1_70' title='bbox 739 587 758 608; x_wconf 83' lang='lat' dir='ltr'><strong>A</strong></span> <span class='ocrx_word' id='word_1_71' title='bbox 780 586 946 615; x_wconf 76' lang='lat' dir='ltr'><strong>CONSILIIS,</strong></span> <span class='ocrx_word' id='word_1_72' title='bbox 965 587 1033 608; x_wconf 80' lang='lat' dir='ltr'><strong>ETC.</strong></span> <span class='ocrx_word' id='word_1_73' title='bbox 1052 585 1085 608; x_wconf 79' lang='grc' dir='ltr'><strong>ΙΝ</strong></span> <span class='ocrx_word' id='word_1_74' title='bbox 1101 586 1220 609; x_wconf 65' lang='lat' dir='ltr'><strong>NICETIS</strong></span> <span class='ocrx_word' id='word_1_75' title='bbox 1243 588 1413 614; x_wconf 71' lang='lat' dir='ltr'><strong>AGOMINATI</strong></span> <span class='ocrx_word' id='word_1_76' title='bbox 1424 588 1591 611; x_wconf 65' lang='grc' dir='ltr'><strong>(ΣΗΟΝΙΑΤΕ</strong></span> <span class='ocrx_word' id='word_1_77' title='bbox 1607 590 1781 613; x_wconf 65' lang='lat' dir='ltr'><strong>HISTORIAM</strong></span> 
     </span>
    </p>
   </div>
   <div class='ocr_carea' id='block_1_11' title="bbox 200 625 705 648">
    <p class='ocr_par' dir='ltr' id='par_1_11' title="bbox 200 625 705 648">
     <span class='ocr_line' id='line_1_12' title="bbox 200 625 705 648; baseline 0.006 -3"><span class='ocrx_word' id='word_1_78' title='bbox 200 625 377 646; x_wconf 73' lang='lat' dir='ltr'><strong>HIERONYMI</strong></span> <span class='ocrx_word' id='word_1_79' title='bbox 401 625 513 647; x_wconf 81' lang='lat' dir='ltr'><strong>WOLFII</strong></span> <span class='ocrx_word' id='word_1_80' title='bbox 531 625 705 648; x_wconf 69' lang='lat' dir='ltr'><strong>PREFATIO.</strong></span> 
     </span>
    </p>
   </div>
   <div class='ocr_carea' id='block_1_12' title="bbox 190 711 1779 750">
    <p class='ocr_par' dir='ltr' id='par_1_12' title="bbox 190 711 1779 750">
     <span class='ocr_line' id='line_1_13' title="bbox 190 711 1779 750; baseline 0.003 -13"><span class='ocrx_word' id='word_1_81' title='bbox 190 711 329 738; x_wconf 83' lang='lat' dir='ltr'><strong>Zonaram</strong></span> <span class='ocrx_word' id='word_1_82' title='bbox 348 716 438 742; x_wconf 85' lang='lat' dir='ltr'><strong>tuum.</strong></span> <span class='ocrx_word' id='word_1_83' title='bbox 454 711 496 737; x_wconf 81' lang='lat' dir='ltr'><strong>vir</strong></span> <span class='ocrx_word' id='word_1_84' title='bbox 511 711 691 746; x_wconf 80' lang='lat' dir='ltr'><strong>amplissime,</strong></span> <span class='ocrx_word' id='word_1_85' title='bbox 703 711 855 739; x_wconf 85' lang='lat' dir='ltr'><strong>Choniates</strong></span> <span class='ocrx_word' id='word_1_86' title='bbox 870 711 1006 746; x_wconf 80' lang='lat' dir='ltr'><strong>sequitur,</strong></span> <span class='ocrx_word' id='word_1_87' title='bbox 1021 712 1104 739; x_wconf 90' lang='lat' dir='ltr'><strong>homo</strong></span> <span class='ocrx_word' id='word_1_88' title='bbox 1119 720 1167 740; x_wconf 87' lang='lat' dir='ltr'><strong>sua</strong></span> <span class='ocrx_word' id='word_1_89' title='bbox 1183 717 1263 740; x_wconf 78' lang='lat' dir='ltr'><strong>:rtate</strong></span> <span class='ocrx_word' id='word_1_90' title='bbox 1281 721 1335 740; x_wconf 90' lang='lat' dir='ltr'><strong>non</strong></span> <span class='ocrx_word' id='word_1_91' title='bbox 1350 717 1457 740; x_wconf 84' lang='lat' dir='ltr'><strong>tantum</strong></span> <span class='ocrx_word' id='word_1_92' title='bbox 1476 714 1582 747; x_wconf 77' lang='lat' dir='ltr'><strong>magnis</strong></span> <span class='ocrx_word' id='word_1_93' title='bbox 1596 714 1779 750; x_wconf 76' lang='lat' dir='ltr'><strong>dignitatibus</strong></span> 
     </span>
    </p>
   </div>
   <div class='ocr_carea' id='block_1_13' title="bbox 152 755 1778 793">
    <p class='ocr_par' dir='ltr' id='par_1_13' title="bbox 152 755 1778 793">
     <span class='ocr_line' id='line_1_14' title="bbox 152 755 1778 793; baseline 0.002 -12"><span class='ocrx_word' id='word_1_94' title='bbox 152 760 278 788; x_wconf 85' lang='lat' dir='ltr'><strong>ornatus,</strong></span> <span class='ocrx_word' id='word_1_95' title='bbox 295 755 343 782; x_wconf 83' lang='lat' dir='ltr'><strong>sed</strong></span> <span class='ocrx_word' id='word_1_96' title='bbox 361 755 443 781; x_wconf 89' lang='lat' dir='ltr'><strong>etiam</strong></span> <span class='ocrx_word' id='word_1_97' title='bbox 458 756 567 791; x_wconf 79' lang='lat' dir='ltr'><strong>ingenio</strong></span> <span class='ocrx_word' id='word_1_98' title='bbox 580 760 607 783; x_wconf 88' lang='lat' dir='ltr'><strong>et</strong></span> <span class='ocrx_word' id='word_1_99' title='bbox 622 756 765 790; x_wconf 92' lang='lat' dir='ltr'><strong>multiplici</strong></span> <span class='ocrx_word' id='word_1_100' title='bbox 778 756 902 783; x_wconf 81' lang='lat' dir='ltr'><strong>doctrina</strong></span> <span class='ocrx_word' id='word_1_101' title='bbox 921 760 1064 790; x_wconf 67' lang='lat' dir='ltr'><strong>praestans,</strong></span> <span class='ocrx_word' id='word_1_102' title='bbox 1078 762 1106 783; x_wconf 90' lang='lat' dir='ltr'><strong>et</strong></span> <span class='ocrx_word' id='word_1_103' title='bbox 1117 757 1241 784; x_wconf 77' lang='lat' dir='ltr'><strong>veritatis</strong></span> <span class='ocrx_word' id='word_1_104' title='bbox 1255 757 1386 788; x_wconf 66' lang='lat' dir='ltr'><strong>historiae,</strong></span> <span class='ocrx_word' id='word_1_105' title='bbox 1399 762 1429 784; x_wconf 87' lang='lat' dir='ltr'><strong>ut</strong></span> <span class='ocrx_word' id='word_1_106' title='bbox 1444 758 1510 784; x_wconf 91' lang='lat' dir='ltr'><strong>mihi</strong></span> <span class='ocrx_word' id='word_1_107' title='bbox 1526 758 1646 789; x_wconf 86' lang='lat' dir='ltr'><strong>videtur.</strong></span> <span class='ocrx_word' id='word_1_108' title='bbox 1673 759 1778 793; x_wconf 84' lang='lat' dir='ltr'><strong>ubique</strong></span> 
     </span>
    </p>
   </div>
   <div class='ocr_carea' id='block_1_14' title="bbox 153 800 1778 837">
    <p class='ocr_par' dir='ltr' id='par_1_14' title="bbox 153 800 1778 837">
     <span class='ocr_line' id='line_1_15' title="bbox 153 800 1778 837; baseline 0.001 -11"><span class='ocrx_word' id='word_1_109' title='bbox 153 800 305 837; x_wconf 75' lang='lat' dir='ltr'><strong>studiosus,</strong></span> <span class='ocrx_word' id='word_1_110' title='bbox 318 800 415 827; x_wconf 85' lang='lat' dir='ltr'><strong>ordine</strong></span> <span class='ocrx_word' id='word_1_111' title='bbox 430 800 573 834; x_wconf 87' lang='lat' dir='ltr'><strong>aptissimo</strong></span> <span class='ocrx_word' id='word_1_112' title='bbox 583 805 611 827; x_wconf 90' lang='lat' dir='ltr'><strong>et</strong></span> <span class='ocrx_word' id='word_1_113' title='bbox 622 801 773 828; x_wconf 80' lang='lat' dir='ltr'><strong>lectoribus</strong></span> <span class='ocrx_word' id='word_1_114' title='bbox 787 800 954 831; x_wconf 88' lang='lat' dir='ltr'><strong>utilissimo;</strong></span> <span class='ocrx_word' id='word_1_115' title='bbox 968 800 1016 834; x_wconf 90' lang='lat' dir='ltr'><strong>qui</strong></span> <span class='ocrx_word' id='word_1_116' title='bbox 1033 800 1101 827; x_wconf 85' lang='lat' dir='ltr'><strong>ordo</strong></span> <span class='ocrx_word' id='word_1_117' title='bbox 1114 807 1176 827; x_wconf 90' lang='lat' dir='ltr'><strong>cum</strong></span> <span class='ocrx_word' id='word_1_118' title='bbox 1190 801 1335 834; x_wconf 82' lang='lat' dir='ltr'><strong>sequentia</strong></span> <span class='ocrx_word' id='word_1_119' title='bbox 1346 801 1378 828; x_wconf 90' lang='lat' dir='ltr'><strong>iis</strong></span> <span class='ocrx_word' id='word_1_120' title='bbox 1390 809 1450 836; x_wconf 73' lang='lat' dir='ltr'><strong>qua:</strong></span> <span class='ocrx_word' id='word_1_121' title='bbox 1461 806 1633 829; x_wconf 84' lang='lat' dir='ltr'><strong>antecessere</strong></span> <span class='ocrx_word' id='word_1_122' title='bbox 1647 802 1778 837; x_wconf 80' lang='lat' dir='ltr'><strong>adjungat</strong></span> 
     </span>
    </p>
   </div>
   <div class='ocr_carea' id='block_1_15' title="bbox 151 836 1776 880">
    <p class='ocr_par' dir='ltr' id='par_1_15' title="bbox 151 836 1776 880">
     <span class='ocr_line' id='line_1_16' title="bbox 151 836 1776 880; baseline 0.002 -11"><span class='ocrx_word' id='word_1_123' title='bbox 151 836 234 878; x_wconf 76' lang='lat' dir='ltr'><strong>atque</strong></span> <span class='ocrx_word' id='word_1_124' title='bbox 252 844 391 873; x_wconf 85' lang='lat' dir='ltr'><strong>adnectat.</strong></span> <span class='ocrx_word' id='word_1_125' title='bbox 405 844 526 870; x_wconf 68' lang='lat' dir='ltr'><strong>historhc</strong></span> <span class='ocrx_word' id='word_1_126' title='bbox 543 844 680 878; x_wconf 80' lang='lat' dir='ltr'><strong>quoddam</strong></span> <span class='ocrx_word' id='word_1_127' title='bbox 701 844 780 879; x_wconf 86' lang='lat' dir='ltr'><strong>quasi</strong></span> <span class='ocrx_word' id='word_1_128' title='bbox 798 852 899 878; x_wconf 85' lang='lat' dir='ltr'><strong>corpus</strong></span> <span class='ocrx_word' id='word_1_129' title='bbox 920 844 1037 871; x_wconf 86' lang='lat' dir='ltr'><strong>absolvit</strong></span> <span class='ocrx_word' id='word_1_130' title='bbox 1049 849 1075 871; x_wconf 88' lang='lat' dir='ltr'><strong>et</strong></span> <span class='ocrx_word' id='word_1_131' title='bbox 1091 845 1118 871; x_wconf 92' lang='lat' dir='ltr'><strong>in</strong></span> <span class='ocrx_word' id='word_1_132' title='bbox 1133 852 1183 871; x_wconf 89' lang='lat' dir='ltr'><strong>suo</strong></span> <span class='ocrx_word' id='word_1_133' title='bbox 1198 852 1299 880; x_wconf 77' lang='lat' dir='ltr'><strong>genere</strong></span> <span class='ocrx_word' id='word_1_134' title='bbox 1312 846 1439 873; x_wconf 85' lang='lat' dir='ltr'><strong>homines</strong></span> <span class='ocrx_word' id='word_1_135' title='bbox 1458 846 1584 873; x_wconf 89' lang='lat' dir='ltr'><strong>eruditos</strong></span> <span class='ocrx_word' id='word_1_136' title='bbox 1604 836 1706 877; x_wconf 83' lang='lat' dir='ltr'><strong>reddit,</strong></span> <span class='ocrx_word' id='word_1_137' title='bbox 1723 846 1776 873; x_wconf 89' lang='lat' dir='ltr'><strong>hoc</strong></span> 
     </span>
    </p>
   </div>
   <div class='ocr_carea' id='block_1_16' title="bbox 150 887 1774 925">
    <p class='ocr_par' dir='ltr' id='par_1_16' title="bbox 150 887 1774 925">
     <span class='ocr_line' id='line_1_17' title="bbox 150 887 1774 925; baseline 0.001 -11"><span class='ocrx_word' id='word_1_138' title='bbox 150 894 203 919; x_wconf 79' lang='lat' dir='ltr'><strong>est,</strong></span> <span class='ocrx_word' id='word_1_139' title='bbox 217 897 232 916; x_wconf 87' lang='lat' dir='ltr'><strong>a</strong></span> <span class='ocrx_word' id='word_1_140' title='bbox 248 889 328 924; x_wconf 81' lang='lat' dir='ltr'><strong>vulgo</strong></span> <span class='ocrx_word' id='word_1_141' title='bbox 345 889 502 915; x_wconf 87' lang='lat' dir='ltr'><strong>mortalium</strong></span> <span class='ocrx_word' id='word_1_142' title='bbox 518 889 674 925; x_wconf 76' lang='lat' dir='ltr'><strong>distinguit.</strong></span> <span class='ocrx_word' id='word_1_143' title='bbox 691 890 790 917; x_wconf 78' lang='lat' dir='ltr'><strong>Multos</strong></span> <span class='ocrx_word' id='word_1_144' title='bbox 805 897 871 916; x_wconf 83' lang='lat' dir='ltr'><strong>sane</strong></span> <span class='ocrx_word' id='word_1_145' title='bbox 891 887 1026 919; x_wconf 83' lang='lat' dir='ltr'><strong>invenias,</strong></span> <span class='ocrx_word' id='word_1_146' title='bbox 1039 888 1084 922; x_wconf 89' lang='lat' dir='ltr'><strong>qui</strong></span> <span class='ocrx_word' id='word_1_147' title='bbox 1097 888 1148 914; x_wconf 84' lang='lat' dir='ltr'><strong>etsi</strong></span> <span class='ocrx_word' id='word_1_148' title='bbox 1165 896 1179 914; x_wconf 90' lang='lat' dir='ltr'><strong>a</strong></span> <span class='ocrx_word' id='word_1_149' title='bbox 1193 888 1293 915; x_wconf 83' lang='lat' dir='ltr'><strong>litteris</strong></span> <span class='ocrx_word' id='word_1_150' title='bbox 1309 888 1402 921; x_wconf 87' lang='lat' dir='ltr'><strong>alieni,</strong></span> <span class='ocrx_word' id='word_1_151' title='bbox 1416 895 1506 916; x_wconf 89' lang='lat' dir='ltr'><strong>tamen</strong></span> <span class='ocrx_word' id='word_1_152' title='bbox 1522 890 1648 916; x_wconf 85' lang='lat' dir='ltr'><strong>acumine</strong></span> <span class='ocrx_word' id='word_1_153' title='bbox 1661 890 1774 925; x_wconf 80' lang='lat' dir='ltr'><strong>ingenii.</strong></span> 
     </span>
    </p>
   </div>
   <div class='ocr_carea' id='block_1_17' title="bbox 151 932 1776 968">
    <p class='ocr_par' dir='ltr' id='par_1_17' title="bbox 151 932 1776 968">
     <span class='ocr_line' id='line_1_18' title="bbox 151 932 1776 968; baseline 0.001 -9"><span class='ocrx_word' id='word_1_154' title='bbox 151 933 291 965; x_wconf 84' lang='lat' dir='ltr'><strong>facundia,</strong></span> <span class='ocrx_word' id='word_1_155' title='bbox 313 942 364 961; x_wconf 86' lang='lat' dir='ltr'><strong>usu</strong></span> <span class='ocrx_word' id='word_1_156' title='bbox 383 941 488 964; x_wconf 83' lang='lat' dir='ltr'><strong>rerum,</strong></span> <span class='ocrx_word' id='word_1_157' title='bbox 512 933 682 961; x_wconf 79' lang='lat' dir='ltr'><strong>doctissimis</strong></span> <span class='ocrx_word' id='word_1_158' title='bbox 696 934 776 965; x_wconf 87' lang='lat' dir='ltr'><strong>viris,</strong></span> <span class='ocrx_word' id='word_1_159' title='bbox 794 933 842 961; x_wconf 86' lang='lat' dir='ltr'><strong>sed</strong></span> <span class='ocrx_word' id='word_1_160' title='bbox 856 933 899 960; x_wconf 84' lang='lat' dir='ltr'><strong>vel</strong></span> <span class='ocrx_word' id='word_1_161' title='bbox 922 936 1020 960; x_wconf 85' lang='lat' dir='ltr'><strong>natura</strong></span> <span class='ocrx_word' id='word_1_162' title='bbox 1043 932 1213 959; x_wconf 76' lang='lat' dir='ltr'><strong>tardioribus</strong></span> <span class='ocrx_word' id='word_1_163' title='bbox 1229 932 1273 959; x_wconf 89' lang='lat' dir='ltr'><strong>vel</strong></span> <span class='ocrx_word' id='word_1_164' title='bbox 1298 933 1326 959; x_wconf 89' lang='lat' dir='ltr'><strong>in</strong></span> <span class='ocrx_word' id='word_1_165' title='bbox 1350 933 1494 960; x_wconf 86' lang='lat' dir='ltr'><strong>hominum</strong></span> <span class='ocrx_word' id='word_1_166' title='bbox 1511 933 1664 968; x_wconf 79' lang='lat' dir='ltr'><strong>frequentia</strong></span> <span class='ocrx_word' id='word_1_167' title='bbox 1683 934 1776 960; x_wconf 87' lang='lat' dir='ltr'><strong>minus</strong></span> 
     </span>
    </p>
   </div>
   <div class='ocr_carea' id='block_1_18' title="bbox 149 976 1773 1013">
    <p class='ocr_par' dir='ltr' id='par_1_18' title="bbox 149 976 1773 1013">
     <span class='ocr_line' id='line_1_19' title="bbox 149 976 1773 1013; baseline 0 -9"><span class='ocrx_word' id='word_1_168' title='bbox 149 978 275 1008; x_wconf 81' lang='lat' dir='ltr'><strong>versatis,</strong></span> <span class='ocrx_word' id='word_1_169' title='bbox 289 977 340 1004; x_wconf 70' lang='lat' dir='ltr'><strong>etsi</strong></span> <span class='ocrx_word' id='word_1_170' title='bbox 358 985 468 1004; x_wconf 90' lang='lat' dir='ltr'><strong>onmem</strong></span> <span class='ocrx_word' id='word_1_171' title='bbox 492 982 600 1005; x_wconf 65' lang='lat' dir='ltr'><strong>aetatem</strong></span> <span class='ocrx_word' id='word_1_172' title='bbox 626 978 652 1005; x_wconf 91' lang='lat' dir='ltr'><strong>in</strong></span> <span class='ocrx_word' id='word_1_173' title='bbox 677 979 841 1013; x_wconf 87' lang='lat' dir='ltr'><strong>optimarum</strong></span> <span class='ocrx_word' id='word_1_174' title='bbox 865 977 967 1004; x_wconf 86' lang='lat' dir='ltr'><strong>artium</strong></span> <span class='ocrx_word' id='word_1_175' title='bbox 990 976 1090 1003; x_wconf 76' lang='lat' dir='ltr'><strong>studiis</strong></span> <span class='ocrx_word' id='word_1_176' title='bbox 1110 976 1277 1008; x_wconf 88' lang='lat' dir='ltr'><strong>eontrivere,</strong></span> <span class='ocrx_word' id='word_1_177' title='bbox 1303 977 1494 1010; x_wconf 49' lang='lat' dir='ltr'><strong>pra‘ferantur.</strong></span> <span class='ocrx_word' id='word_1_178' title='bbox 1519 976 1622 1009; x_wconf 81' lang='lat' dir='ltr'><strong>Quodsi</strong></span> <span class='ocrx_word' id='word_1_179' title='bbox 1638 977 1773 1012; x_wconf 55' lang='lat' dir='ltr'><strong>ad,illam</strong></span> 
     </span>
    </p>
   </div>
   <div class='ocr_carea' id='block_1_19' title="bbox 150 1020 1774 1057">
    <p class='ocr_par' dir='ltr' id='par_1_19' title="bbox 150 1020 1774 1057">
     <span class='ocr_line' id='line_1_20' title="bbox 150 1020 1774 1057; baseline 0 -9"><span class='ocrx_word' id='word_1_180' title='bbox 150 1027 253 1048; x_wconf 80' lang='lat' dir='ltr'><strong>natura:</strong></span> <span class='ocrx_word' id='word_1_181' title='bbox 268 1021 427 1048; x_wconf 82' lang='lat' dir='ltr'><strong>felicitatem</strong></span> <span class='ocrx_word' id='word_1_182' title='bbox 445 1026 472 1048; x_wconf 88' lang='lat' dir='ltr'><strong>et</strong></span> <span class='ocrx_word' id='word_1_183' title='bbox 487 1021 665 1056; x_wconf 90' lang='lat' dir='ltr'><strong>multiplicem</strong></span> <span class='ocrx_word' id='word_1_184' title='bbox 680 1022 878 1057; x_wconf 80' lang='lat' dir='ltr'><strong>experientiam</strong></span> <span class='ocrx_word' id='word_1_185' title='bbox 895 1020 1051 1048; x_wconf 85' lang='lat' dir='ltr'><strong>accuratior</strong></span> <span class='ocrx_word' id='word_1_186' title='bbox 1066 1025 1092 1047; x_wconf 92' lang='lat' dir='ltr'><strong>et</strong></span> <span class='ocrx_word' id='word_1_187' title='bbox 1108 1020 1263 1048; x_wconf 87' lang='lat' dir='ltr'><strong>methodica</strong></span> <span class='ocrx_word' id='word_1_188' title='bbox 1281 1020 1418 1048; x_wconf 85' lang='lat' dir='ltr'><strong>institutio</strong></span> <span class='ocrx_word' id='word_1_189' title='bbox 1436 1021 1611 1055; x_wconf 75' lang='lat' dir='ltr'><strong>accessisset,</strong></span> <span class='ocrx_word' id='word_1_190' title='bbox 1630 1022 1696 1056; x_wconf 90' lang='lat' dir='ltr'><strong>quid</strong></span> <span class='ocrx_word' id='word_1_191' title='bbox 1711 1030 1774 1048; x_wconf 85' lang='lat' dir='ltr'><strong>eum</strong></span> 
     </span>
    </p>
   </div>
   <div class='ocr_carea' id='block_1_20' title="bbox 150 1063 1770 1100">
    <p class='ocr_par' dir='ltr' id='par_1_20' title="bbox 150 1063 1770 1100">
     <span class='ocr_line' id='line_1_21' title="bbox 150 1063 1770 1100; baseline 0 -9"><span class='ocrx_word' id='word_1_192' title='bbox 150 1066 258 1092; x_wconf 85' lang='lat' dir='ltr'><strong>illorum</strong></span> <span class='ocrx_word' id='word_1_193' title='bbox 274 1065 438 1092; x_wconf 78' lang='lat' dir='ltr'><strong>excellentia</strong></span> <span class='ocrx_word' id='word_1_194' title='bbox 453 1066 608 1100; x_wconf 84' lang='lat' dir='ltr'><strong>comparari</strong></span> <span class='ocrx_word' id='word_1_195' title='bbox 622 1067 736 1100; x_wconf 84' lang='lat' dir='ltr'><strong>posset?</strong></span> <span class='ocrx_word' id='word_1_196' title='bbox 747 1067 827 1094; x_wconf 85' lang='lat' dir='ltr'><strong>Nunc</strong></span> <span class='ocrx_word' id='word_1_197' title='bbox 841 1065 971 1092; x_wconf 81' lang='lat' dir='ltr'><strong>laudibus</strong></span> <span class='ocrx_word' id='word_1_198' title='bbox 985 1072 1083 1092; x_wconf 92' lang='lat' dir='ltr'><strong>eorum</strong></span> <span class='ocrx_word' id='word_1_199' title='bbox 1099 1068 1206 1091; x_wconf 88' lang='lat' dir='ltr'><strong>tantum</strong></span> <span class='ocrx_word' id='word_1_200' title='bbox 1230 1063 1342 1091; x_wconf 83' lang='lat' dir='ltr'><strong>decedit</strong></span> <span class='ocrx_word' id='word_1_201' title='bbox 1363 1069 1497 1098; x_wconf 91' lang='lat' dir='ltr'><strong>quantum</strong></span> <span class='ocrx_word' id='word_1_202' title='bbox 1514 1065 1671 1098; x_wconf 76' lang='lat' dir='ltr'><strong>accuratior</strong></span> <span class='ocrx_word' id='word_1_203' title='bbox 1688 1065 1770 1091; x_wconf 69' lang='lat' dir='ltr'><strong>insti~</strong></span> 
     </span>
    </p>
   </div>
   <div class='ocr_carea' id='block_1_21' title="bbox 149 1108 1776 1144">
    <p class='ocr_par' dir='ltr' id='par_1_21' title="bbox 149 1108 1776 1144">
     <span class='ocr_line' id='line_1_22' title="bbox 149 1108 1776 1144; baseline 0.001 -9"><span class='ocrx_word' id='word_1_204' title='bbox 149 1109 217 1136; x_wconf 90' lang='lat' dir='ltr'><strong>tutio</strong></span> <span class='ocrx_word' id='word_1_205' title='bbox 235 1109 288 1136; x_wconf 86' lang='lat' dir='ltr'><strong>illis</strong></span> <span class='ocrx_word' id='word_1_206' title='bbox 301 1109 464 1136; x_wconf 83' lang='lat' dir='ltr'><strong>addidisset.</strong></span> <span class='ocrx_word' id='word_1_207' title='bbox 480 1109 574 1144; x_wconf 88' lang='lat' dir='ltr'><strong>Neque</strong></span> <span class='ocrx_word' id='word_1_208' title='bbox 587 1110 661 1136; x_wconf 90' lang='lat' dir='ltr'><strong>enim</strong></span> <span class='ocrx_word' id='word_1_209' title='bbox 677 1109 748 1136; x_wconf 86' lang='lat' dir='ltr'><strong>falso</strong></span> <span class='ocrx_word' id='word_1_210' title='bbox 763 1109 864 1136; x_wconf 90' lang='lat' dir='ltr'><strong>dicitur</strong></span> <span class='ocrx_word' id='word_1_211' title='bbox 882 1113 983 1141; x_wconf 91' lang='lat' dir='ltr'><strong>artem,</strong></span> <span class='ocrx_word' id='word_1_212' title='bbox 999 1116 1060 1143; x_wconf 71' lang='lat' dir='ltr'><strong>qua:</strong></span> <span class='ocrx_word' id='word_1_213' title='bbox 1071 1112 1113 1136; x_wconf 88' lang='lat' dir='ltr'><strong>est</strong></span> <span class='ocrx_word' id='word_1_214' title='bbox 1126 1108 1228 1142; x_wconf 75' lang='lat' dir='ltr'><strong>ingenii</strong></span> <span class='ocrx_word' id='word_1_215' title='bbox 1240 1108 1327 1135; x_wconf 88' lang='lat' dir='ltr'><strong>veluti</strong></span> <span class='ocrx_word' id='word_1_216' title='bbox 1345 1108 1421 1135; x_wconf 88' lang='lat' dir='ltr'><strong>rudis</strong></span> <span class='ocrx_word' id='word_1_217' title='bbox 1431 1110 1536 1144; x_wconf 87' lang='lat' dir='ltr'><strong>speculi</strong></span> <span class='ocrx_word' id='word_1_218' title='bbox 1551 1109 1629 1144; x_wconf 89' lang='lat' dir='ltr'><strong>quasi</strong></span> <span class='ocrx_word' id='word_1_219' title='bbox 1641 1109 1776 1144; x_wconf 78' lang='lat' dir='ltr'><strong>expolitio</strong></span> 
     </span>
    </p>
   </div>
   <div class='ocr_carea' id='block_1_22' title="bbox 150 1152 1772 1188">
    <p class='ocr_par' dir='ltr' id='par_1_22' title="bbox 150 1152 1772 1188">
     <span class='ocr_line' id='line_1_23' title="bbox 150 1152 1772 1188; baseline -0.001 -8"><span class='ocrx_word' id='word_1_220' title='bbox 150 1153 288 1188; x_wconf 71' lang='lat' dir='ltr'><strong>qumdam,</strong></span> <span class='ocrx_word' id='word_1_221' title='bbox 304 1153 450 1180; x_wconf 82' lang='lat' dir='ltr'><strong>certiorem</strong></span> <span class='ocrx_word' id='word_1_222' title='bbox 467 1161 529 1180; x_wconf 82' lang='lat' dir='ltr'><strong>esse</strong></span> <span class='ocrx_word' id='word_1_223' title='bbox 544 1153 642 1180; x_wconf 87' lang='lat' dir='ltr'><strong>dttcem</strong></span> <span class='ocrx_word' id='word_1_224' title='bbox 656 1161 738 1188; x_wconf 88' lang='lat' dir='ltr'><strong>quant</strong></span> <span class='ocrx_word' id='word_1_225' title='bbox 752 1158 890 1184; x_wconf 78' lang='lat' dir='ltr'><strong>naturam.</strong></span> <span class='ocrx_word' id='word_1_226' title='bbox 908 1157 990 1188; x_wconf 88' lang='lat' dir='ltr'><strong>atque</strong></span> <span class='ocrx_word' id='word_1_227' title='bbox 1006 1152 1089 1179; x_wconf 85' lang='lat' dir='ltr'><strong>etiam</strong></span> <span class='ocrx_word' id='word_1_228' title='bbox 1105 1152 1235 1179; x_wconf 87' lang='lat' dir='ltr'><strong>uberiore</strong></span> <span class='ocrx_word' id='word_1_229' title='bbox 1248 1161 1274 1178; x_wconf 80' lang='grc' dir='ltr'><strong>ιι.</strong></span> <span class='ocrx_word' id='word_1_230' title='bbox 1291 1152 1359 1178; x_wconf 88' lang='lat' dir='ltr'><strong>Nam</strong></span> <span class='ocrx_word' id='word_1_231' title='bbox 1375 1153 1423 1186; x_wconf 91' lang='lat' dir='ltr'><strong>qui</strong></span> <span class='ocrx_word' id='word_1_232' title='bbox 1442 1153 1526 1180; x_wconf 91' lang='lat' dir='ltr'><strong>nullis</strong></span> <span class='ocrx_word' id='word_1_233' title='bbox 1542 1153 1772 1180; x_wconf 72' lang='lat' dir='ltr'><strong>eruditionis’ad-</strong></span> 
     </span>
    </p>
   </div>
   <div class='ocr_carea' id='block_1_23' title="bbox 150 1195 1772 1232">
    <p class='ocr_par' dir='ltr' id='par_1_23' title="bbox 150 1195 1772 1232">
     <span class='ocr_line' id='line_1_24' title="bbox 150 1195 1772 1232; baseline -0.001 -9"><span class='ocrx_word' id='word_1_234' title='bbox 150 1196 289 1224; x_wconf 86' lang='lat' dir='ltr'><strong>tniniculis</strong></span> <span class='ocrx_word' id='word_1_235' title='bbox 305 1202 510 1229; x_wconf 83' lang='lat' dir='ltr'><strong>sustentantur,</strong></span> <span class='ocrx_word' id='word_1_236' title='bbox 530 1201 634 1224; x_wconf 85' lang='lat' dir='ltr'><strong>temere</strong></span> <span class='ocrx_word' id='word_1_237' title='bbox 652 1197 814 1231; x_wconf 90' lang='lat' dir='ltr'><strong>plerumque</strong></span> <span class='ocrx_word' id='word_1_238' title='bbox 831 1197 960 1224; x_wconf 83' lang='lat' dir='ltr'><strong>feruntur</strong></span> <span class='ocrx_word' id='word_1_239' title='bbox 977 1201 1004 1223; x_wconf 92' lang='lat' dir='ltr'><strong>et</strong></span> <span class='ocrx_word' id='word_1_240' title='bbox 1018 1200 1094 1223; x_wconf 82' lang='lat' dir='ltr'><strong>extra</strong></span> <span class='ocrx_word' id='word_1_241' title='bbox 1108 1195 1220 1228; x_wconf 83' lang='lat' dir='ltr'><strong>limites,</strong></span> <span class='ocrx_word' id='word_1_242' title='bbox 1235 1203 1290 1230; x_wconf 91' lang='lat' dir='ltr'><strong>quo</strong></span> <span class='ocrx_word' id='word_1_243' title='bbox 1306 1196 1390 1222; x_wconf 88' lang='lat' dir='ltr'><strong>animi</strong></span> <span class='ocrx_word' id='word_1_244' title='bbox 1401 1201 1484 1224; x_wconf 58' lang='lat' dir='ltr'><strong>astus</strong></span> <span class='ocrx_word' id='word_1_245' title='bbox 1500 1197 1581 1231; x_wconf 87' lang='lat' dir='ltr'><strong>rapit,</strong></span> <span class='ocrx_word' id='word_1_246' title='bbox 1595 1201 1747 1232; x_wconf 76' lang='lat' dir='ltr'><strong>evagantur</strong></span> <span class='ocrx_word' id='word_1_247' title='bbox 1764 1205 1772 1222; x_wconf 89' lang='lat'><strong>:</strong></span> 
     </span>
    </p>
   </div>
   <div class='ocr_carea' id='block_1_24' title="bbox 148 1240 1770 1278">
    <p class='ocr_par' dir='ltr' id='par_1_24' title="bbox 148 1240 1770 1278">
     <span class='ocr_line' id='line_1_25' title="bbox 148 1240 1770 1278; baseline 0 -11"><span class='ocrx_word' id='word_1_248' title='bbox 148 1241 222 1268; x_wconf 84' lang='lat' dir='ltr'><strong>docti</strong></span> <span class='ocrx_word' id='word_1_249' title='bbox 235 1248 249 1267; x_wconf 87' lang='lat' dir='ltr'><strong>a</strong></span> <span class='ocrx_word' id='word_1_250' title='bbox 262 1241 345 1268; x_wconf 88' lang='lat' dir='ltr'><strong>certis</strong></span> <span class='ocrx_word' id='word_1_251' title='bbox 359 1240 445 1267; x_wconf 88' lang='lat' dir='ltr'><strong>initiis</strong></span> <span class='ocrx_word' id='word_1_252' title='bbox 459 1241 492 1267; x_wconf 87' lang='lat' dir='ltr'><strong>ad</strong></span> <span class='ocrx_word' id='word_1_253' title='bbox 511 1246 597 1268; x_wconf 83' lang='lat' dir='ltr'><strong>metas</strong></span> <span class='ocrx_word' id='word_1_254' title='bbox 613 1241 710 1267; x_wconf 87' lang='lat' dir='ltr'><strong>ordine</strong></span> <span class='ocrx_word' id='word_1_255' title='bbox 723 1241 936 1276; x_wconf 83' lang='lat' dir='ltr'><strong>progrediendo,</strong></span> <span class='ocrx_word' id='word_1_256' title='bbox 953 1241 1045 1267; x_wconf 84' lang='lat' dir='ltr'><strong>statim</strong></span> <span class='ocrx_word' id='word_1_257' title='bbox 1073 1241 1101 1267; x_wconf 91' lang='lat' dir='ltr'><strong>in</strong></span> <span class='ocrx_word' id='word_1_258' title='bbox 1125 1246 1254 1275; x_wconf 88' lang='lat' dir='ltr'><strong>promptu</strong></span> <span class='ocrx_word' id='word_1_259' title='bbox 1276 1241 1377 1278; x_wconf 81' lang='lat' dir='ltr'><strong>habent</strong></span> <span class='ocrx_word' id='word_1_260' title='bbox 1392 1249 1453 1276; x_wconf 74' lang='lat' dir='ltr'><strong>quae</strong></span> <span class='ocrx_word' id='word_1_261' title='bbox 1473 1242 1507 1269; x_wconf 88' lang='lat' dir='ltr'><strong>ad</strong></span> <span class='ocrx_word' id='word_1_262' title='bbox 1523 1250 1580 1269; x_wconf 92' lang='lat' dir='ltr'><strong>rem</strong></span> <span class='ocrx_word' id='word_1_263' title='bbox 1603 1243 1770 1276; x_wconf 79' lang='lat' dir='ltr'><strong>pertineant.</strong></span> 
     </span>
    </p>
   </div>
   <div class='ocr_carea' id='block_1_25' title="bbox 150 1284 1770 1321">
    <p class='ocr_par' dir='ltr' id='par_1_25' title="bbox 150 1284 1770 1321">
     <span class='ocr_line' id='line_1_26' title="bbox 150 1284 1770 1321; baseline 0.002 -10"><span class='ocrx_word' id='word_1_264' title='bbox 150 1285 190 1311; x_wconf 88' lang='lat' dir='ltr'><strong>llli</strong></span> <span class='ocrx_word' id='word_1_265' title='bbox 209 1284 304 1316; x_wconf 84' lang='lat' dir='ltr'><strong>multa,</strong></span> <span class='ocrx_word' id='word_1_266' title='bbox 322 1284 349 1310; x_wconf 91' lang='lat' dir='ltr'><strong>hi</strong></span> <span class='ocrx_word' id='word_1_267' title='bbox 366 1285 497 1318; x_wconf 85' lang='lat' dir='ltr'><strong>pleraque</strong></span> <span class='ocrx_word' id='word_1_268' title='bbox 513 1284 582 1310; x_wconf 89' lang='lat' dir='ltr'><strong>scitu</strong></span> <span class='ocrx_word' id='word_1_269' title='bbox 598 1284 679 1318; x_wconf 81' lang='lat' dir='ltr'><strong>digna</strong></span> <span class='ocrx_word' id='word_1_270' title='bbox 701 1289 795 1311; x_wconf 83' lang='lat' dir='ltr'><strong>tenent</strong></span> <span class='ocrx_word' id='word_1_271' title='bbox 816 1293 822 1311; x_wconf 90' lang='lat'><strong>:</strong></span> <span class='ocrx_word' id='word_1_272' title='bbox 843 1285 881 1311; x_wconf 91' lang='lat' dir='ltr'><strong>illi</strong></span> <span class='ocrx_word' id='word_1_273' title='bbox 901 1285 1055 1319; x_wconf 81' lang='lat' dir='ltr'><strong>fragmenta</strong></span> <span class='ocrx_word' id='word_1_274' title='bbox 1078 1286 1205 1319; x_wconf 64' lang='lat' dir='ltr'><strong>quatdam</strong></span> <span class='ocrx_word' id='word_1_275' title='bbox 1231 1289 1258 1312; x_wconf 87' lang='lat' dir='ltr'><strong>et</strong></span> <span class='ocrx_word' id='word_1_276' title='bbox 1289 1286 1366 1319; x_wconf 87' lang='lat' dir='ltr'><strong>quasi</strong></span> <span class='ocrx_word' id='word_1_277' title='bbox 1391 1286 1504 1321; x_wconf 77' lang='lat' dir='ltr'><strong>disjecta</strong></span> <span class='ocrx_word' id='word_1_278' title='bbox 1530 1287 1653 1314; x_wconf 88' lang='lat' dir='ltr'><strong>membra</strong></span> <span class='ocrx_word' id='word_1_279' title='bbox 1673 1295 1770 1314; x_wconf 45' lang='lat' dir='ltr'><strong>cense.</strong></span> 
     </span>
    </p>
   </div>
   <div class='ocr_carea' id='block_1_26' title="bbox 148 1328 1770 1366">
    <p class='ocr_par' dir='ltr' id='par_1_26' title="bbox 148 1328 1770 1366">
     <span class='ocr_line' id='line_1_27' title="bbox 148 1328 1770 1366; baseline 0.001 -10"><span class='ocrx_word' id='word_1_280' title='bbox 148 1334 271 1359; x_wconf 87' lang='lat' dir='ltr'><strong>ctantur.</strong></span> <span class='ocrx_word' id='word_1_281' title='bbox 288 1329 315 1355; x_wconf 91' lang='lat' dir='ltr'><strong>hi</strong></span> <span class='ocrx_word' id='word_1_282' title='bbox 334 1328 453 1355; x_wconf 86' lang='lat' dir='ltr'><strong>solidum</strong></span> <span class='ocrx_word' id='word_1_283' title='bbox 475 1329 613 1362; x_wconf 87' lang='lat' dir='ltr'><strong>quoddam</strong></span> <span class='ocrx_word' id='word_1_284' title='bbox 635 1335 661 1355; x_wconf 92' lang='lat' dir='ltr'><strong>et</strong></span> <span class='ocrx_word' id='word_1_285' title='bbox 681 1330 738 1356; x_wconf 82' lang='lat' dir='ltr'><strong>suis</strong></span> <span class='ocrx_word' id='word_1_286' title='bbox 754 1329 877 1355; x_wconf 89' lang='lat' dir='ltr'><strong>numeris</strong></span> <span class='ocrx_word' id='word_1_287' title='bbox 898 1329 1055 1356; x_wconf 83' lang='lat' dir='ltr'><strong>absolutum</strong></span> <span class='ocrx_word' id='word_1_288' title='bbox 1073 1328 1200 1356; x_wconf 68' lang='lat' dir='ltr'><strong>humanae</strong></span> <span class='ocrx_word' id='word_1_289' title='bbox 1226 1329 1388 1364; x_wconf 78' lang='lat' dir='ltr'><strong>cognitionis</strong></span> <span class='ocrx_word' id='word_1_290' title='bbox 1415 1338 1515 1364; x_wconf 91' lang='lat' dir='ltr'><strong>corpus</strong></span> <span class='ocrx_word' id='word_1_291' title='bbox 1538 1332 1770 1366; x_wconf 85' lang='lat' dir='ltr'><strong>complectuntur.</strong></span> 
     </span>
    </p>
   </div>
   <div class='ocr_carea' id='block_1_27' title="bbox 148 1370 1769 1409">
    <p class='ocr_par' dir='ltr' id='par_1_27' title="bbox 148 1370 1769 1409">
     <span class='ocr_line' id='line_1_28' title="bbox 148 1370 1769 1409; baseline 0.003 -12"><span class='ocrx_word' id='word_1_292' title='bbox 148 1372 221 1404; x_wconf 72' lang='lat' dir='ltr'><strong>Quas</strong></span> <span class='ocrx_word' id='word_1_293' title='bbox 237 1370 272 1397; x_wconf 81' lang='lat' dir='ltr'><strong>ob</strong></span> <span class='ocrx_word' id='word_1_294' title='bbox 287 1377 331 1397; x_wconf 85' lang='lat' dir='ltr'><strong>res</strong></span> <span class='ocrx_word' id='word_1_295' title='bbox 346 1377 397 1405; x_wconf 73' lang='lat' dir='ltr'><strong>ego</strong></span> <span class='ocrx_word' id='word_1_296' title='bbox 414 1371 560 1404; x_wconf 89' lang='lat' dir='ltr'><strong>perbeatos</strong></span> <span class='ocrx_word' id='word_1_297' title='bbox 575 1379 622 1398; x_wconf 86' lang='lat' dir='ltr'><strong>eos</strong></span> <span class='ocrx_word' id='word_1_298' title='bbox 636 1379 695 1398; x_wconf 73' lang='lat' dir='ltr'><strong>esse</strong></span> <span class='ocrx_word' id='word_1_299' title='bbox 710 1371 817 1406; x_wconf 83' lang='lat' dir='ltr'><strong>judico,</strong></span> <span class='ocrx_word' id='word_1_300' title='bbox 833 1371 935 1405; x_wconf 89' lang='lat' dir='ltr'><strong>quibus</strong></span> <span class='ocrx_word' id='word_1_301' title='bbox 949 1375 977 1398; x_wconf 89' lang='lat' dir='ltr'><strong>et</strong></span> <span class='ocrx_word' id='word_1_302' title='bbox 992 1380 1023 1399; x_wconf 86' lang='lat' dir='ltr'><strong>ea</strong></span> <span class='ocrx_word' id='word_1_303' title='bbox 1039 1373 1167 1399; x_wconf 78' lang='lat' dir='ltr'><strong>voluntas</strong></span> <span class='ocrx_word' id='word_1_304' title='bbox 1182 1373 1299 1408; x_wconf 77' lang='lat' dir='ltr'><strong>contigit</strong></span> <span class='ocrx_word' id='word_1_305' title='bbox 1313 1378 1343 1400; x_wconf 92' lang='lat' dir='ltr'><strong>ut</strong></span> <span class='ocrx_word' id='word_1_306' title='bbox 1363 1374 1489 1409; x_wconf 85' lang='lat' dir='ltr'><strong>cupiant,</strong></span> <span class='ocrx_word' id='word_1_307' title='bbox 1513 1380 1540 1401; x_wconf 91' lang='lat' dir='ltr'><strong>et</strong></span> <span class='ocrx_word' id='word_1_308' title='bbox 1561 1382 1601 1402; x_wconf 70' lang='lat' dir='ltr'><strong>eae</strong></span> <span class='ocrx_word' id='word_1_309' title='bbox 1624 1375 1769 1403; x_wconf 82' lang='lat' dir='ltr'><strong>facultates</strong></span> 
     </span>
    </p>
   </div>
   <div class='ocr_carea' id='block_1_28' title="bbox 149 1415 1773 1454">
    <p class='ocr_par' dir='ltr' id='par_1_28' title="bbox 149 1415 1773 1454">
     <span class='ocr_line' id='line_1_29' title="bbox 149 1415 1773 1454; baseline 0.003 -13"><span class='ocrx_word' id='word_1_310' title='bbox 149 1419 300 1450; x_wconf 72' lang='lat' dir='ltr'><strong>suppetunt</strong></span> <span class='ocrx_word' id='word_1_311' title='bbox 315 1419 344 1441; x_wconf 90' lang='lat' dir='ltr'><strong>ut</strong></span> <span class='ocrx_word' id='word_1_312' title='bbox 359 1415 476 1449; x_wconf 90' lang='lat' dir='ltr'><strong>possint.</strong></span> <span class='ocrx_word' id='word_1_313' title='bbox 497 1415 566 1442; x_wconf 90' lang='lat' dir='ltr'><strong>citra</strong></span> <span class='ocrx_word' id='word_1_314' title='bbox 583 1415 821 1450; x_wconf 82' lang='lat' dir='ltr'><strong>impedimentum,</strong></span> <span class='ocrx_word' id='word_1_315' title='bbox 838 1415 872 1442; x_wconf 90' lang='lat' dir='ltr'><strong>ab</strong></span> <span class='ocrx_word' id='word_1_316' title='bbox 889 1415 1003 1443; x_wconf 87' lang='lat' dir='ltr'><strong>ineunte</strong></span> <span class='ocrx_word' id='word_1_317' title='bbox 1026 1421 1107 1444; x_wconf 82' lang='lat' dir='ltr'><strong>aetate</strong></span> <span class='ocrx_word' id='word_1_318' title='bbox 1134 1425 1220 1452; x_wconf 89' lang='lat' dir='ltr'><strong>usque</strong></span> <span class='ocrx_word' id='word_1_319' title='bbox 1232 1417 1264 1444; x_wconf 88' lang='lat' dir='ltr'><strong>ad</strong></span> <span class='ocrx_word' id='word_1_320' title='bbox 1282 1417 1307 1444; x_wconf 93' lang='lat' dir='ltr'><strong>id</strong></span> <span class='ocrx_word' id='word_1_321' title='bbox 1325 1423 1433 1452; x_wconf 89' lang='lat' dir='ltr'><strong>tempus</strong></span> <span class='ocrx_word' id='word_1_322' title='bbox 1448 1418 1520 1452; x_wconf 84' lang='lat' dir='ltr'><strong>quod</strong></span> <span class='ocrx_word' id='word_1_323' title='bbox 1538 1419 1621 1446; x_wconf 89' lang='lat' dir='ltr'><strong>rebus</strong></span> <span class='ocrx_word' id='word_1_324' title='bbox 1643 1419 1773 1454; x_wconf 74' lang='lat' dir='ltr'><strong>gerendis</strong></span> 
     </span>
    </p>
   </div>
   <div class='ocr_carea' id='block_1_29' title="bbox 147 1458 1770 1498">
    <p class='ocr_par' dir='ltr' id='par_1_29' title="bbox 147 1458 1770 1498">
     <span class='ocr_line' id='line_1_30' title="bbox 147 1458 1770 1498; baseline 0.004 -14"><span class='ocrx_word' id='word_1_325' title='bbox 147 1463 241 1494; x_wconf 80' lang='lat' dir='ltr'><strong>aptum</strong></span> <span class='ocrx_word' id='word_1_326' title='bbox 256 1463 309 1491; x_wconf 87' lang='lat' dir='ltr'><strong>est,</strong></span> <span class='ocrx_word' id='word_1_327' title='bbox 325 1458 527 1493; x_wconf 88' lang='lat' dir='ltr'><strong>philosophari,</strong></span> <span class='ocrx_word' id='word_1_328' title='bbox 552 1466 583 1486; x_wconf 90' lang='lat' dir='ltr'><strong>ac</strong></span> <span class='ocrx_word' id='word_1_329' title='bbox 609 1465 665 1485; x_wconf 92' lang='lat' dir='ltr'><strong>tum</strong></span> <span class='ocrx_word' id='word_1_330' title='bbox 684 1459 793 1486; x_wconf 91' lang='lat' dir='ltr'><strong>demum</strong></span> <span class='ocrx_word' id='word_1_331' title='bbox 818 1459 914 1494; x_wconf 80' lang='lat' dir='ltr'><strong>agendi</strong></span> <span class='ocrx_word' id='word_1_332' title='bbox 943 1460 1084 1488; x_wconf 77' lang='lat' dir='ltr'><strong>solertiam</strong></span> <span class='ocrx_word' id='word_1_333' title='bbox 1111 1469 1173 1488; x_wconf 91' lang='lat' dir='ltr'><strong>cum</strong></span> <span class='ocrx_word' id='word_1_334' title='bbox 1196 1461 1320 1488; x_wconf 79' lang='lat' dir='ltr'><strong>veritatis</strong></span> <span class='ocrx_word' id='word_1_335' title='bbox 1335 1462 1568 1496; x_wconf 82' lang='lat' dir='ltr'><strong>contemplatione</strong></span> <span class='ocrx_word' id='word_1_336' title='bbox 1591 1464 1770 1498; x_wconf 78' lang='lat' dir='ltr'><strong>conjungere.</strong></span> 
     </span>
    </p>
   </div>
   <div class='ocr_carea' id='block_1_30' title="bbox 148 1502 1769 1543">
    <p class='ocr_par' dir='ltr' id='par_1_30' title="bbox 148 1502 1769 1543">
     <span class='ocr_line' id='line_1_31' title="bbox 148 1502 1769 1543; baseline 0.002 -14"><span class='ocrx_word' id='word_1_337' title='bbox 148 1503 250 1530; x_wconf 87' lang='lat' dir='ltr'><strong>animis</strong></span> <span class='ocrx_word' id='word_1_338' title='bbox 267 1504 294 1530; x_wconf 94' lang='lat' dir='ltr'><strong>in</strong></span> <span class='ocrx_word' id='word_1_339' title='bbox 313 1503 399 1531; x_wconf 73' lang='lat' dir='ltr'><strong>cmlos</strong></span> <span class='ocrx_word' id='word_1_340' title='bbox 414 1508 442 1530; x_wconf 91' lang='lat' dir='ltr'><strong>et</strong></span> <span class='ocrx_word' id='word_1_341' title='bbox 455 1503 545 1538; x_wconf 88' lang='lat' dir='ltr'><strong>ipsum</strong></span> <span class='ocrx_word' id='word_1_342' title='bbox 565 1503 663 1534; x_wconf 84' lang='lat' dir='ltr'><strong>Deum,</strong></span> <span class='ocrx_word' id='word_1_343' title='bbox 676 1503 837 1538; x_wconf 86' lang='lat' dir='ltr'><strong>corporibus</strong></span> <span class='ocrx_word' id='word_1_344' title='bbox 858 1503 884 1530; x_wconf 91' lang='lat' dir='ltr'><strong>in</strong></span> <span class='ocrx_word' id='word_1_345' title='bbox 902 1502 1029 1531; x_wconf 73' lang='lat' dir='ltr'><strong>humanae</strong></span> <span class='ocrx_word' id='word_1_346' title='bbox 1047 1504 1186 1531; x_wconf 83' lang='lat' dir='ltr'><strong>societatis</strong></span> <span class='ocrx_word' id='word_1_347' title='bbox 1205 1505 1444 1543; x_wconf 79' lang='lat' dir='ltr'><strong>conservationem</strong></span> <span class='ocrx_word' id='word_1_348' title='bbox 1471 1506 1596 1533; x_wconf 88' lang='lat' dir='ltr'><strong>intentis.</strong></span> <span class='ocrx_word' id='word_1_349' title='bbox 1622 1506 1684 1533; x_wconf 73' lang='lat' dir='ltr'><strong>lla-c</strong></span> <span class='ocrx_word' id='word_1_350' title='bbox 1703 1507 1769 1534; x_wconf 91' lang='lat' dir='ltr'><strong>mihi</strong></span> 
     </span>
    </p>
   </div>
   <div class='ocr_carea' id='block_1_31' title="bbox 147 1547 1770 1584">
    <p class='ocr_par' dir='ltr' id='par_1_31' title="bbox 147 1547 1770 1584">
     <span class='ocr_line' id='line_1_32' title="bbox 147 1547 1770 1584; baseline 0.001 -8"><span class='ocrx_word' id='word_1_351' title='bbox 147 1550 204 1576; x_wconf 79' lang='lat' dir='ltr'><strong>vita</strong></span> <span class='ocrx_word' id='word_1_352' title='bbox 220 1555 283 1575; x_wconf 86' lang='lat' dir='ltr'><strong>vere</strong></span> <span class='ocrx_word' id='word_1_353' title='bbox 301 1547 421 1574; x_wconf 86' lang='lat' dir='ltr'><strong>humana</strong></span> <span class='ocrx_word' id='word_1_354' title='bbox 440 1552 467 1574; x_wconf 89' lang='lat' dir='ltr'><strong>et</strong></span> <span class='ocrx_word' id='word_1_355' title='bbox 481 1547 574 1582; x_wconf 89' lang='lat' dir='ltr'><strong>potius</strong></span> <span class='ocrx_word' id='word_1_356' title='bbox 591 1547 684 1574; x_wconf 76' lang='lat' dir='ltr'><strong>divina</strong></span> <span class='ocrx_word' id='word_1_357' title='bbox 710 1555 820 1582; x_wconf 73' lang='lat' dir='ltr'><strong>semper</strong></span> <span class='ocrx_word' id='word_1_358' title='bbox 836 1547 893 1574; x_wconf 80' lang='lat' dir='ltr'><strong>visa</strong></span> <span class='ocrx_word' id='word_1_359' title='bbox 908 1552 960 1579; x_wconf 90' lang='lat' dir='ltr'><strong>est,</strong></span> <span class='ocrx_word' id='word_1_360' title='bbox 976 1552 1004 1574; x_wconf 90' lang='lat' dir='ltr'><strong>et</strong></span> <span class='ocrx_word' id='word_1_361' title='bbox 1025 1548 1155 1575; x_wconf 81' lang='lat' dir='ltr'><strong>omnibus</strong></span> <span class='ocrx_word' id='word_1_362' title='bbox 1178 1548 1212 1575; x_wconf 88' lang='lat' dir='ltr'><strong>iis</strong></span> <span class='ocrx_word' id='word_1_363' title='bbox 1230 1549 1419 1582; x_wconf 86' lang='lat' dir='ltr'><strong>voluptatibus</strong></span> <span class='ocrx_word' id='word_1_364' title='bbox 1440 1557 1500 1584; x_wconf 75' lang='lat' dir='ltr'><strong>qua:</strong></span> <span class='ocrx_word' id='word_1_365' title='bbox 1524 1557 1586 1576; x_wconf 91' lang='lat' dir='ltr'><strong>cum</strong></span> <span class='ocrx_word' id='word_1_366' title='bbox 1607 1550 1696 1576; x_wconf 88' lang='lat' dir='ltr'><strong>brutis</strong></span> <span class='ocrx_word' id='word_1_367' title='bbox 1710 1551 1770 1577; x_wconf 85' lang='lat' dir='ltr'><strong>ani-</strong></span> 
     </span>
    </p>
   </div>
   <div class='ocr_carea' id='block_1_32' title="bbox 149 1591 1769 1629">
    <p class='ocr_par' dir='ltr' id='par_1_32' title="bbox 149 1591 1769 1629">
     <span class='ocr_line' id='line_1_33' title="bbox 149 1591 1769 1629; baseline -0.001 -8"><span class='ocrx_word' id='word_1_368' title='bbox 149 1593 288 1621; x_wconf 81' lang='lat' dir='ltr'><strong>mantibus</strong></span> <span class='ocrx_word' id='word_1_369' title='bbox 306 1591 363 1618; x_wconf 86' lang='lat' dir='ltr'><strong>fere</strong></span> <span class='ocrx_word' id='word_1_370' title='bbox 377 1598 540 1619; x_wconf 87' lang='lat' dir='ltr'><strong>communes</strong></span> <span class='ocrx_word' id='word_1_371' title='bbox 555 1596 620 1618; x_wconf 87' lang='lat' dir='ltr'><strong>sunt</strong></span> <span class='ocrx_word' id='word_1_372' title='bbox 637 1591 817 1626; x_wconf 67' lang='lat' dir='ltr'><strong>pra‘fcrcnda.</strong></span> <span class='ocrx_word' id='word_1_373' title='bbox 842 1591 870 1618; x_wconf 94' lang='lat' dir='ltr'><strong>ln</strong></span> <span class='ocrx_word' id='word_1_374' title='bbox 885 1599 938 1626; x_wconf 90' lang='lat' dir='ltr'><strong>quo</strong></span> <span class='ocrx_word' id='word_1_375' title='bbox 951 1591 1078 1618; x_wconf 82' lang='lat' dir='ltr'><strong>assentiri</strong></span> <span class='ocrx_word' id='word_1_376' title='bbox 1096 1592 1163 1618; x_wconf 94' lang='lat' dir='ltr'><strong>mihi</strong></span> <span class='ocrx_word' id='word_1_377' title='bbox 1178 1597 1205 1619; x_wconf 90' lang='lat' dir='ltr'><strong>et</strong></span> <span class='ocrx_word' id='word_1_378' title='bbox 1219 1600 1252 1629; x_wconf 77' lang='lat' dir='ltr'><strong>ex</strong></span> <span class='ocrx_word' id='word_1_379' title='bbox 1270 1592 1358 1619; x_wconf 88' lang='lat' dir='ltr'><strong>doctis</strong></span> <span class='ocrx_word' id='word_1_380' title='bbox 1382 1598 1410 1620; x_wconf 89' lang='lat' dir='ltr'><strong>et</strong></span> <span class='ocrx_word' id='word_1_381' title='bbox 1431 1602 1464 1621; x_wconf 83' lang='lat' dir='ltr'><strong>cx</strong></span> <span class='ocrx_word' id='word_1_382' title='bbox 1490 1593 1610 1620; x_wconf 87' lang='lat' dir='ltr'><strong>indoctis</strong></span> <span class='ocrx_word' id='word_1_383' title='bbox 1635 1594 1769 1628; x_wconf 88' lang='lat' dir='ltr'><strong>optimum</strong></span> 
     </span>
    </p>
   </div>
   <div class='ocr_carea' id='block_1_33' title="bbox 150 1635 1770 1672">
    <p class='ocr_par' dir='ltr' id='par_1_33' title="bbox 150 1635 1770 1672">
     <span class='ocr_line' id='line_1_34' title="bbox 150 1635 1770 1672; baseline 0 -8"><span class='ocrx_word' id='word_1_384' title='bbox 150 1642 178 1664; x_wconf 80' lang='lat' dir='ltr'><strong>et</strong></span> <span class='ocrx_word' id='word_1_385' title='bbox 213 1635 461 1671; x_wconf 79' lang='lat' dir='ltr'><strong>prudentissimum</strong></span> <span class='ocrx_word' id='word_1_386' title='bbox 493 1643 648 1669; x_wconf 74' lang='lat' dir='ltr'><strong>quemque,</strong></span> <span class='ocrx_word' id='word_1_387' title='bbox 684 1635 739 1662; x_wconf 89' lang='lat' dir='ltr'><strong>imo</strong></span> <span class='ocrx_word' id='word_1_388' title='bbox 767 1643 810 1662; x_wconf 93' lang='lat' dir='ltr'><strong>me</strong></span> <span class='ocrx_word' id='word_1_389' title='bbox 837 1636 927 1670; x_wconf 84' lang='lat' dir='ltr'><strong>potius</strong></span> <span class='ocrx_word' id='word_1_390' title='bbox 951 1643 1014 1662; x_wconf 88' lang='lat' dir='ltr'><strong>cum</strong></span> <span class='ocrx_word' id='word_1_391' title='bbox 1040 1635 1150 1662; x_wconf 90' lang='lat' dir='ltr'><strong>illorum</strong></span> <span class='ocrx_word' id='word_1_392' title='bbox 1190 1637 1336 1664; x_wconf 79' lang='lat' dir='ltr'><strong>sententiis</strong></span> <span class='ocrx_word' id='word_1_393' title='bbox 1370 1645 1541 1672; x_wconf 78' lang='lat' dir='ltr'><strong>congruere,</strong></span> <span class='ocrx_word' id='word_1_394' title='bbox 1572 1643 1689 1664; x_wconf 88' lang='lat' dir='ltr'><strong>constat.</strong></span> <span class='ocrx_word' id='word_1_395' title='bbox 1714 1638 1770 1664; x_wconf 86' lang='lat' dir='ltr'><strong>Nec</strong></span> 
     </span>
    </p>
   </div>
   <div class='ocr_carea' id='block_1_34' title="bbox 147 1679 1770 1716">
    <p class='ocr_par' dir='ltr' id='par_1_34' title="bbox 147 1679 1770 1716">
     <span class='ocr_line' id='line_1_35' title="bbox 147 1679 1770 1716; baseline -0.002 -5"><span class='ocrx_word' id='word_1_396' title='bbox 147 1689 225 1711; x_wconf 90' lang='lat' dir='ltr'><strong>tuum</strong></span> <span class='ocrx_word' id='word_1_397' title='bbox 244 1683 295 1710; x_wconf 90' lang='lat' dir='ltr'><strong>hac</strong></span> <span class='ocrx_word' id='word_1_398' title='bbox 320 1682 347 1709; x_wconf 93' lang='lat' dir='ltr'><strong>in</strong></span> <span class='ocrx_word' id='word_1_399' title='bbox 367 1689 408 1712; x_wconf 82' lang='lat' dir='ltr'><strong>re,</strong></span> <span class='ocrx_word' id='word_1_400' title='bbox 432 1686 463 1708; x_wconf 94' lang='lat' dir='ltr'><strong>ut</strong></span> <span class='ocrx_word' id='word_1_401' title='bbox 480 1685 507 1708; x_wconf 90' lang='lat' dir='ltr'><strong>et</strong></span> <span class='ocrx_word' id='word_1_402' title='bbox 525 1681 552 1708; x_wconf 91' lang='lat' dir='ltr'><strong>in</strong></span> <span class='ocrx_word' id='word_1_403' title='bbox 569 1681 686 1714; x_wconf 58' lang='lat' dir='ltr'><strong>caeteris,</strong></span> <span class='ocrx_word' id='word_1_404' title='bbox 711 1681 873 1716; x_wconf 59' lang='lat' dir='ltr'><strong>praeclarum</strong></span> <span class='ocrx_word' id='word_1_405' title='bbox 899 1680 1045 1715; x_wconf 88' lang='lat' dir='ltr'><strong>judicium,</strong></span> <span class='ocrx_word' id='word_1_406' title='bbox 1065 1679 1139 1713; x_wconf 90' lang='lat' dir='ltr'><strong>quod</strong></span> <span class='ocrx_word' id='word_1_407' title='bbox 1165 1683 1193 1706; x_wconf 91' lang='lat' dir='ltr'><strong>et</strong></span> <span class='ocrx_word' id='word_1_408' title='bbox 1209 1684 1265 1707; x_wconf 88' lang='lat' dir='ltr'><strong>tota</strong></span> <span class='ocrx_word' id='word_1_409' title='bbox 1284 1681 1444 1715; x_wconf 74' lang='lat' dir='ltr'><strong>Fuggerana</strong></span> <span class='ocrx_word' id='word_1_410' title='bbox 1465 1681 1567 1708; x_wconf 82' lang='lat' dir='ltr'><strong>familia</strong></span> <span class='ocrx_word' id='word_1_411' title='bbox 1583 1689 1682 1716; x_wconf 82' lang='lat' dir='ltr'><strong>magno</strong></span> <span class='ocrx_word' id='word_1_412' title='bbox 1701 1689 1770 1708; x_wconf 83' lang='lat' dir='ltr'><strong>con-</strong></span> 
     </span>
    </p>
   </div>
   <div class='ocr_carea' id='block_1_35' title="bbox 147 1724 1770 1762">
    <p class='ocr_par' dir='ltr' id='par_1_35' title="bbox 147 1724 1770 1762">
     <span class='ocr_line' id='line_1_36' title="bbox 147 1724 1770 1762; baseline 0 -9"><span class='ocrx_word' id='word_1_413' title='bbox 147 1735 229 1755; x_wconf 65' lang='lat' dir='ltr'><strong>rensu</strong></span> <span class='ocrx_word' id='word_1_414' title='bbox 252 1727 380 1762; x_wconf 85' lang='lat' dir='ltr'><strong>sequitur</strong></span> <span class='ocrx_word' id='word_1_415' title='bbox 407 1730 435 1754; x_wconf 91' lang='lat' dir='ltr'><strong>et</strong></span> <span class='ocrx_word' id='word_1_416' title='bbox 462 1725 567 1753; x_wconf 82' lang='lat' dir='ltr'><strong>cordati</strong></span> <span class='ocrx_word' id='word_1_417' title='bbox 591 1734 687 1753; x_wconf 90' lang='lat' dir='ltr'><strong>omnes</strong></span> <span class='ocrx_word' id='word_1_418' title='bbox 715 1733 821 1753; x_wconf 89' lang='lat' dir='ltr'><strong>summe</strong></span> <span class='ocrx_word' id='word_1_419' title='bbox 850 1725 977 1760; x_wconf 85' lang='lat' dir='ltr'><strong>probant,</strong></span> <span class='ocrx_word' id='word_1_420' title='bbox 1010 1724 1159 1751; x_wconf 86' lang='lat' dir='ltr'><strong>obscurum</strong></span> <span class='ocrx_word' id='word_1_421' title='bbox 1187 1729 1242 1756; x_wconf 85' lang='lat' dir='ltr'><strong>est;</strong></span> <span class='ocrx_word' id='word_1_422' title='bbox 1282 1724 1328 1758; x_wconf 90' lang='lat' dir='ltr'><strong>qui</strong></span> <span class='ocrx_word' id='word_1_423' title='bbox 1353 1724 1423 1752; x_wconf 81' lang='lat' dir='ltr'><strong>ﬁlios</strong></span> <span class='ocrx_word' id='word_1_424' title='bbox 1454 1730 1514 1752; x_wconf 91' lang='lat' dir='ltr'><strong>tuos</strong></span> <span class='ocrx_word' id='word_1_425' title='bbox 1543 1727 1715 1761; x_wconf 71' lang='lat' dir='ltr'><strong>ingeniorum</strong></span> <span class='ocrx_word' id='word_1_426' title='bbox 1742 1730 1770 1754; x_wconf 80' lang='lat' dir='ltr'><strong>et</strong></span> 
     </span>
    </p>
   </div>
   <div class='ocr_carea' id='block_1_36' title="bbox 147 1767 1768 1807">
    <p class='ocr_par' dir='ltr' id='par_1_36' title="bbox 147 1767 1768 1807">
     <span class='ocr_line' id='line_1_37' title="bbox 147 1767 1768 1807; baseline -0.001 -8"><span class='ocrx_word' id='word_1_427' title='bbox 147 1778 295 1807; x_wconf 88' lang='lat' dir='ltr'><strong>corporum</strong></span> <span class='ocrx_word' id='word_1_428' title='bbox 319 1770 414 1805; x_wconf 71' lang='lat' dir='ltr'><strong>vigore</strong></span> <span class='ocrx_word' id='word_1_429' title='bbox 445 1774 607 1805; x_wconf 65' lang='lat' dir='ltr'><strong>praestantes</strong></span> <span class='ocrx_word' id='word_1_430' title='bbox 633 1770 667 1797; x_wconf 88' lang='lat' dir='ltr'><strong>ab</strong></span> <span class='ocrx_word' id='word_1_431' title='bbox 694 1770 760 1804; x_wconf 85' lang='lat' dir='ltr'><strong>ipsis</strong></span> <span class='ocrx_word' id='word_1_432' title='bbox 784 1777 868 1804; x_wconf 89' lang='lat' dir='ltr'><strong>prope</strong></span> <span class='ocrx_word' id='word_1_433' title='bbox 893 1767 1040 1796; x_wconf 85' lang='lat' dir='ltr'><strong>cunabulis</strong></span> <span class='ocrx_word' id='word_1_434' title='bbox 1069 1775 1156 1802; x_wconf 82' lang='lat' dir='ltr'><strong>usque</strong></span> <span class='ocrx_word' id='word_1_435' title='bbox 1181 1767 1216 1794; x_wconf 90' lang='lat' dir='ltr'><strong>ad</strong></span> <span class='ocrx_word' id='word_1_436' title='bbox 1237 1767 1390 1801; x_wconf 79' lang='lat' dir='ltr'><strong>juventutis</strong></span> <span class='ocrx_word' id='word_1_437' title='bbox 1414 1769 1522 1796; x_wconf 89' lang='lat' dir='ltr'><strong>initiutn</strong></span> <span class='ocrx_word' id='word_1_438' title='bbox 1553 1778 1568 1797; x_wconf 91' lang='lat' dir='ltr'><strong>a</strong></span> <span class='ocrx_word' id='word_1_439' title='bbox 1598 1770 1768 1797; x_wconf 84' lang='lat' dir='ltr'><strong>doctissimis</strong></span> 
     </span>
    </p>
   </div>
   <div class='ocr_carea' id='block_1_37' title="bbox 147 1811 1769 1853">
    <p class='ocr_par' dir='ltr' id='par_1_37' title="bbox 147 1811 1769 1853">
     <span class='ocr_line' id='line_1_38' title="bbox 147 1811 1769 1853; baseline -0.001 -11"><span class='ocrx_word' id='word_1_440' title='bbox 147 1814 373 1853; x_wconf 61' lang='lat' dir='ltr'><strong>praeceptoribus.</strong></span> <span class='ocrx_word' id='word_1_441' title='bbox 408 1814 435 1840; x_wconf 93' lang='lat' dir='ltr'><strong>in</strong></span> <span class='ocrx_word' id='word_1_442' title='bbox 464 1814 654 1841; x_wconf 85' lang='lat' dir='ltr'><strong>celeberrimis</strong></span> <span class='ocrx_word' id='word_1_443' title='bbox 671 1813 827 1848; x_wconf 87' lang='lat' dir='ltr'><strong>quibusque</strong></span> <span class='ocrx_word' id='word_1_444' title='bbox 853 1813 969 1847; x_wconf 65' lang='lat' dir='ltr'><strong>Europa:</strong></span> <span class='ocrx_word' id='word_1_445' title='bbox 996 1811 1156 1846; x_wconf 77' lang='lat' dir='ltr'><strong>gymnasiis,</strong></span> <span class='ocrx_word' id='word_1_446' title='bbox 1182 1818 1278 1838; x_wconf 85' lang='lat' dir='ltr'><strong>severa</strong></span> <span class='ocrx_word' id='word_1_447' title='bbox 1312 1811 1454 1842; x_wconf 82' lang='lat' dir='ltr'><strong>disciplina</strong></span> <span class='ocrx_word' id='word_1_448' title='bbox 1486 1813 1669 1841; x_wconf 89' lang='lat' dir='ltr'><strong>moderandos</strong></span> <span class='ocrx_word' id='word_1_449' title='bbox 1697 1815 1769 1849; x_wconf 86' lang='lat' dir='ltr'><strong>opti-</strong></span> 
     </span>
    </p>
   </div>
   <div class='ocr_carea' id='block_1_38' title="bbox 147 1855 1769 1894">
    <p class='ocr_par' dir='ltr' id='par_1_38' title="bbox 147 1855 1769 1894">
     <span class='ocr_line' id='line_1_39' title="bbox 147 1855 1769 1894; baseline -0.002 -6"><span class='ocrx_word' id='word_1_450' title='bbox 147 1867 310 1894; x_wconf 90' lang='lat' dir='ltr'><strong>marumque</strong></span> <span class='ocrx_word' id='word_1_451' title='bbox 334 1858 434 1885; x_wconf 87' lang='lat' dir='ltr'><strong>artium</strong></span> <span class='ocrx_word' id='word_1_452' title='bbox 465 1863 492 1885; x_wconf 89' lang='lat' dir='ltr'><strong>et</strong></span> <span class='ocrx_word' id='word_1_453' title='bbox 516 1857 671 1893; x_wconf 63' lang='lat' dir='ltr'><strong>linguarum</strong></span> <span class='ocrx_word' id='word_1_454' title='bbox 701 1858 857 1892; x_wconf 78' lang='lat' dir='ltr'><strong>cognitione</strong></span> <span class='ocrx_word' id='word_1_455' title='bbox 884 1856 1051 1883; x_wconf 80' lang='lat' dir='ltr'><strong>imbuendus</strong></span> <span class='ocrx_word' id='word_1_456' title='bbox 1074 1855 1191 1882; x_wconf 90' lang='lat' dir='ltr'><strong>curaris.</strong></span> <span class='ocrx_word' id='word_1_457' title='bbox 1215 1855 1321 1888; x_wconf 78' lang='lat' dir='ltr'><strong>QuTbus</strong></span> <span class='ocrx_word' id='word_1_458' title='bbox 1338 1856 1376 1882; x_wconf 92' lang='lat' dir='ltr'><strong>illi</strong></span> <span class='ocrx_word' id='word_1_459' title='bbox 1393 1856 1427 1883; x_wconf 88' lang='lat' dir='ltr'><strong>de</strong></span> <span class='ocrx_word' id='word_1_460' title='bbox 1450 1858 1540 1884; x_wconf 87' lang='lat' dir='ltr'><strong>causis</strong></span> <span class='ocrx_word' id='word_1_461' title='bbox 1555 1865 1583 1884; x_wconf 92' lang='lat' dir='ltr'><strong>se</strong></span> <span class='ocrx_word' id='word_1_462' title='bbox 1603 1866 1657 1885; x_wconf 92' lang='lat' dir='ltr'><strong>non</strong></span> <span class='ocrx_word' id='word_1_463' title='bbox 1678 1858 1769 1886; x_wconf 84' lang='lat' dir='ltr'><strong>minus</strong></span> 
     </span>
    </p>
   </div>
   <div class='ocr_carea' id='block_1_39' title="bbox 147 1900 1768 1937">
    <p class='ocr_par' dir='ltr' id='par_1_39' title="bbox 147 1900 1768 1937">
     <span class='ocr_line' id='line_1_40' title="bbox 147 1900 1768 1937; baseline 0.003 -12"><span class='ocrx_word' id='word_1_464' title='bbox 147 1905 197 1933; x_wconf 57' lang='lat' dir='ltr'><strong>[ibi</strong></span> <span class='ocrx_word' id='word_1_465' title='bbox 225 1903 337 1935; x_wconf 69' lang='lat' dir='ltr'><strong>dnbcre,</strong></span> <span class='ocrx_word' id='word_1_466' title='bbox 354 1910 408 1937; x_wconf 89' lang='lat' dir='ltr'><strong>qua</strong></span> <span class='ocrx_word' id='word_1_467' title='bbox 436 1902 537 1937; x_wconf 88' lang='lat' dir='ltr'><strong>pietate</strong></span> <span class='ocrx_word' id='word_1_468' title='bbox 554 1909 587 1929; x_wconf 82' lang='lat' dir='ltr'><strong>ac</strong></span> <span class='ocrx_word' id='word_1_469' title='bbox 610 1901 754 1936; x_wconf 87' lang='lat' dir='ltr'><strong>prudentia</strong></span> <span class='ocrx_word' id='word_1_470' title='bbox 781 1905 855 1932; x_wconf 90' lang='lat' dir='ltr'><strong>sunt,</strong></span> <span class='ocrx_word' id='word_1_471' title='bbox 875 1900 1050 1935; x_wconf 80' lang='lat' dir='ltr'><strong>profitentur,</strong></span> <span class='ocrx_word' id='word_1_472' title='bbox 1067 1908 1149 1936; x_wconf 86' lang='lat' dir='ltr'><strong>quant</strong></span> <span class='ocrx_word' id='word_1_473' title='bbox 1166 1900 1239 1935; x_wconf 90' lang='lat' dir='ltr'><strong>quod</strong></span> <span class='ocrx_word' id='word_1_474' title='bbox 1256 1900 1338 1927; x_wconf 79' lang='lat' dir='ltr'><strong>vitam</strong></span> <span class='ocrx_word' id='word_1_475' title='bbox 1353 1906 1380 1928; x_wconf 87' lang='lat' dir='ltr'><strong>et</strong></span> <span class='ocrx_word' id='word_1_476' title='bbox 1403 1901 1518 1928; x_wconf 80' lang='lat' dir='ltr'><strong>maxima</strong></span> <span class='ocrx_word' id='word_1_477' title='bbox 1543 1910 1658 1937; x_wconf 67' lang='lat' dir='ltr'><strong>qumque</strong></span> <span class='ocrx_word' id='word_1_478' title='bbox 1684 1910 1768 1930; x_wconf 87' lang='lat' dir='ltr'><strong>orna-</strong></span> 
     </span>
    </p>
   </div>
   <div class='ocr_carea' id='block_1_40' title="bbox 146 1944 1770 1982">
    <p class='ocr_par' dir='ltr' id='par_1_40' title="bbox 146 1944 1770 1982">
     <span class='ocr_line' id='line_1_41' title="bbox 146 1944 1770 1982; baseline -0.002 -5"><span class='ocrx_word' id='word_1_479' title='bbox 146 1953 239 1978; x_wconf 87' lang='lat' dir='ltr'><strong>menta</strong></span> <span class='ocrx_word' id='word_1_480' title='bbox 254 1948 326 1975; x_wconf 83' lang='lat' dir='ltr'><strong>felici</strong></span> <span class='ocrx_word' id='word_1_481' title='bbox 343 1947 461 1982; x_wconf 88' lang='lat' dir='ltr'><strong>quodam</strong></span> <span class='ocrx_word' id='word_1_482' title='bbox 474 1946 530 1973; x_wconf 84' lang='lat' dir='ltr'><strong>fato</strong></span> <span class='ocrx_word' id='word_1_483' title='bbox 543 1946 593 1974; x_wconf 88' lang='lat' dir='ltr'><strong>abs</strong></span> <span class='ocrx_word' id='word_1_484' title='bbox 606 1951 631 1973; x_wconf 91' lang='lat' dir='ltr'><strong>te</strong></span> <span class='ocrx_word' id='word_1_485' title='bbox 646 1950 832 1982; x_wconf 85' lang='lat' dir='ltr'><strong>acceperunt;</strong></span> <span class='ocrx_word' id='word_1_486' title='bbox 854 1945 901 1981; x_wconf 90' lang='lat' dir='ltr'><strong>qui</strong></span> <span class='ocrx_word' id='word_1_487' title='bbox 915 1953 997 1973; x_wconf 85' lang='lat' dir='ltr'><strong>verus</strong></span> <span class='ocrx_word' id='word_1_488' title='bbox 1009 1952 1064 1972; x_wconf 92' lang='lat' dir='ltr'><strong>non</strong></span> <span class='ocrx_word' id='word_1_489' title='bbox 1079 1949 1185 1971; x_wconf 84' lang='lat' dir='ltr'><strong>tantum</strong></span> <span class='ocrx_word' id='word_1_490' title='bbox 1200 1951 1344 1978; x_wconf 85' lang='lat' dir='ltr'><strong>corporum</strong></span> <span class='ocrx_word' id='word_1_491' title='bbox 1361 1944 1406 1971; x_wconf 82' lang='lat' dir='ltr'><strong>sed</strong></span> <span class='ocrx_word' id='word_1_492' title='bbox 1422 1945 1504 1971; x_wconf 87' lang='lat' dir='ltr'><strong>etiam</strong></span> <span class='ocrx_word' id='word_1_493' title='bbox 1522 1946 1676 1973; x_wconf 83' lang='lat' dir='ltr'><strong>animorum</strong></span> <span class='ocrx_word' id='word_1_494' title='bbox 1691 1952 1770 1982; x_wconf 87' lang='lat' dir='ltr'><strong>pater</strong></span> 
     </span>
    </p>
   </div>
   <div class='ocr_carea' id='block_1_41' title="bbox 146 1987 1767 2026">
    <p class='ocr_par' dir='ltr' id='par_1_41' title="bbox 146 1987 1767 2026">
     <span class='ocr_line' id='line_1_42' title="bbox 146 1987 1767 2026; baseline -0.003 -4"><span class='ocrx_word' id='word_1_495' title='bbox 146 2001 207 2022; x_wconf 87' lang='lat' dir='ltr'><strong>esse</strong></span> <span class='ocrx_word' id='word_1_496' title='bbox 231 1992 354 2023; x_wconf 79' lang='lat' dir='ltr'><strong>voluisti,</strong></span> <span class='ocrx_word' id='word_1_497' title='bbox 376 1999 428 2019; x_wconf 88' lang='lat' dir='ltr'><strong>nec</strong></span> <span class='ocrx_word' id='word_1_498' title='bbox 448 1991 576 2026; x_wconf 77' lang='lat' dir='ltr'><strong>genuisse</strong></span> <span class='ocrx_word' id='word_1_499' title='bbox 599 1995 746 2018; x_wconf 88' lang='lat' dir='ltr'><strong>contentus</strong></span> <span class='ocrx_word' id='word_1_500' title='bbox 763 1991 886 2025; x_wconf 90' lang='lat' dir='ltr'><strong>utrisque</strong></span> <span class='ocrx_word' id='word_1_501' title='bbox 903 1997 934 2017; x_wconf 90' lang='lat' dir='ltr'><strong>ca</strong></span> <span class='ocrx_word' id='word_1_502' title='bbox 952 1988 1136 2024; x_wconf 81' lang='lat' dir='ltr'><strong>suppeditasti</strong></span> <span class='ocrx_word' id='word_1_503' title='bbox 1166 1988 1193 2015; x_wconf 89' lang='lat' dir='ltr'><strong>in</strong></span> <span class='ocrx_word' id='word_1_504' title='bbox 1216 1987 1317 2022; x_wconf 87' lang='lat' dir='ltr'><strong>quibus</strong></span> <span class='ocrx_word' id='word_1_505' title='bbox 1343 1988 1462 2014; x_wconf 88' lang='lat' dir='ltr'><strong>humana</strong></span> <span class='ocrx_word' id='word_1_506' title='bbox 1488 1988 1605 2017; x_wconf 87' lang='lat' dir='ltr'><strong>felicitas</strong></span> <span class='ocrx_word' id='word_1_507' title='bbox 1630 1990 1767 2017; x_wconf 86' lang='lat' dir='ltr'><strong>consistit.</strong></span> 
     </span>
    </p>
   </div>
   <div class='ocr_carea' id='block_1_42' title="bbox 147 2031 1769 2070">
    <p class='ocr_par' dir='ltr' id='par_1_42' title="bbox 147 2031 1769 2070">
     <span class='ocr_line' id='line_1_43' title="bbox 147 2031 1769 2070; baseline -0.004 -4"><span class='ocrx_word' id='word_1_508' title='bbox 147 2038 183 2066; x_wconf 87' lang='lat' dir='ltr'><strong>Ut</strong></span> <span class='ocrx_word' id='word_1_509' title='bbox 199 2042 290 2064; x_wconf 81' lang='lat' dir='ltr'><strong>autent</strong></span> <span class='ocrx_word' id='word_1_510' title='bbox 312 2041 420 2062; x_wconf 86' lang='lat' dir='ltr'><strong>terrena</strong></span> <span class='ocrx_word' id='word_1_511' title='bbox 442 2043 557 2070; x_wconf 89' lang='lat' dir='ltr'><strong>corpora</strong></span> <span class='ocrx_word' id='word_1_512' title='bbox 575 2040 654 2062; x_wconf 75' lang='lat' dir='ltr'><strong>terrze</strong></span> <span class='ocrx_word' id='word_1_513' title='bbox 670 2035 796 2070; x_wconf 78' lang='lat' dir='ltr'><strong>frugibus</strong></span> <span class='ocrx_word' id='word_1_514' title='bbox 810 2035 931 2066; x_wconf 87' lang='lat' dir='ltr'><strong>aluntttr,</strong></span> <span class='ocrx_word' id='word_1_515' title='bbox 948 2033 988 2061; x_wconf 87' lang='lat' dir='ltr'><strong>sic</strong></span> <span class='ocrx_word' id='word_1_516' title='bbox 1009 2033 1130 2060; x_wconf 79' lang='lat' dir='ltr'><strong>ccelestis</strong></span> <span class='ocrx_word' id='word_1_517' title='bbox 1147 2037 1174 2059; x_wconf 87' lang='lat' dir='ltr'><strong>et</strong></span> <span class='ocrx_word' id='word_1_518' title='bbox 1197 2031 1308 2058; x_wconf 70' lang='lat' dir='ltr'><strong>divinus</strong></span> <span class='ocrx_word' id='word_1_519' title='bbox 1327 2032 1437 2059; x_wconf 91' lang='lat' dir='ltr'><strong>animus</strong></span> <span class='ocrx_word' id='word_1_520' title='bbox 1455 2039 1535 2059; x_wconf 89' lang='lat' dir='ltr'><strong>suum</strong></span> <span class='ocrx_word' id='word_1_521' title='bbox 1555 2037 1663 2066; x_wconf 84' lang='lat' dir='ltr'><strong>pastum</strong></span> <span class='ocrx_word' id='word_1_522' title='bbox 1685 2033 1769 2060; x_wconf 87' lang='lat' dir='ltr'><strong>habet</strong></span> 
     </span>
    </p>
   </div>
   <div class='ocr_carea' id='block_1_43' title="bbox 148 2076 1766 2114">
    <p class='ocr_par' dir='ltr' id='par_1_43' title="bbox 148 2076 1766 2114">
     <span class='ocr_line' id='line_1_44' title="bbox 148 2076 1766 2114; baseline -0.003 -6"><span class='ocrx_word' id='word_1_523' title='bbox 148 2081 343 2108; x_wconf 81' lang='lat' dir='ltr'><strong>eruditionem.</strong></span> <span class='ocrx_word' id='word_1_524' title='bbox 356 2079 441 2112; x_wconf 77' lang='lat' dir='ltr'><strong>Quam</strong></span> <span class='ocrx_word' id='word_1_525' title='bbox 458 2085 472 2105; x_wconf 89' lang='lat' dir='ltr'><strong>a</strong></span> <span class='ocrx_word' id='word_1_526' title='bbox 488 2078 560 2113; x_wconf 77' lang='lat' dir='ltr'><strong>vulgi</strong></span> <span class='ocrx_word' id='word_1_527' title='bbox 575 2078 643 2111; x_wconf 78' lang='lat' dir='ltr'><strong>fece,</strong></span> <span class='ocrx_word' id='word_1_528' title='bbox 659 2078 711 2106; x_wconf 91' lang='lat' dir='ltr'><strong>hoc</strong></span> <span class='ocrx_word' id='word_1_529' title='bbox 731 2084 773 2106; x_wconf 89' lang='lat' dir='ltr'><strong>est</strong></span> <span class='ocrx_word' id='word_1_530' title='bbox 793 2086 807 2105; x_wconf 89' lang='lat' dir='ltr'><strong>a</strong></span> <span class='ocrx_word' id='word_1_531' title='bbox 827 2079 946 2114; x_wconf 86' lang='lat' dir='ltr'><strong>pessimo</strong></span> <span class='ocrx_word' id='word_1_532' title='bbox 965 2081 993 2104; x_wconf 84' lang='lat' dir='ltr'><strong>et</strong></span> <span class='ocrx_word' id='word_1_533' title='bbox 1010 2076 1175 2104; x_wconf 84' lang='lat' dir='ltr'><strong>stultissimo</strong></span> <span class='ocrx_word' id='word_1_534' title='bbox 1201 2084 1321 2111; x_wconf 84' lang='lat' dir='ltr'><strong>quoque,</strong></span> <span class='ocrx_word' id='word_1_535' title='bbox 1348 2077 1486 2103; x_wconf 86' lang='lat' dir='ltr'><strong>contemni</strong></span> <span class='ocrx_word' id='word_1_536' title='bbox 1511 2084 1542 2103; x_wconf 86' lang='lat' dir='ltr'><strong>ac</strong></span> <span class='ocrx_word' id='word_1_537' title='bbox 1568 2076 1688 2103; x_wconf 87' lang='lat' dir='ltr'><strong>derideri</strong></span> <span class='ocrx_word' id='word_1_538' title='bbox 1712 2084 1766 2103; x_wconf 88' lang='lat' dir='ltr'><strong>non</strong></span> 
     </span>
    </p>
   </div>
   <div class='ocr_carea' id='block_1_44' title="bbox 147 2116 1769 2158">
    <p class='ocr_par' dir='ltr' id='par_1_44' title="bbox 147 2116 1769 2158">
     <span class='ocr_line' id='line_1_45' title="bbox 147 2116 1769 2158; baseline -0.004 -6"><span class='ocrx_word' id='word_1_539' title='bbox 147 2130 190 2152; x_wconf 83' lang='lat' dir='ltr'><strong>est</strong></span> <span class='ocrx_word' id='word_1_540' title='bbox 208 2123 374 2154; x_wconf 90' lang='lat' dir='ltr'><strong>mirandum,</strong></span> <span class='ocrx_word' id='word_1_541' title='bbox 395 2129 457 2148; x_wconf 92' lang='lat' dir='ltr'><strong>cum</strong></span> <span class='ocrx_word' id='word_1_542' title='bbox 483 2122 556 2156; x_wconf 91' lang='lat' dir='ltr'><strong>quod</strong></span> <span class='ocrx_word' id='word_1_543' title='bbox 572 2122 606 2149; x_wconf 89' lang='lat' dir='ltr'><strong>de</strong></span> <span class='ocrx_word' id='word_1_544' title='bbox 622 2131 652 2149; x_wconf 81' lang='lat' dir='ltr'><strong>re</strong></span> <span class='ocrx_word' id='word_1_545' title='bbox 670 2122 761 2158; x_wconf 78' lang='lat' dir='ltr'><strong>ignota</strong></span> <span class='ocrx_word' id='word_1_546' title='bbox 780 2123 868 2150; x_wconf 93' lang='lat' dir='ltr'><strong>nihilo</strong></span> <span class='ocrx_word' id='word_1_547' title='bbox 890 2121 993 2149; x_wconf 85' lang='lat' dir='ltr'><strong>rectius</strong></span> <span class='ocrx_word' id='word_1_548' title='bbox 1013 2126 1134 2148; x_wconf 83' lang='lat' dir='ltr'><strong>statuere</strong></span> <span class='ocrx_word' id='word_1_549' title='bbox 1151 2124 1265 2154; x_wconf 79' lang='lat' dir='ltr'><strong>pussunt</strong></span> <span class='ocrx_word' id='word_1_550' title='bbox 1281 2128 1362 2154; x_wconf 91' lang='lat' dir='ltr'><strong>quam</strong></span> <span class='ocrx_word' id='word_1_551' title='bbox 1380 2128 1469 2147; x_wconf 62' lang='lat' dir='ltr'><strong>eaet-us</strong></span> <span class='ocrx_word' id='word_1_552' title='bbox 1489 2120 1523 2146; x_wconf 83' lang='lat' dir='ltr'><strong>de</strong></span> <span class='ocrx_word' id='word_1_553' title='bbox 1539 2116 1679 2147; x_wconf 71' lang='lat' dir='ltr'><strong>coloribus</strong></span> <span class='ocrx_word' id='word_1_554' title='bbox 1706 2128 1769 2155; x_wconf 81' lang='lat' dir='ltr'><strong>pro-</strong></span> 
     </span>
    </p>
   </div>
   <div class='ocr_carea' id='block_1_45' title="bbox 148 2163 1766 2201">
    <p class='ocr_par' dir='ltr' id='par_1_45' title="bbox 148 2163 1766 2201">
     <span class='ocr_line' id='line_1_46' title="bbox 148 2163 1766 2201; baseline -0.003 -6"><span class='ocrx_word' id='word_1_555' title='bbox 148 2167 289 2198; x_wconf 86' lang='lat' dir='ltr'><strong>nuntiare,</strong></span> <span class='ocrx_word' id='word_1_556' title='bbox 320 2171 376 2192; x_wconf 92' lang='lat' dir='ltr'><strong>tnm</strong></span> <span class='ocrx_word' id='word_1_557' title='bbox 393 2164 466 2200; x_wconf 89' lang='lat' dir='ltr'><strong>quod</strong></span> <span class='ocrx_word' id='word_1_558' title='bbox 488 2165 564 2193; x_wconf 83' lang='lat' dir='ltr'><strong>vitiis</strong></span> <span class='ocrx_word' id='word_1_559' title='bbox 586 2170 668 2200; x_wconf 88' lang='lat' dir='ltr'><strong>atque</strong></span> <span class='ocrx_word' id='word_1_560' title='bbox 684 2166 795 2201; x_wconf 87' lang='lat' dir='ltr'><strong>ineptiis</strong></span> <span class='ocrx_word' id='word_1_561' title='bbox 811 2166 1028 2193; x_wconf 87' lang='lat' dir='ltr'><strong>scmidoctorum</strong></span> <span class='ocrx_word' id='word_1_562' title='bbox 1045 2163 1228 2199; x_wconf 89' lang='lat' dir='ltr'><strong>quorumdam</strong></span> <span class='ocrx_word' id='word_1_563' title='bbox 1254 2169 1301 2191; x_wconf 88' lang='lat' dir='ltr'><strong>aut</strong></span> <span class='ocrx_word' id='word_1_564' title='bbox 1323 2169 1516 2199; x_wconf 85' lang='lat' dir='ltr'><strong>corruptorum</strong></span> <span class='ocrx_word' id='word_1_565' title='bbox 1542 2164 1686 2191; x_wconf 87' lang='lat' dir='ltr'><strong>hominum</strong></span> <span class='ocrx_word' id='word_1_566' title='bbox 1710 2171 1766 2191; x_wconf 87' lang='lat' dir='ltr'><strong>rem</strong></span> 
     </span>
    </p>
   </div>
   <div class='ocr_carea' id='block_1_46' title="bbox 149 2209 1767 2247">
    <p class='ocr_par' dir='ltr' id='par_1_46' title="bbox 149 2209 1767 2247">
     <span class='ocr_line' id='line_1_47' title="bbox 149 2209 1767 2247; baseline -0.002 -8"><span class='ocrx_word' id='word_1_567' title='bbox 149 2211 387 2247; x_wconf 69' lang='lat' dir='ltr'><strong>prteclarissimam</strong></span> <span class='ocrx_word' id='word_1_568' title='bbox 407 2210 567 2237; x_wconf 88' lang='lat' dir='ltr'><strong>metiuntur.</strong></span> <span class='ocrx_word' id='word_1_569' title='bbox 583 2210 651 2238; x_wconf 90' lang='lat' dir='ltr'><strong>Nam</strong></span> <span class='ocrx_word' id='word_1_570' title='bbox 675 2211 740 2245; x_wconf 89' lang='lat' dir='ltr'><strong>quid</strong></span> <span class='ocrx_word' id='word_1_571' title='bbox 756 2216 798 2238; x_wconf 85' lang='lat' dir='ltr'><strong>est</strong></span> <span class='ocrx_word' id='word_1_572' title='bbox 813 2211 888 2238; x_wconf 85' lang='lat' dir='ltr'><strong>aliud</strong></span> <span class='ocrx_word' id='word_1_573' title='bbox 905 2210 1026 2238; x_wconf 89' lang='lat' dir='ltr'><strong>eruditio</strong></span> <span class='ocrx_word' id='word_1_574' title='bbox 1041 2209 1093 2236; x_wconf 88' lang='lat' dir='ltr'><strong>nisi</strong></span> <span class='ocrx_word' id='word_1_575' title='bbox 1107 2209 1306 2244; x_wconf 89' lang='lat' dir='ltr'><strong>amplissimum</strong></span> <span class='ocrx_word' id='word_1_576' title='bbox 1323 2209 1459 2243; x_wconf 91' lang='lat' dir='ltr'><strong>quoddam</strong></span> <span class='ocrx_word' id='word_1_577' title='bbox 1478 2213 1505 2236; x_wconf 91' lang='lat' dir='ltr'><strong>et</strong></span> <span class='ocrx_word' id='word_1_578' title='bbox 1525 2209 1767 2236; x_wconf 76' lang='lat' dir='ltr'><strong>instructissimum</strong></span> 
     </span>
    </p>
   </div>
   <div class='ocr_carea' id='block_1_47' title="bbox 147 2252 1768 2290">
    <p class='ocr_par' dir='ltr' id='par_1_47' title="bbox 147 2252 1768 2290">
     <span class='ocr_line' id='line_1_48' title="bbox 147 2252 1768 2290; baseline -0.001 -8"><span class='ocrx_word' id='word_1_579' title='bbox 147 2256 382 2290; x_wconf 82' lang='lat' dir='ltr'><strong>amphitheatrum</strong></span> <span class='ocrx_word' id='word_1_580' title='bbox 394 2253 505 2281; x_wconf 87' lang='lat' dir='ltr'><strong>humani</strong></span> <span class='ocrx_word' id='word_1_581' title='bbox 527 2253 627 2288; x_wconf 78' lang='lat' dir='ltr'><strong>ingenii</strong></span> <span class='ocrx_word' id='word_1_582' title='bbox 643 2259 670 2281; x_wconf 91' lang='lat' dir='ltr'><strong>et</strong></span> <span class='ocrx_word' id='word_1_583' title='bbox 689 2254 866 2289; x_wconf 71' lang='lat' dir='ltr'><strong>experientia:</strong></span> <span class='ocrx_word' id='word_1_584' title='bbox 882 2253 1063 2288; x_wconf 88' lang='lat' dir='ltr'><strong>multiplicis?</strong></span> <span class='ocrx_word' id='word_1_585' title='bbox 1079 2253 1112 2280; x_wconf 90' lang='lat' dir='ltr'><strong>ad</strong></span> <span class='ocrx_word' id='word_1_586' title='bbox 1130 2253 1202 2288; x_wconf 88' lang='lat' dir='ltr'><strong>quod</strong></span> <span class='ocrx_word' id='word_1_587' title='bbox 1225 2253 1413 2280; x_wconf 77' lang='lat' dir='ltr'><strong>exornandum</strong></span> <span class='ocrx_word' id='word_1_588' title='bbox 1435 2257 1460 2280; x_wconf 86' lang='lat' dir='ltr'><strong>et</strong></span> <span class='ocrx_word' id='word_1_589' title='bbox 1477 2252 1699 2287; x_wconf 88' lang='lat' dir='ltr'><strong>locupletandum</strong></span> <span class='ocrx_word' id='word_1_590' title='bbox 1713 2261 1768 2280; x_wconf 93' lang='lat' dir='ltr'><strong>non</strong></span> 
     </span>
    </p>
   </div>
   <div class='ocr_carea' id='block_1_48' title="bbox 149 2297 1767 2331">
    <p class='ocr_par' dir='ltr' id='par_1_48' title="bbox 149 2297 1767 2331">
     <span class='ocr_line' id='line_1_49' title="bbox 149 2297 1767 2331; baseline -0.001 -4"><span class='ocrx_word' id='word_1_591' title='bbox 149 2304 254 2327; x_wconf 75' lang='lat' dir='ltr'><strong>tantum</strong></span> <span class='ocrx_word' id='word_1_592' title='bbox 282 2306 379 2326; x_wconf 85' lang='lat' dir='ltr'><strong>omnes</strong></span> <span class='ocrx_word' id='word_1_593' title='bbox 402 2299 541 2331; x_wconf 88' lang='lat' dir='ltr'><strong>nationes,</strong></span> <span class='ocrx_word' id='word_1_594' title='bbox 564 2305 660 2325; x_wconf 85' lang='lat' dir='ltr'><strong>omnes</strong></span> <span class='ocrx_word' id='word_1_595' title='bbox 685 2298 822 2330; x_wconf 81' lang='lat' dir='ltr'><strong>homines,</strong></span> <span class='ocrx_word' id='word_1_596' title='bbox 842 2305 939 2325; x_wconf 85' lang='lat' dir='ltr'><strong>omnes</strong></span> <span class='ocrx_word' id='word_1_597' title='bbox 961 2302 1057 2325; x_wconf 80' lang='lat' dir='ltr'><strong>aetates</strong></span> <span class='ocrx_word' id='word_1_598' title='bbox 1087 2297 1185 2331; x_wconf 84' lang='lat' dir='ltr'><strong>stipem</strong></span> <span class='ocrx_word' id='word_1_599' title='bbox 1210 2304 1286 2323; x_wconf 87' lang='lat' dir='ltr'><strong>suam</strong></span> <span class='ocrx_word' id='word_1_600' title='bbox 1312 2297 1500 2329; x_wconf 85' lang='lat' dir='ltr'><strong>contulerunt,</strong></span> <span class='ocrx_word' id='word_1_601' title='bbox 1528 2297 1575 2324; x_wconf 84' lang='lat' dir='ltr'><strong>sed</strong></span> <span class='ocrx_word' id='word_1_602' title='bbox 1609 2297 1691 2324; x_wconf 88' lang='lat' dir='ltr'><strong>etiam</strong></span> <span class='ocrx_word' id='word_1_603' title='bbox 1721 2297 1767 2325; x_wconf 89' lang='lat' dir='ltr'><strong>Dei</strong></span> 
     </span>
    </p>
   </div>
   <div class='ocr_carea' id='block_1_49' title="bbox 148 2340 1768 2377">
    <p class='ocr_par' dir='ltr' id='par_1_49' title="bbox 148 2340 1768 2377">
     <span class='ocr_line' id='line_1_50' title="bbox 148 2340 1768 2377; baseline -0.002 -6"><span class='ocrx_word' id='word_1_604' title='bbox 148 2343 313 2371; x_wconf 86' lang='lat' dir='ltr'><strong>immortalis</strong></span> <span class='ocrx_word' id='word_1_605' title='bbox 328 2342 480 2370; x_wconf 74' lang='lat' dir='ltr'><strong>liberalitas</strong></span> <span class='ocrx_word' id='word_1_606' title='bbox 497 2342 582 2368; x_wconf 90' lang='lat' dir='ltr'><strong>multa</strong></span> <span class='ocrx_word' id='word_1_607' title='bbox 596 2342 718 2369; x_wconf 87' lang='lat' dir='ltr'><strong>auctaria</strong></span> <span class='ocrx_word' id='word_1_608' title='bbox 727 2343 839 2377; x_wconf 78' lang='lat' dir='ltr'><strong>adjecit,</strong></span> <span class='ocrx_word' id='word_1_609' title='bbox 856 2342 889 2370; x_wconf 86' lang='lat' dir='ltr'><strong>iis</strong></span> <span class='ocrx_word' id='word_1_610' title='bbox 904 2341 988 2370; x_wconf 87' lang='lat' dir='ltr'><strong>rebus</strong></span> <span class='ocrx_word' id='word_1_611' title='bbox 1000 2340 1099 2376; x_wconf 84' lang='lat' dir='ltr'><strong>partim</strong></span> <span class='ocrx_word' id='word_1_612' title='bbox 1114 2347 1214 2367; x_wconf 88' lang='lat' dir='ltr'><strong>arcano</strong></span> <span class='ocrx_word' id='word_1_613' title='bbox 1226 2340 1317 2367; x_wconf 84' lang='lat' dir='ltr'><strong>alllatu</strong></span> <span class='ocrx_word' id='word_1_614' title='bbox 1331 2340 1428 2375; x_wconf 87' lang='lat' dir='ltr'><strong>partim</strong></span> <span class='ocrx_word' id='word_1_615' title='bbox 1445 2348 1493 2375; x_wconf 90' lang='lat' dir='ltr'><strong>per</strong></span> <span class='ocrx_word' id='word_1_616' title='bbox 1504 2341 1620 2376; x_wconf 75' lang='lat' dir='ltr'><strong>insignia</strong></span> <span class='ocrx_word' id='word_1_617' title='bbox 1636 2341 1768 2368; x_wconf 89' lang='lat' dir='ltr'><strong>miracula</strong></span> 
     </span>
    </p>
   </div>
   <div class='ocr_carea' id='block_1_50' title="bbox 151 2384 1768 2422">
    <p class='ocr_par' dir='ltr' id='par_1_50' title="bbox 151 2384 1768 2422">
     <span class='ocr_line' id='line_1_51' title="bbox 151 2384 1768 2422; baseline -0.002 -6"><span class='ocrx_word' id='word_1_618' title='bbox 151 2387 290 2418; x_wconf 81' lang='lat' dir='ltr'><strong>rclcratis,</strong></span> <span class='ocrx_word' id='word_1_619' title='bbox 314 2394 382 2421; x_wconf 89' lang='lat' dir='ltr'><strong>quas</strong></span> <span class='ocrx_word' id='word_1_620' title='bbox 405 2386 530 2414; x_wconf 87' lang='lat' dir='ltr'><strong>obtusior</strong></span> <span class='ocrx_word' id='word_1_621' title='bbox 555 2386 669 2413; x_wconf 91' lang='lat' dir='ltr'><strong>humani</strong></span> <span class='ocrx_word' id='word_1_622' title='bbox 687 2386 788 2422; x_wconf 78' lang='lat' dir='ltr'><strong>ingenii</strong></span> <span class='ocrx_word' id='word_1_623' title='bbox 817 2386 891 2413; x_wconf 87' lang='lat' dir='ltr'><strong>acies</strong></span> <span class='ocrx_word' id='word_1_624' title='bbox 919 2386 1077 2420; x_wconf 87' lang='lat' dir='ltr'><strong>perspicere</strong></span> <span class='ocrx_word' id='word_1_625' title='bbox 1096 2384 1209 2411; x_wconf 88' lang='lat' dir='ltr'><strong>minime</strong></span> <span class='ocrx_word' id='word_1_626' title='bbox 1234 2384 1382 2419; x_wconf 86' lang='lat' dir='ltr'><strong>potuisset.</strong></span> <span class='ocrx_word' id='word_1_627' title='bbox 1400 2384 1467 2412; x_wconf 88' lang='lat' dir='ltr'><strong>Cum</strong></span> <span class='ocrx_word' id='word_1_628' title='bbox 1481 2390 1572 2412; x_wconf 90' lang='lat' dir='ltr'><strong>autem</strong></span> <span class='ocrx_word' id='word_1_629' title='bbox 1592 2386 1660 2412; x_wconf 86' lang='lat' dir='ltr'><strong>ratio</strong></span> <span class='ocrx_word' id='word_1_630' title='bbox 1686 2392 1768 2421; x_wconf 84' lang='lat' dir='ltr'><strong>atque</strong></span> 
     </span>
    </p>
   </div>
   <div class='ocr_carea' id='block_1_51' title="bbox 148 2429 1768 2466">
    <p class='ocr_par' dir='ltr' id='par_1_51' title="bbox 148 2429 1768 2466">
     <span class='ocr_line' id='line_1_52' title="bbox 148 2429 1768 2466; baseline 0.001 -8"><span class='ocrx_word' id='word_1_631' title='bbox 148 2433 239 2460; x_wconf 79' lang='lat' dir='ltr'><strong>(:ratio</strong></span> <span class='ocrx_word' id='word_1_632' title='bbox 255 2431 342 2458; x_wconf 89' lang='lat' dir='ltr'><strong>multo</strong></span> <span class='ocrx_word' id='word_1_633' title='bbox 365 2430 451 2465; x_wconf 79' lang='lat' dir='ltr'><strong>magis</strong></span> <span class='ocrx_word' id='word_1_634' title='bbox 466 2438 547 2465; x_wconf 88' lang='lat' dir='ltr'><strong>quam</strong></span> <span class='ocrx_word' id='word_1_635' title='bbox 568 2430 657 2457; x_wconf 89' lang='lat' dir='ltr'><strong>forma</strong></span> <span class='ocrx_word' id='word_1_636' title='bbox 673 2437 820 2465; x_wconf 89' lang='lat' dir='ltr'><strong>corporum</strong></span> <span class='ocrx_word' id='word_1_637' title='bbox 838 2429 979 2457; x_wconf 89' lang='lat' dir='ltr'><strong>hominem</strong></span> <span class='ocrx_word' id='word_1_638' title='bbox 998 2429 1148 2464; x_wconf 76' lang='lat' dir='ltr'><strong>distinguat</strong></span> <span class='ocrx_word' id='word_1_639' title='bbox 1166 2437 1182 2456; x_wconf 93' lang='lat' dir='ltr'><strong>a</strong></span> <span class='ocrx_word' id='word_1_640' title='bbox 1196 2429 1304 2462; x_wconf 34' lang='lat' dir='ltr'><strong>llelluis‘,</strong></span> <span class='ocrx_word' id='word_1_641' title='bbox 1320 2434 1347 2456; x_wconf 89' lang='lat' dir='ltr'><strong>et</strong></span> <span class='ocrx_word' id='word_1_642' title='bbox 1363 2430 1488 2457; x_wconf 82' lang='lat' dir='ltr'><strong>veritatis</strong></span> <span class='ocrx_word' id='word_1_643' title='bbox 1500 2431 1587 2458; x_wconf 82' lang='lat' dir='ltr'><strong>solida</strong></span> <span class='ocrx_word' id='word_1_644' title='bbox 1605 2431 1724 2466; x_wconf 77' lang='lat' dir='ltr'><strong>cognitio</strong></span> <span class='ocrx_word' id='word_1_645' title='bbox 1740 2437 1768 2459; x_wconf 93' lang='lat' dir='ltr'><strong>et</strong></span> 
     </span>
    </p>
   </div>
   <div class='ocr_carea' id='block_1_52' title="bbox 149 2473 1768 2511">
    <p class='ocr_par' dir='ltr' id='par_1_52' title="bbox 149 2473 1768 2511">
     <span class='ocr_line' id='line_1_53' title="bbox 149 2473 1768 2511; baseline 0 -8"><span class='ocrx_word' id='word_1_646' title='bbox 149 2478 252 2505; x_wconf 77' lang='lat' dir='ltr'><strong>diserta</strong></span> <span class='ocrx_word' id='word_1_647' title='bbox 266 2475 413 2511; x_wconf 79' lang='lat' dir='ltr'><strong>explicatio</strong></span> <span class='ocrx_word' id='word_1_648' title='bbox 429 2475 465 2503; x_wconf 90' lang='lat' dir='ltr'><strong>sit</strong></span> <span class='ocrx_word' id='word_1_649' title='bbox 483 2476 544 2511; x_wconf 86' lang='lat' dir='ltr'><strong>ejus</strong></span> <span class='ocrx_word' id='word_1_650' title='bbox 559 2475 701 2510; x_wconf 88' lang='lat' dir='ltr'><strong>proprium</strong></span> <span class='ocrx_word' id='word_1_651' title='bbox 725 2482 836 2507; x_wconf 89' lang='lat' dir='ltr'><strong>munus,</strong></span> <span class='ocrx_word' id='word_1_652' title='bbox 854 2474 919 2509; x_wconf 90' lang='lat' dir='ltr'><strong>quid</strong></span> <span class='ocrx_word' id='word_1_653' title='bbox 934 2474 1008 2501; x_wconf 91' lang='lat' dir='ltr'><strong>aliud</strong></span> <span class='ocrx_word' id='word_1_654' title='bbox 1027 2478 1069 2500; x_wconf 91' lang='lat' dir='ltr'><strong>cst</strong></span> <span class='ocrx_word' id='word_1_655' title='bbox 1086 2473 1276 2508; x_wconf 85' lang='lat' dir='ltr'><strong>philosophari</strong></span> <span class='ocrx_word' id='word_1_656' title='bbox 1293 2482 1374 2508; x_wconf 87' lang='lat' dir='ltr'><strong>quam</strong></span> <span class='ocrx_word' id='word_1_657' title='bbox 1393 2474 1420 2500; x_wconf 90' lang='lat' dir='ltr'><strong>in</strong></span> <span class='ocrx_word' id='word_1_658' title='bbox 1439 2482 1473 2502; x_wconf 89' lang='lat' dir='ltr'><strong>eo</strong></span> <span class='ocrx_word' id='word_1_659' title='bbox 1486 2474 1627 2502; x_wconf 84' lang='lat' dir='ltr'><strong>elaborare</strong></span> <span class='ocrx_word' id='word_1_660' title='bbox 1641 2480 1671 2502; x_wconf 92' lang='lat' dir='ltr'><strong>ut</strong></span> <span class='ocrx_word' id='word_1_661' title='bbox 1685 2484 1768 2503; x_wconf 80' lang='lat' dir='ltr'><strong>voca-</strong></span> 
     </span>
    </p>
   </div>
   <div class='ocr_carea' id='block_1_53' title="bbox 151 2516 1775 2554">
    <p class='ocr_par' dir='ltr' id='par_1_53' title="bbox 151 2516 1775 2554">
     <span class='ocr_line' id='line_1_54' title="bbox 151 2516 1775 2554; baseline -0.001 -5"><span class='ocrx_word' id='word_1_662' title='bbox 151 2523 212 2549; x_wconf 78' lang='lat' dir='ltr'><strong>bula</strong></span> <span class='ocrx_word' id='word_1_663' title='bbox 229 2529 291 2549; x_wconf 90' lang='lat' dir='ltr'><strong>cum</strong></span> <span class='ocrx_word' id='word_1_664' title='bbox 321 2520 404 2548; x_wconf 86' lang='lat' dir='ltr'><strong>rebus</strong></span> <span class='ocrx_word' id='word_1_665' title='bbox 433 2521 617 2552; x_wconf 86' lang='lat' dir='ltr'><strong>consentiant,</strong></span> <span class='ocrx_word' id='word_1_666' title='bbox 640 2523 668 2546; x_wconf 88' lang='lat' dir='ltr'><strong>et</strong></span> <span class='ocrx_word' id='word_1_667' title='bbox 690 2524 720 2546; x_wconf 94' lang='lat' dir='ltr'><strong>ut</strong></span> <span class='ocrx_word' id='word_1_668' title='bbox 744 2518 761 2545; x_wconf 90' lang='lat' dir='ltr'><strong>ii</strong></span> <span class='ocrx_word' id='word_1_669' title='bbox 785 2519 871 2545; x_wconf 91' lang='lat' dir='ltr'><strong>simus</strong></span> <span class='ocrx_word' id='word_1_670' title='bbox 889 2517 935 2552; x_wconf 92' lang='lat' dir='ltr'><strong>qui</strong></span> <span class='ocrx_word' id='word_1_671' title='bbox 954 2517 1083 2548; x_wconf 88' lang='lat' dir='ltr'><strong>dicimur,</strong></span> <span class='ocrx_word' id='word_1_672' title='bbox 1108 2516 1251 2544; x_wconf 82' lang='lat' dir='ltr'><strong>homines?</strong></span> <span class='ocrx_word' id='word_1_673' title='bbox 1277 2517 1445 2552; x_wconf 86' lang='lat' dir='ltr'><strong>complector</strong></span> <span class='ocrx_word' id='word_1_674' title='bbox 1469 2523 1561 2545; x_wconf 86' lang='lat' dir='ltr'><strong>autem</strong></span> <span class='ocrx_word' id='word_1_675' title='bbox 1588 2519 1775 2554; x_wconf 74' lang='lat' dir='ltr'><strong>philosophia?</strong></span> 
     </span>
    </p>
   </div>
   <div class='ocr_carea' id='block_1_54' title="bbox 150 2560 1768 2599">
    <p class='ocr_par' dir='ltr' id='par_1_54' title="bbox 150 2560 1768 2599">
     <span class='ocr_line' id='line_1_55' title="bbox 150 2560 1768 2599; baseline -0.002 -5"><span class='ocrx_word' id='word_1_676' title='bbox 150 2567 262 2594; x_wconf 81' lang='lat' dir='ltr'><strong>nomine</strong></span> <span class='ocrx_word' id='word_1_677' title='bbox 278 2569 384 2592; x_wconf 89' lang='lat' dir='ltr'><strong>tantnm</strong></span> <span class='ocrx_word' id='word_1_678' title='bbox 398 2569 533 2599; x_wconf 86' lang='lat' dir='ltr'><strong>quantum</strong></span> <span class='ocrx_word' id='word_1_679' title='bbox 550 2564 636 2598; x_wconf 78' lang='lat' dir='ltr'><strong>ipsius</strong></span> <span class='ocrx_word' id='word_1_680' title='bbox 650 2562 815 2598; x_wconf 79' lang='lat' dir='ltr'><strong>significatio</strong></span> <span class='ocrx_word' id='word_1_681' title='bbox 824 2561 1028 2597; x_wconf 80' lang='lat' dir='ltr'><strong>complectitur,</strong></span> <span class='ocrx_word' id='word_1_682' title='bbox 1043 2560 1164 2588; x_wconf 89' lang='lat' dir='ltr'><strong>studium</strong></span> <span class='ocrx_word' id='word_1_683' title='bbox 1191 2565 1273 2595; x_wconf 88' lang='lat' dir='ltr'><strong>atque</strong></span> <span class='ocrx_word' id='word_1_684' title='bbox 1290 2569 1411 2588; x_wconf 88' lang='lat' dir='ltr'><strong>amorem</strong></span> <span class='ocrx_word' id='word_1_685' title='bbox 1427 2562 1568 2596; x_wconf 64' lang='lat' dir='ltr'><strong>sapientiae</strong></span> <span class='ocrx_word' id='word_1_686' title='bbox 1579 2571 1586 2596; x_wconf 91' lang='lat'><strong>;</strong></span> <span class='ocrx_word' id='word_1_687' title='bbox 1598 2571 1658 2598; x_wconf 67' lang='lat' dir='ltr'><strong>qua:</strong></span> <span class='ocrx_word' id='word_1_688' title='bbox 1675 2571 1768 2591; x_wconf 88' lang='lat' dir='ltr'><strong>rerum</strong></span> 
     </span>
    </p>
   </div>
   <div class='ocr_carea' id='block_1_55' title="bbox 150 2604 1768 2641">
    <p class='ocr_par' dir='ltr' id='par_1_55' title="bbox 150 2604 1768 2641">
     <span class='ocr_line' id='line_1_56' title="bbox 150 2604 1768 2641; baseline -0.001 -5"><span class='ocrx_word' id='word_1_689' title='bbox 150 2610 306 2637; x_wconf 61' lang='lat' dir='ltr'><strong>divinarum</strong></span> <span class='ocrx_word' id='word_1_690' title='bbox 322 2613 357 2636; x_wconf 86' lang='lat' dir='ltr'><strong>et&#39;</strong></span> <span class='ocrx_word' id='word_1_691' title='bbox 375 2608 560 2635; x_wconf 89' lang='lat' dir='ltr'><strong>humanarum</strong></span> <span class='ocrx_word' id='word_1_692' title='bbox 577 2614 779 2640; x_wconf 86' lang='lat' dir='ltr'><strong>causarumque</strong></span> <span class='ocrx_word' id='word_1_693' title='bbox 791 2606 892 2641; x_wconf 89' lang='lat' dir='ltr'><strong>quibus</strong></span> <span class='ocrx_word' id='word_1_694' title='bbox 906 2614 945 2633; x_wconf 78' lang='lat' dir='ltr'><strong>ea:</strong></span> <span class='ocrx_word' id='word_1_695' title='bbox 959 2613 1004 2632; x_wconf 92' lang='lat' dir='ltr'><strong>res</strong></span> <span class='ocrx_word' id='word_1_696' title='bbox 1019 2605 1198 2632; x_wconf 84' lang='lat' dir='ltr'><strong>continentur</strong></span> <span class='ocrx_word' id='word_1_697' title='bbox 1213 2605 1327 2632; x_wconf 88' lang='lat' dir='ltr'><strong>scientia</strong></span> <span class='ocrx_word' id='word_1_698' title='bbox 1350 2604 1492 2632; x_wconf 85' lang='lat' dir='ltr'><strong>delinitur.</strong></span> <span class='ocrx_word' id='word_1_699' title='bbox 1509 2606 1596 2639; x_wconf 85' lang='lat' dir='ltr'><strong>Quam</strong></span> <span class='ocrx_word' id='word_1_700' title='bbox 1624 2608 1768 2635; x_wconf 88' lang='lat' dir='ltr'><strong>immensi-</strong></span> 
     </span>
    </p>
   </div>
   <div class='ocr_carea' id='block_1_56' title="bbox 150 2648 1768 2685">
    <p class='ocr_par' dir='ltr' id='par_1_56' title="bbox 150 2648 1768 2685">
     <span class='ocr_line' id='line_1_57' title="bbox 150 2648 1768 2685; baseline -0.001 -5"><span class='ocrx_word' id='word_1_701' title='bbox 150 2659 232 2681; x_wconf 78' lang='lat' dir='ltr'><strong>tatem</strong></span> <span class='ocrx_word' id='word_1_702' title='bbox 258 2661 321 2683; x_wconf 88' lang='lat' dir='ltr'><strong>cum</strong></span> <span class='ocrx_word' id='word_1_703' title='bbox 340 2653 415 2680; x_wconf 88' lang='lat' dir='ltr'><strong>solus</strong></span> <span class='ocrx_word' id='word_1_704' title='bbox 442 2653 515 2679; x_wconf 87' lang='lat' dir='ltr'><strong>Deus</strong></span> <span class='ocrx_word' id='word_1_705' title='bbox 529 2659 621 2679; x_wconf 91' lang='lat' dir='ltr'><strong>rerum</strong></span> <span class='ocrx_word' id='word_1_706' title='bbox 646 2650 770 2678; x_wconf 90' lang='lat' dir='ltr'><strong>omnium</strong></span> <span class='ocrx_word' id='word_1_707' title='bbox 786 2650 876 2684; x_wconf 86' lang='lat' dir='ltr'><strong>opifex</strong></span> <span class='ocrx_word' id='word_1_708' title='bbox 891 2653 990 2681; x_wconf 89' lang='lat' dir='ltr'><strong>teneat,</strong></span> <span class='ocrx_word' id='word_1_709' title='bbox 1023 2649 1098 2676; x_wconf 90' lang='lat' dir='ltr'><strong>solus</strong></span> <span class='ocrx_word' id='word_1_710' title='bbox 1115 2652 1143 2675; x_wconf 94' lang='lat' dir='ltr'><strong>ut</strong></span> <span class='ocrx_word' id='word_1_711' title='bbox 1160 2648 1233 2680; x_wconf 86' lang='lat' dir='ltr'><strong>boni,</strong></span> <span class='ocrx_word' id='word_1_712' title='bbox 1263 2648 1299 2675; x_wconf 88' lang='lat' dir='ltr'><strong>ita</strong></span> <span class='ocrx_word' id='word_1_713' title='bbox 1316 2653 1344 2675; x_wconf 90' lang='lat' dir='ltr'><strong>et</strong></span> <span class='ocrx_word' id='word_1_714' title='bbox 1359 2649 1490 2683; x_wconf 88' lang='lat' dir='ltr'><strong>sapientis</strong></span> <span class='ocrx_word' id='word_1_715' title='bbox 1520 2658 1619 2678; x_wconf 84' lang='lat' dir='ltr'><strong>nomen</strong></span> <span class='ocrx_word' id='word_1_716' title='bbox 1638 2651 1700 2685; x_wconf 90' lang='lat' dir='ltr'><strong>jure</strong></span> <span class='ocrx_word' id='word_1_717' title='bbox 1716 2653 1768 2679; x_wconf 84' lang='lat' dir='ltr'><strong>sibi</strong></span> 
     </span>
    </p>
   </div>
   <div class='ocr_carea' id='block_1_57' title="bbox 149 2692 1769 2730">
    <p class='ocr_par' dir='ltr' id='par_1_57' title="bbox 149 2692 1769 2730">
     <span class='ocr_line' id='line_1_58' title="bbox 149 2692 1769 2730; baseline 0 -7"><span class='ocrx_word' id='word_1_718' title='bbox 149 2698 287 2725; x_wconf 78' lang='lat' dir='ltr'><strong>\endicat:</strong></span> <span class='ocrx_word' id='word_1_719' title='bbox 299 2697 425 2724; x_wconf 84' lang='lat' dir='ltr'><strong>homines</strong></span> <span class='ocrx_word' id='word_1_720' title='bbox 441 2702 532 2723; x_wconf 85' lang='lat' dir='ltr'><strong>autem</strong></span> <span class='ocrx_word' id='word_1_721' title='bbox 545 2695 686 2730; x_wconf 73' lang='lat' dir='ltr'><strong>sapientia:</strong></span> <span class='ocrx_word' id='word_1_722' title='bbox 700 2700 727 2722; x_wconf 87' lang='lat' dir='ltr'><strong>et</strong></span> <span class='ocrx_word' id='word_1_723' title='bbox 738 2693 849 2722; x_wconf 84' lang='lat' dir='ltr'><strong>virtutis</strong></span> <span class='ocrx_word' id='word_1_724' title='bbox 859 2698 982 2721; x_wconf 90' lang='lat' dir='ltr'><strong>amantes</strong></span> <span class='ocrx_word' id='word_1_725' title='bbox 995 2700 1027 2720; x_wconf 88' lang='lat' dir='ltr'><strong>ac</strong></span> <span class='ocrx_word' id='word_1_726' title='bbox 1039 2693 1177 2721; x_wconf 87' lang='lat' dir='ltr'><strong>studiosos</strong></span> <span class='ocrx_word' id='word_1_727' title='bbox 1189 2700 1248 2720; x_wconf 84' lang='lat' dir='ltr'><strong>essc</strong></span> <span class='ocrx_word' id='word_1_728' title='bbox 1263 2692 1331 2719; x_wconf 89' lang='lat' dir='ltr'><strong>nihil</strong></span> <span class='ocrx_word' id='word_1_729' title='bbox 1350 2697 1439 2727; x_wconf 88' lang='lat' dir='ltr'><strong>vetat;</strong></span> <span class='ocrx_word' id='word_1_730' title='bbox 1456 2703 1510 2729; x_wconf 92' lang='lat' dir='ltr'><strong>quo</strong></span> <span class='ocrx_word' id='word_1_731' title='bbox 1527 2702 1619 2722; x_wconf 85' lang='lat' dir='ltr'><strong>amore</strong></span> <span class='ocrx_word' id='word_1_732' title='bbox 1633 2703 1663 2723; x_wconf 89' lang='lat' dir='ltr'><strong>ac</strong></span> <span class='ocrx_word' id='word_1_733' title='bbox 1677 2697 1769 2723; x_wconf 88' lang='lat' dir='ltr'><strong>studio</strong></span> 
     </span>
    </p>
   </div>
   <div class='ocr_carea' id='block_1_58' title="bbox 150 2732 1768 2775">
    <p class='ocr_par' dir='ltr' id='par_1_58' title="bbox 150 2732 1768 2775">
     <span class='ocr_line' id='line_1_59' title="bbox 150 2732 1768 2775; baseline 0.001 -9"><span class='ocrx_word' id='word_1_734' title='bbox 150 2750 205 2771; x_wconf 72' lang='lat' dir='ltr'><strong>mm</strong></span> <span class='ocrx_word' id='word_1_735' title='bbox 222 2740 339 2775; x_wconf 82' lang='lat' dir='ltr'><strong>quisque</strong></span> <span class='ocrx_word' id='word_1_736' title='bbox 356 2740 464 2775; x_wconf 80' lang='lat' dir='ltr'><strong>longius</strong></span> <span class='ocrx_word' id='word_1_737' title='bbox 485 2739 671 2775; x_wconf 81' lang='lat' dir='ltr'><strong>progreditur,</strong></span> <span class='ocrx_word' id='word_1_738' title='bbox 687 2745 720 2765; x_wconf 90' lang='lat' dir='ltr'><strong>eo</strong></span> <span class='ocrx_word' id='word_1_739' title='bbox 742 2738 855 2773; x_wconf 88' lang='lat' dir='ltr'><strong>propius</strong></span> <span class='ocrx_word' id='word_1_740' title='bbox 875 2745 890 2764; x_wconf 89' lang='lat' dir='ltr'><strong>a</strong></span> <span class='ocrx_word' id='word_1_741' title='bbox 904 2737 1062 2765; x_wconf 87' lang='lat' dir='ltr'><strong>coelestibus</strong></span> <span class='ocrx_word' id='word_1_742' title='bbox 1075 2737 1161 2772; x_wconf 81' lang='lat' dir='ltr'><strong>geniis</strong></span> <span class='ocrx_word' id='word_1_743' title='bbox 1176 2732 1263 2768; x_wconf 67' lang='lat' dir='ltr'><strong>abest.</strong></span> <span class='ocrx_word' id='word_1_744' title='bbox 1286 2736 1351 2771; x_wconf 85' lang='lat' dir='ltr'><strong>quia</strong></span> <span class='ocrx_word' id='word_1_745' title='bbox 1368 2744 1399 2764; x_wconf 86' lang='lat' dir='ltr'><strong>ca</strong></span> <span class='ocrx_word' id='word_1_746' title='bbox 1412 2746 1440 2765; x_wconf 82' lang='lat' dir='ltr'><strong>re</strong></span> <span class='ocrx_word' id='word_1_747' title='bbox 1455 2738 1606 2766; x_wconf 76' lang='lat' dir='ltr'><strong>beatissimi</strong></span> <span class='ocrx_word' id='word_1_748' title='bbox 1620 2740 1768 2774; x_wconf 85' lang='lat' dir='ltr'><strong>habentur,</strong></span> 
     </span>
    </p>
   </div>
   <div class='ocr_carea' id='block_1_59' title="bbox 198 2780 1769 2818">
    <p class='ocr_par' dir='ltr' id='par_1_59' title="bbox 198 2780 1769 2818">
     <span class='ocr_line' id='line_1_60' title="bbox 198 2780 1769 2818; baseline 0.001 -7"><span class='ocrx_word' id='word_1_749' title='bbox 198 2784 221 2811; x_wconf 52' lang='lat' dir='ltr'><strong>id</strong></span> <span class='ocrx_word' id='word_1_750' title='bbox 239 2785 327 2818; x_wconf 87' lang='lat' dir='ltr'><strong>ipsum</strong></span> <span class='ocrx_word' id='word_1_751' title='bbox 343 2785 439 2816; x_wconf 79' lang='lat' dir='ltr'><strong>Deum,</strong></span> <span class='ocrx_word' id='word_1_752' title='bbox 451 2783 542 2812; x_wconf 88' lang='lat' dir='ltr'><strong>omnis</strong></span> <span class='ocrx_word' id='word_1_753' title='bbox 556 2782 691 2811; x_wconf 82' lang='lat' dir='ltr'><strong>bonitatis</strong></span> <span class='ocrx_word' id='word_1_754' title='bbox 710 2787 738 2810; x_wconf 89' lang='lat' dir='ltr'><strong>et</strong></span> <span class='ocrx_word' id='word_1_755' title='bbox 753 2782 897 2817; x_wconf 77' lang='lat' dir='ltr'><strong>sapientia:</strong></span> <span class='ocrx_word' id='word_1_756' title='bbox 914 2781 1028 2812; x_wconf 81' lang='lat' dir='ltr'><strong>fontem.</strong></span> <span class='ocrx_word' id='word_1_757' title='bbox 1045 2781 1147 2816; x_wconf 83' lang='lat' dir='ltr'><strong>jngiter</strong></span> <span class='ocrx_word' id='word_1_758' title='bbox 1162 2788 1224 2806; x_wconf 82' lang='lat' dir='ltr'><strong>curti</strong></span> <span class='ocrx_word' id='word_1_759' title='bbox 1243 2780 1377 2807; x_wconf 70' lang='lat' dir='ltr'><strong>ineffabili</strong></span> <span class='ocrx_word' id='word_1_760' title='bbox 1392 2782 1492 2816; x_wconf 76' lang='lat' dir='ltr'><strong>gaudio</strong></span> <span class='ocrx_word' id='word_1_761' title='bbox 1510 2782 1655 2810; x_wconf 91' lang='lat' dir='ltr'><strong>intuentur</strong></span> <span class='ocrx_word' id='word_1_762' title='bbox 1669 2784 1769 2818; x_wconf 86' lang='lat' dir='ltr'><strong>(neque</strong></span> 
     </span>
    </p>
   </div>
   <div class='ocr_carea' id='block_1_60' title="bbox 197 2825 1770 2864">
    <p class='ocr_par' dir='ltr' id='par_1_60' title="bbox 197 2825 1770 2864">
     <span class='ocr_line' id='line_1_61' title="bbox 197 2825 1770 2864; baseline 0.003 -11"><span class='ocrx_word' id='word_1_763' title='bbox 197 2844 201 2853; x_wconf 98' lang='lat'><strong>.</strong></span> <span class='ocrx_word' id='word_1_764' title='bbox 221 2827 329 2863; x_wconf 83' lang='lat' dir='ltr'><strong>piorum</strong></span> <span class='ocrx_word' id='word_1_765' title='bbox 349 2827 491 2856; x_wconf 87' lang='lat' dir='ltr'><strong>beatitudo</strong></span> <span class='ocrx_word' id='word_1_766' title='bbox 509 2833 570 2864; x_wconf 84' lang='lat' dir='ltr'><strong>post</strong></span> <span class='ocrx_word' id='word_1_767' title='bbox 586 2827 655 2855; x_wconf 86' lang='lat' dir='ltr'><strong>hanc</strong></span> <span class='ocrx_word' id='word_1_768' title='bbox 667 2826 750 2855; x_wconf 77' lang='lat' dir='ltr'><strong>vitam</strong></span> <span class='ocrx_word' id='word_1_769' title='bbox 775 2826 833 2854; x_wconf 87' lang='lat' dir='ltr'><strong>fore</strong></span> <span class='ocrx_word' id='word_1_770' title='bbox 849 2825 921 2853; x_wconf 81' lang='lat' dir='ltr'><strong>haud</strong></span> <span class='ocrx_word' id='word_1_771' title='bbox 937 2825 986 2853; x_wconf 84' lang='lat' dir='ltr'><strong>abs</strong></span> <span class='ocrx_word' id='word_1_772' title='bbox 1010 2833 1038 2852; x_wconf 86' lang='lat' dir='ltr'><strong>re</strong></span> <span class='ocrx_word' id='word_1_773' title='bbox 1058 2825 1210 2860; x_wconf 85' lang='lat' dir='ltr'><strong>creditur);</strong></span> <span class='ocrx_word' id='word_1_774' title='bbox 1230 2833 1285 2860; x_wconf 91' lang='lat' dir='ltr'><strong>quo</strong></span> <span class='ocrx_word' id='word_1_775' title='bbox 1303 2825 1416 2861; x_wconf 86' lang='lat' dir='ltr'><strong>propius</strong></span> <span class='ocrx_word' id='word_1_776' title='bbox 1437 2827 1551 2861; x_wconf 86' lang='lat' dir='ltr'><strong>resistit,</strong></span> <span class='ocrx_word' id='word_1_777' title='bbox 1567 2835 1600 2855; x_wconf 87' lang='lat' dir='ltr'><strong>eo</strong></span> <span class='ocrx_word' id='word_1_778' title='bbox 1622 2829 1714 2856; x_wconf 88' lang='lat' dir='ltr'><strong>minus</strong></span> <span class='ocrx_word' id='word_1_779' title='bbox 1727 2828 1770 2857; x_wconf 76' lang='lat' dir='ltr'><strong>di—</strong></span> 
     </span>
    </p>
   </div>
  </div>
