1935 3071
138 129 193 160 303
699 133 809 163 ΗΙΕΒ.
828 132 902 162 W0]

1004 130 1206 161 ’R/EFATIO.
1717 126 1768 157 31M

136 184 272 220 gnitatem
282 193 359 213 suam
373 190 400 214 el
414 187 577 216 excellentis
592 191 698 216 natura
708 195 824 215 munera
838 191 940 214 tuetur.
955 185 1023 219 Quis
1038 194 1104 213 vero
1116 194 1148 213 ea
1161 185 1195 212 sit
1207 184 1374 220 arrogantia,
1391 188 1420 211 ut
1433 192 1512 212 suum
1528 183 1611 210 unius
1628 182 1769 218 ingenium

137 234 248 257 tantum
265 238 326 259 esse
343 235 510 266 putet,uteo
525 237 674 262 contentus
689 234 782 260 omnia
798 236 920 259 veterum
943 231 1055 258 inventa
1073 236 1100 256 et
1115 233 1313 263 experimenta.
1334 229 1487 255 litterarum
1504 227 1691 254 monumentis
1701 233 1769 253 con-

136 274 258 309 signata,
272 277 416 310 aspernari
438 281 533 312 queat,
551 285 584 306 ac
595 286 649 306 non
664 269 757 313 politis
769 285 801 304 ex
829 276 936 304 infinita
967 274 1046 309 copia
1063 273 1165 308 optima
1186 280 1301 308 quaeque
1317 276 1344 299 ct
1361 272 1470 307 ingenio
1494 279 1544 299 suo
1558 271 1676 305 vitaeque
1690 270 1766 296 insti-

139 323 199 345 tuto
227 319 371 354 aptissima
386 322 588 355 pescrutetur?
609 329 673 348 nam
701 325 730 348 ut
755 328 828 347 unus
849 320 978 351 execllat,
1008 322 1056 344 aut
1084 317 1180 344 saltem
1201 324 1264 344 cum
1297 316 1429 343 mediocri
1458 324 1588 343 successu
1616 315 1722 342 laboret
1740 314 1768 340 in

136 362 279 395 omnibus,
296 363 342 390 vix
356 372 388 391 ac
403 372 438 391 ne
450 365 497 392 vix
521 365 633 400 quidem
653 365 712 392 fieri
725 369 825 400 potest.
850 364 889 391 Ac
912 363 1058 398 plerosque
1085 361 1128 388 vel
1154 361 1194 388 rei
1208 360 1352 388 familiaris
1371 360 1504 395 angustiae
1522 359 1564 386 vel
1587 358 1763 394 ingeniorum

139 407 263 434 tenuitas
280 408 306 434 in
327 414 434 437 certum
451 409 589 444 quoddam
606 410 760 437 studiorum
776 417 874 444 genus,
893 409 969 435 velut
986 408 1013 434 in
1034 414 1174 435 carcerem
1200 411 1247 433 aut
1263 405 1442 441 ergastulum,
1456 403 1641 435 abstrudunt;
1664 402 1766 437 quibus

136 455 230 477 autem
252 451 302 478 Dei
329 452 425 486 optimi
442 453 553 480 maximi
576 453 732 488 benignitas
748 461 779 480 ea
792 457 820 480 et
838 452 993 479 animorum
1019 456 1046 479 et
1061 453 1235 480 fortunarum
1261 450 1384 477 subsidia
1404 450 1551 480 concessit,
1572 453 1602 475 ut
1619 448 1647 475 in
1663 446 1768 473 nullius

137 494 262 528 magistri
293 495 377 522 verba
390 496 485 530 jurare
515 497 603 524 coacti
626 497 783 524 libertatem
801 497 1050 524 suaminviolatam
1067 496 1225 526 'retineant,
1251 494 1377 529 profecto
1392 501 1425 520 eo
1450 493 1589 520 beatiores
1615 495 1698 519 erunt
1714 497 1769 524 quo

137 538 258 571 plurium
271 542 299 565 et
311 539 458 567 meliorum
472 547 564 567 rerum
584 541 770 576 cognitionem
787 541 938 576 coegerint,
955 540 982 567 in
994 540 1079 567 variis
1093 538 1195 574 linguis
1213 544 1294 572 atque
1316 537 1477 564 auctoribus
1491 536 1659 570 dissipatam.
1673 533 1703 582 id
1719 541 1770 582 au:

138 586 192 608 tem
207 581 320 609 difﬁcile
335 584 361 610 ei
387 591 442 610 non
455 583 520 616 erit,
537 584 584 619 qui
602 585 704 619 linguae
717 584 818 612 Graecae
832 592 864 611 ac
875 585 980 612 Latina:
993 584 1127 611 mediocri
1141 591 1190 610 usu
1212 583 1365 610 instructus
1380 581 1511 608 methodo
1537 588 1566 606 se
1589 577 1769 605 assuefecerit

135 629 163 651 et
185 626 287 653 artium
303 627 472 660 optimarum
486 628 664 656 fundamenta
690 629 808 659 ﬁdeliter
821 629 929 663 iecerit.
951 628 990 656 Ac
1005 633 1048 655 est
1061 628 1088 654 in
1105 635 1136 655 ea
1157 635 1186 654 re
1201 635 1267 654 sane
1280 625 1447 654 difﬁcultatis
1477 629 1505 651 et.
1520 623 1652 650 molestia:
1671 621 1770 648 nonni-

136 669 192 702 hil;
219 669 266 696 sed
282 670 328 697 ubi
348 679 381 698 ex
401 671 455 699 illis
479 671 579 698 artium
596 672 731 708 angustiis
742 673 768 700 in
785 672 957 700 liberrimum
974 673 1071 708 optimi
1086 673 1219 707 cujusque
1232 671 1374 704 scriptoris
1388 676 1514 703 campum
1524 668 1660 695 eluctatus
1674 665 1769 696 fueris,

135 721 201 740 vere
217 712 244 739 id
262 715 407 748 apparebit
424 717 496 750 quod
526 723 541 743 a
569 717 687 750 quodam
718 716 924 751 sapientissimo
945 717 1005 744 viro
1025 716 1129 744 dictum
1146 721 1198 747 est,
1217 716 1276 742 sive
1294 715 1315 742 is
1327 715 1455 742 Socrates
1468 715 1525 740 sive
1538 713 1672 739 Isocrates
1687 708 1769 736 fuerit

137 758 212 791 (nam
230 759 340 792 utrique
356 760 456 787 ascribi
472 759 563 792 video,
579 765 607 788 et
620 762 749 795 proclivis
763 769 843 788 error
859 766 902 788 est
921 761 949 788 in
966 761 1048 788 unius
1064 761 1162 787 litterae
1188 759 1371 793 discrimine),
1391 758 1498 785 radices
1513 755 1679 784 eruditionis
1691 761 1768 780 ama-

137 809 183 828 ras
197 809 268 835 esse,
285 802 392 830 fructus
412 811 479 831 vero
494 803 679 832 dulcissimos.
700 804 850 832 Radicibus
867 809 960 832 autem
984 810 1182 840 comparantur
1197 804 1353 838 linguarum
1376 808 1404 830 et
1423 802 1524 829 artium
1549 799 1684 832 methodi,
1708 797 1768 824 fru~

136 845 229 873 ctibus
245 847 320 874 varia
334 847 416 874 lectio
430 857 437 874 :
456 849 502 883 qui
519 853 549 875 ut
563 849 623 876 sine
639 849 778 876 radicibus
790 849 858 876 nulli
872 854 975 882 essent,
992 850 1029 877 ita
1052 850 1175 877 eruditio
1189 849 1330 887 pertenuis
1347 852 1400 879 est,
1417 854 1480 881 quae
1500 853 1557 872 non
1573 848 1647 872 certa
1663 843 1771 870 ratione

136 897 169 916 ac
186 889 229 916 via
242 897 258 917 a
271 889 369 925 prinn's
384 891 469 919 initiis
493 892 527 919 ad
544 900 682 920 summum
700 901 788 928 usque
807 892 947 928 fastigium
969 897 1128 920 constanter
1154 892 1279 920 ascendit
1304 899 1336 919 ac
1353 895 1516 926 perpetuum
1530 889 1583 917 sibi
1599 890 1770 915 commenta-

137 934 208 960 rium
227 940 315 968 parat.
327 935 405 968 Quod
419 937 493 963 enim
509 945 591 972 supra
603 937 687 965 etiam
701 937 790 973 attigi,
804 937 939 965 doctrinae
953 937 1042 965 omnis
1057 938 1116 964 laus
1134 937 1160 964 in
1179 937 1279 964 artium
1295 935 1432 963 methodis
1447 939 1528 969 atque
1543 933 1570 960 in
1591 940 1624 960 eo
1639 930 1768 962 vertitur,

136 978 221 1011 quod,
237 979 327 1013 quoad
356 979 414 1006 fieri
441 984 541 1014 potest.
561 980 696 1016 quidquid
715 981 749 1008 ad
779 981 903 1009 eamdem
919 989 978 1009 rem
1005 981 1134 1016 pertinet,
1159 980 1308 1012 contrahit,
1335 984 1362 1007 et
1383 987 1419 1006 ex
1440 979 1525 1006 variis
1538 975 1669 1005 membris
1684 982 1769 1002 linunt

137 1029 240 1056 corpus
256 1024 395 1057 integrum
407 1024 557 1058 componit.
581 1025 620 1052 Eo
635 1025 763 1052 absoluto
779 1025 908 1053 lectionis
917 1026 1036 1059 varietas
1051 1025 1168 1060 singulis
1189 1024 1316 1060 partibus
1335 1024 1409 1051 addit
1426 1026 1587 1051 ornamenta
1601 1026 1628 1048 et
1641 1019 1771 1054 amplitu—

137 1065 230 1092 dinem
245 1066 391 1100 quamdam
411 1067 549 1095 conciliat.
564 1067 669 1101 Quodsi
694 1069 752 1096 hec
783 1069 936 1098 similitudo
960 1069 1052 1096 minus
1070 1069 1170 1103 placet,
1185 1068 1267 1095 homo
1281 1067 1421 1095 studiosus
1447 1065 1571 1101 diligenti
1587 1062 1771 1100 patrifamilim

138 1115 336 1143 comparetur;
354 1111 414 1146 qui,
432 1116 463 1138 ut
479 1112 524 1139 ille
539 1120 667 1148 agrorum
682 1120 797 1140 suorum
813 1119 964 1148 proventus
977 1119 1005 1142 et
1029 1114 1179 1141 domestica
1197 1114 1379 1141 instrumenta
1395 1112 1422 1139 in
1444 1110 1552 1138 horreis
1570 1115 1598 1137 et
1610 1108 1693 1136 certis
1705 1106 1769 1141 qui-

138 1154 255 1182 busdam
269 1155 352 1183 cellis
378 1157 496 1191 reponit,
509 1161 540 1184 ut
563 1165 625 1185 cum
642 1165 707 1185 usus
722 1159 851 1193 postulat,
871 1159 963 1186 statim
987 1158 1020 1185 ad
1036 1165 1148 1185 manum
1163 1157 1229 1189 sint,
1242 1156 1278 1184 ita
1298 1156 1368 1191 ipse,
1385 1154 1520 1190 quidquid
1538 1154 1581 1181 vel
1600 1151 1769 1188 cogitatione

138 1199 180 1225 vel
195 1199 316 1227 lectione
341 1200 384 1227 vel
414 1201 555 1228 auditione
570 1209 621 1236 per
633 1209 714 1229 omne
740 1208 849 1237 tempus
873 1203 962 1231 aetatis
977 1203 1077 1238 (neque
1096 1201 1171 1230 enim
1187 1201 1241 1228 ulla
1263 1200 1403 1235 sapientiae
1417 1199 1509 1227 studio
1521 1203 1591 1225 meta
1606 1195 1768 1232 prmﬁgenda

137 1244 191 1273 est)
206 1248 375 1271 consecutus
390 1244 484 1277 fuerit,
513 1246 605 1273 statim
622 1246 648 1273 in
678 1247 739 1274 illas
752 1247 853 1274 artium
874 1248 986 1280 classes,
1012 1247 1033 1274 si
1045 1255 1100 1274 non
1117 1246 1188 1282 stylo
1207 1251 1254 1273 aut
1270 1246 1389 1277 calamo,
1407 1244 1503 1272 saltem
1520 1243 1613 1271 animo
1630 1245 1657 1269 et
1674 1248 1769 1268 recor-

138 1286 253 1313 datione
267 1293 392 1321 reponat,
408 1292 436 1316 et
456 1288 490 1316 ad
507 1289 616 1324 regulas
629 1290 689 1317 illas
704 1297 719 1316 a
739 1290 908 1318 doctissimis
923 1290 1083 1319 hominibus
1095 1290 1211 1318 traditas
1222 1289 1393 1325 exigat,,acri
1406 1288 1511 1323 judicio
1523 1286 1769 1322 semperinterpo-

139 1332 203 1363 sito,
224 1339 259 1358 ne
269 1333 343 1367 quod
359 1333 478 1368 quisque
498 1333 598 1361 dixerit
620 1337 667 1360 aut
692 1335 896 1370 scripseritaut
919 1335 970 1370 ipsi
987 1335 1068 1363 etiam
1094 1335 1121 1361 in
1134 1337 1264 1362 mentem.
1301 1333 1416 1365 venerit,
1435 1332 1577 1360 oraculum
1607 1337 1668 1357 esse
1692 1332 1770 1363 putet

139 1380 216 1409 (nam
233 1377 339 1404 homini
355 1378 438 1406 docto
453 1378 643 1414 turpissimum
656 1378 750 1412 fuerit,
767 1379 892 1407 utGraeci

1009 1384 1050 1406 ter
1065 1377 1368 1411 dicunt,&6asavtctmg
1382 1375 1586 1412 παραδέχεσθαι
1612 1373 1661 1407 τὴν
1678 1372 1769 1399 πίστιν

137 1421 189 1455 τῆς
206 1421 347 1456 ἀληθείας,
371 1422 423 1449 hoc
448 1426 491 1449 est
506 1422 651 1457 opiniones
678 1424 831 1451 consectari
846 1423 976 1458 nudaque
994 1423 1156 1451 auctoritate
1189 1422 1262 1457 niti),
1291 1422 1338 1449 sed
1369 1425 1475 1448 tantum
1487 1420 1587 1465 cuique
1604 1416 1768 1465 credendum

138 1472 201 1492 esse
211 1470 326 1497 statuat,
339 1469 472 1500 quantum
500 1471 549 1494 aut
575 1467 661 1494 ﬁrmis
678 1468 831 1496 rationibus
852 1472 900 1495 aut
927 1467 1118 1504 probabilibus
1139 1466 1307 1502 coniecturis
1331 1464 1498 1500 persuadere
1513 1463 1610 1498 possit,
1623 1463 1651 1489 in
1664 1463 1770 1489 caeteris

139 1515 284 1536 assensum
298 1509 428 1536 cohibeat
438 1513 466 1537 et
482 1510 628 1543 sustineat,
645 1511 734 1539 donec
750 1511 839 1547 ipsum
853 1516 961 1547 tempus
980 1511 1139 1546 scrupulum
1158 1510 1311 1538 sustulerit.
1327 1509 1381 1536 Sed
1398 1517 1432 1536 ne
1452 1507 1585 1535 memoria
1602 1507 1696 1541 lapsus
1708 1511 1770 1532 esse

138 1560 165 1582 et
181 1555 216 1582 ab
237 1555 364 1583 instituto
380 1564 435 1583 non
451 1562 528 1584 certo
547 1557 665 1584 consilio
682 1557 827 1585 deflexisse
839 1558 887 1585 sed
910 1565 959 1593 per
973 1557 1140 1585 oblivionem
1159 1556 1303 1584 aberrasse
1327 1555 1432 1588 videar,
1449 1554 1482 1582 ad
1499 1553 1661 1582 Choniatem
1674 1551 1770 1583 redeo,

138 1607 220 1634 quem
235 1600 335 1628 ordine
350 1598 492 1634 aptissimo
506 1606 534 1629 et
551 1601 678 1636 prudenti
709 1606 757 1629 tuo
803 1602 920 1629 consilio
937 1602 1051 1630 Z’onara:
1080 1602 1241 1637 adjunctum
1260 1608 1321 1628 esse
1336 1600 1403 1628 dixi.
1432 1599 1499 1627 Natu
1522 1606 1578 1633 quo
1595 1598 1621 1625 in
1647 1597 1710 1624 loco
1724 1595 1770 1622 ille

139 1644 261 1671 Annales
272 1652 339 1671 suos
353 1644 453 1674 finivit.
469 1645 496 1672 in
527 1645 614 1672 Alexii
639 1645 774 1674 Conmeni
792 1645 922 1673 videlicet
943 1646 1032 1678 obitu,
1044 1653 1078 1673 eo
1091 1645 1118 1672 in
1135 1645 1196 1672 loco
1218 1644 1262 1672 hic
1276 1652 1353 1671 suam
1380 1643 1525 1671 historiam
1542 1641 1710 1676 auspicatur,
1725 1647 1770 1667 res

140 1692 294 1714 memoratu
310 1687 418 1722 dignas,
430 1696 492 1723 quae
503 1688 531 1715 in
548 1689 697 1723 Byzantina
718 1690 832 1725 imperio
848 1691 983 1718 annorum
1015 1689 1126 1717 circiter
1141 1688 1175 1716 86
1196 1688 1286 1723 spatio
1304 1688 1474 1719 acciderunt,
1490 1686 1660 1721 complexus.
1679 1685 1769 1719 Atque

141 1732 247 1758 utinam
262 1732 332 1759 alius
343 1731 455 1759 Graecus
465 1732 627 1765 exstitisset,
642 1734 689 1768 qui
703 1733 737 1760 ab
754 1733 806 1761 hoc
822 1739 935 1762 auctore
949 1741 975 1763 et
986 1735 1170 1771 Chalcondyle
1186 1735 1370 1770 praztermissa
1387 1735 1444 1769 pari
1464 1733 1589 1761 facundia
1604 1736 1769 1768 prosecutus

138 1782 223 1805 esset.
240 1777 326 1813 Major
340 1779 414 1806 enim
431 1783 474 1806 est
498 1778 640 1806 Choniata:
653 1779 731 1814 copia
745 1771 929 1815 etdiligentia
944 1779 1082 1814 lectioque
1106 1779 1255 1815 jucundior
1267 1787 1346 1813 quam
1366 1778 1495 1805 Zonaras:
1511 1778 1555 1805 cui
1572 1784 1626 1804 una
1647 1775 1768 1803 brevitas

141 1822 298 1849 necessario
314 1822 454 1858 prpposita
467 1823 529 1855 fuit,
545 1823 618 1858 quod
633 1823 820 1859 alioquieopus
849 1823 877 1850 in
895 1824 1060 1851 immensum
1083 1823 1272 1856 excrevisset;
1288 1823 1371 1858 idque
1397 1823 1439 1850 vel
1456 1831 1490 1850 ex
1506 1830 1540 1850 eo
1554 1826 1677 1856 apparet,
1693 1820 1768 1856 quod

140 1866 254 1893 heroina
269 1866 466 1897 eruditissima,
481 1866 558 1894 Anna
575 1866 731 1900 Caesarissa,
752 1867 928 1902 imperatoris
940 1868 1026 1895 Alexii
1043 1868 1108 1900 filia,
1122 1867 1156 1895 do
1174 1867 1259 1895 rebus
1275 1867 1359 1903 gestis
1374 1867 1460 1901 patris
1482 1867 1523 1894 sui
1544 1866 1630 1894 libros
1646 1865 1680 1892 20
1699 1865 1768 1892 scri-

140 1910 203 1944 psit,
217 1910 264 1944 qui
291 1910 384 1937 adhuc
404 1910 431 1937 iu
459 1911 626 1946 Augustanae
642 1911 681 1938 rei
699 1911 816 1946 publicat
843 1911 1011 1939 bibliotheca
1026 1916 1144 1945 exstant,
1170 1919 1232 1939 cum
1250 1907 1370 1938 Zonaras
1391 1911 1472 1938 vitam
1491 1910 1564 1938 illius
1580 1910 1674 1944 paucis
1693 1908 1767 1935 foliis

139 1954 394 1988 perstrinxerit..Ut
418 1959 509 1982 autem
541 1955 661 1983 brevitas
687 1956 847 1984 memoriam
871 1957 958 1990 juvat,
977 1955 1013 1983 ita
1039 1955 1157 1983 fusiores
1172 1955 1345 1983 narrationes
1369 1955 1434 1990 plus.
1445 1953 1635 1982 delectationis
1652 1952 1766 1983 habent,

140 2000 167 2024 in
190 2007 287 2034 magna
299 1998 450 2034 pra-sertim
466 1999 599 2026 varietate
629 2007 719 2027 rerum
742 2003 770 2026 et
784 2000 885 2027 subitis
897 2000 1015 2027 fortunae
1031 1999 1314 2029 commutationibus;
1328 2007 1388 2033 quae
1405 2007 1460 2025 non
1477 1998 1570 2025 multis
1582 1997 1666 2024 annis
1675 1997 1766 2031 pluri-

143 2051 204 2074 mae,
221 2050 316 2077 eatque
335 2042 477 2070 mirabiles
496 2050 528 2070 ac
543 2043 634 2078 potius
648 2043 829 2077 miserabiles,
854 2048 953 2079 praeter
978 2045 1210 2079 exspectationem
1224 2042 1341 2073 Graecos,
1355 2050 1425 2078 quos
1437 2043 1481 2070 hic
1495 2042 1613 2077 scriptor
1627 2042 1766 2070 Romano-

140 2095 200 2113 rum
226 2086 410 2121 appellatione
427 2086 565 2120 honestat,
586 2091 794 2122 oppresserunt,
817 2093 961 2116 crescente
979 2088 1006 2115 in
1022 2088 1082 2115 dies
1101 2088 1246 2116 Persarum
1262 2087 1320 2114 sive
1338 2088 1490 2115 Turcorum
1506 2087 1580 2123 (nam
1598 2087 1765 2114 recentiores

140 2132 296 2166 promiscue
308 2131 352 2158 his
364 2130 504 2158 vocabulis
525 2131 650 2166 utuntur)
676 2136 817 2166 putentia;
855 2140 972 2168 quorum
988 2132 1173 2167 grassationes
1187 2135 1215 2160 et
1235 2131 1454 2159 Christianorum
1465 2131 1618 2167 principum
1630 2131 1763 2159 desidiam

139 2184 171 2203 ae
187 2176 396 2210 perversitatem
411 2181 484 2203 tanta
495 2175 600 2204 doloris
614 2177 766 2205 acerbitate
779 2177 927 2206 Choniates
942 2179 1042 2213 saepius
1054 2178 1188 2213 deplorat,
1202 2182 1231 2205 ut
1244 2186 1306 2204 eum
1328 2179 1362 2205 ab
1378 2178 1506 2206 omnibus
1519 2178 1566 2214 qui
1600 2178 1763 2214 reipublicae

140 2226 244 2254 partem
263 2220 383 2254 aliquam
397 2220 543 2255 attingunt,
563 2221 664 2248 nostris
691 2222 861 2256 temporibus
888 2222 940 2257 legi
966 2229 1139 2258 summopere
1159 2223 1296 2257 expediat,
1316 2223 1337 2250 si
1361 2222 1429 2250 forte
1444 2223 1643 2251 Germanorum
1668 2224 1765 2256 animi,

139 2271 257 2297 quorum
276 2263 409 2290 fortitudo
421 2268 450 2291 et
469 2265 556 2298 pietas
571 2265 598 2291 in
617 2262 805 2300 recuperanda
825 2266 902 2301 Syria
915 2272 942 2294 et
958 2272 1033 2294 terra.
1050 2271 1144 2294 sancta
1160 2267 1289 2299 laudibus
1304 2267 1424 2302 egregiis
1445 2267 1498 2296 hoc
1515 2268 1618 2303 scripto
1637 2274 1764 2300 ornatur,

139 2308 300 2335 «taris~i:nis
316 2308 448 2342 exemplis
471 2309 589 2336 Conradi
616 2313 643 2337 et
668 2309 802 2337 Friderici
821 2310 1017 2344 imperatorum
1034 2312 1129 2338 saltem
1144 2312 1177 2339 ad
1206 2312 1333 2339 tuendam
1349 2313 1474 2347 patriam,
1511 2313 1563 2341 hoc
1580 2317 1622 2340 est
1661 2314 1766 2341 vicinas

139 2352 304 2383 Pannonias,
322 2352 487 2379 excitentur.
504 2353 583 2380 Nunc
592 2353 666 2380 enim
681 2361 736 2380 non
753 2354 786 2381 de
798 2354 878 2381 laude
892 2359 920 2382 ct
934 2355 1020 2390 gloria
1044 2356 1236 2387 laborandum,
1253 2357 1299 2383 sed
1315 2357 1349 2384 de
1380 2358 1435 2384 aris
1458 2361 1483 2384 et
1499 2356 1567 2384 focis
1587 2358 1764 2392 pugnandum

139 2404 199 2423 csse
213 2399 343 2430 apparet,
362 2404 416 2430 quo
436 2397 528 2424 minus
542 2397 603 2430 fiat,
625 2398 700 2425 nulla
716 2405 759 2425 res
779 2406 857 2433 aeque
881 2399 907 2426 in
923 2408 1003 2428 causa
1015 2407 1057 2427 est
1070 2405 1151 2435 atque
1169 2400 1366 2428 dissensiones.
1382 2400 1503 2433 Graecos,
1521 2406 1618 2435 praeter
1634 2401 1767 2428 intestina

140 2441 210 2468 l'ella
225 2448 259 2468 ex
275 2441 429 2468 ambitione
441 2441 499 2469 fere
512 2448 583 2475 orta,
597 2443 768 2478 voluptatum
783 2444 904 2470 studium
917 2449 944 2471 et
957 2444 1052 2480 ignava
1063 2445 1222 2472 monarchia
1239 2444 1367 2478 perdidit:
1390 2445 1472 2471 nobis
1487 2445 1632 2472 temeraria
1645 2444 1763 2472 bellandi

138 2485 276 2519 cupiditas
289 2489 316 2511 et
331 2484 438 2512 discors
451 2493 482 2513 ac
497 2486 620 2521 inquieta
649 2487 804 2522 pclyarchia
829 2487 855 2514 id
878 2488 1007 2519 minatur,
1025 2489 1097 2523 quod
1116 2489 1188 2516 absit
1204 2494 1229 2515 ut
1248 2489 1439 2523 etpcriainur:
1462 2494 1487 2515 ct
1501 2489 1580 2516 facile
1591 2497 1763 2520 caveremus.

138 2528 189 2554 nisi
207 2527 281 2554 fatali
300 2528 418 2562 quadam
442 2528 564 2556 siderum
586 2529 768 2565 impressione
791 2531 889 2558 animis
906 2536 986 2566 atque
1005 2530 1118 2558 auribus
1132 2540 1146 2558 ει
1169 2532 1244 2558 sanis
1272 2531 1396 2558 consiliis
1422 2531 1544 2566 plerique
1569 2531 1762 2558 abhorrerent.

138 2570 284 2597 lmmiuuta
304 2570 415 2605 quidem
433 2577 524 2604 est,et
538 2573 624 2600 veluti
638 2574 697 2600 laeta
718 2582 796 2609 seges
824 2575 893 2602 tristi
912 2575 977 2602 lolio
1003 2582 1143 2610 corrupta,
1160 2581 1239 2603 vetus
1257 2580 1358 2603 nostrae
1383 2575 1472 2610 gentis
1502 2574 1659 2608 integritas;
1689 2575 1763 2609 quod

140 2619 299 2641 exterarum
315 2615 458 2642 nationum
473 2617 592 2651 quodam
606 2618 683 2652 quasi
698 2619 824 2654 contagio
848 2619 981 2647 accidisse
997 2618 1113 2649 videtur,
1131 2625 1246 2652 qttarum
1273 2617 1342 2644 mala
1359 2625 1420 2644 cum
1438 2617 1538 2643 uestris
1558 2616 1762 2651 conjunximus,

137 2663 200 2687 “UH
217 2656 471 2690 peregrinationum
497 2658 520 2685 is
543 2658 607 2686 ﬁnis
620 2667 681 2686 esse
704 2660 811 2692 debeat,
840 2664 870 2686 nl
895 2661 996 2689 innatis
1021 2667 1049 2689 et
1071 2661 1272 2690 consuetudine
1301 2661 1406 2688 inolitis
1421 2660 1492 2687 vitiis
1513 2660 1628 2695 abiectis
1645 2661 1762 2689 aliorum

137 2701 255 2727 \irtutes
274 2701 455 2735 asciscamus,
470 2696 622 2738 eorumque
636 2705 778 2738 prudentia
804 2709 832 2732 et
847 2705 1016 2733 humanitate
1031 2706 1064 2733 ad
1089 2713 1273 2741 oulnegenus
1284 2705 1365 2732 cilicii
1380 2710 1406 2731 ct
1418 2704 1507 2731 laudis
1520 2705 1692 2733 crudiamur.
1709 2705 1763 2734 Sed

136 2745 158 2771 si
175 2748 273 2771 cratera
286 2751 454 2780 spectemus,
471 2754 611 2782 nunquam
621 2748 767 2776 Germania
781 2748 855 2781 viris,
866 2751 960 2782 armis,
976 2751 1086 2786 opibus.
1102 2750 1236 2784 consiliis,
1249 2751 1300 2777 fuit
1317 2750 1495 2782 instructior;
1510 2757 1578 2784 (tuas
1596 2758 1640 2778 res
1653 2756 1765 2786 propter

136 2788 304 2816 disrordiatn
323 2797 377 2817 non
397 2791 423 2818 in
439 2791 559 2819 hostium
576 2792 773 2819 detrimentum
784 2794 830 2821 sed
846 2793 872 2820 in
889 2795 980 2827 patriae
1000 2793 1114 2820 exitium
1128 2793 1287 2820 detestanda
1303 2791 1476 2822 crudelitate,
1499 2791 1629 2819 "edim!"
1648 2793 1763 2826 insaniit.

138 2834 326 2861 convertimus
341 2843 346 2860 :
362 2843 422 2869 qua:
440 2837 569 2872 cogita‘io
597 2845 658 2864 cum
681 2837 706 2863 in
725 2837 807 2872 hujus,
829 2838 949 2866 historii-
966 2838 1191 2873 interprctalionc
1222 2836 1337 2864 subinde
1356 2844 1444 2863 ineunt
1471 2836 1592 2863 animum
1619 2836 1724 2871 frtirct,
1737 2845 1763 2866 et
