1935 3071
165 77 217 108 3ζ¹¹1
748 81 798 111 AD
814 82 960 112 NICETIS
978 84 1191 115 HISTORIAM
1727 82 1781 114 333

165 133 236 160 haud
253 132 336 160 dubie
353 133 520 161 conlatiorcs
536 140 644 168 quoque
656 134 775 162 lectores
791 136 1001 164 exstimulatura
1018 137 1065 169 sit,
1081 146 1135 166 non
1152 143 1305 173 temperare
1330 138 1397 165 mihi
1413 137 1490 173 potui
1505 136 1571 172 quin
1585 137 1660 165 hunc
1674 137 1778 170 locum,

163 185 244 211 quem
262 177 387 204 omnium
401 177 500 204 animis
517 182 597 212 atque
608 178 694 205 oculis
708 186 816 214 semper
829 179 970 208 obversari
986 182 1160 209 utilissimum
1178 182 1272 215 fuerit,
1293 181 1383 209 obiter
1398 182 1571 217 attingerem.
1585 181 1664 208 Nunc
1679 181 1713 208 de
1730 181 1786 209 hoc

162 229 246 255 opere
261 221 409 248 dicendum
426 225 477 252 est.
495 221 568 254 quod
585 222 635 248 etsi
649 221 743 250 labore
756 231 810 250 non
831 224 916 250 multo
935 223 1050 256 minore,
1072 224 1151 258 longe
1177 229 1266 254 tamen
1293 224 1389 257 majori
1411 231 1472 251 cum
1488 223 1627 257 voluptate
1646 224 1784 256 converti,

163 268 276 297 propter
305 263 437 290 histerias
457 262 522 289 mibi
551 264 669 290 antehac
695 263 751 291 fere
777 265 928 300 incognitas
943 270 971 292 et.
995 266 1102 300 planius
1125 275 1156 294 ac
1171 267 1257 294 fusius
1281 267 1414 294 orationis
1438 274 1540 302 genus:
1569 267 1596 293 in
1611 274 1666 300 quo
1692 271 1784 295 tamen

163 307 338 334 immodicam
366 306 460 333 nescio
486 307 564 340 cujus
577 307 723 335 insolentis
746 309 889 344 elegantiae
905 310 1107 337 aﬂ'ectationcm
1129 318 1183 337 non
1209 318 1318 346 semper
1329 310 1495 345 sequendam
1519 309 1586 336 mihi
1602 309 1678 341 duxi,
1710 309 1784 344 quod

161 348 294 383 quidquid
309 349 369 383 ejus
380 347 488 383 generis
501 353 552 379 est,
564 356 618 376 ncn
647 349 732 384 ipsius
746 351 867 378 auctoris
882 352 1014 386 scriptum
1040 354 1087 381 sed
1112 355 1297 389 paraphrastre
1324 359 1351 382 ct
1367 355 1457 381 agmuli
1472 354 1587 389 alicujus
1595 359 1784 381 assumentum

160 400 221 419 esse
238 392 356 419 videtur.
381 392 490 420 Contuli
517 393 591 419 enim
609 393 654 420 hic
677 402 786 429 quoque
813 395 884 422 duos
902 397 1011 424 codices
1025 406 1086 425 cum
1112 407 1145 425 eo
1162 406 1243 433 quem
1260 399 1411 432 amplitudo
1426 403 1471 425 tua
1485 398 1561 430 Cpoli
1577 398 1611 424 ab
1630 397 1785 424 Alexandro

159 435 374 470 Chartophylace
387 436 574 470 comparavit,
591 444 673 471 atque
690 435 884 472 operamdedi,
905 444 934 466 ut
950 448 982 467 ex
995 449 1027 468 ea
1055 442 1201 469 collatione
1212 450 1281 476 opus
1296 442 1347 469 hoc
1363 450 1444 477 quant
1458 442 1665 476 integerrimum
1686 442 1785 468 edere-
1824 467 1830 471 _

161 484 216 509 tur,
233 479 363 506 etGra'ca
381 480 475 506 ilidetn
498 485 527 507 ut
549 481 575 506 iu
591 481 695 507 Zonara
720 486 815 508 noser
832 483 932 509 factum
950 489 992 510 est
1006 493 1067 512 cum
1078 486 1181 512 Latinis
1196 487 1442 520 coniungerentur.
1469 486 1599 519 Quamvis
1611 485 1684 512 enim
1698 485 1785 512 Graeci

158 524 296 551 sermonis
309 523 417 558 puritas
431 528 459 550 et
476 524 631 558 proprietas
646 532 708 551 cum
725 530 883 553 exterarum
911 528 1052 556 nationum
1071 529 1245 557 comuiercris
1260 525 1320 557 tum
1344 532 1498 557 otiosorum
1513 529 1657 555 hominum
1673 528 1785 562 ineptiis

159 572 289 602 corrupta
302 572 354 599 est,
368 575 419 594 nec
437 568 496 594 ﬁeri
517 567 614 602 nequit
628 568 655 594 in
680 568 732 594 hoc
748 569 915 603 scriptorum
932 581 1032 606 genere
1049 579 1079 601 ut,
1094 575 1253 609 interpretis
1276 583 1330 602 non
1359 575 1462 602 indocti
1479 581 1529 600 nec
1545 572 1670 599 indiserti
1695 572 1787 598 oratio

159 611 210 645 ipsi
227 611 334 638 auctori
360 611 531 645 praeferatur,
550 616 640 638 tamen
667 619 717 638 nec
737 619 799 639 eum
813 621 864 648 ego
890 622 933 642 me
950 616 1127 653 interpretem
1151 621 1273 654 profiteri
1291 620 1390 650 ausim,
1413 623 1439 645 et
1453 617 1545 645 Graeca
1564 617 1666 651 lingua.
1681 615 1787 649 qualis-

158 661 269 688 cunque
311 654 420 686 adbuc,
445 655 540 681 nescio
570 662 652 689 quem
693 655 803 690 genium
835 657 936 685 retinet
980 667 1011 687 ac
1061 660 1216 689 ubertatem
1256 660 1361 688 Latinis
1403 658 1608 685 inimitabilem.
1651 656 1788 683 Testimo-

159 698 206 724 nio
249 702 314 725 sunt
343 705 438 725 omnes
476 697 534 725 fere
571 699 739 733 disciplinae,
779 708 894 735 quarum
933 703 978 730 vix
1010 703 1063 731 ulla
1106 710 1148 732 est
1178 705 1246 739 quin
1283 708 1312 731 ct
1347 710 1363 730 e
1395 702 1489 730 schola
1525 701 1619 728 Grieca
1652 707 1682 726 se
1719 706 1785 733 pro-

159 741 242 768 diis<c
255 742 296 769 vel
311 742 371 777 ipso
383 742 493 770 nomine
509 742 637 776 fateatur,
650 748 678 770 et
690 745 712 771 si
727 744 836 773 Grascas
852 754 933 774 voces
946 747 1100 776 sustuleris.
1114 755 1185 782 smpe
1203 748 1384 775 Obmutescat.
1395 745 1456 779 Quo
1467 745 1559 772 minus
1570 744 1588 771 ii
1604 742 1710 770 ferendi
1722 746 1788 769 sunt

158 786 203 818 qui
216 785 336 813 Graecam
357 787 476 820 linguam
492 791 521 814 ut
533 794 765 821 supervacaneam
800 795 991 824 aspernantur.
1007 791 1084 823 Quod
1098 792 1192 826 utique
1205 799 1260 818 non
1277 791 1410 822 facerent,
1424 790 1446 817 si
1459 797 1541 824 quam
1558 788 1638 822 pauci
1655 786 1748 813 fideles
1758 788 1788 812 et

157 830 230 856 docti
251 830 415 864 interpretes
427 830 481 856 sint
495 830 688 865 intelligerent.
703 831 770 859 Aliis
780 832 856 859 deest
866 833 980 861 alterius
995 835 1093 865 utrius.
1109 835 1171 863 aliis
1188 835 1333 870 utriusque
1349 834 1449 868 lingua:
1476 832 1608 868 cognitio,
1626 830 1688 858 aliis
1720 829 1789 856 ﬁdes

158 877 185 898 (ιι
204 872 356 908 diligentia,
370 874 511 900 nonnullis
530 873 657 901 universa
672 874 739 907 btec,
758 883 811 902 non
829 880 882 902 tam
892 876 1005 905 fortasse
1020 879 1122 906 malitia
1142 884 1169 907 et
1185 883 1344 914 contemptu
1369 877 1537 914 judiciorum
1556 877 1635 910 (quae
1665 878 1789 901 extrema

158 923 231 944 esset
249 918 377 952 amentia)
390 926 470 952 quam
488 918 641 946 calamitate
657 919 774 953 quadam
789 920 943 955 temporum
962 927 1118 950 nostrorum
1132 928 1160 950 et
1179 923 1367 958 praestantium
1383 921 1555 957 ingeniorum
1573 920 1710 954 neglectu,
1724 915 1788 951 qui-

161 962 211 987 bus
227 961 334 988 fortuna
348 962 509 996 plerumque
526 962 617 989 minus
634 961 705 989 favet
718 970 798 997 quam
813 963 845 990 iis
861 972 979 998 quorum
997 967 1087 994 minor
1106 971 1148 994 est
1166 967 1300 994 industria
1316 969 1344 993 et
1373 964 1497 993 obtusior
1523 964 1598 990 'acies
1620 962 1787 989 animorum.

160 1005 252 1040 Itaque
268 1005 385 1040 pedibus
399 1005 425 1032 in
442 1013 538 1033 eorum
553 1014 586 1034 eo
601 1008 765 1034 sententiam
786 1007 833 1042 qui
857 1008 950 1035 Grzeca
970 1017 1032 1037 cum
1061 1011 1166 1038 Latinis
1186 1010 1377 1046 conjungenda
1406 1017 1474 1037 esse,
1491 1011 1616 1038 censent,
1650 1003 1787 1039 siquidem

158 1049 250 1076 (lrzeca
267 1050 380 1076 seorsim
401 1057 498 1084 parum
514 1050 664 1078 vendibilia
681 1056 745 1079 sunt
759 1056 836 1079 aetate
852 1058 954 1083 nostra.
968 1061 1028 1089 qua:
1042 1059 1153 1089 propter
1162 1054 1339 1081 ambitionem
1350 1056 1378 1080 et
1392 1052 1533 1079 avaritiam
1545 1048 1662 1078 bellandi
1680 1046 1787 1081 cupidi-

160 1101 241 1122 tatem
259 1096 292 1123 ad
306 1096 450 1130 pristinam
466 1096 622 1124 barbariem
636 1105 733 1133 magno
745 1098 848 1132 impetu
861 1099 927 1125 ruit.
946 1098 1013 1126 Nam
1028 1098 1118 1125 Latini
1132 1102 1160 1125 et
1174 1098 1260 1125 (ἕτεεοί
1269 1097 1405 1124 sermonis
1419 1095 1587 1131 proprietate
1613 1097 1641 1120 et
1667 1091 1786 1126 puritate

159 1140 258 1166 amissa
274 1144 486 1176 contemptaque
499 1141 676 1176 philosophia
689 1146 716 1168 et
734 1142 853 1176 politiori
871 1142 1025 1169 litteratura
1036 1142 1169 1177 neglecta,
1182 1147 1212 1169 ut
1230 1149 1322 1169 coram
1347 1140 1497 1170 cernimus,
1509 1146 1564 1166 non
1581 1137 1728 1184 obscurum
1744 1138 1788 1161 est

160 1183 225 1218 quid
241 1184 404 1214 imi-endeat.
437 1185 567 1212 Praeclare
590 1184 687 1212 scribit
713 1185 856 1218 Isocrates,
873 1194 954 1220 quem
971 1186 998 1212 in
1015 1187 1066 1213 hac
1084 1190 1161 1220 parte
1182 1186 1356 1216 Aristoteles,
1381 1190 1411 1211 ut
1441 1183 1507 1210 mihi
1536 1182 1656 1212 videtur,
1680 1182 1785 1214 quippe

160 1233 224 1255 natu
242 1229 425 1263 grandiorem,
440 1228 586 1256 mmulatus
600 1233 653 1260 est,
665 1232 694 1256 et
724 1237 758 1256 eo
772 1230 901 1256 admirari
914 1238 969 1256 non
990 1230 1057 1257 satis
1080 1237 1202 1263 possum,
1218 1229 1330 1255 virtutis
1360 1227 1480 1262 singulas
1492 1227 1518 1253 in
1545 1225 1636 1252 medio
1656 1223 1784 1250 binorum

160 1271 302 1303 vitiorum,
320 1280 436 1307 quorum
455 1272 572 1299 alterum
594 1272 662 1299 citra
678 1273 796 1304 resistat,
813 1273 928 1301 alterum
944 1273 1052 1308 longius
1066 1281 1147 1307 quam
1163 1280 1211 1306 par
1232 1272 1268 1299 sit
1288 1271 1488 1307 progrediatur.
1499 1277 1561 1297 esse
1576 1265 1786 1313 collocatasaltlt

162 1321 236 1343 recte
254 1317 325 1350 apud
339 1315 466 1343 Ovidium
480 1315 604 1343 Daedalus
624 1316 661 1343 ait
677 1316 743 1348 lilio,
770 1317 854 1343 medio
877 1317 1022 1343 tutissimus
1039 1317 1095 1344 ibis.
1109 1316 1186 1350 Quod
1203 1316 1306 1343 utinam
1321 1320 1375 1342 tam
1391 1322 1406 1341 a
1428 1313 1562 1348 theologis
1583 1309 1786 1346 iurisconsultis

160 1365 187 1386 et
200 1359 314 1387 medicis
330 1367 411 1394 quam
432 1360 466 1386 ab
482 1360 678 1397 humaniorum
696 1360 849 1387 litterarum
866 1361 1017 1388 cultoribus
1035 1361 1375 1395 observaretur;quorum
1392 1357 1472 1385 alteri
1486 1365 1516 1384 se
1531 1356 1614 1384 rebus
1638 1354 1786 1384 inlimrere,

162 1404 241 1431 alteri
258 1404 386 1431 dictionis
404 1404 545 1439 elegantiae
560 1411 589 1431 se
602 1404 715 1431 studere
730 1405 910 1439 proﬁtentur:
927 1406 1005 1440 quasi
1030 1413 1095 1432 varo
1113 1410 1159 1432 aut
1177 1405 1310 1432 vocabula
1326 1408 1438 1439 propter
1462 1400 1674 1446 explicationem
1694 1404 1786 1446 rerum

163 1456 218 1474 non
231 1448 286 1475 sint
303 1448 422 1480 inventa,
441 1453 487 1475 aut
503 1455 604 1482 corpus
618 1449 769 1483 egregium.
788 1449 839 1475 hoc
851 1454 894 1476 est
906 1457 949 1476 res
965 1450 1120 1484 praeclaras,
1135 1449 1288 1484 cujusmodi
1303 1449 1330 1475 in
1358 1446 1523 1475 sublimibus
1546 1444 1600 1471 illis
1635 1441 1788 1475 disciplinis

164 1495 326 1523 tractantur,
340 1500 394 1519 non
408 1492 509 1519 munda
523 1496 550 1518 et
564 1496 660 1519 ornata
679 1492 771 1524 vestis,
789 1492 840 1520 hoc
857 1497 899 1520 est
911 1501 978 1527 pura
991 1498 1019 1520 et
1034 1494 1127 1520 lima‘a
1142 1493 1237 1520 deceat
1261 1493 1358 1520 oratio.
1375 1491 1516 1526 Duplicem
1528 1488 1652 1524 profecto
1680 1485 1787 1535 laudem

164 1540 317 1567 tuerentur,
331 1535 377 1570 qui
394 1543 438 1562 res
451 1536 578 1570 optimas,
591 1536 613 1563 si
627 1543 682 1563 non
697 1536 814 1571 eleganti
831 1542 858 1563 et
869 1537 1025 1570 splendido,
1041 1542 1068 1564 at
1085 1546 1154 1572 puro
1169 1542 1197 1564 et
1210 1537 1314 1565 diserto
1334 1542 1461 1564 serntone
1491 1536 1657 1569 proponunt-
1690 1530 1789 1564 ClliUS-

165 1580 237 1607 modi
256 1580 328 1607 viros
341 1585 431 1607 nostra
448 1585 514 1608 tetas
529 1581 622 1615 plures
640 1588 702 1608 cum
715 1580 814 1616 insigni
834 1581 920 1616 gloria
941 1581 1004 1608 tulit
1020 1589 1101 1616 quam
1114 1581 1263 1616 posteritas
1291 1581 1419 1607 habitura
1432 1579 1552 1607 videtur.
1569 1577 1621 1604 nisi
1637 1575 1725 1622 aliam

164 1626 266 1651 tionem
280 1624 433 1651 studiorum
453 1624 614 1653 inierimus:
629 1624 677 1652 sed
687 1625 751 1658 quid
768 1615 818 1658 ego
833 1615 976 1652 censuram
997 1615 1035 1651 in?
1048 1632 1077 1651 re
1090 1615 1199 1659 publica
1219 1624 1352 1651 litteraria
1371 1623 1436 1649 mihi
1453 1628 1544 1652 sutuo,
1558 1628 1619 1647 cum
1636 1618 1688 1653 ipsi
1720 1615 1788 1643 mibi

164 1668 413 1695 diversissimarum
432 1667 603 1702 ingeniorum
623 1676 738 1695 censura
755 1668 791 1695 sit
806 1669 969 1696 subeunda?
986 1669 1070 1695 Movit
1088 1676 1131 1697 me
1150 1673 1239 1696 tamen
1252 1669 1343 1703 justus
1357 1667 1473 1694 fortasse
1488 1665 1567 1693 dolor
1579 1664 1606 1691 in
1618 1663 1689 1689 hanc
1718 1668 1788 1710 con-

165 1711 299 1741 fusionem
311 1711 514 1746 gymnasiorum
527 1711 691 1743 intuentem,
703 1711 753 1739 etsi
770 1712 826 1738 haec
843 1720 895 1739 nec
915 1713 1047 1747 temporis
1070 1720 1122 1740 nec
1134 1713 1188 1740 loci
1201 1713 1283 1746 hujus
1298 1719 1358 1740 esse
1369 1712 1525 1738 videantur.
1552 1709 1644 1741 Quare
1678 1709 1787 1755 veniam

166 1760 240 1790 peto.
256 1755 278 1782 si
294 1763 348 1790 qua
364 1755 456 1782 minus
467 1754 669 1782 adinstitutum
690 1755 857 1789 pertinentia
872 1756 1022 1789 ineulcavi;
1036 1760 1064 1783 et
1077 1756 1194 1783 debetur
1216 1757 1274 1783 haec
1300 1755 1479 1790 philosophia:
1500 1753 1623 1798 libertas,
1641 1758 1701 1786 quae
1719 1753 1789 1798 Iquia

165 1799 223 1826 fere
241 1800 347 1827 creteris
355 1803 530 1826 externarum
548 1807 640 1827 rerum
657 1799 899 1827 commoditatibus
913 1804 941 1827 et
957 1801 1129 1828 ornamentis
1146 1805 1231 1832 caret,
1252 1802 1349 1827 saltem
1365 1797 1541 1834 cogitationis
1551 1801 1633 1832 atque
1657 1794 1788 1822 orationis

166 1843 285 1870 vinculis
295 1843 447 1870 laxioribus
461 1842 631 1877 asuingitur.
648 1842 708 1875 Quo
719 1843 828 1870 nomine
841 1843 967 1871 Socrates
976 1852 1005 1872 se
1023 1845 1136 1872 meliore
1149 1844 1308 1871 conditione
1322 1851 1383 1871 esse
1415 1849 1496 1876 quam
1522 1847 1658 1887 oratores3
1683 1837 1729 1871 qui

167 1894 267 1921 aquam
279 1887 375 1920 dicunt
390 1893 418 1914 et
433 1887 530 1914 tacitos
550 1887 673 1923 judicum
694 1892 778 1914 nutus
792 1887 951 1920 observant,
964 1888 1075 1923 gloriari
1088 1889 1204 1916 solebat.
1218 1889 1275 1923 Ego
1289 1895 1356 1926 vero
1371 1894 1433 1914 eam
1461 1885 1602 1931 licentiam
1625 1883 1694 1931 adeo
1720 1881 1790 1931 mibi

167 1932 241 1960 laudi
256 1940 310 1959 non
326 1932 408 1964 duco,
421 1935 451 1958 ut
470 1931 491 1959 si
502 1939 555 1967 qua
564 1932 644 1966 culpa
658 1932 700 1958 vel
721 1931 771 1958 hac
787 1933 1047 1960 commemoratione
1062 1933 1104 1959 vel
1114 1932 1304 1959 conversionis
1314 1930 1571 1966 procrastinatione,
1587 1927 1710 1962 longiore
1725 1927 1789 1974 qui-

167 1977 230 2003 dem
243 1984 323 2011 quam
340 1977 398 2011 ipse
413 1980 549 2011 putaram,
561 1976 706 2003 commissa
716 1979 767 2008 est,
784 1976 843 2011 ejus
854 1976 920 2003 mihi
939 1977 1053 2011 gratiam
1067 1976 1125 2003 ﬁeri
1140 1977 1267 2011 cupiam;
1287 1976 1438 2011 praesertim
1453 1981 1514 2001 cum
1543 1973 1634 2007 exigui
1660 1973 1791 2018 temporis

168 2028 254 2051 mora.
272 2020 360 2048 omnis
375 2028 472 2054 expers
484 2019 662 2052 incommodi,
675 2027 729 2046 non
747 2019 928 2047 cessationem
943 2020 990 2047 sed
1004 2019 1085 2047 fidem
1100 2025 1128 2047 et
1148 2020 1318 2055 diligentiam
1334 2027 1420 2046 meam
1433 2021 1548 2052 arguat;
1573 2023 1634 2050 qua:
1645 2014 1697 2041 nisi
1720 2011 1790 2062 inihi

168 2065 225 2092 otio
240 2070 267 2092 et
282 2065 436 2092 commodis
449 2065 516 2092 meis
528 2064 665 2099 antiquiOr
677 2064 783 2096 fuisset,
799 2065 851 2092 hoc
866 2065 960 2092 labore
976 2064 1063 2091 multo
1072 2063 1152 2091 citius
1161 2063 1272 2099 defungi
1290 2064 1450 2098 potuissem.
1477 2061 1530 2088 Sed
1542 2066 1584 2087 sat
1607 2060 1673 2106 cito,
1704 2060 1726 2084 si

171 2109 250 2140 bene,
268 2114 298 2136 ut
313 2109 426 2136 dicitur.
440 2108 519 2143 Quod
535 2107 625 2143 ipsum
638 2107 720 2135 etiam
739 2107 835 2136 sedulo
855 2116 897 2135 me
914 2112 1042 2136 conatum
1055 2115 1116 2136 esse
1136 2115 1198 2135 eum
1212 2115 1268 2135 rem
1282 2107 1369 2142 ipsam
1379 2110 1539 2133 testaturam
1558 2103 1705 2133 conﬁdam.
1721 2101 1790 2128 nihil

170 2154 204 2180 de
217 2161 259 2180 tne
269 2153 330 2188 ipso
343 2152 452 2185 addam,
466 2151 540 2187 quod
552 2152 677 2187 quamvis
688 2151 916 2187 ampliusaliquid
931 2152 1128 2186 praestitissem,
1139 2157 1229 2179 tamen
1241 2151 1413 2179 liberalitatis
1433 2157 1498 2184 erga
1523 2155 1566 2175 me
1595 2153 1648 2174 tua:
1672 2151 1700 2173 et
1727 2152 1791 2180 erga

169 2197 308 2226 studiosos
323 2196 463 2229 homines,
476 2203 592 2231 quorum
602 2195 758 2227 commodis
770 2200 816 2222 tuo
831 2200 940 2230 sumptu
953 2196 1084 2229 con5ulis,
1092 2200 1198 2232 partem
1218 2196 1263 2223 vix
1280 2195 1404 2231 exiguam
1429 2192 1537 2222 viderer
1560 2195 1713 2219 assecutus.
1737 2189 1792 2216 Au-

171 2246 257 2278 gusta:
271 2241 514 2275 Vindelicorum,vt
527 2241 566 2270 Id.
583 2240 754 2276 April.anno
776 2240 902 2269 MDLVll.
