1935 3071
61 176 112 207 3ἓῦ

766 163 965 196 HISTORIA.

1645 160 1697 191 326

65 233 166 269 μᾶλλον
179 232 262 267 δεῦρο
278 231 355 266 κοινῇ
375 227 654 264 συνδιασκεψώμεθα,
678 227 724 254 καὶ
745 224 850 260 γνωσό-

921 227 964 245 utlt
981 218 1079 246 alienis
1097 219 1269 253 occuparim,
1285 218 1334 245 loli
1351 219 1475 246 Romano
1492 217 1609 252 imperio
1625 217 1695 245 risui

64 279 134 315 μεθα
159 279 204 310 τίς
235 278 265 310 ἐξ
289 278 419 304 ἁπάντων
451 276 506 302 τῶν
526 274 622 310 πρώην
647 273 682 299 τὰ
711 271 855 306 Ῥωμαίων

64 327 196 361 σκῆπτρα
223 324 448 360 παρειληφότων,
477 322 534 348 υἱὸν
557 321 627 356 ἔχων
657 320 787 355 ἁρμόδιον
815 319 856 348 εἰς

65 372 165 407 ἀρχὴν,
185 370 281 397 τοῦτον
298 370 348 404 μὲν
368 368 572 404 παρεὸλέψατο,
596 366 722 401 γαμϐρὸν
740 365 768 391 δὲ
789 364 857 391 ἅνθ-

63 418 167 448 εἱλετο;
190 417 222 442 Εἰ
236 416 265 443 δέ
284 424 349 442 ποτε
369 416 415 441 καὶ
429 414 530 440 τοιόνδε
548 422 574 439 τι
601 412 776 446 ξυμϐέϐηκεν
790 431 796 442 ,
825 409 856 436 οὺ

64 463 158 497 νόμον,
173 459 195 488 ὧ
211 461 348 495 γύναι,ζτὺ
362 461 476 486 σπάνιον
492 458 662 493 ἡγησόμεθα,
683 457 724 493 [-P.
738 456 777 492 5.]
798 455 857 482 Ἐπ’

65 509 126 543 ἐμοὶ
143 509 172 534 δὲ
190 509 238 535 καὶ
256 508 330 542 μάλα
342 507 467 540 καπυρὸν
479 505 604 538 γελᾶσειε
618 504 648 530 τὸ
660 503 856 538 Πανρώμαιον,

65 555 110 580 καὶ
127 555 185 580 τῶν
209 553 318 588 φρενῶν
337 552 464 587 κριθείην
490 549 652 581 ἀποπεσὼν,
672 550 696 575 εί
714 549 761 583 τὴν
781 549 860 583 βασι-

65 599 138 625 λείαν
154 599 207 625 οὐκ
221 597 373 628 ἑπαινετῶς
390 596 508 632 εἰληφὼς
521 596 577 622 αλλ’
590 596 704 630 αἵμασιν
719 595 859 629 ὁμογενῶν

66 646 112 673 καὶ
131 645 257 680 μεθόδοις
273 644 478 682 Χριστιανικῶν
502 644 705 677 ἀφισταμένοις
727 641 837 677 θεσμῶν
850 661 857 673 ,

67 692 165 727 δεῆσαν
179 691 285 725 ταύτης
303 690 447 724 ἀφεικέναι
463 690 596 724 διάδοχον,
612 689 642 715 τὺ
655 689 704 723 μὲν
717 688 746 721 ἐξ
760 688 859 722 ὀσφύος

67 737 307 771 ἁποπεμψαίμην,
326 736 373 762 τὸν
391 735 419 762 δὲ
438 736 582 762 Μακεδόνα
604 734 822 769 εἰσοικισαίμην,
847 743 857 759 ι

66 783 109 808 τὸν
127 782 259 817 Βρυένιον
288 781 359 808 οὕτω
381 782 480 816 λέγων,
493 782 554 807 ἐπεὶ
570 782 617 807 καὶ
635 781 664 814 ἐξ
690 780 862 815 Ὀρεστιάδος

68 828 182 863 ὥρμητο
199 836 205 842 ·
225 829 275 863 μία
289 828 311 854 δ’
328 827 398 863 αὕτη
419 828 475 854 τῶν
496 828 665 862 εὐδαιμόνων
693 828 741 854 καὶ
763 827 862 862 κρατί-

69 883 139 900 στων
156 875 233 909 παρὰ
252 874 408 900 Μακεδόσιν
430 874 544 901 πόλεων.
569 874 690 900 Τοιαῦτα
718 873 788 908 πρὸς
811 874 861 909 τὴν

69 919 234 954 βασίλισσαν
250 919 373 959 Ιξίρήνην
388 919 530 954 ὲμὸριθῶς
553 919 567 945 ὁ
579 919 699 952 ’Λὶέξιος
725 919 859 954 φάμενος,

67 965 141 999 ὅμως
169 967 216 991 καὶ
237 965 319 991 πάλιν
340 965 384 991 τὸν
414 965 549 1001 μηδαμῶς
571 965 725 992 ἀπειπόντα
745 966 861 1001 ὑποκρι-

68 1010 193 1046 νόμενος,
218 1012 297 1045 διῆγε
326 1011 376 1045 τὴν
400 1013 517 1046 γυναῖκα
544 1012 734 1046 σκηπτόμενος
752 1012 797 1038 ἀεὶ
815 1013 861 1039 τὶν

69 1059 256 1092 σκεπτόμενον
271 1065 277 1072 ·
296 1055 330 1092 ἧν
348 1057 415 1092 γὰρ,
431 1058 454 1084 εί
470 1057 516 1084 καί
535 1066 577 1089 τις
596 1058 687 1090 ἄλλος,
708 1058 861 1093 κρυψίνους

68 1105 80 1129 ὸ
95 1104 167 1139 ἀνὴρ
183 1102 274 1136 οὗτος,
292 1105 340 1130 καὶ
355 1104 439 1138 σοφὸν
461 1104 615 1140 ἡγούμενος
641 1106 685 1132 ἀεὶ
700 1105 731 1132 τὸ
747 1106 861 1140 περίερ-

68 1157 126 1182 γον,
157 1149 226 1184 μηδὲ
252 1149 288 1175 τὰ
315 1148 402 1175 πολλὰ
431 1149 627 1183 ὲξαγχελτικὸς
653 1149 701 1175 τοῦ
731 1149 861 1184 ποιητέου

66 1194 257 1230 δεικνύμενος.
287 1195 460 1230 Ἐγγίζοντος
485 1196 514 1222 δέ
534 1197 559 1222 οἱ
580 1196 628 1222 τοῦ
653 1196 790 1231 τέρματος
813 1197 862 1231 τῆς

68 1242 142 1277 ζωῆς
161 1243 176 1268 ὁ
197 1241 247 1277 μὲν
263 1242 354 1268 ἔκειτο
377 1242 466 1269 πνέων
486 1242 522 1269 τὰ
545 1242 651 1269 λοίσθια
664 1244 693 1269 ὲν
715 1244 772 1274 τοῖς
791 1244 863 1270 κατά

66 1287 115 1322 τὴν
140 1287 229 1323 μονὴν
249 1287 305 1313 τῶν
320 1288 477 1321 Μαγγάνων
493 1288 700 1323 λαμπροτάτοις
716 1288 863 1324 οἰκοδομή-

68 1340 167 1368 μασιν,
197 1335 211 1360 ό
237 1333 266 1359 δὲ
282 1335 347 1365 παῖς
377 1334 506 1369 Ἰωάννης
529 1334 575 1360 τὸν
602 1335 710 1369 πατέρα
733 1335 804 1370 ὁρῶν
829 1336 862 1370 τῇ

67 1380 185 1414 τελευτῇ
202 1379 402 1415 πλησιάζοντα,
430 1380 478 1407 καὶ
493 1380 542 1415 τὴν
565 1381 673 1416 μητέρα
696 1381 776 1412 εἰδὼς
797 1383 865 1408 ἁπο-

69 1425 246 1460 στὲργουσαν
268 1426 318 1452 καὶ
338 1427 372 1461 τῇ
391 1426 494 1462 ἀδελφῇ
519 1427 568 1462 τὴν
594 1427 735 1461 βασιλείαν
755 1428 865 1463 μνωμέο

69 1479 127 1506 νην,
149 1470 290 1497 κοινοῦται
307 1472 336 1497 τὸ
359 1472 488 1507 ποιητέον
511 1474 569 1505 τοῖς
590 1474 623 1499 ἐκ
637 1473 687 1508 τῆς
703 1475 865 1508 συγγενείας

69 1517 171 1552 ἐκείνῳ
184 1515 251 1551 φίλα
264 1517 419 1552 φρονοῦσιν,
433 1515 470 1544 ὧν
481 1519 515 1545 τὰ
528 1519 662 1553 κράτιστα
676 1517 711 1552 ἦν
723 1521 736 1546 ὁ
751 1520 865 1554 ἁδελφὸς

75 1563 230 1596 Ἰσαάκιος.
251 1565 306 1592 Καὶ
321 1565 354 1600 δὴ
368 1565 458 1592 λαϐὼν
481 1567 533 1602 τὴν
564 1567 674 1602 μητέρα
703 1568 801 1594 εἴσεισι
822 1570 866 1596 τὸν
881 1565 904 1595 C

68 1611 191 1637 κοιτῶνα
216 1611 263 1638 τὸν
284 1613 432 1646 πατρικδν,
462 1614 509 1639 καὶ
534 1614 699 1648 προσπεσὼν
722 1614 760 1646 ὡς
787 1615 867 1650 δῆθεν

70 1655 222 1691 θρηνήσων
239 1656 398 1693 ὑφαιρεῖται
417 1657 505 1693 λάθρα
522 1660 571 1692 τῆς
593 1659 698 1685 ἐκείνου
718 1661 810 1695 χειρὸς
822 1661 868 1688 τὸν

71 1704 272 1738 οφραγιστῆρα
288 1704 443 1731 δακτύλιον.
464 1706 524 1731 Εἰσὶ
536 1705 558 1731 δ’
570 1705 595 1731 οἳ
611 1707 683 1733 κατὰ
693 1708 808 1742 γνώμην
820 1708 868 1734 τοῦ

70 1749 176 1784 πατρὸς
199 1749 284 1776 αὐτόν
304 1758 372 1791 φασι
391 1750 451 1776 τάδε
476 1751 670 1785 πεποιηκέναι,
693 1753 730 1783 dt;
759 1752 868 1780 δίδωσιν

70 1796 175 1824 ἐννοεῖν
190 1797 227 1823 τὰ
244 1797 315 1832 μετὰ
331 1797 419 1833 βραχὺ
434 1799 623 1834 ῥηθησόμενα.
649 1799 754 1826 Λύτίκα
776 1802 869 1828 τοίνυν

69 1844 85 1871 ὁ
105 1844 242 1880 Ἰωάννης
259 1845 324 1876 τοὺς
342 1845 507 1881 συνίστορας
529 1846 668 1881 ἡθροικὼς
684 1847 731 1874 καὶ
752 1847 782 1874 τὸ
798 1856 870 1882 πρα-

70 1891 134 1925 χθὲν
151 1891 301 1927 ὴγγελκὼς
330 1892 375 1918 ἐπὶ
404 1893 518 1928 κέλητος
544 1894 605 1928 μεθ’
631 1894 722 1921 ὃπλων
742 1895 810 1930 πρὸς
839 1895 871 1921 τὸ

74 1937 212 1972 μέγιστον
232 1938 344 1973 ἀρχεῖον
364 1939 511 1975 ἐξώρμησε
525 1961 532 1973 ,
552 1942 614 1967 κατ’
635 1941 720 1976 αὐτὴν
739 1941 790 1972 τὴν
815 1942 870 1969 τῶν

72 1984 238 2019 Μαγγάνων
254 1985 339 2020 μονὴν
353 1987 401 2013 καὶ
415 1987 464 2018 τὰς
479 1987 579 2021 ἀγυιὰς
591 1988 691 2021 ὁμοίως
702 1988 753 2023 τῆς
765 1988 870 2020 πόλεως

74 2031 126 2058 ὑπὸ
147 2031 275 2066 πλήθους
295 2032 342 2058 τοῦ
362 2032 521 2068 σύμφρονος
540 2034 587 2060 καὶ
604 2034 659 2060 τῶν
682 2035 754 2061 κατὰ
775 2035 870 2070 φήμην

74 2077 127 2104 τῶν
148 2078 306 2113 δρωμένων
325 2079 547 2113 συναλιζομὲνων
563 2081 726 2108 ἀστυπόλων
742 2083 870 2117 βασιλεὺς

73 2124 264 2159 αὐτοκράτωρ
284 2125 583 2161 ἀνευφημούμενος.ᾞ
604 2127 710 2162 βασιλὶς
725 2129 753 2155 δὲ
769 2130 870 2166 Εἰρήνη

73 2172 119 2196 καὶ
135 2171 237 2206 μήτηρ
254 2171 302 2197 τοῦ
320 2172 447 2198 Ἰωάννου
463 2173 502 2208 (8)
519 2174 588 2208 πρὸς
604 2174 658 2200 τῶν
669 2175 743 2202 οὕτω
761 2178 872 2212 γινομέ-

907 264 959 291 sim
975 264 1087 292 futurus
1103 270 1131 292 et
1147 273 1196 300 pro
1212 265 1309 292 insano
1322 265 1476 297 habendus,
1498 266 1520 291 si
1540 265 1566 291 in
1592 265 1700 291 delibe-

908 311 1016 338 ratione
1029 311 1225 342 successionis,
1240 319 1370 346 germano
1387 311 1443 338 lilio
1462 310 1618 345 repudiato,
1643 310 1700 337 Ma-

910 356 1043 383 cedonem
1069 357 1096 382 in
1119 356 1188 383 solio
1204 357 1368 383 collocare.»
1395 356 1439 383 Sic
1466 361 1557 382 autent
1578 356 1700 389 appella-

908 401 954 428 bat
983 401 1130 436 Brycnium
1151 401 1294 428 Orestiade
1315 402 1392 428 beata
1423 406 1451 428 et
1476 401 1700 436 praestantisima

909 447 977 474 urbe
1004 447 1170 474 Macedonia:
1189 447 1349 474 oriundum.
1379 447 1485 480 Quibus
1515 448 1607 474 verbis
1637 454 1700 473 cum

911 493 997 520 lrcnae
1014 492 1172 526 petitionem
1183 493 1302 528 graviter
1317 493 1474 526 refutasset,
1493 498 1584 519 tamen
1601 493 1702 519 deinde

911 546 974 566 cum
997 546 1053 572 pra:
1076 546 1105 565 se
1124 539 1215 565 ferens
1238 540 1283 573 qui
1307 538 1522 573 haudquaquam
1548 542 1675 572 negasset
1693 558 1700 569 ,

912 584 1061 611 [nuberem
1078 588 1210 618 perpetua
1227 584 1438 611 deliberationis
1451 584 1628 610 simulatione
1649 583 1702 610 dif-

912 629 1029 662 ferebat,
1053 631 1154 664 quippe
1172 629 1265 660 homo,
1292 629 1315 656 si
1337 630 1482 663 quisquam
1499 629 1579 660 alius,
1599 629 1700 655 occulti

911 675 1009 708 animi,
1037 676 1084 710 qui
1111 675 1274 709 sapientiam
1307 676 1333 702 in
1359 675 1560 702 dissimulando
1588 675 1703 708 positam

913 727 991 748 ratus
1018 729 1080 748 raro
1104 721 1274 754 admodum,
1300 721 1366 756 quid
1394 722 1518 748 facturus
1547 720 1597 754 ιο
1620 723 1704 752 esSet,

912 773 966 800 pne
981 774 1009 793 se
1025 766 1118 792 ferret.
1130 769 1254 797 Instante
1266 771 1359 793 autem
1373 766 1450 793 ebitu
1460 773 1523 792 cum
1538 765 1564 791 in
1579 763 1702 799 splendi-

914 812 1036 838 dissimis
1054 812 1203 846 Mangania:
1219 813 1299 846 regim
1315 811 1571 839 substructionibus
1591 811 1706 837 decum-

914 857 1003 888 beret,
1016 858 1138 885 Joannes
1159 862 1186 884 tt
1203 857 1263 892 ejus
1281 858 1320 884 rei
1341 862 1368 883 et
1390 856 1508 883 materni
1524 855 1577 882 o.fii
1593 863 1643 889 gna
1663 862 1707 885 us,

914 911 974 938 quin
992 903 1138 938 imperium
1156 904 1183 930 in
1201 911 1322 931 sororem
1340 903 1465 929 conferre
1490 902 1637 931 niteretur,
1659 908 1710 927 ne-

915 949 1019 983 gotium
1044 957 1106 976 cutn
1136 950 1268 982 cognatis
1293 949 1334 975 sui
1352 948 1483 976 studiosis
1508 947 1707 977 communicat,

914 1001 1033 1028 quorum
1060 994 1190 1028 princeps
1210 999 1270 1020 erat
1299 994 1385 1020 frater
1411 992 1550 1020 Isaacius:
1575 995 1604 1018 ct
1634 991 1705 1018 clam

914 1045 1002 1067 matre
1019 1045 1164 1074 paternum
1182 1040 1341 1067 cubiculum
1357 1039 1508 1073 ingressus,
1528 1042 1556 1065 et
1572 1041 1705 1071 tanquam

913 1085 1039 1112 morbum
1056 1085 1115 1119 ejus
1126 1084 1269 1120 deplorare
1292 1084 1382 1114 vellet.
1399 1086 1553 1117 prostratus
1574 1082 1706 1108 annulum

913 1130 947 1157 de
970 1138 1053 1157 manu
1072 1131 1131 1165 ejus
1146 1130 1270 1165 surripit.
1285 1131 1354 1156 Sunt
1367 1133 1458 1156 tamen
1475 1128 1521 1162 qui
1537 1127 1564 1154 id
1580 1134 1644 1154 eum
1670 1127 1705 1154 de

914 1177 1053 1204 sententia
1082 1177 1169 1211 patris
1194 1177 1292 1203 fecisse
1321 1175 1477 1207 amrmcnt;
1503 1173 1585 1207 idque
1610 1180 1644 1200 ex
1674 1172 1710 1200 iis

917 1231 978 1258 qum
1001 1230 1064 1249 mox
1084 1228 1235 1256 sequentur
1255 1223 1284 1249 tit
1303 1221 1455 1257 probabile.
1482 1220 1552 1247 Cum
1573 1225 1663 1247 autem
1680 1219 1708 1246 in

916 1273 991 1297 ctntu
1017 1276 1132 1295 suorum
1153 1275 1210 1294 rem
1241 1273 1345 1302 gestam
1368 1265 1550 1300 exitusuisset,
1573 1271 1657 1299 eques
1675 1265 1709 1292 ad

916 1315 1062 1342 maximam
1080 1315 1181 1349 regiam
1198 1313 1366 1349 properavit,
1383 1312 1467 1340 armis
1487 1311 1614 1346 stipatus,
1626 1316 1709 1345 atque

916 1362 944 1389 in
969 1362 1028 1397 ipso
1049 1361 1194 1396 Manganio
1217 1359 1386 1388 monasterio
1407 1364 1432 1386 et
1448 1359 1525 1386 urbis
1547 1358 1710 1394 regionibus

918 1416 934 1434 a
959 1407 1136 1434 multitudine
1161 1407 1204 1434 sui
1231 1406 1364 1438 studiosa,
1388 1410 1416 1433 et
1444 1405 1477 1432 iis
1507 1406 1552 1440 qui
1574 1405 1646 1432 fama
1671 1403 1711 1430 rei

920 1453 1002 1479 exciti
1034 1451 1060 1478 in
1085 1451 1152 1478 urbe
1181 1452 1371 1482 versabantur,
1401 1450 1551 1485 inperator
1578 1451 1713 1476 salutatus

916 1503 970 1525 est.
985 1497 1092 1530 Quibus
1114 1497 1199 1524 rebus
1221 1497 1300 1524 lrene
1329 1496 1423 1524 territa
1449 1496 1536 1523 filium
1556 1495 1662 1523 monuit
1681 1499 1712 1522 ut

921 1545 1021 1578 emptis
1044 1539 1200 1571 desisteret.
1225 1542 1279 1570 Sed
1295 1550 1357 1569 cum
1377 1543 1399 1569 is
1414 1550 1522 1570 summo
1541 1542 1633 1569 studio
1653 1549 1713 1568 rem

922 1593 1034 1624 urgeret
1047 1595 1136 1623 neque
1148 1588 1239 1615 verbis
1259 1588 1355 1615 matris
1372 1587 1524 1623 quidquam
1539 1591 1710 1618 moveretur,

919 1633 1088 1670 Bryennium
1107 1633 1234 1660 hortatur
1261 1638 1292 1660 ut
1316 1641 1344 1660 se
1360 1633 1493 1669 adjutrice
1513 1640 1627 1668 regnum
1645 1631 1716 1659 affe-

922 1684 989 1707 ctet.
1009 1678 1044 1706 Ut
1068 1687 1133 1706 vero
1160 1687 1196 1706 ne
1225 1679 1265 1707 sic
1286 1679 1396 1714 quidem
1412 1687 1457 1706 res
1487 1679 1663 1713 procedebat,
1678 1678 1714 1705 ad

924 1726 1056 1753 maritum
1084 1725 1191 1752 accedit
1210 1725 1238 1752 in
1268 1725 1342 1752 lecto
1360 1724 1570 1752 dccumbentem
1591 1730 1620 1750 et
1637 1723 1714 1750 tenui

921 1772 1020 1806 spiritu
1038 1771 1121 1798 vitam
1141 1770 1232 1797 adhuc
1247 1778 1302 1805 pra:
1326 1778 1355 1798 se
1377 1770 1523 1802 ferentem,
1551 1773 1579 1796 et
1602 1768 1714 1803 corpori

921 1817 982 1852 ejus
1004 1816 1167 1844 incumbens
1181 1815 1255 1844 clare
1271 1816 1450 1848 vociferatur,
1473 1815 1602 1851 lacrymis
1628 1815 1716 1841 instar

922 1864 1006 1890 fontis
1028 1862 1257 1895 exuberantibus,
1284 1862 1370 1889 filium
1391 1863 1441 1896 ιι
1467 1862 1527 1896 ipso
1551 1861 1642 1888 adhuc
1665 1867 1715 1888 su-

923 1909 1037 1944 perstite
1067 1917 1112 1936 res
1140 1916 1226 1935 novas
1250 1908 1410 1935 molientem
1431 1915 1546 1942 regnum
1573 1906 1714 1933 affectare.

922 1955 969 1981 llle
989 1962 1057 1981 vero
1075 1954 1250 1989 gravioribus
1265 1954 1348 1981 rebus
1361 1958 1524 1987 occupatus,
1552 1951 1659 1979 scilicet
1685 1951 1714 1978 in

924 2001 987 2028 vita:
999 2001 1085 2032 exitu,
1098 2004 1126 2028 et
1139 2000 1474 2035 peregrinationijamjam
1490 1998 1603 2025 instanti
1618 1998 1712 2024 inten-

925 2051 978 2078 tus,
996 2046 1085 2073 oculis
1104 2046 1138 2072 ad
1156 2045 1268 2080 angelos
1283 2045 1441 2071 animorum
1458 2043 1544 2070 duces
1560 2042 1714 2074 conversis,

922 2092 992 2119 nihil
1006 2092 1039 2119 ad
1055 2100 1086 2119 ea
1101 2091 1253 2126 respondit.
1274 2091 1321 2118 Illa
1346 2098 1412 2118 vero
1434 2090 1527 2116 acrius
1545 2092 1661 2123 urgente
1684 2093 1712 2115 et

925 2139 973 2165 ﬁlii
987 2138 1056 2165 facta
1071 2138 1214 2172 aegerrime
1231 2138 1346 2169 ferente,
1361 2144 1423 2163 cutn
1438 2136 1537 2171 exiguo
1563 2138 1716 2168 coactoque

925 2185 992 2216 risu,
1011 2184 1137 2211 manibus
1154 2185 1180 2210 in
1206 2184 1306 2210 coelum
1329 2183 1455 2213 sublatis,
1475 2183 1532 2209 sive
1558 2189 1592 2209 eo
1618 2180 1716 2208 nuntio

74 2224 127 2241 νων
143 2216 363 2251 ἐκθαμϐηθεῖσα
377 2217 508 2244 στείλασα
525 2221 719 2254 μετεπέμπετο
734 2223 780 2248 τὸν
800 2225 865 2255 υἱὸν,

923 2230 1075 2256 delectatus
1099 2236 1127 2256 et
1155 2230 1209 2256 Deo
1237 2234 1339 2264 gratias
1367 2237 1451 2264 agens
1474 2229 1533 2255 sive
1551 2228 1716 2255 delictorum

74 2262 122 2287 καὶ
141 2261 265 2296 παρῄνει
292 2262 345 2288 τῶν
366 2263 395 2289 ἐν
411 2264 507 2298 χερσὶν
529 2266 709 2300 ἀποσχέσθαι.
741 2268 784 2299 Ὧς
799 2271 821 2296 δ’
841 2269 874 2307 ἦν

73 2307 133 2338 ὅλος
147 2308 209 2333 τῶν
223 2308 371 2342 δρωμένων
388 2310 401 2336 ὸ
420 2310 549 2345 Ἰωάννης
566 2312 613 2338 καὶ
628 2314 689 2339 κατ’
702 2314 797 2342 οὐδένα
811 2319 876 2352 τρό.

75 2362 126 2380 πον
147 2355 203 2388 τῆς
221 2356 327 2389 μητρδς
349 2356 546 2390 ἐπεστρέφετο,
572 2358 617 2383 τὸν
633 2359 778 2394 Βρυέννιον
797 2363 876 2400 ἐπιρ-

77 2401 220 2436 ρώννυσιν
236 2401 385 2427 ἐπιθέσθαι
403 2405 435 2438 τῇ
452 2403 578 2439 βασιλείᾳ
595 2407 804 2443 συναρηγούσης
823 2411 874 2436 αὐ·

75 2449 135 2483 τῆς.
159 2448 210 2489 Ὠς
226 2448 250 2474 δ’
263 2448 318 2474 οὐδ’
332 2449 403 2475 οὕτω
413 2451 448 2476 τὰ
463 2450 534 2476 κατὰ
554 2451 650 2486 σκέψιν
668 2452 741 2487 ἑώρα
759 2455 872 2489 προϐαί-

78 2502 172 2528 νοντα,
188 2495 322 2528 πρόσεισι
334 2496 373 2531 τῷ
385 2496 465 2531 ἀνδρὶ
477 2498 523 2524 ἐπὶ
537 2497 633 2534 κλίνης
648 2499 808 2536 ἐρριμμένῳ
823 2502 872 2528 καὶ

78 2538 230 2577 βραχείαις
246 2542 394 2574 ἀναπνοαῖς
412 2543 459 2570 τὸν
477 2542 566 2575 ζῶντα
575 2544 806 2580 ὐποσημαίνοντι,
823 2548 872 2575 καὶ

924 2275 1032 2302 veniam
1060 2283 1074 2301 a
1092 2276 1146 2302 Deo
1167 2275 1303 2310 flagitans,
1321 2275 1400 2302 vulttl
1421 2282 1517 2309 parum
1540 2274 1641 2301 blando
1656 2281 1717 2300 eam

925 2321 1070 2356 castigavit
1085 2323 1156 2356 quod
1190 2321 1296 2356 imperii
1314 2321 1518 2348 contentionem
1547 2321 1573 2347 in
1595 2321 1717 2347 discessu

926 2366 1010 2392 animi
1027 2373 1042 2392 a
1058 2373 1174 2400 corpore
1198 2369 1333 2392 moveret.
1355 2363 1453 2391 Mulier
1467 2365 1558 2399 itaque
1572 2364 1645 2391 baud
1661 2363 1716 2391 du-

926 2411 970 2439 bie
982 2411 1109 2438 maritum
1125 2411 1157 2437 iis
1175 2419 1235 2445 quae
1251 2411 1372 2438 audtsset
1384 2410 1552 2437 delectatum
1567 2417 1629 2436 esse
1649 2413 1720 2441 rata,

926 2459 1020 2492 utjam
1030 2457 1104 2484 omni
1119 2458 1249 2485 frustrata
1262 2466 1309 2492 spe
1321 2457 1482 2493 dejectaqne
1498 2456 1639 2491 prioribus
1653 2462 1720 2482 con-

926 2503 1006 2535 siliis,
1019 2511 1080 2530 cum
1092 2510 1190 2537 magno
1205 2503 1308 2538 gemitu
1322 2504 1406 2530 dixit:
1422 2502 1458 2530 t0
1469 2502 1576 2532 marite.
1586 2507 1613 2528 et
1624 2502 1720 2528 vivens

927 2549 1058 2577 omnibus
1071 2549 1143 2577 dolis
1164 2550 1316 2581 instructus
1332 2549 1420 2583 fuisti,
1443 2549 1520 2576 aliud
1537 2548 1630 2575 dicere
1643 2546 1717 2574 aliud

723 2660 817 2699 Hier.
844 2660 944 2692 Woiﬁi
968 2663 1062 2691 notua.

113 2748 153 2784 (8)
177 2748 214 2775 Ἠ
227 2746 354 2784 βαᾳωζὶς
366 2745 400 2773 δὲ
540 2746 589 2774 καὶ
604 2747 703 2782 μήτηρ
717 2747 874 2775 .’1ωάννου.

80 2781 239 2812 Choniates
257 2781 374 2808 nimium
393 2782 538 2814 sollicitus,
562 2787 592 2808 ut
617 2788 741 2817 apparet.
759 2791 792 2810 ne
812 2783 875 2817 quis

81 2827 158 2846 error
167 2826 203 2845 ex
223 2817 342 2851 propriis
352 2817 509 2852 nominibus
516 2817 638 2845 exsistat,
649 2818 768 2852 epitheta
781 2826 878 2850 super-

83 2860 204 2880 vacanea
226 2851 332 2885 adjicit.
350 2851 443 2878 lreneu
461 2860 521 2878 eSse
536 2853 735 2885 imperatrtcem
753 2859 781 2879 et
798 2853 878 2879 Joan-

83 2891 123 2916 nis
135 2892 258 2915 matrcm
276 2887 343 2913 satis
356 2887 547 2920 intelleximus,
567 2895 655 2921 neque
671 2888 822 2922 perieulum
836 2892 877 2914 est

931 2755 966 2774 ne
985 2755 1058 2775 nunt-
1071 2748 1123 2775 alia
1139 2748 1217 2776 lrcne
1235 2748 1412 2783 intelligatur.
1429 2747 1517 2780 Quare
1534 2748 1583 2775 has
1602 2753 1630 2775 et
1644 2749 1722 2777 simi-

930 2783 972 2810 les
987 2783 1192 2817 περισαολογίας
1207 2785 1333 2810 omittere
1347 2791 1399 2809 non
1409 2783 1540 2812 dubitavi.
1554 2783 1626 2811 Idem
1638 2785 1721 2813 etiam

932 2819 982 2844 l'cci
1001 2819 1028 2844 in
1049 2827 1250 2852 supervacanea
1267 2818 1438 2853 propriorum
1457 2818 1600 2845 nominum
1618 2822 1722 2853 repeti-

934 2858 1006 2879 ttnnc
1024 2859 1070 2879 aut
1089 2861 1138 2887 pro
1157 2854 1278 2880 relativis
1306 2853 1517 2888 pronominibus
1537 2854 1719 2883 collocatione

934 2889 1050 2915 molesta
1064 2894 1091 2916 et
1106 2888 1209 2915 odiosa.
