1928 3075
164 93 216 126 375

788 91 938 122 NICETE
957 90 1157 122 CHONIATA'I

1730 88 1782 120 376

165 147 231 183 πρὸς
245 148 338 181 γένους
365 148 403 183 τῷ
428 148 543 183 βασιλεῖ,
563 149 590 175 ot
608 149 657 184 τὴν
668 150 882 184 πρεσϐυγένειαν
904 150 940 182 ὡς
962 153 1033 185 μέγα
1068 159 1094 177 τι
1115 151 1162 177 καὶ
1193 150 1334 184 αἰδέσιμον
1348 141 1563 183 προϐαλλόμενοι
1579 146 1627 178 καὶ
1648 146 1679 176 τδ
1701 146 1785 181 κῆδος

163 194 357 228 μεγεῢύνοντες
381 195 412 222 τὸ
439 196 573 230 βασίλειον
600 197 704 228 ἑαυτοῖς
728 197 758 224 τὺ
785 197 880 232 ἄρχειν
906 198 944 229 ὡς
963 198 1122 231 ἀξιωτέροις
1134 197 1281 231 ἀπένεμον,

197 241 262 274 Quae
273 250 334 269 cum
348 247 483 269 transacta
507 248 609 276 essent,
635 244 739 279 aliquot
761 245 859 273 diebus
882 250 944 281 post

1031 245 1140 272 Τούτων
1155 245 1176 271 δ’
1198 244 1297 271 οὑτωσὶ
1312 243 1494 269 τελεσθέντων
1509 243 1523 269 δ
1538 242 1665 277 βασιλεὺς
1687 241 1781 268 Ἰωάν-

163 288 312 323 imperator
323 289 450 320 moritur,
466 297 539 316 anno
563 290 669 324 imperil
686 291 817 319 vicesimo
833 297 942 326 quarto.

163 341 255 360 mense
274 339 381 365 octavo,
405 335 447 360 vir
462 335 508 368 qui
527 340 555 362 et
570 336 752 370 principatum
775 338 876 369 optime
897 337 943 364 ad-

163 378 327 405 ministravit
354 383 382 405 et
414 379 496 405 vitam
521 380 592 414 piam
619 381 684 414 egit,
705 382 828 408 moribus
855 389 944 416 neque

162 424 302 450 dissolutis
325 431 414 459 neque
439 424 706 459 intemperantibus,
733 427 836 461 quique
859 431 886 455 et
915 427 943 454 in

162 469 358 496 donationibus
383 473 411 496 et
438 470 464 497 in
488 471 642 506 sumptibus
661 472 869 507 magnificentia:
883 479 943 501 stu-

161 515 230 540 duit.
246 515 330 549 ldque
350 515 490 543 declarant
517 517 660 544 etcrcbrze
683 526 830 546 aureorum
853 520 879 546 in
895 528 943 554 po-

160 561 225 594 pulo
239 560 345 588 urbano
363 561 584 596 distributiones,
605 564 740 598 ettempla
758 565 943 599 pulcherrima

159 610 187 632 et
212 607 331 634 maxima
356 608 409 643 63
433 616 449 636 e
473 608 657 637 fundamentis
671 615 819 638 exstructa.
838 611 891 639 Sed
917 616 944 638 et

161 651 264 686 gloriae.
282 647 382 687 praeter
404 654 472 681 alios
498 652 604 687 omnes;
625 656 867 689 appetentissimus
883 657 944 689 fuit,

162 698 238 724 ineo
264 705 369 732 ponens
398 699 502 732 omnia,
520 703 550 726 ut
578 700 725 726 maximum
744 708 845 727 nomen
873 701 944 735 apud

164 746 288 776 posteros
306 744 484 778 relinqueret.
509 745 670 773 Domestica:
687 745 838 779 disciplina:
851 751 879 774 et
896 747 946 774 de-

161 787 218 814 cori
238 792 291 816 tam
316 782 431 826 diligens
457 790 627 824 observator,
651 796 679 819 ut
694 797 722 819 et
746 792 773 819 in
801 793 946 820 tondendis

163 833 269 866 capillis
293 838 321 861 et
345 834 431 861 forma
451 835 604 862 calceorum
626 837 831 872 proportionem
852 839 945 873 requi-

164 882 247 904 reret.
263 878 358 905 lnania
374 884 401 906 et
416 880 546 908 obscaena
568 881 652 909 verba
668 891 683 909 a
696 882 814 917 publicis
828 891 946 911 conven-

996 299 1045 326 νης
1064 290 1124 324 μεθ’
1137 291 1243 326 ἡμέρας
1256 290 1301 316 τὸν
1318 289 1376 324 βίον
1389 289 1540 320 ἐκλέλοιπε,
1556 287 1719 322 βασιλεύσας
1733 287 1782 321 ἔτη

995 337 1117 370 τέσσαρα
1142 335 1211 370 πρὸς
1228 335 1284 366 τοῖς
1308 334 1394 360 εἴκοσι
1422 334 1470 360 καὶ
1497 334 1584 368 μῆνας
1609 332 1693 364 ὀκτὼ,
1711 331 1781 366 ἀνὴρ

995 382 1041 408 καὶ
1053 382 1102 416 τὴν
1118 380 1205 416 ἀρχὴν
1221 380 1318 415 ἄριστα
1334 378 1477 414 διῳκηκὼς
1493 379 1540 405 καὶ
1554 378 1614 412 Θεῷ
1627 377 1781 411 εὐαρέστως

996 426 1145 461 βεϐιωκὼς,
1162 426 1209 452 καὶ
1228 425 1262 452 τὰ
1279 425 1347 459 πρὸς
1364 422 1429 459 ἦθος
1448 424 1497 451 οὐκ
1511 423 1623 454 ἔκλυτος
1639 423 1695 449 οὐδ’
1709 423 1783 448 ἀκό-

994 473 1108 503 λαστος,
1126 471 1195 498 κάπὶ
1217 472 1277 503 ταῖς
1297 470 1413 505 δωρεαῖς
1424 478 1452 496 τε
1471 469 1517 496 καὶ
1532 469 1666 500 δαπάναις
1690 477 1779 502 μετα-

994 518 1092 551 διώξας
1122 517 1380 552 μεγαλοπρέπειαν·
1410 516 1457 542 καὶ
1483 515 1609 551 δηλοῦσιν
1632 514 1662 541 αῖ
1678 523 1707 540 τε
1737 515 1781 541 διὰ

996 564 1132 600 χρυσίνων
1153 563 1222 599 πρὸς
1236 564 1299 595 τοὺς
1321 563 1370 597 τῆς
1396 562 1501 593 πόλεως
1523 561 1668 596 οἰκήτορας
1685 560 1782 594 συχναὶ

995 610 1143 641 διαδόσεις,
1169 609 1216 636 καὶ
1233 609 1287 635 τῶν
1317 607 1388 635 ναῶν
1408 607 1523 638 ὁπόσους
1547 606 1709 638 καλλίστους
1735 606 1784 632 καὶ

997 655 1145 689 μεγίστους
1168 655 1199 680 ἐκ
1216 653 1324 688 βάθρων
1350 652 1489 688 ἐδείματο.
1529 651 1609 678 Ἀλλὰ
1635 651 1681 677 καὶ
1703 649 1783 684 δόξης

996 701 1112 736 ἐραστὴς
1129 701 1198 735 ὑπὲρ
1222 699 1303 726 ἄλλον
1327 699 1436 726 ἅπαντα
1458 697 1580 732 γεγονὼς
1597 696 1645 723 τοῦ
1668 696 1782 724 καταλι-

998 748 1058 774 πεῖν
1087 748 1115 773 ὲν
1140 747 1195 778 τοῖς
1222 745 1317 772 ἔπειτα
1351 745 1482 778 μέγιστον
1510 742 1608 770 ἑαυτοῦ
1636 742 1721 776 ὄνομα
1747 741 1783 768 τὰ

997 793 1087 820 πάντα
1104 791 1260 827 τιμώμενος
1279 787 1323 826 ἦν.
1343 790 1476 817 Τοσοῦτον
1492 789 1520 816 δὲ
1536 790 1583 815 κει)⁴
1606 788 1654 822 τῆς
1668 787 1723 814 τῶν
1742 787 1782 813 οι-

997 839 1079 866 κείων
1109 836 1317 872 εὐσχημοσύνης
1346 835 1393 862 καὶ
1421 835 1469 861 τοῦ
1501 834 1647 868 αἱδήμονος
1678 832 1782 867 τρόπου

998 884 1126 918 ὲξείχετο,
1146 882 1183 913 ὡς
1203 882 1249 908 καὶ
1262 880 1364 916 κουρὰν
1379 878 1610 915 περιεργάζεσθαι
1625 877 1717 912 τριχὸς
1735 877 1784 903 καὶ

164 921 247 954 tibus,
272 927 299 950 et
322 923 417 951 luxum
443 927 560 953 vestium
583 934 615 953 ac
638 934 794 954 mensarum
817 932 945 963 tanquam

999 927 1029 953 τὶ
1045 928 1091 954 τοῦ
1110 928 1189 958 ποδὸς
1204 926 1302 958 σκῦτος
1325 925 1496 961 περιαθρεῖν,
1515 925 1539 950 ει
1553 923 1625 950 κατᾶ
1641 923 1720 956 λόγον
1735 921 1783 948 καὶ

163 968 346 1002 corruptelam
361 974 388 996 et
399 970 460 997 vitae
473 975 576 1004 pestem
589 979 604 999 a
620 972 720 1007 palatio
729 973 833 1007 pepulit
847 982 852 1000 :
869 981 947 1000 cum-

163 1020 216 1047 que
229 1014 382 1048 exemplum
399 1015 549 1049 disciplina:
561 1018 737 1052 semetipsum
755 1018 945 1052 gravissimum

165 1065 340 1093 proponeret,
358 1065 440 1096 atque
456 1069 552 1089 omnes
567 1062 714 1090 familiares
736 1063 886 1091 imitatores
904 1064 946 1091 sui

163 1103 271 1132 efficere
285 1106 417 1138 studeret,
441 1114 521 1134 omne
538 1108 648 1135 virtutis
671 1116 756 1143 genus
779 1109 868 1136 colere
891 1117 945 1137 non

167 1150 283 1177 destitit.
307 1151 401 1186 Neque
429 1157 521 1179 tamen
551 1153 659 1180 interim
685 1161 698 1180 a
723 1154 816 1189 gratiis
841 1155 947 1183 alienus

165 1195 228 1227 fuit.
242 1204 331 1230 neque
346 1197 371 1223 in
385 1197 460 1224 aditu
484 1203 531 1225 aut
550 1207 697 1234 congressu
714 1207 805 1234 asper,
819 1200 945 1233 tetricus,

166 1242 363 1276 superciliosus
382 1248 430 1270 aut
448 1243 615 1271 inhumanus
629 1253 635 1272 :
649 1244 695 1271 sed
717 1253 778 1272 cum
795 1246 822 1272 in
835 1245 947 1280 publico

166 1288 306 1315 actionum
327 1289 493 1324 optimarum
519 1290 660 1324 exemplar
681 1297 710 1317 se
732 1291 876 1324 prazberet,
898 1299 948 1326 per

168 1334 255 1361 otium
281 1343 295 1361 a
321 1343 350 1361 re
375 1335 483 1369 publica
501 1340 660 1371 remotaque
683 1336 771 1369 turba,
794 1343 874 1370 quant
890 1340 949 1364 tan-

168 1387 249 1414 quam
270 1384 427 1414 tympanum
446 1380 635 1415 obstreperum
651 1384 679 1408 et
701 1381 841 1416 garrulum
866 1389 948 1409 cave-

168 1425 228 1456 bat,
242 1424 325 1451 etiam
338 1424 496 1452 comitatem
516 1425 658 1453 honestam
675 1426 847 1459 admittebat,
871 1433 898 1455 et
914 1427 948 1455 ab

128 1486 131 1489 -
168 1470 325 1498 urbanitate
350 1478 404 1498 non
428 1471 609 1504 abhorrebat,
627 1480 717 1507 neque
732 1473 817 1500 risum
837 1481 950 1508 prorsus

169 1516 351 1549 opprimebat.
379 1516 473 1551 Itaque
490 1525 552 1544 cum
577 1525 672 1551 parum
695 1525 710 1544 a
731 1525 837 1546 summa
862 1518 949 1545 conti-

169 1561 264 1587 nentia
291 1569 318 1588 et
342 1562 498 1600 integritate
518 1564 673 1596 recesserit,
688 1568 716 1591 et
734 1564 770 1591 ab
790 1565 949 1600 exquisitis-

171 1605 239 1633 sima
265 1607 327 1633 vitae
355 1608 462 1636 ratione
485 1599 558 1635 baud
587 1610 702 1638 multum
725 1599 869 1644 aberrarit,
897 1619 949 1638 nec

169 1652 255 1679 totius
270 1652 377 1687 imperii
395 1657 517 1689 tempore
535 1655 577 1682 vel
588 1655 642 1683 vita
655 1656 768 1690 privarit
783 1664 949 1691 quemquam

170 1698 211 1724 vel
225 1706 389 1733 quocunque
397 1699 478 1727 modo
494 1707 609 1735 corpora
622 1701 754 1734 multarit,
768 1702 795 1728 in
809 1701 884 1729 hunc
894 1701 949 1738 64

171 1751 258 1778 usque
277 1744 350 1771 diem
366 1745 489 1772 omnium
507 1746 635 1774 laudibus
650 1747 804 1774 celebratur
821 1751 849 1774 et
866 1747 950 1774 decus

170 1787 306 1822 quoddam
335 1788 531 1823 imperatorum
553 1791 711 1818 Comneniaa
739 1792 848 1819 familiae
877 1792 951 1827 judi-

170 1839 263 1866 catur;
282 1842 317 1862 ne
335 1835 421 1862 dicam
435 1843 498 1864 eum
513 1837 613 1864 multos
626 1837 708 1864 etiam
721 1845 754 1864 ex
763 1838 952 1872 superioribus

171 1880 270 1914 partim
287 1888 419 1916 aequasse,
435 1883 533 1917 partim
549 1891 705 1918 superasse.

997 973 1066 1008 πρὸς
1083 974 1113 1000 τὸ
1132 973 1178 1000 τοῦ
1203 972 1384 1007 ὑποδουμὲνου
1410 971 1501 1006 σχῆμα
1520 970 1691 1004 ὑπέρῤαπτο.
1717 969 1783 1001 Ἀρ·-

997 1018 1126 1054 γολογίαν
1146 1019 1174 1045 δὲ
1198 1018 1246 1045 καὶ
1261 1016 1446 1052 σαπρολογίαν
1461 1017 1512 1051 τὴν
1531 1015 1576 1041 ἐπὶ
1588 1014 1682 1049 κοινῆς
1695 1013 1781 1047 ἀκρο-

998 1064 1085 1095 άσεως
1100 1063 1147 1089 καὶ
1157 1062 1187 1089 τὸ
1199 1063 1227 1089 ὲν
1243 1062 1398 1097 ῐματισμοῐς
1414 1061 1460 1086 καὶ
1473 1060 1589 1090 διαίταις
1602 1058 1716 1089 ἄσωτον,
1730 1057 1780 1082 ὅσα

998 1111 1045 1137 καὶ
1067 1109 1156 1145 λύμην
1170 1110 1230 1136 τινὰ
1254 1108 1406 1143 βιοφθόρον,
1422 1107 1477 1132 τῶν
1496 1105 1654 1139 ἀνακτόρων
1675 1102 1781 1128 ἀπεσά-

999 1164 1082 1192 ρωσε,
1096 1155 1144 1181 καὶ
1158 1155 1204 1180 τὸν
1219 1152 1338 1188 ἐμϐριθῆ
1354 1151 1566 1187 χαρακτηρίζων
1582 1145 1780 1184 σωφρονιστὴν,

999 1203 1047 1229 καὶ
1065 1201 1189 1237 μιμητὰς
1206 1198 1304 1226 ἑαυτοῦ
1321 1198 1384 1229 τοὺς
1405 1197 1456 1224 ὑπὸ
1469 1197 1546 1231 χεῖρα
1569 1193 1638 1222 εἷναι
1654 1193 1782 1228 γλιχόμε-

999 1257 1058 1279 νος,
1075 1247 1166 1273 πᾶσαν
1183 1245 1284 1281 ἀρετῆς
1298 1244 1372 1270 ἰδέαν
1394 1242 1493 1278 μετιὼν
1508 1242 1558 1268 ούκ
1573 1240 1653 1266 ἀνίει.
1668 1239 1717 1274 [Ρ.
1734 1237 1780 1273 '52]

999 1294 1036 1321 Οὐ
1057 1293 1109 1328 μὴν
1125 1291 1212 1318 ταῦτά
1232 1299 1264 1325 γε
1286 1290 1414 1324 πράττων
1430 1288 1549 1323 χαρίτων
1567 1285 1712 1320 ἀπείχετο,
1734 1284 1783 1310 καὶ

999 1337 1204 1372 δυσξύμὸλητος
1219 1335 1253 1372 ἦν
1270 1338 1317 1363 καὶ
1341 1335 1521 1370 δυσπρόσιτος
1536 1332 1582 1360 καὶ
1602 1331 1716 1364 στυγνὸς
1731 1329 1782 1364 τὴν

999 1384 1061 1418 δψιν
1083 1383 1130 1409 καὶ
1151 1382 1284 1417 συννεφὴς
1299 1381 1349 1416 τὴν
1370 1381 1456 1415 ὀφρὺν
1472 1379 1518 1406 καὶ
1531 1378 1573 1405 ἀεί
1588 1385 1646 1408 πως
1662 1377 1783 1402 ὑποσκυ-

1000 1428 1124 1462 ξάμενος.
1144 1426 1257 1453 Ἑαυτὸν
1273 1426 1296 1452 δ’
1311 1425 1340 1451 ὲν
1353 1424 1391 1459 τῷ
1409 1423 1535 1459 προδήλῳ
1551 1422 1641 1455 πάσης
1655 1418 1782 1454 πράξεως

999 1474 1115 1508 ἀρίστης
1142 1473 1244 1499 πίνακα
1271 1470 1420 1506 προτιθεὶς,
1447 1469 1521 1502 ἄγων
1544 1466 1641 1502 σχολὴν
1663 1464 1718 1491 τῶν
1737 1464 1783 1489 ὲκ-

1000 1519 1046 1550 τδς
1064 1519 1138 1553 ('58),
1162 1518 1208 1545 καὶ
1230 1517 1260 1544 τὸ
1285 1515 1464 1551 περιορᾶσοαι
1493 1513 1544 1540 ὑπὸ
1572 1511 1706 1538 πλείστων
1733 1509 1782 1535 ὅσα

1001 1566 1048 1590 καὶ
1065 1563 1179 1590 κώδωνα
1196 1563 1316 1598 φλύαρον
1332 1562 1377 1588 καὶ
1393 1561 1474 1587 λάλον
1488 1558 1720 1593 ἀποτρεπόμενος,
1735 1554 1783 1580 καὶ

1003 1609 1139 1645 κομψείαν
1162 1609 1264 1644 σεμνὴν
1281 1607 1438 1642 είσῳκίζετο
1450 1606 1496 1632 καὶ
1508 1605 1554 1631 τὸν
1574 1602 1738 1638 εὐτράπελον
1751 1600 1781 1627 οὐ

1004 1656 1185 1691 παρέτρεχεν,
1202 1655 1256 1682 οὐδ’
1280 1656 1389 1689 ἐπεῖχεν
1403 1654 1504 1680 ἐπίπαν
1517 1651 1563 1678 καὶ
1583 1649 1651 1686 ἦγχε
1665 1649 1711 1675 τδν
1734 1649 1783 1682 γέ-

1002 1703 1086 1729 λωτα.
1109 1702 1200 1736 Ὀλίγα
1216 1701 1263 1728 οὖν
1281 1701 1328 1728 τοῦ
1350 1701 1378 1732 ἐς
1404 1700 1487 1734 ἄκρον
1500 1697 1666 1732 ἀποσφαλεὶς
1683 1697 1786 1729 ἐγκρα-

1002 1748 1065 1779 τοῦς
1075 1757 1105 1775 τε
1118 1749 1166 1774 καὶ
1177 1747 1325 1782 ἀσφαλοῦς,
1338 1745 1447 1773 καὶτῶν
1458 1745 1525 1780 πρὸς
1537 1743 1629 1778 ἐντελῆ
1642 1741 1784 1777 ἀκρίϐειαν

1004 1794 1110 1829 βραχέα
1131 1793 1292 1826 διεκπεσὼν,
1309 1793 1356 1818 καὶ
1377 1791 1479 1826 μηδένα
1491 1790 1535 1816 διὰ
1550 1788 1695 1836 ξυμπάσης
1710 1786 1784 1836 αὐτῷ

1001 1840 1051 1874 τῆς
1066 1839 1152 1874 ἀρχῆς
1167 1839 1184 1875 ἢ
1198 1838 1285 1874 ψυχῆς
1304 1838 1437 1872 στερήσεις
1458 1836 1473 1870 ἢ
1490 1836 1517 1867 ἐς
1534 1835 1564 1862 τδ
1583 1834 1661 1868 σῶμα
1675 1834 1784 1859 δσονοῡν

1003 1885 1203 1920 λυμηνάμενος.
1226 1884 1366 1915 ἐπαινετὸς
1381 1884 1408 1914 ὲς
1420 1882 1500 1916 δεῦρο
1519 1882 1594 1916 παρᾶ
1616 1880 1684 1906 πᾶσι
1708 1877 1783 1904 λελό-

170 1933 264 1959 γισται
285 1927 332 1957 καὶ
351 1928 477 1962 κορωνὶς,
497 1928 534 1960 ὡς
556 1929 653 1961 είπεϊν,
678 1929 732 1956 τῶν
756 1930 814 1956 ὅσοι
834 1929 976 1964 Ῥωμαίων
992 1929 1025 1956 ὲκ
1041 1930 1088 1956 τοῦ
1107 1930 1161 1965 τῷν
1181 1928 1330 1964 Κομνηνῶν
1346 1928 1441 1962 γένους
1451 1926 1664 1961 ύπερεκάθισαν,
1690 1924 1734 1952 ἵνα
1747 1922 1785 1958 μὴ

169 1971 278 2008 λέγοιμι
299 1973 337 2005 ὡς
361 1974 407 2000 καὶ
430 1974 536 2006 πολλοῖς
552 1975 605 2002 τῶν
618 1975 713 2002 ἀνόπιν
739 1975 859 2010 ἀρίστων
882 1975 938 2006 τοῖς
959 1975 1008 2010 μὲν
1022 1975 1201 2010 ἡμιλλήσατο,
1217 1975 1280 2007 τοὺς
1292 1974 1319 2001 δὲ
1332 1973 1379 2001 καὶ
1390 1973 1572 2008 παρήνεγκεν.

801 2053 887 2084 Hier.
908 2051 1010 2083 Wolfii
1030 2054 1125 2082 notua.

209 2131 265 2167 (58)
281 2133 373 2168 Ἀγωγ
393 2135 513 2170 σχολὴν
532 2135 590 2164 τῶν
604 2135 700 2170 ἐκτός.
722 2136 832 2167 Scilicet
846 2136 946 2172 ἀνθρώιι

999 2157 1006 2170 ,
1024 2145 1074 2172 per
1085 2137 1182 2170 otium,
1199 2136 1221 2164 si
1234 2143 1315 2164 nemo
1329 2139 1460 2170 externus
1474 2134 1595 2162 adesset.
