1946 3079
237 177 288 208 395

848 177 996 206 NlCET/E
1017 174 1222 206 CIIONIATFE

1797 177 1850 209 39S

236 235 352 267 nissent,
366 241 413 261 rex
438 241 486 268 per
507 232 602 260 urbem
628 232 742 260 ulterius
757 233 886 267 perrexit.
904 233 1006 265 Qttidnn

1072 231 1205 265 ἐῳιεμένη
1221 230 1320 265 μικροῦ
1337 230 1392 257 δεῖν
1408 231 1549 266 ἐστήριξεν
1567 230 1598 258 ἂν
1625 230 1656 258 τὸ
1678 230 1751 266 κάρη
1764 220 1792 263 ἐς
1805 234 1855 259 οὺ-

235 287 301 306 vcro
325 287 359 307 ex
384 279 443 314 ejus
466 279 589 314 cognatis
607 282 725 314 aegrotus
751 279 776 305 in
816 279 882 306 urbe
907 279 1017 310 mansit;

233 332 314 360 quem
331 325 445 352 Romani
461 324 586 359 quidam,
605 325 733 351 homines
751 323 868 358 improbi
882 344 888 355 ,
903 324 948 358 qui
963 332 1019 350 ma-

234 378 285 398 nus
299 378 354 398 non
369 370 403 397 ad
419 378 506 403 artua,
519 370 565 397 sed
575 369 608 397 ad
623 370 734 404 rapinas
745 370 857 396 edoctas
869 370 1018 402 habebant,

233 424 287 444 una
299 424 360 444 cum
372 416 524 443 diversorio
536 421 563 443 et
579 416 612 443 iis
624 423 685 450 qua).
701 416 774 442 intus
789 419 867 442 erant
883 420 1016 442 cremant.

231 462 290 495 Quo
306 461 447 490 Conradus
462 462 571 497 cognito
585 461 704 496 (idenim
717 462 772 496 regi
788 469 885 488 nomen
895 461 962 495 erat)
977 462 1018 489 u!-

232 509 332 535 tionem
347 507 486 535 Friderico
497 507 589 542 nepoti
601 507 721 534 mandat.
737 507 799 540 Qui,
816 513 844 534 ut
861 507 915 542 85
935 508 1017 535 homo

236 556 260 580 τι
276 556 374 580 natura
389 552 466 580 ferox
480 556 509 579 et
526 556 584 579 tum
601 552 642 579 ira
662 556 782 579 aestuans
793 571 800 584 ,
820 553 1015 580 monasterium

212 608 216 619 τ
231 598 258 624 in
277 606 332 633 quo
348 598 496 626 diverterat
510 602 629 633 aegrotus
645 598 786 630 incendit,
803 599 1016 633 comprehensos

229 644 326 679 capitis
344 643 498 675 damnavit,
510 648 538 671 et
550 644 685 678 perditam
698 643 842 678 pecuniam
861 643 1013 678 inquisivit.

229 690 296 722 Quae
313 697 358 717 res
373 698 471 725 pugna:
493 697 576 717 causa
592 689 643 716 fuit
659 698 665 716 :
683 689 730 716 sed
745 697 806 716 cum
824 689 939 716 aliorum
957 694 1014 716 tum

228 736 363 763 Prusuchi
380 736 472 763 studio
488 743 540 771 pax
555 736 627 763 facta
645 740 696 763 est.
714 737 740 762 ls
756 735 829 762 enim
847 735 934 763 tribus
960 734 1012 762 ﬂu-

228 783 302 816 viis,
328 782 373 817 qui
399 790 449 817 per
472 787 582 817 pontem
597 782 735 816 lapideutn
753 785 912 813 transeunt,
942 789 1014 815 equo

228 828 364 864 superatis
376 848 383 860 ,
402 827 573 856 Fridericum
592 828 690 854 iratutn
707 827 851 859 convenit,
867 827 982 862 mitigat,
997 834 1011 853 a

227 873 368 908 proposito
381 873 504 900 abducit.
518 873 623 900 Rursus
639 873 721 907 igitur
745 876 840 906 pacate
867 872 1012 906 tranquille

226 919 406 954 expediteque
420 918 582 953 procedunt.
596 918 659 945 Post
671 918 730 945 dies
740 918 845 952 aliquot
856 917 882 944 in
898 917 1012 944 Chaero-

225 964 376 992 bachorum
402 964 543 997 planitiem
564 965 751 999 perveniunt,
781 968 869 991 castra
894 963 1009 990 locant:

224 1011 273 1038 sed
292 1011 402 1042 vallum,
418 1015 448 1037 ut
464 1017 515 1038 nec
529 1011 556 1037 in
570 1009 677 1044 reliquo
692 1015 749 1037 toto
765 1010 874 1040 itinere,
891 1017 946 1036 non
962 1009 1012 1036 ob-

223 1057 338 1088 ducunt,
352 1057 474 1083 Romana
488 1056 539 1084 I‘tde
555 1061 582 1084 et
597 1056 722 1090 pactione
733 1055 806 1082 freti.
822 1055 938 1089 Campos
950 1054 1011 1081 illos

223 1102 322 1128 ﬂuvius
333 1100 415 1128 Melas
425 1100 546 1136 perﬂuit,
557 1108 646 1135 neque
660 1100 731 1128 latus
744 1107 832 1134 neque
846 1099 1009 1134 profundus;

222 1147 270 1181 qui
300 1152 394 1174 aestate
419 1154 549 1174 arescens
565 1147 593 1173 in
610 1146 766 1181 voraginem
794 1145 919 1172 limosam
944 1145 1010 1173 coit.

222 1193 293 1226 Ager
310 1192 383 1218 enim
402 1199 485 1226 quem
510 1191 628 1222 transit,
654 1198 709 1217 non
731 1197 866 1217 arenosus
891 1193 934 1217 est
961 1190 1010 1217 sed

224 1237 357 1264 fecundus
368 1258 375 1270 ,
394 1242 422 1264 et
436 1236 463 1264 in
481 1237 551 1264 altos
577 1237 668 1264 sulcos
685 1241 776 1262 aratro
802 1236 990 1270 proscinditur
1001 1256 1009 1268 ,

220 1283 276 1318 86
291 1283 380 1310 hieme
398 1290 465 1309 vero
483 1287 531 1309 aut
548 1282 654 1317 rapidis
670 1281 806 1308 imbribus
823 1289 855 1308 ex
873 1290 957 1316 parvo
980 1283 1010 1308 iit

223 1329 355 1354 maximus
369 1332 397 1354 et
415 1327 567 1355 vorticosus
579 1346 587 1358 ,
606 1331 636 1354 ut
661 1335 735 1354 mare
752 1327 841 1361 potius
857 1335 939 1362 quam
956 1328 1009 1354 liu-

223 1381 286 1402 nten
299 1373 436 1405 videatur;
450 1381 500 1400 nec
512 1373 567 1408 jam
579 1373 658 1405 vado,
671 1373 717 1400 sed
729 1373 846 1401 navibus
861 1373 1007 1408 trajicitur,

220 1424 248 1445 et
264 1424 409 1446 ventorum
425 1419 553 1454 procellis
566 1419 718 1454 exagitatus
731 1419 819 1446 vicina
830 1427 892 1446 rura
907 1423 1004 1451 vastat.

221 1465 342 1492 viatores
356 1470 490 1497 moratur,
506 1465 624 1499 denique
636 1473 734 1492 noxam
748 1465 893 1500 quamdam
906 1473 1007 1501 reprat-

1073 278 1164 311 ρανδν,
1182 277 1368 312 χαμαιϐάμων
1384 276 1450 304 οὖσα
1472 279 1505 304 τὰ
1524 278 1620 313 πρῶτα
1634 278 1682 304 καὶ
1694 278 1811 313 χθόνιος,
1829 280 1854 305 εἳ

1072 323 1109 358 μὴ
1126 323 1140 349 ὀ
1156 323 1250 357 ῥηθεὶς
1271 323 1434 358 προφθάσας
1458 324 1604 359 ἀρχιερεὺς
1623 324 1668 350 τὸν
1689 325 1760 360 ρῆγα
1780 325 1855 359 γινό-

1071 377 1151 403 μενον
1163 369 1212 404 ἤδη
1229 369 1429 404 παλίνστροιρην
1443 370 1491 396 καὶ
1512 369 1632 403 πόλεμον
1660 370 1777 396 πνέοντα
1799 372 1857 402 τοῖς

1068 415 1180 446 οἰκείοις
1197 412 1371 450 θελκτηρίοις
1386 415 1524 450 apameae
1537 415 1585 442 καὶ
1596 416 1713 450 ἠρεμεῖν
1727 416 1855 443 ἀνέπεισε

1068 461 1143 494 παρὰ
1159 461 1249 494 δόξαν,
1269 461 1319 488 ὅσα
1336 462 1384 488 καὶ
1399 461 1470 496 θῆρα
1490 461 1642 495 βασιλικὴν,
1668 457 1690 494 ᾧ
1709 462 1758 496 οὺχ
1770 462 1856 489 ἕωλον

1067 505 1097 532 τὸ
1115 506 1243 541 ἐστίαμα,
1256 507 1289 541 τῇ
1306 506 1407 540 dimi;
1432 507 1656 541 ὑπονυσσόμενον
1674 506 1718 543 [Ρ.
1734 507 1781 543 45]
1804 508 1854 534 καὶ

1067 553 1136 587 πρὸς
1150 551 1260 587 ἅλματα
1274 551 1502 587 διερεθιζόμενον.
1526 552 1602 579 Ἐπεὶ
1624 553 1653 578 δὲ
1671 553 1716 579 καὶ
1732 553 1804 579 κατὰ
1822 553 1854 579 τὸ

1066 597 1182 633 εὐερκὲς
1198 598 1342 634 Ἀδριανοῦ
1368 599 1489 632 πόλισμα
1511 598 1546 625 τὰ
1568 599 1763 634 στρατεύματα
1780 599 1856 631 ξυνε-

1066 644 1194 680 λὲγησαν,
1209 646 1223 672 ό
1237 645 1289 678 μὲν
1305 645 1354 680 ρὴξ
1365 645 1410 672 διὰ
1425 647 1475 680 τῆς
1488 645 1594 676 πόλεως
1611 645 1710 677 ἐλάσας
1720 646 1769 681 τῆς
1782 653 1853 681 προ-

1066 691 1196 726 κειμένης
1209 692 1310 726 εἴχετο,
1339 691 1467 727 νοσηλεία
1492 691 1520 718 δέ
1544 700 1587 723 τις
1607 691 1733 726 σώματος
1749 691 1805 718 τῶν
1822 693 1852 725 ἐξ

1064 738 1181 772 αἵματος
1209 739 1307 773 ἐκείνῳ
1339 737 1498 773 περιπεσὼν
1531 738 1602 765 κατὰ
1629 739 1679 772 τὴν
1706 739 1850 774 Ἀδριανοῦ

1064 784 1232 820 ἐνηυλίζετο.
1257 784 1401 820 Ῥωμαίων
1427 783 1456 811 δέ
1483 792 1555 815 τινες
1578 783 1714 819 ἀνάρσιοι,
1729 785 1777 811 κά).
1800 785 1850 816 τὰς

1064 832 1158 866 χεῖρας
1184 831 1235 857 οὐκ
1255 831 1294 862 εἰς
1318 829 1462 865 ὁπλισμὸν,
1485 829 1679 865 λημματισμόν
1704 830 1850 865 δὲμᾶλλον

1063 876 1260 911 δεδιδαγμένοι,
1281 875 1379 907 νυκτὸς
1396 875 1555 910 ἐπιθέμενοι
1570 877 1602 911 τῇ
1624 878 1771 911 καταγωγῇ
1793 877 1849 912 πῦρ

1063 931 1091 949 τε
1109 923 1263 957 ὑφάπτουσι
1280 922 1327 948 καὶ
1345 921 1390 948 τὸν
1409 921 1493 956 ἄνδρα
1509 923 1567 953 τοῖς
1584 922 1676 948 ἐνοῦσι
1703 930 1847 956 συγκατα-

1062 969 1206 1003 φλέγουσι,
1222 968 1309 995 Τοῦτο
1335 967 1429 1003 μαθὼν
1456 967 1471 993 ὁ
1495 968 1635 1003 Κοῤῥάδος
1662 967 1743 1003 (οὕτω
1763 969 1817 1002 γὰρ
1833 969 1848 994 ό

1063 1015 1113 1051 ρὴξ
1129 1013 1296 1050 ὠνομάζετο)
1312 1014 1457 1047 ἐπιτρέπει
1474 1013 1507 1040 τὰ
1520 1013 1572 1048 τῆς
1588 1013 1697 1048 ἀμύνης
1714 1013 1752 1048 τῷ
1767 1013 1848 1040 ἁδελ-

1062 1061 1131 1096 φιδῷ
1146 1061 1202 1096 (59)
1220 1060 1387 1096 Φρεδερίχῳ.
1407 1060 1439 1088 '0
1458 1060 1549 1087 δὲκαὶ
1571 1059 1661 1091 ἄλλως
1677 1059 1715 1086 ὢν
1741 1067 1848 1095 φρονηο

1063 1107 1174 1142 ματίας,
1190 1107 1252 1133 τότε
1266 1106 1295 1132 δὲ
1312 1106 1412 1142 καὶτῷ
1427 1106 1508 1133 πάθει
1529 1106 1719 1141 νενικημένος,
1740 1107 1846 1132 ἐπανα-

1062 1153 1191 1189 στραφεὶς
1203 1153 1233 1180 τό
1247 1161 1276 1179 τε
1298 1153 1371 1188 ἱερὸν
1389 1153 1512 1187 σεμνεῖον
1525 1152 1617 1187 τίθησι
1639 1152 1726 1187 πυρὸς
1742 1161 1848 1187 παραν-

1060 1200 1174 1234 άλωμα,
1189 1201 1218 1226 ἐν
1245 1195 1267 1233 ᾧ
1284 1199 1412 1226 κατέλυεν
1429 1200 1442 1225 ό
1455 1197 1604 1233 Ἀλαμανδς
1623 1197 1689 1234 (60)1
1711 1199 1758 1225 καὶ
1783 1199 1847 1231 τοὺς

1061 1246 1279 1281 συλλαὸομένους
1292 1245 1339 1272 τοῦ
1352 1246 1433 1280 ἔργου
1448 1244 1596 1276 ὖπεδίκαζε
1609 1244 1728 1280 θανάτῳ.
1752 1243 1847 1277 ἐξὲτα·

1061 1301 1103 1319 σιν
1117 1293 1182 1328 περὶ
1208 1293 1262 1318 τῶν
1283 1291 1462 1318 ἀπολωλότων
1487 1291 1638 1326 χρημάτων
1672 1290 1844 1326 ποιούμενος.

1060 1338 1114 1365 Καὶ
1128 1337 1207 1364 τοῦτο
1223 1336 1470 1374 μάχης’παραίτιον
1483 1337 1598 1371 γίνεται.
1611 1336 1682 1362 Ἀλλ’
1694 1337 1845 1371 ἐπεγέλασε

1059 1385 1106 1411 καὶ
1126 1384 1208 1411 πάλιν
1221 1385 1408 1419 κουροτρόφος
1419 1383 1514 1419 εἰρήνη
1529 1391 1582 1415 τις,
1610 1383 1658 1409 καὶ
1685 1382 1773 1410 ἄλλων
1795 1383 1845 1417 μὲν

1058 1431 1090 1456 ἐκ
1106 1430 1160 1457 τῶν
1174 1431 1203 1456 ἐν
1217 1429 1288 1456 τέλει
1310 1429 1454 1464 Ῥωμαίων
1478 1428 1709 1455 κατασϐεσάντων
1730 1429 1777 1455 τὸν
1793 1429 1844 1455 πό-

1058 1475 1151 1510 λεμον,
1171 1475 1291 1516 μάλιστα
1302 1474 1331 1501 δὲ
1343 1474 1389 1501 τοῦ
1401 1474 1544 1509 Προυσοὺχ
1557 1473 1719 1509 ἐξηνυκότος
1735 1475 1766 1501 τὺ
1777 1475 1842 1502 πᾶν.

221 1517 321 1539 scntat.
341 1511 366 1539 is
384 1512 466 1547 igitur
482 1517 589 1540 torrens
617 1517 672 1539 tum
697 1513 831 1540 imbribus
856 1518 953 1540 auctus
979 1518 1006 1540 et

1059 1517 1143 1553 Οὗτος
1157 1522 1210 1557 γὰρ
1223 1511 1428 1556 τοῖς-ποταμοῖς
1443 1521 1488 1548 τὸν
1505 1522 1589 1547 ἵππον
1606 1521 1686 1555 ἀφεὶς
1707 1517 1729 1555 ᾧ
1745 1521 1843 1556 ἔποχος

222 1564 304 1586 noctu
330 1568 362 1587 ex
388 1559 535 1594 improviso
571 1559 627 1587 late
667 1560 737 1587 ultra
774 1561 847 1595 ripas
877 1560 1005 1593 effusus,

1059 1565 1104 1602 ἦν,
1117 1568 1142 1594 οἳ
1158 1568 1283 1604 σύντρεις
1294 1567 1338 1594 διὰ
1348 1568 1397 1603 τῆς
1413 1569 1503 1595 ἐκεῖσε
1516 1567 1620 1602 λιθίνης
1632 1567 1753 1603 γεφύρας
1767 1568 1843 1594 διαυ-

222 1612 276 1632 ηοη
291 1613 371 1632 secus
385 1613 416 1632 ac
433 1605 454 1632 si
471 1605 532 1632 coeli
549 1610 693 1632 cataracta:
711 1611 813 1640 aperta:
830 1610 922 1633 essent
937 1628 945 1639 ,
972 1613 1006 1633 ex

221 1650 320 1677 castris
347 1650 563 1678 Alemannornm
594 1659 648 1678 non
680 1651 762 1678 modo
792 1660 883 1683 artua,
911 1652 1005 1686 phale-

220 1704 265 1723 ras
290 1703 447 1731 equorum,
477 1701 566 1723 vestes
590 1701 617 1724 et
643 1697 664 1724 si
692 1704 745 1732 qua
764 1697 816 1724 alia
836 1706 851 1724 a
872 1698 1006 1733 jumentis

219 1741 403 1775 vehebantur,
424 1741 473 1769 sed
493 1742 576 1769 etiam
594 1751 691 1778 equos,
712 1743 801 1772 mulos
816 1748 841 1770 et
859 1744 932 1771 viros
957 1752 1005 1771 ar-

220 1791 308 1815 matos
325 1788 445 1824 abripuit
468 1797 475 1815 :
495 1789 680 1823 spectaculum
707 1797 773 1817 sane
798 1789 953 1816 miserabile
979 1795 1006 1818 et

218 1834 413 1869 lacrymosum.
428 1834 536 1861 Cadunt
552 1834 611 1862 sine
626 1835 709 1867 bello,
729 1835 872 1862 cmduntur
895 1837 1005 1863 nemine

218 1879 351 1907 madente.
370 1879 430 1907 Non
459 1884 571 1907 statura:
611 1881 788 1916 proceritas,
818 1889 871 1907 non
902 1881 1003 1908 invicta

217 1925 289 1953 bello
307 1925 418 1953 dextera
437 1927 586 1961 quidquam
602 1928 662 1961 opis
679 1927 750 1954 tulit.
777 1927 896 1954 Pereunt
919 1928 1005 1954 instar

218 1971 283 1998 foeni
303 1989 310 2003 ,
339 1970 426 1998 instar
454 1972 595 2006 palearum
622 1972 792 2007 dissipantur
806 1992 813 2004 ,
836 1980 898 2000 eum
916 1973 1003 2000 atroci

215 2017 316 2052 87‘et
332 2017 444 2044 immani
460 2017 583 2051 ululatu';
601 2022 630 2044 ut
647 2018 694 2053 qui
708 2025 768 2045 eam
785 2026 842 2046 rem
863 2015 1002 2052 videi-unt,

216 2063 337 2090 numinis
352 2064 419 2090 iram
444 2069 534 2092 castra
551 2065 765 2092 Alemannorum
790 2065 921 2094 invasisse
942 2073 1002 2094 cre-

216 2110 325 2142 derent,
357 2109 394 2136 ita
425 2110 517 2137 subita
537 2110 717 2138 inundatione
741 2118 872 2146 oppressa
895 2115 925 2138 ut
950 2119 1001 2139 nec

215 2155 299 2181 vitam
319 2163 395 2182 suam
411 2156 480 2182 tueri
498 2161 620 2191 possent.
637 2157 701 2192 Ejus
718 2158 800 2193 igitur
817 2158 907 2186 noctis
929 2166 1001 2186 som-

215 2207 268 2227 nus
283 2200 345 2227 aliis
362 2201 514 2233 interitum,
532 2202 594 2229 aliis
611 2203 745 2237 jacturam
761 2211 854 2231 rerum
875 2205 998 2231 omnium

214 2246 318 2274 attulit.
338 2248 372 2273 At
394 2255 440 2274 rex
462 2255 495 2275 eo
517 2255 581 2275 casu
609 2254 812 2283 consternatus,
843 2250 999 2285 ferociaque
1017 2245 1038 2273 Β

214 2292 340 2320 nonnihil
366 2294 493 2326 remissa,
519 2294 657 2322 admirans
683 2295 814 2323 Romanis
836 2296 918 2324 etiam
943 2297 1002 2325 ele-

213 2343 306 2366 menta
318 2339 424 2367 servire
437 2344 465 2367 et
478 2340 542 2368 anni
557 2344 691 2375 tempora,
707 2335 768 2368 curn
781 2349 852 2376 opus
867 2343 912 2375 sit,
925 2343 999 2370 vices

172 2389 183 2399 ε
213 2392 277 2412 suas
293 2390 462 2420 permutare,
480 2385 544 2414 inde
558 2386 697 2414 discessit.
719 2387 786 2414 Cum
803 2392 894 2415 autern
915 2396 998 2424 prope

213 2432 311 2459 urbem
337 2431 541 2466 imperatricem
564 2433 694 2465 venisset,
716 2434 882 2460 evcercitunt
906 2435 997 2461 statim

212 2477 339 2512 trajicere
371 2482 483 2505 coactus
508 2483 560 2510 est,
591 2479 715 2513 quamvis
747 2479 812 2506 dum
839 2479 868 2508 in
893 2479 996 2513 Pet-ara,

210 2531 272 2558 qua
287 2523 399 2551 Picridii
428 2525 591 2559 appellatur,
611 2529 699 2552 castra
718 2525 842 2557 haberet,
861 2527 998 2561 principio

211 2575 353 2602 renueret,
365 2577 399 2598 ac
415 2577 500 2605 penes
523 2577 553 2597 se
574 2577 646 2602 esse,
663 2576 755 2597 utrum
774 2571 898 2606 trajicere
915 2572 997 2599 vellet

210 2623 311 2648 necne,
324 2616 432 2653 stupide
454 2616 583 2651 jac-taret.
597 2615 690 2650 Itaque
702 2616 807 2643 nullum
823 2625 876 2644 non
894 2618 995 2653 navigii

209 2668 297 2697 genus
310 2661 339 2689 in
357 2661 574 2696 tranSportandis
588 2661 747 2690 Alemannis
757 2662 809 2690 fuit
822 2669 994 2698 occupatum.

1058 1613 1228 1646 λωνίζονται,
1245 1614 1284 1646 ὼς
1300 1614 1346 1640 τὸν
1361 1613 1525 1649 Φρεδερίχον
1551 1614 1776 1649 παραγενόμενος
1796 1613 1842 1649 ὀρ-

1057 1660 1141 1693 γίλως
1154 1668 1183 1686 τε
1195 1660 1291 1686 τοῦτον
1310 1660 1407 1695 ἔχοντα
1423 1660 1599 1695 κατεπράϋνε
1624 1659 1671 1686 καὶ
1694 1659 1744 1694 τῆς
1771 1660 1843 1693 γνὼ-

1059 1715 1112 1741 μης
1129 1707 1279 1741 μετακινεί.
1297 1706 1383 1732 Πάλιν
1413 1705 1459 1732 οὖν
1486 1706 1603 1741 σταθμοί
1628 1714 1656 1731 τε
1673 1703 1743 1741 ἦσαν
1766 1707 1843 1741 εἰρης

1057 1754 1125 1778 ναῖοι
1136 1753 1182 1779 καὶ
1199 1752 1376 1787 παρασάγγαι
1391 1752 1546 1787 φιλήσυχοι,
1562 1751 1610 1779 καὶ
1624 1753 1639 1786 ή
1653 1752 1681 1784 ἐς
1697 1753 1729 1779 τὰ
1747 1753 1843 1786 πρόσω

1055 1797 1140 1828 δίοδος
1156 1796 1326 1828 εὐδιάϐατος.
1353 1795 1416 1831 Εἶχε
1431 1797 1519 1823 τοίνυν
1546 1797 1606 1831 μεθ’
1618 1797 1725 1833 ἡμέρας
1741 1798 1840 1830 αὐτοὺς

1056 1844 1072 1876 ἡ
1100 1842 1153 1869 τῶν
1179 1842 1376 1878 Χοιροεάκχων
1401 1843 1476 1869 πᾶσα
1508 1843 1660 1878 ιππήλατος
1686 1843 1842 1878 πηγνὺντας

1056 1889 1250 1924 στρατόπεδον.
1267 1889 1297 1915 οὐ
1315 1888 1368 1923 μὴν
1384 1889 1430 1916 καὶ
1460 1888 1608 1923 βάλλοντας
1620 1889 1746 1924 χάρακα·
1760 1889 1841 1916 τοῦτο

1055 1934 1109 1968 γὰρ
1120 1934 1152 1960 δι’
1165 1934 1234 1960 ὅλων
1249 1931 1283 1968 ἦν
1299 1934 1391 1964 αὐτοῖς
1413 1934 1467 1960 τῶν
1485 1934 1614 1969 σταθμῶν
1640 1934 1765 1966 πισύνοις
1780 1932 1840 1962 οὖσι

1054 1982 1111 2011 ταῖς
1128 1981 1203 2015 παρὰ
1231 1980 1378 2014 Ῥωμαίων
1403 1977 1567 2015 ὃρκοιέκαὶ
1593 1981 1652 2012 ταῖς
1674 1980 1838 2014 ξυμῆἀσεσι.

1055 2025 1197 2060 Παραρῤεῖ
1208 2024 1236 2051 δὲ
1251 2025 1311 2056 ταῖς
1329 2024 1419 2050 ἐκεῖσε
1435 2024 1541 2051 πεδιάσι
1556 2025 1678 2060 ποταμὸς
1690 2025 1720 2051 οὗ
1735 2026 1841 2057 πλατὺς

1053 2071 1083 2098 τὸ
1108 2071 1226 2106 ῥεῖθρον,
1253 2071 1283 2096 οὐ
1310 2070 1394 2105 βαθὺς
1415 2070 1464 2105 τὴν
1481 2071 1644 2106 περαίωσιν,
1661 2070 1754 2102 Μέλας
1778 2071 1841 2098 τοῦ-

1052 2125 1133 2152 νομα.
1154 2113 1237 2147 οὗτος
1251 2116 1339 2142 τοίνυν
1354 2116 1450 2149 θέρους
1469 2116 1517 2150 μὲν
1533 2116 1684 2151 λειψυδρῶν
1707 2117 1736 2147 ἐς
1751 2117 1839 2151 χαρά-

1052 2163 1117 2199 δραν
1132 2162 1279 2196 συνάγεται
1293 2160 1445 2197 τεναγώδη.
1461 2162 1501 2188 ὅτι
1517 2162 1584 2196 μηδὲ
1609 2162 1654 2189 διὰ
1670 2162 1839 2197 ψαμμώδους

1052 2209 1160 2244 πρόεισι
1171 2208 1234 2243 γῆς,
1242 2207 1300 2235 ἀλλ’
1313 2207 1482 2243 ἐριϐώλακος
1492 2208 1664 2243 ἁπάσης,καὶ
1674 2209 1712 2240 εἰς
1726 2209 1839 2243 βαθεῖαν

1053 2255 1218 2290 σχιζομένης
1244 2255 1356 2289 ἀρόταις
1382 2254 1474 2289 βουσὶν
1504 2253 1628 2281 αὔλακα·
1652 2254 1788 2289 χειμῶνος
1815 2255 1837 2280 δ’

1051 2301 1203 2335 ἐφεστῶτος
1228 2301 1245 2335 ἢ
1278 2300 1416 2336 ραγδαίων
1440 2300 1526 2327 ὑετῶν
1560 2301 1778 2335 κατενεχθέντων
1805 2302 1838 2327 ἐκ

1052 2346 1151 2382 μικροῦ
1165 2347 1294 2381 μέγιστος
1311 2346 1424 2380 γίνεται,
1443 2346 1490 2372 καὶ
1513 2346 1619 2380 προϐὰς
1635 2348 1663 2378 ἐς
1689 2346 1837 2382 βαθυδίνην
1853 2371 1864 2374 -

1051 2393 1084 2418 ἐκ
1104 2392 1223 2427 πονηροῦ
1240 2392 1286 2418 καὶ
1299 2391 1433 2418 λακκαίου
1453 2391 1635 2418 ἀνοιδαίνεται
1657 2392 1765 2423 ὕδατος,
1783 2392 1831 2418 καὶ

1050 2436 1203 2467 θαλάσσαις
1225 2436 1312 2462 θέλων
1330 2434 1558 2467 συνεξετάζεσθαι
1572 2436 1618 2461 καὶ
1635 2437 1758 2470 ποταμὸς
1771 2436 1838 2462 οὐκ·

1051 2483 1089 2509 ἐτ’
1115 2482 1278 2518 ἀνεχόμενος
1304 2479 1374 2509 εἶναι
1390 2483 1431 2513 είς
1457 2481 1583 2515 φλοῖσὸον
1607 2480 1772 2516 τραχύνεται
1789 2482 1838 2508 καὶ.

1053 2528 1158 2560 πλωτὸς
1172 2529 1204 2554 ἐκ
1221 2527 1302 2563 βατοῦ
1318 2527 1424 2561 γίνεται
1440 2527 1487 2553 καὶ
1501 2527 1650 2561 διεκχεῖται
1666 2528 1706 2558 εἰς
1719 2527 1834 2558 πλάτος.

1051 2574 1160 2608 ’Λμέλει
1176 2574 1222 2601 καὶ
1253 2573 1493 2610 διαρῤιπιζόμενος
1520 2574 1673 2608 πνεύμασιν
1697 2573 1738 2605 είς
1758 2573 1835 2607 κῦμα

1053 2620 1259 2655 μετεωρίζεται,
1287 2619 1434 2646 κάντεῦθεν
1460 2619 1546 2654 ἄχνην
1570 2619 1718 2645 ἀποπτυων
1740 2618 1785 2644 καὶ
1802 2620 1833 2652 τῇ

1051 2666 1149 2700 γείτονι
1165 2667 1255 2701 χέρσῳ
1269 2666 1398 2701 ὑϐριστὴς
1417 2665 1617 2700 προσαράσσων
1635 2665 1733 2695 niveo;
1747 2672 1835 2699 rapv-

845 2743 931 2775 Hier.
956 2745 1057 2775 Wolﬁi
1079 2748 1174 2775 notm.

245 2819 302 2855 (59)
330 2819 372 2853 Τῷ
389 2819 551 2854 ἀδελφιδῷ.
576 2819 684 2855 Πέμπει
701 2817 748 2855 risv
771 2815 894 2855 ᾁδελφδν-
910 2817 993 2855 αὑτοῦ

210 2851 379 2890 casamo».
398 2851 572 2882 Fred'erieum
590 2851 659 2882 alter
675 2852 762 2880 codex
777 2851 906 2885 Conradi,
927 2853 995 2879 alter

209 2889 301 2917 fratris
313 2892 374 2926 ejus
389 2890 474 2917 tilium
495 2890 569 2917 iacit.

1086 2817 1142 2851 (60)
1157 2817 1226 2850 Quid
1241 2816 1323 2851 χαοῦν
1339 2817 1373 2843 sit
1385 2817 1466 2847 ,.nisi
1485 2817 1522 2847 si;
1541 2816 1607 2850 χάος
1626 2814 1762 2847 ἀναλύειν,
1782 2814 1834 2842 hoc

1049 2857 1091 2879 est
1105 2851 1258 2886 ἀφανίζειν,
1278 2860 1330 2878 nutt
1347 2853 1437 2879 video.
