1946 3079
123 159 179 191 σρι

639 163 688 194 DE
710 165 894 196 MANUELE
917 166 1096 197 COMNENO
1114 169 1186 200 ΜΒ,
1210 171 1238 200 ll:

1700 174 1753 206 ιεξ

127 217 191 247 τοὺς
207 217 416 253 ἀνατραπέντας
432 218 464 244 ὲκ
481 218 529 253 τῆς
542 218 687 254 κλίμακος,
704 222 855 256 ἀπέσχοντο
884 222 931 249 τοῦ
952 223 1018 258 δρᾷν
1036 224 1155 257 οὑτωσὶ,
1187 226 1249 260 τοὺς
1267 226 1364 261 ἄνδρας
1381 227 1548 260 αἷδεσῦἐντες
1565 229 1613 263 τῆς
1631 233 1751 264 γενναιό-

125 272 219 299 τητος.

160 311 199 338 Ε’,
228 310 298 337 Ἀλλ’
320 311 397 338 οῠπω
414 312 536 348 ἀκριῦῶς
555 313 584 340 τὸ
599 314 731 349 ἀτύχημα
746 315 825 342 τοῦτο
848 316 901 342 Ῥω

1004 317 1035 343 ν.
1055 315 1120 351 Ejus
1135 317 1219 344 cladis
1232 318 1306 345 luctu
1323 320 1433 347 vixdum
1446 321 1522 348 linito
1533 327 1560 350 et
1579 323 1752 358 imperatoris

126 355 220 390 μαίοις
243 356 406 393 διεθρηνήθη
426 359 473 384 καὶ
488 359 537 393 τὴν
555 359 599 385 ἐπ’
623 360 698 395 αὑτῴ
719 361 767 388 τοῦ
782 361 914 396 βασιλέως

123 401 214 437 λύπην
226 403 240 428 ὁ
256 402 346 429 πάντα
361 404 502 438 μαραίνων
517 406 611 440 χρόνος
629 406 797 442 διαφορήσας
808 408 911 442 ὲλέανε,
935 434 938 437 .

123 449 171 474 καὶ
188 449 256 484 ἄλλη
281 458 323 481 τις
348 450 585 485 ἐπισυμπλέκεται
600 453 727 489 συμφορὰ
748 455 847 488 χείρων
864 455 913 488 τῆς

122 493 238 528 πρώτης
277 496 325 521 καὶ
361 497 448 522 κακὸν
480 496 686 532 ὲπεισκωμάζει
719 499 912 536 ὰξιοπένθητον

122 539 229 574 ἕτερον.
255 541 505 572 Διαστασιάζονται
532 543 663 578 Ῥωμαῖοι
696 545 744 571 καὶ
772 546 911 572 Βενέτικοι

121 586 193 611 κατὰ
209 585 299 620 μέσην
311 586 539 620 τὴνξὰγορᾶν,καὶ
553 589 569 622 ἡ
587 589 679 620 στάσις
693 590 743 616 οὐκ
758 590 911 625 ὲρεσχελίαι

120 630 188 665 παρ’
212 631 355 665 ἑκατέρων
381 632 533 660 πίπτουσαι
558 634 612 660 τῶν
637 635 736 668 γενῶν,
763 636 817 662 οὐδ’
846 637 911 669 ἔπος

121 676 249 710 αἰσχρὸν,
275 678 367 703 ὁποῖον
394 678 495 713 ὲρῤέοη
510 698 517 710 ,
540 679 663 706 τοιοῦτον
688 682 908 717 ἐπακουόμενον,

119 719 176 745 οὐδ’
190 719 431 755 εϐωμοὶοχεύοντο
453 721 521 756 πρὸς
539 723 700 760 ἀλλήλουςῆ
718 727 862 761 κερτόμοις
885 727 909 754 οἱ

120 767 285 792 στασιασταὶ
319 767 444 801 ῥήμασιν
471 768 680 803 ὲκομψεὺοντο,
712 771 767 798 οὐδ’
796 772 908 799 ἔϐαλλον

119 811 216 846 ὕϐρεσι
242 811 290 838 καὶ
313 812 461 839 ἐπλύνοντο
492 814 665 849 σκώμμασιν,
684 816 742 843 ἀλλ’
762 819 790 844 αἱ
818 820 908 853 χεῖρες

118 855 191 892 εἶχον
208 859 241 884 τὰ
263 858 333 885 ὅπλα
355 859 403 885 καὶ
427 860 443 894 ἡ
467 860 541 896 μάχη
561 861 726 897 ἀγχώμαλος
750 865 907 899 ἐκορθύετο.

117 904 216 939 Συχνοὶ
232 902 278 935 οὖν
296 906 320 931 οί
344 906 414 932 κατὰ
437 907 532 941 φήμην
555 908 601 933 τοῦ
624 909 710 935 κακοῦ
737 909 797 943 μεθ’
817 911 907 938 ὅπλων

118 950 294 985 ἑκατέρωθεν
312 951 503 986 ὲπεισρὲοντες
517 954 562 979 καὶ
578 955 634 985 τοῖς
658 955 819 989 ὁμογενέσιν
838 957 907 992 ἀρή-

118 1005 214 1030 γοντες
229 1016 235 1027 ,
255 997 349 1023 πολλοὶ
364 997 393 1024 δὲ
413 999 459 1024 καὶ
475 999 498 1025 οἳ
515 1000 602 1026 ἐκεῖσε
621 1000 659 1036 μὴ
681 1001 905 1036 οπλενδυτοῦντες
922 991 942 1018 Β

116 1043 315 1077 παρενέϐαλον,
326 1043 400 1077 γένει
410 1044 538 1079 βασιλείῳ
553 1045 715 1080 διαπρεπεῖς
729 1049 775 1074 καὶ
787 1049 908 1085 λαμπροὶ

117 1088 179 1115 κατ’
207 1088 334 1121 ἀξίωσιν.
358 1090 414 1115 Καὶ
439 1089 494 1116 τῶν
509 1091 659 1118 Βενετίκων
683 1093 711 1119 δὲ
734 1094 864 1128 ἀφίκοντο
881 1096 906 1122 οἱ

117 1135 277 1170 γεραίτατοι
295 1135 333 1166 ὡς
346 1135 489 1167 σὸἑσοντες
507 1137 536 1163 τὸ
551 1138 637 1164 κακὸν
650 1139 697 1164 καὶ
711 1139 907 1177 διαλλακτῆρες

116 1182 255 1216 ἐσόμενοι.
279 1181 350 1208 Ἀλλ’
371 1182 422 1208 οὐκ
440 1180 474 1216 ἦν
493 1183 548 1209 τῶν
570 1184 727 1219 λεγομένων
743 1188 905 1223 ἐπιστροφὴ,

115 1227 177 1253 οἰδέ
201 1234 244 1258 τις
269 1226 356 1261 εἰσῄει
382 1227 494 1259 τούτους
511 1228 591 1260 αἰδὼς
614 1230 669 1257 τῶν
691 1231 906 1266 συνειλεγμένων

117 1272 256 1307 μεγίστων
271 1272 377 1307 ἀνδρῶν
393 1280 400 1287 “
414 1273 428 1299 ὁ
444 1274 498 1308 γὰρ
514 1274 600 1310 Ἀρης
612 1276 755 1310 ἐκπάγλως
768 1278 905 1312 ἐμαίνετο,

115 1320 164 1345 καὶ
191 1319 354 1353 προχύσεως
379 1319 506 1354 αίμὰτων
522 1321 593 1355 ἐρὼν
611 1323 770 1358 ἐπισυνίστη
789 1324 906 1358 μάλιστα

113 1366 177 1396 τοὺς
198 1365 325 1396 ὁπλίτας,
355 1366 402 1392 καὶ
426 1366 539 1397 τούτους
561 1367 593 1394 ἐκ
608 1368 655 1394 τοῦ
677 1369 734 1395 τῶν
754 1371 905 1398 Βενετίκων

114 1413 197 1437 πλέον
224 1411 492 1447 στρατολογήματος,
517 1413 564 1440 καὶ
594 1415 722 1449 κατεῖχεν
743 1416 820 1442 οὐδὲν
849 1417 904 1444 οὐδ’

114 1458 298 1492 ἐπέστρεφεν.
319 1457 401 1484 Ὅσον
423 1458 476 1493 γὰρ
498 1459 512 1485 ὁ
537 1459 626 1494 μέγας
652 1460 815 1495 δομέστικος
842 1464 904 1495 τοὺς

118 1503 275 1538 Ῥωμαίους
297 1505 431 1530 ἀνέκοπτε
456 1505 506 1539 τῆς
540 1506 628 1541 ὁρμῆς
656 1507 703 1533 καὶ
725 1508 775 1540 τὰς
802 1509 904 1536 τούτων

115 1551 323 1585 ὲπισυνδρομὰς
349 1551 503 1586 ὲπετείχιζε
519 1572 527 1586 ,
554 1552 683 1579 τοσοῦτον
712 1554 904 1590 ἐῦαρυμηνίων

113 1596 256 1623 Βενέτικοι
271 1596 310 1626 τῷ
330 1597 408 1632 θυμῷ
426 1597 609 1632 σφαδάζοντες
626 1599 680 1625 κάκ
700 1599 754 1625 τῶν
767 1601 903 1636 τριηρέων

112 1643 267 1678 ἐξεχέοντο.
299 1642 375 1669 Ἰδὼν
399 1644 490 1669 τοίνυν
513 1645 527 1669 ό
550 1644 618 1680 ἀνὴρ
641 1644 679 1675 ὡς
704 1645 778 1672 οὐδὲν
804 1646 904 1680 ὠφελεῖ

115 1689 267 1722 διαλλαγὰς
292 1688 394 1724 μετιὼν
418 1689 465 1715 καὶ
486 1689 523 1720 ὡς
545 1690 606 1723 ἄγει
631 1691 768 1724 ἀναγκαία
785 1692 840 1727 (75)
867 1693 901 1718 τὰ

113 1735 180 1769 γένη
200 1735 276 1769 μάχῃ
292 1734 483 1769 διακριθῆναι,
501 1735 564 1766 τοὺς
585 1735 667 1767 ἰδίους
688 1738 900 1772 μεταπέμπεται

112 1781 303 1817 δορυφόρους,
324 1780 371 1812 οὓς
389 1781 435 1808 ἐπὶ
451 1781 547 1815 καιρὸν
564 1781 655 1816 μάχης
675 1780 733 1816 εἶχε
748 1783 901 1817 χρησίμους

111 1827 201 1861 ἑαυτῷ
217 1830 264 1855 καὶ
278 1826 403 1858 ὁπλίταις
418 1827 530 1860 ἀγαθοῖς
545 1827 679 1862 ἐκέχρητο
689 1848 696 1860 ,
714 1828 762 1854 καὶ
777 1829 901 1864 διαυίησι

111 1873 167 1903 ’τοῖς
186 1872 352 1902 Βενετὶκοις.
374 1871 482 1906 Ἐξάγει
496 1872 524 1898 δὲ
538 1872 585 1898 καὶ
601 1873 685 1907 μέρος
699 1873 748 1906 τῆς
761 1875 900 1908 στρατιᾶς.

117 1917 177 1944 Ἐπ’
193 1917 284 1951 ὀλίγον
298 1917 345 1943 οὗν
366 1915 438 1944 οὗτοι
461 1918 645 1952 ἀντισχόντες,
672 1919 707 1945 τὰ
724 1918 797 1946 νῶτα
818 1927 901 1954 μετα-

112 1966 243 1996 ϐαλόντες
267 1965 461 2000 προτροπάδην
489 1965 622 1999 φεύγουσι
650 1966 698 1992 καὶ
719 1967 780 1997 ταῖς
806 1966 901 1992 ναυσὶν

111 2012 229 2042 ἄκοντες
245 2010 448 2043 συνωθοῦνται,
466 2010 629 2045 βαλλίμενοί
652 2019 682 2037 τε
704 2011 750 2038 καὶ
774 2010 901 2046 ἀναιρού-

112 2067 202 2093 μενοι.
222 2057 297 2092 Πλὴν
314 2057 370 2084 οὐδ’
390 2056 463 2084 οὕτω
476 2057 526 2090 τῆς
543 2057 683 2092 βαρϐάρου
700 2057 813 2093 γνώμης
834 2057 901 2093 ἡρέ-

113 2114 206 2140 μησαν
220 2105 237 2140 ἢ
254 2105 288 2130 τὰ
305 2104 375 2130 ὅπλα
399 2104 469 2138 μετὰ
487 2103 535 2139 τὴν
550 2100 636 2139 ἧτταν
652 2104 808 2137 κατέθεντο,
834 2103 901 2130 ἀλλὰ

113 2152 183 2178 κατὰ
197 2154 232 2177 ’τὰ
248 2150 404 2176 δυαθᾰνατα
421 2149 474 2176 τῶν
495 2149 600 2185 θηρίων
614 2149 794 2184 ἐφαλλόμενοι
810 2159 839 2176 τε
855 2150 901 2176 καὶ

112 2197 315 2232 προαλλόμενοι
340 2197 368 2223 ὲν
395 2195 474 2230 δεινῷ
495 2196 616 2223 τίθενται
637 2197 678 2222 ὅτι
700 2195 738 2231 μὴ
758 2195 902 2230 Ῥωμαίων

112 2244 202 2271 αὐτῶν
224 2242 426 2278 ὑπερίσχυσαν.
453 2242 561 2277 Ἀμέλει
576 2243 623 2269 καὶ
640 2242 711 2269 κατὰ
729 2242 827 2278 χέρσον
848 2251 900 2277 μη-

112 2290 172 2316 κέτι
189 2289 338 2323 δυνάμενοι
355 2289 490 2323 μάχεσθαι
501 2288 702 2315 ἀποσαλεύουσι
716 2289 764 2319 τὰς
775 2290 842 2324 νῆας
856 2289 901 2315 καὶ

111 2336 247 2370 ὲξὸρμους
266 2334 372 2360 τιθέασι
387 2342 395 2349 ·
412 2334 459 2359 καὶ
473 2335 545 2360 κατὰ
564 2326 624 2360 τινα
641 2334 722 2368 νῆσον
739 2334 900 2369 ἀναχθέντες

111 2382 287 2416 ἀμφίρρυτον
303 2381 332 2415 (ἡ
349 2380 471 2414 Ἀστερὶς
487 2379 557 2414 αὕτη
572 2377 650 2414 οἶμαί
666 2381 750 2414 ἐστιν,
769 2381 802 2416 ἥν
818 2389 900 2415 φασιν

110 2427 135 2451 0t
151 2425 237 2451 παλαι
254 2424 361 2450 κεῖσθαι
379 2426 462 2459 μέσον
485 2423 593 2459 Ἰθάκης
608 2425 655 2451 καὶ
675 2427 723 2460 τῆς
737 2425 791 2452 τῶν
807 2426 901 2460 Κεφα-

109 2469 200 2505 λήνων
221 2469 426 2503 τετραπόλεως)
450 2469 619 2496 ἐπιτίθενται
637 2469 674 2500 ὡς
702 2470 825 2504 πολέμιοι
844 2472 900 2501 τοῖς

110 2516 200 2541 ἐκεῖσε
216 2514 248 2546 ἐξ
265 2514 382 2545 Εὐϐοίας
405 2515 569 2550 παρορμῶσι
601 2515 702 2546 πλοίοις
725 2516 897 2550 Ῥωμαϊκοϊς,

110 2560 158 2586 καὶ
178 2561 210 2586 τὸ
226 2560 359 2586 ναυτικὸν
374 2560 467 2591 κακῶς
485 2560 659 2594 διαθέμενοι,
679 2559 693 2586 ὃ
711 2561 898 2594 συνεπλήρουν

109 2607 133 2632 οἱ
159 2605 274 2636 Εὐϐοεῖς
298 2605 429 2640 μάλιστα,
449 2605 525 2637 τέλος
539 2606 586 2632 καὶ
599 2606 668 2632 αὐτὰ
682 2606 715 2632 τὰ
733 2607 824 2641 σκάφη
842 2607 898 2640 πῦρ

109 2652 278 2685 ὲμόαλόντες
302 2650 457 2686 ῂθάλωσαν.
475 2651 521 2686 Τῷ
543 2651 621 2685 κακῷ
639 2651 668 2677 δὲ
692 2651 780 2687 τούτῳ
803 2652 898 2686 ἓτερον

109 2699 286 2732 ἀτοπώτερον
303 2698 481 2731 ἐπιφέροντες
495 2698 545 2733 τὴν
559 2697 684 2733 βασιλίδα
699 2699 749 2732 νῆα
765 2698 898 2731 κλοποφο-

112 2743 200 2778 ροῦσι,
223 2745 271 2768 καὶ
291 2743 357 2778 παρ’
379 2744 484 2774 ἑαυτοῖς
513 2744 622 2778 θέμενοι
645 2743 740 2778 πρῶτα
769 2745 817 2778 μὲν
847 2744 896 2775 τὰς

957 362 1063 390 'dolore
1079 363 1212 398 temporis
1223 365 1310 398 spatio
1325 371 1422 394 cuncta
1439 370 1625 396 consumentis
1653 375 1751 398 utcun-

965 415 1017 442 que
1034 408 1130 439 lenito,
1149 409 1203 436 alia
1221 409 1362 436 calamitas
1379 412 1480 445 ingruit
1505 415 1647 447 superiore
1660 417 1749 451 pejor,

964 458 990 480 et
1003 454 1104 480 malum
1129 454 1268 481 funestum
1293 455 1445 483 suboritur.
1467 458 1540 485 lntcr
1566 460 1704 488 Romanos
1725 469 1753 488 et

963 499 1083 526 Venetos
1100 499 1125 525 in
1145 499 1237 526 medio
1249 500 1308 526 loro
1320 501 1420 528 seditio
1440 503 1543 535 oritttr,
1563 513 1613 531 nec
1629 506 1752 534 dicteriis

963 549 990 571 et
1002 544 1135 571 conviciis
1149 550 1282 575 certatur.
1304 545 1352 572 sed
1375 547 1501 574 manibus
1516 554 1543 574 ct
1560 550 1653 576 armis.
1678 554 1750 578 (lon-

962 588 1062 622 ﬂuunt,
1089 598 1121 616 ea
1146 591 1250 623 audita,
1270 592 1400 626 utrinque
1417 595 1514 619 armati
1532 594 1564 621 ad
1593 603 1670 629 opetn
1694 598 1751 625 suis

962 636 1142 670 popularibus
1158 636 1316 669 ferendam;
1335 646 1475 666 accessere
1496 640 1559 666 item
1577 642 1654 668 multi
1677 643 1750 670 iner-

961 688 1030 712 mes,
1055 681 1129 716 regio
1150 689 1250 716 genere
1267 682 1332 709 clari
1358 687 1386 709 et
1412 684 1591 716 dignitatibus
1617 686 1748 715 illustres.

960 725 1142 753 Advenerunt
1162 731 1189 754 et
1211 727 1379 755 Venetorum
1398 729 1535 763 primores
1553 736 1656 758 motum
1673 733 1748 760 illttm

960 772 1081 800 sedaturi
1095 777 1122 799 et
1138 780 1231 807 pacem
1243 773 1427 802 conciliaturi.
1441 776 1493 802 Sed
1504 777 1596 804 verbis
1610 778 1643 804 iis
1657 774 1749 806 move-

959 818 1041 845 batur
1066 826 1167 845 nemo:
1197 827 1279 846 nemo
1307 821 1454 848 concilium
1479 822 1546 849 illud
1566 825 1748 852 maximorum

959 864 1082 891 virorum
1106 865 1231 891 curabat.
1256 866 1326 892 Mars
1354 867 1426 893 enim
1443 868 1573 895 atrociter
1593 870 1706 897 szeviens
1721 876 1748 898 et

958 910 1101 944 sanguinis
1115 910 1275 937 etfundendi
1295 912 1411 946 ettpidus
1434 914 1524 946 gravis
1537 919 1682 942 armatura:
1695 917 1748 942 nti-

958 955 1031 986 lites.
1065 963 1167 990 eosque
1198 957 1372 990 potissimum
1400 958 1509 985 Veneta:
1534 960 1681 992 factionis.
1710 961 1748 988 ita

957 1001 1115 1028 concitabat
1133 1005 1163 1028 ut
1185 1002 1260 1029 nulla
1276 1011 1305 1029 re
1316 1004 1439 1030 coerceri
1456 1012 1580 1039 possent.
1603 1006 1670 1034 Nam
1693 1015 1748 1042 quo

958 1046 1045 1081 magis
1069 1054 1184 1080 magnus
1211 1047 1378 1075 domesticus
1402 1049 1586 1077 Romanorum
1615 1052 1746 1086 impetum

960 1092 1138 1126 reprimebat,
1156 1099 1188 1119 eo
1204 1093 1290 1127 magis
1314 1093 1410 1120 Veneti
1430 1095 1469 1125 ira
1484 1096 1580 1129 perciti
1598 1104 1612 1123 e
1627 1098 1746 1124 triremi-

958 1137 1011 1174 bus
1024 1138 1218 1172 erumpebant.
1239 1139 1319 1173 114
1332 1138 1399 1166 Cum
1416 1140 1615 1173 igiturvidcret
1631 1150 1660 1169 se
1674 1144 1748 1177 paci-

958 1184 1067 1210 ticando
1085 1183 1153 1210 nihil
1172 1185 1307 1218 prolicere
1319 1191 1346 1212 et
1359 1186 1473 1220 populos
1486 1186 1579 1220 praalio
1595 1187 1688 1214 dirimi
1699 1197 1747 1216 nc-

957 1238 1034 1258 cesse
1049 1239 1124 1262 esse,
1141 1239 1205 1258 sttos
1230 1232 1362 1259 satellites
1385 1235 1512 1265 accersit,
1532 1242 1649 1268 quorum
1673 1236 1746 1262 ﬁdeli

957 1283 1040 1311 opera
1057 1277 1084 1303 in
1101 1277 1159 1303 acie
1174 1278 1313 1310 utebatur,
1335 1286 1438 1313 eosque
1456 1279 1482 1305 in
1504 1279 1623 1307 Venetos
1645 1281 1747 1308 itntnit.

958 1323 1002 1349 tit.
1018 1322 1118 1350 Educit
1134 1323 1310 1357 etcupiarum
1326 1330 1441 1358 partem.
1455 1325 1494 1351 llli
1512 1326 1592 1360 igitur
1601 1334 1663 1353 ctttn
1676 1335 1745 1361 pau-

955 1367 1040 1402 lisper
1067 1367 1243 1401 restitissent,
1270 1374 1380 1404 arrepta
1403 1369 1466 1404 fuga
1492 1370 1569 1398 inviti
1596 1373 1694 1406 jaculis
1718 1377 1746 1400 et

956 1415 1078 1442 cwdibus
1094 1415 1120 1441 in
1137 1423 1221 1442 naves
1237 1416 1450 1449 compelluntur.
1468 1417 1567 1444 Verum
1577 1426 1612 1445 ne
1628 1419 1667 1446 sic
1685 1420 1746 1453 qui-

955 1458 1018 1486 dem
1044 1459 1155 1486 'l'erocia
1179 1459 1311 1494 mitigata,
1338 1468 1412 1487 arma
1441 1469 1492 1488 nec
1519 1467 1580 1496 post
1605 1469 1744 1498 acceptam

955 1506 1060 1533 cladem
1077 1509 1239 1540 posuerunt,
1255 1506 1302 1534 sed
1323 1506 1410 1533 instar
1429 1507 1583 1535 belluarum
1598 1517 1669 1544 aegre
1685 1518 1729 1537 mo
1744 1524 1746 1527 -

955 1553 1084 1580 rientium
1102 1552 1254 1579 insilientes
1273 1557 1301 1580 et
1322 1553 1495 1587 prosilientcs
1522 1554 1655 1590 indignati
1669 1559 1746 1583 sunt

955 1605 984 1624 se
1006 1597 1072 1631 ipsis
1090 1596 1222 1624 Romanis
1246 1604 1300 1623 non
1328 1596 1412 1624 fuisse
1437 1599 1604 1632 superiores.
1630 1599 1662 1626 Et
1682 1608 1745 1626 cum

955 1649 1010 1668 non
1026 1642 1145 1676 amplius
1163 1646 1234 1668 terra
1252 1650 1375 1676 pugnare
1399 1649 1523 1678 possent,
1548 1644 1575 1670 in
1597 1645 1744 1678 quamdam

955 1688 1072 1714 insulam
1091 1688 1225 1722 provecti,
1239 1687 1393 1714 Asteridem
1411 1689 1520 1722 opinor,
1538 1697 1620 1723 quam
1636 1695 1745 1718 veteres

952 1733 1025 1760 inter
1040 1733 1159 1769 Ithacam
1175 1733 1398 1768 ctCephalenum
1414 1735 1569 1769 tetrapolim
1586 1735 1665 1762 sitam
1683 1744 1744 1763 esse

954 1781 1076 1807 tradunt.
1099 1780 1225 1807 hostilem
1243 1781 1269 1806 itt
1290 1781 1400 1807 tnodutn
1415 1780 1554 1808 Romanas
1576 1790 1659 1809 naves
1682 1782 1744 1808 illac

953 1830 1126 1852 transeuntes
1142 1825 1283 1852 invadunt.
1298 1823 1337 1851 Ac
1354 1825 1424 1852 tnale
1441 1829 1556 1852 tractata
1569 1826 1666 1858 classe,
1687 1826 1745 1853 Eu-

952 1872 1032 1898 boica
1048 1871 1210 1906 praesertim,
1221 1870 1339 1905 denique
1356 1871 1428 1905 ipsas
1445 1879 1528 1898 naves
1541 1877 1743 1900 cremaverunt.

950 1918 1045 1953 Neque
1066 1917 1118 1945 hoc
1135 1918 1206 1944 malo
1219 1918 1339 1945 contenti
1354 1918 1427 1944 aliud
1447 1918 1556 1952 gravius
1568 1917 1720 1953 adjungunt
1735 1927 1742 1945 :

951 1965 1153 2000 imperatoriam
1167 1972 1263 1992 navem
1274 1964 1410 1995 sulI'urati,
1419 1964 1536 1998 primutn
1546 1964 1683 1991 conclavia
1693 1964 1744 1990 im-

951 2011 1091 2046 peratoria
1102 2010 1180 2045 115
1189 2010 1273 2045 peplis
1284 2010 1387 2036 auratis
1401 2014 1428 2036 et
1443 2010 1590 2044 purpureis
1608 2010 1744 2044 tapetibus

951 2062 1097 2090 exornant,
1113 2057 1215 2084 deinde
1229 2057 1443 2084 homuncionem
1463 2056 1612 2090 perditum,
1634 2056 1742 2091 nigrum

952 2094 1099 2139 quetridani
1111 2103 1282 2138 Ethiopem,
1298 2103 1325 2130 in
1343 2111 1403 2130 eam
1415 2104 1601 2131 introductum
1612 2109 1639 2131 et
1650 2104 1743 2137 Splen-

953 2150 1015 2177 dida
1033 2158 1134 2177 corona
1155 2156 1319 2177 exornatum
1339 2154 1368 2176 ut
1385 2149 1572 2183 Romanorum
1591 2150 1741 2184 imperato~

953 2203 1011 2222 rem
1026 2202 1088 2221 eum
1110 2194 1257 2229 magniﬁco
1279 2195 1411 2221 comitatu
1432 2202 1481 2229 per
1496 2195 1646 2222 ludibrium
1672 2196 1744 2222 cele-

953 2240 1079 2272 brarunt,
1095 2240 1239 2267 deridendi
1255 2241 1389 2268 Manuelis
1404 2248 1496 2270 causa,
1513 2241 1559 2273 qtti
1574 2249 1628 2267 non
1645 2241 1740 2268 tiaram

953 2295 1059 2314 comam
1078 2287 1192 2314 haberet
1207 2291 1238 2314 ut
1253 2291 1368 2313 maturae
1387 2291 1505 2321 segetes,
1520 2287 1567 2313 sed
1585 2286 1679 2313 fuscus
1700 2295 1743 2314 cs-

919 2338 939 2364 [)
953 2337 995 2360 set
1011 2333 1099 2360 instar
1111 2340 1218 2367 sponsae
1236 2332 1310 2359 illius
1323 2332 1350 2359 in
1362 2332 1494 2364 Canticis,
1507 2340 1567 2367 qua:
1587 2340 1617 2359 se
1632 2333 1738 2367 nigrant

951 2376 999 2404 sed
1015 2377 1164 2403 formosam
1177 2384 1238 2403 esse
1252 2376 1301 2408 ait,
1319 2381 1374 2403 uta
1390 2376 1448 2403 sole
1464 2377 1588 2402 nonninil
1602 2376 1739 2403 adustam.

951 2422 1082 2455 Quamvis
1102 2427 1192 2449 autem
1218 2422 1368 2456 imperator
1391 2422 1526 2449 Barbaros
1550 2423 1641 2449 statim
1666 2423 1740 2458 justo

950 2467 1086 2501 supplicio
1100 2466 1208 2493 alﬁcere
1222 2473 1324 2500 posset,
1336 2471 1426 2493 tamen
1439 2472 1544 2494 veritus
1558 2475 1592 2493 ne
1609 2467 1739 2493 intestino

950 2513 1023 2540 bello
1033 2517 1171 2540 commoto
1187 2513 1267 2547 plttra
1283 2513 1455 2540 incommoda
1465 2517 1658 2547 sequerentur,
1675 2513 1738 2538 mis-

951 2559 1012 2586 sise
1027 2567 1077 2586 suo
1085 2559 1190 2586 familia
1199 2559 1364 2594 quibusdam
1380 2559 1493 2590 Venetis
1508 2558 1669 2593 injuriarum
1684 2564 1737 2583 tam

950 2604 1001 2631 sibi
1028 2612 1111 2639 quatn
1141 2605 1274 2631 Romanis
1304 2604 1441 2632 hostiliter
1470 2605 1607 2631 illatarum
1631 2603 1737 2630 veniam

950 2650 1107 2685 pollicetur,
1131 2659 1193 2678 cum
1212 2641 1359 2681 ultionem,
1378 2651 1440 2679 aliis
1463 2650 1544 2676 rebus
1566 2649 1736 2684 urgentibus,

951 2696 1182 2730 imtetnpestivam
1211 2704 1271 2723 esse
1309 2700 1446 2723 cerneret.
1481 2694 1666 2722 Nihilominus
1697 2693 1737 2720 ira

950 2743 1053 2775 animo,
1071 2748 1198 2778 tanquam
1216 2743 1277 2778 igne
1303 2743 1354 2770 sub
1376 2743 1526 2775 cineribus,
1545 2750 1637 2776 pressa
1655 2747 1736 2778 atque

747 2814 835 2844 Hier.
858 2813 959 2845 Wolﬁi
985 2819 1078 2846 notte.

155 2871 199 2897 73)
217 2870 289 2897 Puto
302 2870 439 2905 ἀναγκαία
454 2879 505 2907 pro
522 2872 630 2908 ἀνάγκη
647 2881 706 2901 esse
727 2874 859 2908 positum,
877 2879 903 2902 ut

955 2875 1092 2902 αλλιόπεια
1108 2883 1158 2911 pro
1174 2875 1248 2902 Καὶ-λ
1260 2875 1322 2910 ὀπη.
