1946 3079
151 147 204 179 45⁵1

646 144 696 175 ΒΕ
717 143 902 175 MANUELE
923 141 1107 173 COMNENO
1130 141 1204 171 LIB.
1228 141 1286 172 lli.

1729 136 1783 166 458

147 203 234 238 μαίων
259 202 304 229 ἀεὶ
325 201 396 228 κατὰ
420 195 550 236 λῃστείαν
570 200 600 227 τὺ
618 202 757 235 γειτονοῦν
774 201 939 236 ἐκτρίϐοντα,

998 200 1059 235 pitii
1075 204 1116 226 est
1146 198 1328 226 exhilaratus.
1350 196 1417 223 Nam
1441 202 1516 230 spem
1545 194 1645 221 bonam
1667 193 1786 222 habebat

145 248 290 280 Πεποιθὼς
317 249 407 274 τοίνυν
441 240 660 281 Ἶαγουπασάνης
694 247 733 282 τῷ
756 247 939 282 αὐτοκράτορι

146 297 257 331 ἐκφέρει
271 295 342 322 κατὰ
359 295 406 321 τοῦ
423 294 538 321 σουλτὰν
552 295 681 328 πόλεμον,
708 294 756 321 καὶ
772 291 848 326 οὗτος
861 294 940 326 αὖθις

147 342 283 374 ὰντέξεισι
298 341 358 367 κατ’
384 340 481 371 αὐτοῦ,
512 340 559 366 καὶ
591 340 777 375 συρραγέντες
809 340 941 371 πολλάκις

147 389 290 424 ἐμάχοντο.
311 387 375 422 Ὀψὲ
395 386 423 413 δὲ
448 387 496 413 καὶ
523 386 585 421 μεθ’
612 387 719 421 αἵματα
743 387 773 420 ἐξ
799 387 940 421 ἑκατέρων

148 435 284 471 ῥεύσαντα
300 433 354 460 τῶν
370 432 496 468 στρατῶν
511 432 580 468 πρὸς
601 432 823 467 Ἰαγουπασὰνην
839 432 936 465 ἔϐλεψε

146 482 176 507 τὸ
192 481 281 516 νικᾷν,
304 479 359 505 Καὶ
375 478 442 514 πρὸς
459 479 556 513 καιρὸν
581 477 616 504 τὰ
648 478 719 504 ὅπλα
744 478 938 513 καταθέμενοι,

147 526 161 551 ὁ
177 525 226 559 μὲν
241 525 359 559 ἐπέμενε
374 523 446 550 κατὰ
460 523 565 558 χώραν,
583 523 596 548 ό
609 523 637 549 δὲ
661 522 776 549 σουλτὰν
794 523 833 557 τῷ
861 525 939 558 βασι-

147 572 188 598 λεῖ
208 571 350 606 πρόσεισιν
372 570 435 604 ἄρτι
461 569 530 604 πρὸς
542 570 592 604 τὴν
616 570 695 596 πόλιν
710 569 760 605 τὴν
781 569 940 604 βασιλεύου-

149 627 198 646 σαν
215 620 246 645 ὲκ
262 621 316 645 τῶν
341 617 483 654 δυ-σμικῶν
499 617 642 644 ἐπανιόντι
668 618 772 652 μερῶν,
801 619 847 644 καὶ
866 620 941 653 φιλο-

150 665 258 699 φρόνως
279 664 460 700 προσδεχθεὶς
484 664 532 690 καὶ
559 663 679 698 ἐντίμως
710 664 760 699 οὑχ
789 662 872 700 ἧττον
896 665 940 690 ἐπ’

150 711 225 746 αὐτῷ
247 711 293 737 τὸν
314 710 427 745 βασιλέα
442 711 607 746 διαχυθῆναι
625 710 780 746 πεποίηκεν
803 712 875 746 ἥπερ
891 711 940 738 αὺ-

148 756 194 787 τδς
209 756 256 783 ἐπὶ
280 755 318 790 τῷ
331 755 381 790 τῆς
405 755 495 787 ξενίας
511 755 682 790 ὲνευφράνθη
706 756 863 791 ἀπροσδεεῖ.
882 757 940 784 Οὐκ

148 803 240 829 ἐλπίσι
252 802 308 837 γὰρ
322 803 401 836 μόνον
411 802 545 838 χρηστοτέ
551 810 611 836 ραις
624 802 788 829 ὑπεσαίνετο
798 803 938 839 Μανουὴλ,

148 848 188 881 ὡς
207 846 237 874 εὖ
254 848 288 874 τὰ
302 848 374 874 κατὰ
389 847 440 883 τὴν
452 847 490 873 ἕω
505 847 623 874 διάθοιτο
637 847 682 874 διὰ
697 848 746 883 τῆς
761 848 808 874 τοῦ
824 848 938 875 σουλτά-

148 904 194 921 νου
218 895 375 929 παρουσίας
393 894 508 921 καὶτοῦ
537 894 742 929 κεχαρισμένου
765 895 813 928 τῆς
837 894 938 927 ξενίας,
955 882 977 910 Β

151 940 304 976 δυναμένου
320 940 470 976 γοητεῦσαι
483 940 690 975 φιλοχρήματον
703 941 840 976 βάρϐαρον
850 950 857 956 ·
873 941 941 968 ἀλλά

151 987 200 1013 καὶ
218 986 299 1018 δόξαν
327 986 402 1020 αὐτῷ
430 987 480 1021 τῆς
508 986 652 1020 βασιλείας
675 986 706 1012 τὸ
723 987 832 1021 συμὸὰν
863 986 941 1022 ῲετο.

149 1035 250 1061 Είσιὼν
266 1034 355 1061 τοίνυν
371 1034 430 1069 ἅμα
452 1033 491 1068 τῷ
509 1033 646 1068 σουλτάνῳ
661 1033 709 1068 τὴν
734 1033 942 1060 Κωνσταντίνου

149 1080 281 1115 κηρύττει
299 1080 446 1116 θρίαμϐον.
463 1080 516 1106 Καὶ
542 1077 576 1114 ἦν
591 1079 734 1115 εὐπρεπὴς
755 1080 770 1106 ὁ
794 1079 941 1115 θρίαμὸος,

148 1126 306 1157 καλλίστοις
332 1126 380 1152 καὶ
408 1125 524 1160 τιμήεσι
551 1125 667 1156 πέπλοις
697 1125 865 1160 παμφαίνων
895 1127 944 1152 καὶ

153 1171 192 1206 τῷ
211 1171 259 1197 τοῦ
283 1172 388 1205 κόσμου
420 1171 557 1197 πολυειδεῖ
582 1171 726 1202 δαίδαλος”
763 1171 810 1197 καὶ
838 1171 941 1206 ἤμελλε

149 1217 277 1252 βασιλεὺς
293 1217 337 1243 διὰ
351 1217 396 1243 τοῦ
410 1217 546 1252 θριάμὸου
561 1217 686 1250 προϊέναι
700 1217 769 1252 πρὸς
782 1218 872 1244 αὐτῶν
887 1217 941 1244 τῶν

152 1264 243 1290 ἀστῶν
259 1264 454 1298 κροτούμενος,
471 1264 518 1289 καὶ
539 1264 622 1298 μέρος
636 1262 707 1290 εἶναι
719 1264 768 1298 τῆς
784 1265 844 1290 τότε
859 1263 941 1300 δορυ-

149 1310 247 1345 φορίας
275 1318 304 1336 τε
332 1310 379 1335 καὶ
395 1309 590 1344 λαμπρότητος
614 1308 663 1335 καὶ
686 1309 742 1335 τῶν
769 1308 942 1344 κυδρούντων

150 1357 197 1382 τὸν
215 1356 407 1390 αὐτοκράτορα
425 1356 472 1381 καὶ
488 1354 634 1386 σουλτάνος
659 1354 741 1386 αὐτὸς
771 1353 940 1390 ὲπιπαριών.

150 1401 216 1432 Θεὸς
230 1401 253 1427 δ’
266 1400 394 1436 ἠκύρωσε
411 1400 444 1426 τὰ
457 1399 507 1434 τῆς
520 1399 630 1435 ἡμέρας
646 1399 755 1433 ὲκείνης
772 1399 887 1435 λαμπρά
899 1408 905 1414 ·
922 1399 939 1435 ἥ

147 1457 177 1474 τε
194 1450 248 1482 γὰρ
266 1447 301 1482 γῆ
331 1447 495 1482 κλονηθείσα
523 1446 625 1478 πολλὰς
654 1446 855 1480 κατεϐεϐλήκει
873 1446 942 1481 λαμ-

148 1495 285 1528 προτάτας
300 1493 435 1528 οἰκήσεις,
453 1493 498 1518 καὶ
515 1493 529 1519 ό
545 1493 599 1527 ἀὴρ
613 1492 777 1527 ταραχώδης
801 1489 834 1526 ἦν
853 1493 941 1518 ἐπιει-

150 1541 204 1571 κῶς
219 1541 267 1566 καί
295 1538 450 1574 ἀνώμαλος,
481 1539 528 1565 καὶ
555 1538 632 1573 ἕτερ’Δ
656 1539 725 1565 ἄττα
750 1538 941 1573 ἐπισυμὸάντα

150 1586 266 1620 δείματα
277 1586 405 1617 ἐκείνοις,
418 1585 448 1611 οὐ
465 1584 611 1620 θριάμϐοις
627 1585 780 1619 ὴναγκάκει
794 1585 940 1619 προσέχειν

151 1632 197 1657 τὸν
215 1631 288 1664 νοῦν,
317 1632 364 1657 καὶ
382 1631 411 1657 τὸ
431 1631 480 1666 τῆς
495 1631 587 1666 ψυχῆς
602 1631 737 1666 ὲκὺμαινε
752 1631 940 1666 λογιζόμενον.

152 1677 292 1710 Ἔφασκον
311 1677 340 1703 δὲ
358 1677 407 1703 καὶ
432 1678 456 1703 oi.
475 1677 522 1703 τοῦ
543 1677 617 1703 θείου
633 1676 685 1703 νεὼ
712 1678 758 1703 καὶ
779 1677 826 1704 τοῦ
852 1677 941 1712 βήμα-

150 1731 196 1754 τος
211 1723 340 1758 ἑντροφοι
361 1723 407 1749 καὶ
423 1723 506 1755 αὐτὸς
526 1723 665 1758 βασιλεὺς,
683 1724 733 1750 οὐκ
750 1724 855 1758 ἀγαθὰς
874 1725 941 1761 κλῃ-

149 1768 227 1800 δόνας
242 1768 387 1803 δεχόμενος
403 1769 437 1795 τὰ
459 1769 608 1802 λεγόμενα,
628 1769 736 1804 μηνίειν
756 1771 787 1796 τὸ
808 1771 879 1796 θεῖον
892 1770 941 1796 καὶ

149 1811 212 1847 μηδ’
225 1812 293 1843 ὅλως
318 1812 464 1847 ἀνέχεσθαι
490 1812 644 1848 προκύψειν
674 1815 714 1844 εἰς
741 1813 877 1848 θρίαμῦον
901 1815 939 1849 μὴ

150 1858 305 1890 θεοσεὸείας
317 1858 402 1894 ἄνδρα
416 1859 618 1894 μετεσχηκότα,
632 1859 662 1885 ὃν
673 1859 824 1894 κοσμοῦσιν
835 1860 940 1886 ἔπιπλα

151 1904 260 1938 παναγῆ
279 1904 325 1929 καὶ
342 1904 428 1937 ἁγίων
440 1904 547 1930 ἔκτυπα
559 1904 717 1939 διειλήιρασι
732 1907 779 1931 καὶ
793 1906 940 1940 χαρακτὴρ

151 1951 316 1984 καθαγιάζει
342 1951 477 1986 Χριστοῦ.
506 1952 561 1978 Καὶ
593 1950 665 1977 οὕτω
696 1951 746 1986 μὲν
785 1952 898 1984 είκαίως
926 1953 940 1979 ὁ

149 1998 283 2033 Θρίαμϐος
294 1998 463 2033 ἑσχεδὶαστο,
479 1998 613 2033 μηδαμῶς
629 1998 704 2033 αὑτῷ
719 1999 941 2034 προσεσχηκότος

148 2045 195 2070 τοῦ
212 2045 428 2079 αὐτοκράτορος,
443 2044 498 2070 οὐδ’
518 2045 547 2075 ἐς
565 2044 627 2070 ὅσον
644 2044 674 2069 τὸ
699 2044 759 2075 ἔθος
783 2045 940 2078 ἀφοσιώσα-

149 2093 226 2118 σθαι·
240 2092 280 2122 είς
299 2092 392 2118 ἱκανὴν
414 2091 442 2118 δὲ
459 2092 472 2118 ὁ
494 2092 639 2123 σουλτάνος
659 2091 698 2126 τῷ
717 2091 823 2126 βασιλεῖ
838 2092 938 2120 συνδιέ-

150 2139 231 2173 τριψε
259 2138 367 2172 χρόνον,
395 2138 442 2164 καὶ
461 2138 554 2164 ἵππων
581 2137 784 2172 σταδιοδρόμων
813 2139 940 2173 ἁμίλλαις

150 2185 196 2210 τὸν
212 2184 353 2219 ὀφθαλμὸν
371 2184 576 2217 καθειστίακεν,
601 2185 646 2210 ὅτε
669 2183 715 2210 καί
736 2193 779 2216 τις
800 2184 871 2220 ἀνὴρ
889 2186 938 2220 τῆς

993 245 1100 273 Manuel
1122 252 1151 272 se
1177 245 1212 272 ob
1227 243 1328 271 sultani
1344 243 1517 277 praesentiam
1541 248 1596 268 non
1613 240 1690 275 155
1705 239 1786 267 modo

995 292 1078 318 rebus
1108 290 1230 318 Orientis
1268 289 1459 316 consulturum
1498 292 1526 314 et
1551 294 1634 314 avaro
1667 286 1786 313 barbaro

993 338 1105 373 hospitii
1126 337 1292 364 liberalitate
1315 336 1408 363 fucum
1429 342 1490 362 esse
1521 334 1668 366 facturum,
1683 332 1730 360 sed
1752 341 1785 359 ex

992 393 1026 412 eo
1039 393 1102 411 casu
1120 384 1235 419 gloriam
1259 391 1369 418 quoque
1401 382 1541 417 sperabat.
1569 381 1673 416 Cpolim
1703 381 1786 415 igitur

994 438 1047 457 una
1073 439 1135 458 cum
1167 431 1213 457 illo
1242 431 1380 465 ingressus
1395 428 1564 463 triumphum
1594 428 1702 455 indicit.
1733 428 1784 460 Qu-i

993 484 1054 504 cum
1069 477 1210 511 eleganter
1242 476 1394 502 instructus
1411 475 1539 510 pretiosis
1566 475 1689 502 vestibus
1704 481 1730 501 et
1741 483 1786 501 ου’-ι

994 527 1187 549 nameutorum
1206 521 1338 554 varietate
1362 522 1523 552 collueeret,
1540 524 1621 555 atque
1637 520 1786 555 imperator

993 576 1054 596 cum
1075 568 1208 603 applausu
1233 573 1260 594 et
1272 567 1517 594 acclamationibus
1540 566 1651 598 civium,
1667 567 1786 594 adducto

993 623 1047 642 una
1070 616 1188 644 sultano.
1210 615 1256 648 qui
1272 615 1344 641 inter
1367 619 1480 640 ueteres
1505 621 1632 648 [ιι-οιῖοι-ρε
1651 613 1786 640 festivita-

994 666 1047 688 tem
1058 661 1131 688 illam
1156 661 1334 688 celebriorem
1353 659 1490 690 redderet,
1516 660 1676 694 proditurus
1701 664 1785 691 esset,

993 707 1064 734 Deus
1094 706 1167 734 illius
1183 706 1237 733 dici
1268 705 1443 740 splendorem
1474 705 1538 731 fecit
1571 704 1691 731 irritum.
1719 704 1786 732 Nam

993 757 1073 780 terrm
1086 757 1161 780 motu
1178 753 1270 779 multm
1280 752 1512 787 splendidissima:
1525 751 1598 778 ades
1607 756 1786 783 corruerunt;

991 803 1019 826 et
1032 799 1104 826 aeris
1131 799 1310 833 intemperies
1339 806 1371 825 ac
1391 799 1477 832 caligo
1495 803 1523 825 et
1537 797 1582 824 alii
1599 797 1712 832 quidam
1729 802 1802 825 ter-'

991 852 1069 873 rorcs
1079 849 1227 872 aestuantes
1238 844 1380 872 hominum
1407 844 1513 871 animos
1524 852 1538 871 a
1554 844 1700 878 triumphis
1716 844 1743 871 in
1758 851 1786 872 se

991 891 1205 919 convertebant.
1236 891 1354 919 Aiebant
1380 895 1409 918 et
1442 898 1527 918 sacrm
1554 890 1621 917 mdis
1650 890 1787 918 antistites

993 938 1056 973 (nec
1087 938 1146 972 ipse
1164 938 1313 972 imperator
1341 937 1421 964 aliter
1451 944 1483 963 ea
1508 937 1599 962 omina
1622 936 1785 971 accipiebatl

992 984 1073 1011 irasci
1094 984 1179 1010 Deum
1206 991 1297 1018 neque
1322 983 1392 1009 velle
1422 986 1453 1009 ut
1477 982 1560 1009 homo
1591 982 1693 1017 impius
1721 990 1786 1009 eum

992 1029 1162 1064 triumphum
1177 1030 1343 1060 intueictur,
1371 1035 1452 1062 quem
1483 1027 1664 1054 instrumenta
1694 1035 1788 1054 saera-

994 1077 1099 1103 tissitna
1115 1080 1143 1103 et
1172 1075 1296 1102 divorum
1324 1074 1456 1108 imagines
1486 1079 1620 1100 ornarent
1642 1077 1669 1100 et
1683 1073 1786 1101 Christi

991 1122 1100 1156 signum
1139 1124 1324 1148 consecraret.
1366 1119 1412 1147 Sic
1437 1119 1594 1154 triumphus
1616 1119 1718 1146 frustra
1745 1125 1788 1147 est

992 1167 1155 1199 instructus.
1175 1172 1202 1195 et
1219 1167 1252 1194 ab
1267 1168 1326 1202 ipso
1349 1167 1516 1201 imperatore
1543 1167 1578 1193 ita
1606 1167 1747 1201 neglectus
1759 1172 1788 1194 ut

992 1221 1045 1240 nec
1074 1218 1190 1248 receptae
1220 1212 1417 1240 consuetudini
1452 1212 1631 1240 satisfaceret.
1653 1213 1787 1240 'Sultanus

993 1266 1058 1286 vero
1074 1267 1129 1286 non
1147 1267 1232 1293 parvo
1249 1265 1372 1293 tetnpore
1380 1266 1443 1285 cum
1457 1266 1490 1285 eo
1504 1263 1690 1286 commoratus
1707 1259 1788 1294 I56

991 1305 1156 1340 spectaculis
1184 1305 1356 1332 circensibus
1373 1310 1416 1332 est
1438 1305 1601 1333 oblectatus.
1629 1306 1696 1333 Tum
1718 1307 1789 1342 Aga-

993 1359 1078 1379 renus
1095 1351 1218 1386 quidam,
1247 1351 1384 1386 principio
1409 1352 1592 1386 praestigiator
1607 1352 1730 1385 habitus,
1757 1357 1788 1379 ut

993 1405 1059 1424 vero
1073 1397 1307 1432 pustdeelaravit,
1336 1399 1459 1425 omnium
1485 1398 1643 1425 mortalium
1665 1399 1790 1426 miserri-

993 1451 1066 1476 mus,
1081 1451 1130 1470 sua
1148 1448 1247 1478 sponte
1262 1443 1442 1478 llippodromi
1464 1445 1533 1471 turri
1558 1452 1720 1477 conscensa,
1735 1446 1787 1473 sub

993 1497 1047 1524 qua
1076 1497 1203 1517 carceres
1231 1494 1295 1517 sunt
1327 1490 1398 1517 unde
1423 1490 1588 1518 emittuntur
1601 1492 1675 1526 equi,
1703 1500 1787 1526 supra

994 1543 1060 1562 vero
1082 1541 1201 1570 quatuor
1232 1536 1295 1570 equi
1328 1536 1416 1564 aurati
1443 1542 1526 1568 stant,
1544 1537 1622 1564 collis
1652 1537 1786 1567 incurvis.

993 1581 1105 1608 obversi
1129 1582 1181 1609 sibi
1205 1582 1334 1613 invicem,
1358 1582 1508 1610 alacritatis
1524 1582 1556 1609 ad
1573 1590 1683 1610 cursum
1701 1584 1786 1618 pleni,

993 1636 1022 1656 se
1040 1628 1160 1656 Stadium
1178 1629 1412 1655 transmlaturum
1424 1629 1519 1663 jactat.
1541 1628 1634 1656 Stabat
1661 1629 1743 1664 igitur
1760 1630 1787 1657 in

994 1675 1063 1701 turri
1088 1680 1217 1710 tanquam
1233 1675 1260 1702 in
1280 1674 1449 1706 carceribus,
1480 1675 1569 1710 ampla
1594 1680 1622 1702 et
1652 1676 1787 1710 promissa

992 1721 1141 1748 admodum
1168 1725 1243 1748 veste
1268 1721 1384 1748 candida
1397 1720 1522 1753 indutus,
1540 1729 1601 1756 qua:
1628 1722 1786 1749 vinculisin

992 1768 1088 1795 orbem
1122 1768 1262 1795 succincta
1302 1767 1414 1794 sinuosa
1453 1767 1633 1795 efﬁciebatur.
1671 1769 1788 1796 Putabat

991 1814 1065 1841 enim
1079 1821 1108 1841 se
1131 1813 1216 1840 veluti
1233 1814 1293 1841 velo
1316 1822 1424 1845 navem,
1456 1814 1493 1841 ita
1516 1814 1622 1842 laciniis
1633 1815 1707 1842 illius
1723 1822 1786 1843 aere

991 1860 1108 1894 expletis
1123 1859 1157 1887 ad
1182 1859 1303 1887 volatum
1321 1859 1486 1886 instructum
1500 1859 1569 1887 fere.
1591 1859 1719 1888 Omnium
1731 1861 1784 1896 igi-

993 1911 1037 1934 tur
1054 1906 1126 1933 oculi
1143 1905 1170 1933 in
1184 1913 1247 1932 eum
1271 1909 1481 1938 convertuntur,
1499 1905 1589 1932 rident
1603 1910 1783 1940 spectatores,

992 1961 1024 1980 ac
1061 1952 1181 1980 subinde
1225 1952 1365 1979 clamant:
1400 1951 1529 1984 «Volato,
1564 1951 1698 1984 volaton
1737 1956 1783 1980 et:

994 2007 1003 2024 ι
1021 1998 1107 2031 Quam
1141 1998 1187 2025 diu
1218 2006 1269 2025 nos
1290 2005 1438 2032 suspensos
1464 2002 1551 2030 tenes,
1585 1997 1731 2030 SaraCene,
1757 2005 1786 2026 et

991 2052 1081 2072 aerem
1099 2052 1133 2072 ex
1147 2044 1216 2071 turri
1229 2044 1332 2071 libras?
1346 2054 1355 2070 ›
1368 2044 1535 2078 lmperatore
1551 2044 1692 2072 hominem
1706 2045 1740 2072 ab
1752 2054 1785 2073 eo

993 2095 1095 2118 conatu
1122 2091 1290 2123 deterrente,
1308 2090 1367 2125 ipso
1379 2098 1445 2118 vero
1457 2091 1566 2118 sultano
1581 2092 1653 2118 inter
1668 2100 1743 2127 spem
1756 2098 1785 2120 et

992 2141 1096 2164 metum
1114 2145 1259 2171 suspenso,
1284 2145 1317 2164 ne
1345 2137 1411 2172 quid
1432 2138 1556 2172 populari
1573 2145 1623 2164 suo
1635 2139 1784 2166 accideret.

992 2182 1017 2210 Is
1029 2191 1094 2210 vero
1109 2190 1200 2210 aerem
1213 2182 1331 2210 subinde
1344 2188 1457 2217 captans
1473 2187 1501 2210 et
1513 2188 1624 2210 ventum
1639 2185 1786 2219 explorans

153 2232 247 2264 Ἀγαρ
271 2231 416 2264 ἀπόγονος,
431 2231 469 2262 ὡς
491 2231 542 2266 μὲν
557 2231 644 2257 ἐδόκει
659 2232 693 2258 τὰ
710 2231 809 2266 πρῶτα
832 2232 939 2266 θαυμα-

992 2234 1177 2264 spectatorum
1196 2237 1271 2264 spem
1286 2229 1426 2262 eludebat,
1438 2238 1469 2257 ac
1484 2230 1563 2265 157
1573 2231 1700 2258 manibus
1713 2239 1786 2266 saepe

151 2277 270 2310 τοποιὸς,
286 2277 324 2308 ὡς
351 2277 375 2303 δ’
395 2277 509 2312 ὕστερον
529 2277 626 2309 ἔδειξε,
644 2278 813 2309 ταλάντατος
829 2278 939 2313 ἀνθρώ-

151 2333 212 2351 πων
238 2324 286 2350 καὶ
312 2324 462 2358 αὐτοέντης
485 2324 627 2359 ἄντικρυς,
653 2325 700 2350 ἐπὶ
731 2324 776 2350 τὸν
805 2325 878 2352 κατὰ
909 2326 940 2352 τὸ

149 2371 263 2407 θέατρον
278 2371 385 2407 πύργον
411 2371 593 2405 ἁναλάμενος,
620 2372 651 2397 οὺ
680 2371 803 2398 κάτωθεν
832 2371 884 2407 μὲν
912 2372 940 2398 αἱ

147 2415 201 2441 τῶν
226 2416 272 2441 ἐπὶ
299 2415 409 2441 σταδίου
440 2415 556 2441 θεόντων
593 2415 744 2450 ἀφετηρίαι
779 2417 818 2446 είς
842 2415 941 2450 ἁψίδας

149 2461 341 2496 παραλλήλους
358 2462 519 2495 κεχήνασιν,
536 2460 642 2487 ἄνωθεν
657 2461 680 2487 δ*
703 2460 782 2488 ἵπποι
804 2461 941 2497 χαλκήλα-

150 2514 192 2532 τοι
219 2506 364 2540 πεπήγασι
396 2505 512 2540 πίσυρες
539 2505 635 2541 χρυσῷ
664 2505 839 2540 ἠλειμμένοι,
876 2507 939 2537 τοὺς

148 2552 267 2587 αὐχένας
299 2552 446 2587 ὑπόγυροι,
482 2552 692 2584 ὰντιὸλέποντες
730 2552 857 2587 ἀλλήλοις
891 2553 939 2579 καὶ

145 2598 251 2637 δρόμοι
262 2597 428 2632 καμπτῆρος
453 2598 592 2631 πνέοντες,
610 2597 758 2632 διαπτῆναι
774 2597 805 2623 τὸ
829 2598 938 2625 στάδιον

148 2643 346 2678 ἐπηγγέλλετο.
369 2644 498 2678 Είστήκει
519 2643 565 2670 οὖν
581 2644 619 2675 ὡς
637 2644 680 2678 ἔφ’
709 2644 866 2679 ὕσπληγγος
891 2645 938 2672 τοῦ

147 2690 265 2724 πύργου,
283 2690 473 2724 ἠμφιεσμένος
495 2690 698 2725 ποδηρέστατον
720 2691 805 2726 εὐρέα
819 2692 937 2726 χιτῶνα.

146 2735 254 2766 Λευκὸς
267 2735 297 2761 δὲ
322 2733 383 2770 ﬁve
406 2734 500 2770 χιτὼν,
525 2734 606 2768 λύγοι
621 2735 648 2761 δὲ
664 2736 703 2766 εἰς
719 2736 819 2762 κύκλον
843 2745 939 2771 περια-

145 2781 258 2818 χθέντες
271 2781 381 2808 ἐποίουν
394 2781 533 2812 κολπῶδες
542 2781 573 2808 τὸ
586 2780 713 2817 ὕφασμα.
727 2780 781 2808 Ἱιν
793 2782 821 2808 δὲ
837 2783 937 2814 σκοπὸς

144 2828 184 2863 τῷ
207 2826 352 2862 Ἀγαρηνῷ
383 2827 480 2863 ὥσπερ
498 2827 576 2862 ἱστίῳ
598 2827 667 2860 τναῦς
692 2829 868 2863 πτερωθῆναι
897 2829 937 2865 τῷ

146 2875 252 2910 πέπλῳ,
262 2874 323 2904 ταῖς
336 2873 432 2900 τούτου
446 2873 586 2908 κοιλότησι
599 2874 647 2900 τοῦ
671 2875 827 2910 πνεύματος
840 2876 935 2910 ὲμφω.

269 2921 408 2951 ΡΑτιιοι.
427 2923 486 2953 Gn.
503 2921 677 2953 CXXXIX.

991 2276 1097 2303 alarum
1112 2276 1199 2303 instar
1225 2277 1258 2303 ad
1276 2277 1396 2303 volatum
1423 2277 1552 2311 expansis
1567 2282 1595 2304 ct
1624 2277 1731 2305 libratis
1755 2283 1787 2305 ut

991 2321 1055 2356 plus
1069 2321 1144 2349 venti
1176 2322 1328 2357 colligeret,
1339 2329 1401 2349 cum
1425 2322 1448 2350 is
1459 2323 1568 2350 tandem
1588 2328 1669 2357 aptus
1688 2330 1714 2351 et
1741 2332 1786 2352 se-

992 2368 1101 2395 cundus
1124 2368 1246 2402 aspirare
1271 2368 1425 2407 videretur,
1459 2370 1545 2396 instar
1576 2370 1698 2397 volucris
1724 2378 1786 2397 sese

991 2414 1085 2449 agitat,
1113 2418 1142 2442 et
1153 2414 1218 2441 dum
1253 2422 1302 2449 per
1327 2422 1417 2443 aerem
1448 2415 1577 2443 incedere
1595 2416 1785 2449 nititur,lcaro

992 2461 1179 2488 miserabilius
1208 2461 1236 2488 in
1251 2462 1321 2489 ccelo
1335 2462 1441 2489 volitat.
1459 2462 1553 2497 Neque
1571 2463 1645 2490 enim
1660 2463 1785 2498 corporis

991 2507 1110 2542 gravitas
1124 2507 1238 2535 humum
1260 2508 1399 2536 tendentis
1412 2509 1464 2535 alta
1479 2517 1542 2536 eum
1556 2515 1650 2536 tenere
1664 2509 1783 2542 sinebat,

991 2553 1079 2581 donec
1107 2559 1264 2588 prostratus
1287 2555 1447 2589 exspiravit,
1467 2556 1604 2586 tutantibus,
1626 2555 1743 2590 pedibus
1755 2559 1784 2582 et

990 2600 1119 2627 omnibus
1145 2601 1255 2628 ossibus
1280 2603 1436 2629 contractis.
1465 2603 1489 2629 ls
1516 2603 1623 2629 volatus
1639 2610 1701 2629 cum
1723 2602 1782 2630 risu

990 2652 1018 2674 et
1034 2647 1126 2675 derisu
1160 2648 1313 2676 Turcorum
1330 2650 1430 2676 sultani
1449 2650 1582 2676 comitum
1604 2649 1676 2684 vulgi
1690 2649 1782 2678 fabula

990 2698 1060 2725 erat,
1076 2695 1144 2722 adeo
1163 2700 1192 2723 ut
1217 2696 1307 2723 torum
1323 2697 1441 2723 transire
1457 2695 1570 2722 indcrisi
1588 2704 1642 2721 non
1658 2700 1781 2730 possent,

990 2739 1075 2768 fabris
1101 2742 1264 2776 argentariis
1296 2741 1462 2768 ferramenta
1495 2749 1650 2768 mensarum
1680 2749 1783 2769 concu-

990 2787 1132 2814 tientibus.
1157 2787 1217 2820 Quo
1251 2788 1400 2822 imper-ator
1424 2787 1518 2814 audito
1542 2787 1648 2816 ridebat
1664 2787 1780 2821 scilicet,

989 2839 1045 2859 non
1071 2832 1184 2867 ignarus
1202 2833 1328 2868 jocorum
1361 2839 1389 2860 et
1416 2833 1616 2860 saliumlurba:
1646 2834 1779 2861 trivialis:

989 2878 1037 2906 sed
1055 2878 1081 2905 in
1094 2878 1195 2906 sultani
1209 2879 1336 2914 gratiam,
1349 2887 1430 2914 quem
1446 2880 1496 2908 ista
1518 2880 1637 2908 ludibria
1650 2880 1781 2915 paulatim

1576 2927 1613 2958 15
