1946 3079
180 130 234 165 469

672 134 721 165 DE
745 135 934 165 MANUELE
954 136 1139 166 CUMNENO
1159 137 1234 168 LIB.
1256 138 1296 168 IV

1757 139 1810 169 ΑἿο

180 188 314 223 δεύμασι,
344 186 383 223 μή
412 187 461 215 καλ¹
503 187 598 223 θιῐκῆς
628 189 871 224 συνεφαπτομένης
896 189 988 224 χειρὸς
1025 189 1129 216 ἄνωθεν
1152 191 1198 217 καὶ
1230 193 1287 224 τοῖς
1311 193 1510 228 πραττομένοις
1533 193 1734 230 ἂπευδοκούσης
1764 197 1810 222 καὶ

180 233 401 268 κατευθυνούσης
423 233 458 260 τὰ
473 233 577 260 τούτων
597 233 739 262 διαϐούλιά
763 243 793 260 τε
811 235 857 261 καὶ
879 234 1048 270 διαϐήματα.
1086 235 1141 262 Καὶ
1173 237 1188 262 ὁ
1223 238 1272 271 μὲν
1289 237 1378 265 ἔκειτο
1390 237 1486 270 οὕτως,
1503 240 1550 266 καὶ
1566 237 1600 275 ἦν
1618 241 1632 266 ὸ
1648 241 1744 275 νεκρὸς
1761 242 1811 268 αὺ-

179 279 226 307 τοῦ
243 279 423 315 ὑϐριζόμενος
440 280 489 307 καὶ
504 279 587 311 τὸσίας
604 280 729 316 ἄμοιρος,
747 280 796 307 καὶ
824 280 856 307 τὸ
891 280 1048 315 Ζεύγμινον
1082 281 1134 308 ὑπδ
1158 281 1268 309 Οὑννων
1287 284 1420 319 ὁμολογίᾳ
1442 285 1556 312 ἑάλωκε.
1578 286 1672 313 Ταῦτα
1686 289 1724 317 ὼς
1740 286 1809 321 ixviii-

179 339 255 357 τιστο
274 330 417 364 βασιλεὺς,
434 330 504 356 κατὰ
521 329 577 356 τῶν
590 329 700 356 Οὑννων
726 329 861 365 κηρύσσει
885 329 1014 364 πόλεμον.

216 377 249 413 β’.
266 378 331 404 Ὅτε
346 378 395 405 καὶ
415 377 582 412 Ἀνδρόνικος
595 377 676 404 πάλιν
691 378 811 413 ἀποδρὰς
823 378 868 404 καὶ
884 385 971 412 παρα-

1059 377 1087 404 2.
1117 378 1175 406 Sub
1202 379 1228 406 id
1255 383 1364 414 tempus
1387 380 1560 409 Andronicus
1584 381 1676 409 dcmzo
1701 389 1812 409 carcere

180 424 327 459 γενόμενος
341 424 381 455 εις
394 423 528 456 Γάλιτζαν
547 423 654 450 ἐκεῖθεν
669 423 866 456 ὲπανέζευξεν.
890 423 969 450 Ἔστι

179 471 208 498 δὲ
225 470 242 505 ή
258 469 375 501 Γάλιτζα
391 470 440 505 μία
454 469 509 496 τῶν
526 469 601 505 παρὰ
623 471 679 502 τοῖς
704 469 773 502 Ῥὼς
792 469 969 505 τοπαρχιῶν,

180 516 226 548 οὓς
240 515 288 543 καὶ
314 516 423 548 Σκύθας
436 516 480 552 [Ρ.
495 516 543 552 85]
566 516 769 552 Ὑπερϐορέους
784 516 876 550 φασιν.
895 516 926 543 '0
942 516 971 543 δὲ

178 563 279 598 τρόπος
289 563 340 598 τῆς
355 563 444 597 φυγῆς
455 560 490 597 ἦν
500 560 590 594 οὗτος.
604 563 754 590 Πλάττεται
765 563 812 589 τὸν
827 563 970 596 νοσοῦντα,

181 609 228 637 καὶ
241 609 389 644 προκοίτου
409 609 505 640 παιδὸς
520 611 559 640 εις
574 609 622 641 τὰς
640 610 800 644 σωματικὰς
817 609 971 645 ὑπηρεσίας

179 654 358 690 ηὑμοιρηκὼς
383 655 554 688 ἀλλοεθνοῦς,
570 656 618 682 καὶ
630 655 728 683 τούτου
754 657 801 682 καὶ
825 656 860 682 τὰ
885 655 971 682 πολλὰ

179 699 230 734 τῆς
243 699 381 735 ἡμετέρας
395 700 536 728 διαλέκτου
563 701 891 736 παραγραμματίζοντος,
909 703 970 728 ἐπι-

181 746 298 780 σκήπτει
326 745 422 781 τούτῳ,
446 747 508 773 ἐπεὶ
522 747 568 773 καὶ
584 747 657 782 μόνῳ
673 748 726 773 ἀπδ
745 748 854 775 πάντων
869 749 886 782 ή
904 747 972 782 πρὸς

179 791 230 826 τὴν
256 791 379 827 φρουρὰν
405 793 495 819 ἀνεῖτο
519 793 632 826 εἴσοδος,
652 794 800 827 ὑφελέσθαι
817 794 904 828 λάθρα
922 795 972 826 τὰς

181 837 254 868 κλεῖς
270 837 325 863 τῶν
339 836 386 863 τοῦ
414 837 522 872 πύργου
539 838 642 870 πυλῶν,
657 839 738 865 ὁπότε
754 840 822 874 πρὸς
841 840 972 875 ἡμερινὸν

180 881 265 909 ὖπνον
279 883 304 909 οἰ
320 882 442 917 φύλακες
455 884 603 919 τράποιντο
618 884 804 920 δαψιλεστέρῳ
831 886 974 921 χρησάμε-

184 934 220 955 νοι
234 927 274 964 τῷ
297 928 382 964 ποτῷ.
402 929 449 956 καὶ
473 930 550 964 κηρῷ
579 930 752 965 ὲκμάξασθαι
766 931 870 963 ταύτας
887 933 928 963 είς
943 931 975 959 τὸ

181 974 350 1007 ιὺτύπωτον,
371 975 409 1006 ὠς
431 975 471 1010 τῷ
496 976 644 1012 ἀρχετύπῳ
672 975 743 1004 εἴναι
774 976 805 1003 τὸ
824 977 974 1011 ἐκμαγεῖον

181 1021 255 1048 κατὰ
284 1022 339 1048 πᾶν
364 1021 485 1057 ἐμφερὲς
509 1023 556 1049 καὶ
573 1022 737 1057 εἰκασμένον
761 1023 829 1058 πρὸς
858 1023 972 1058 ῐνδαλμα

179 1068 404 1104 ἀπαράλλακτον.
434 1069 490 1103 Δρᾷ
517 1068 548 1094 τὸ
575 1069 742 1103 ἀνδράποδον
780 1069 816 1096 τὰ
851 1078 972 1103 προσταο

182 1115 293 1150 χθέντα,
309 1115 414 1149 εἰσάγει
437 1115 604 1149 Ἀνδρονίκῳ
627 1115 663 1142 τὰ
677 1115 733 1142 τῶν
748 1115 884 1151 κλείθρων
899 1115 972 1151 ῑχνη.

185 1162 216 1189 '0
226 1162 254 1189 δὲ
265 1161 303 1195 τῷ
315 1161 491 1196 παιδαρίσκῳ
501 1161 660 1197 ὑποτίθησιν
673 1161 824 1196 ἐμφανίσαι
835 1161 923 1188 ταῦτα
935 1160 976 1196 τῷ

181 1207 233 1243 υἱῷ
249 1207 356 1234 ἐκείνου
375 1207 414 1242 τῷ
429 1207 571 1240 Μανουὴλ,
585 1207 633 1234 καὶ
655 1208 744 1234 εἰπεῖν
758 1206 796 1238 ὡς
809 1207 851 1233 δεῖ
859 1207 910 1241 τὴν
924 1215 974 1234 τα-

182 1254 279 1289 χίστην
295 1254 409 1281 τοιαῦτα
435 1252 652 1288 χαλκεύσασθαι,
677 1253 708 1280 οὑ
735 1253 823 1280 ταῦτα
837 1253 864 1279 δὲ
882 1253 973 1288 μόνον,

182 1300 252 1326 ἀλλὰ
266 1301 319 1326 κὰν
333 1301 391 1332 τοῖς
406 1299 562 1335 ἀμφορεῦσι
584 1299 640 1326 τῶν
652 1299 745 1330 οῐνων.
759 1299 838 1335 οἵπερ
854 1298 930 1335 αὐτῷ
943 1298 974 1325 τὸ

182 1346 230 1373 τοῦ
247 1346 360 1381 ἀρίστου
374 1347 502 1380 στέγουσι
524 1346 612 1380 πόμα,
628 1345 781 1382 παραϐὑειν
798 1346 831 1372 ἐκ
841 1345 917 1372 λίνου
932 1353 976 1371 νε-

183 1392 310 1426 νησμένα
327 1391 449 1419 καλώδια
464 1393 510 1418 καὶ
524 1391 660 1424 ἁγαοίδας
675 1391 722 1418 καὶ
737 1391 843 1426 κρόκας
857 1391 905 1418 καὶ
920 1399 974 1426 μη-

185 1436 294 1472 ρίνθους
318 1437 432 1468 λεπτάς.
456 1436 498 1468 Ὠς
519 1436 541 1463 δ’
559 1435 616 1472 εἶχε
643 1437 731 1472 πέρας
745 1436 779 1463 τὰ
796 1435 975 1471 βουληθέντα,

184 1481 406 1510 ἁναπτύσσονται
421 1481 455 1509 τὰ
480 1481 593 1516 κλεῖθρα
617 1482 725 1514 νυκτὸς,
738 1481 769 1508 τὸ
789 1482 976 1517 δεσμωτήριον

184 1528 374 1564 ἀπραγμόνως
402 1527 641 1554 ἀναπετάννυται·
659 1527 674 1552 ὁ
694 1526 758 1558 παῖς
786 1527 920 1561 ὑπουργεῖ
946 1526 977 1553 τὸ

185 1574 277 1610 ἔργον,
306 1573 371 1609 παρ’
410 1573 582 1608 ’Λνδρο-ιίκου
609 1572 701 1600 λαϐὼν
731 1573 760 1599 τὸ
778 1573 937 1607 ἐνδόσιμον*
963 1572 976 1598 ὀ

191 1620 363 1655 ’Διδρόνικςς
381 1619 464 1652 ἔξεισι
488 1619 521 1646 τὰ
543 1618 604 1645 λίνα
630 1619 723 1655 φέρων
746 1619 774 1643 ὲν
797 1620 857 1644 ταῖν
874 1619 976 1653 χεροῖν.

188 1668 296 1694 Γίνεται
311 1665 359 1693 οὖν
384 1666 460 1700 αὐτῷ
484 1666 515 1692 τὸ
539 1665 702 1700 κατάντημα
729 1665 778 1699 τῆς
799 1665 862 1691 τότε
879 1664 978 1695 νυκτὸς

1022 425 1133 460 elapsus
1145 424 1265 453 Galizam
1280 426 1404 461 confugit
1419 436 1425 453 :
1449 427 1496 454 sed
1512 436 1566 454 non
1581 428 1627 454 diu
1644 428 1680 454 ibi
1699 428 1812 455 mansit.

1023 470 1071 498 Est
1085 475 1176 498 autent
1192 471 1285 499 Galiza
1298 472 1440 506 toparchia
1455 473 1603 500 Rossorum
1617 493 1625 505 ,
1640 473 1687 508 qui
1702 477 1730 500 et
1745 473 1813 508 Scy-

1024 516 1077 544 tha;
1091 515 1259 551 Hyperborei
1274 516 1458 551 appellamur.
1470 517 1551 552 Fuga:
1566 519 1636 545 ratio
1651 518 1812 553 hujusmodi

1023 561 1083 589 fuit.
1115 562 1240 590 Morbum
1267 562 1355 598 ﬁngit,
1381 570 1414 590 ac
1440 571 1524 598 puero
1550 564 1705 599 peregrino.
1733 566 1813 600 cujus

1023 615 1106 643 opera
1135 608 1163 635 in
1192 611 1315 643 corporis
1348 609 1512 636 ministeriis
1540 614 1677 642 uteretur,
1710 611 1810 645 linguae

1023 653 1154 680 nostratis
1169 661 1224 680 non
1243 653 1311 681 satis
1336 661 1433 689 gnaro,
1452 654 1501 681 sed
1514 654 1558 681 cui
1581 654 1632 681 soli
1660 654 1694 682 ad
1718 661 1813 682 custo-

1024 699 1097 726 diam
1110 699 1221 734 patebat
1240 700 1342 732 aditus,
1366 700 1477 727 mandat
1491 705 1522 727 ut
1537 700 1629 728 claves
1646 701 1731 728 turris
1744 702 1814 729 clam

1024 746 1165 781 surripiat,
1201 753 1264 773 cum
1290 747 1387 782 vigiles
1417 747 1521 782 largius
1548 747 1607 782 poti
1634 747 1814 775 meridianum

1024 799 1151 820 somnum
1174 791 1293 827 capiant,
1306 800 1408 827 easque
1427 801 1490 821 cera
1512 794 1648 829 exquisite
1668 795 1814 830 exprimat.

1027 838 1108 873 169
1126 838 1258 866 Servulus
1282 839 1356 874 jussa
1380 840 1551 874 exsequitur,
1576 841 1694 868 clavium
1721 849 1818 869 exem-

1026 884 1100 919 plum
1119 884 1269 912 Andronici
1294 885 1373 919 jussu
1395 885 1513 912 Manueli
1529 885 1587 913 ﬁlio
1606 887 1665 922 ejus
1681 887 1815 920 ostendit.

1026 932 1056 955 ut
1066 936 1148 963 quam
1159 929 1279 964 primum
1292 929 1360 957 tales
1372 929 1566 962 fabricaretur,
1579 935 1608 958 et
1619 931 1646 958 in
1658 931 1817 966 amphoras.

1026 975 1127 1010 quibus
1145 979 1228 1010 potus
1243 975 1276 1002 ad
1298 975 1445 1010 prandium
1471 975 1602 1008 ferretur,
1621 977 1710 1005 lineos
1725 977 1816 1010 funes,

1029 1021 1135 1057 glomus
1159 1026 1188 1049 et
1218 1022 1262 1048 (ila
1288 1022 1380 1050 tenuia
1409 1022 1531 1058 coniicit.
1566 1023 1606 1050 Eo
1635 1023 1751 1051 consilio
1782 1023 1816 1051 ad

1025 1068 1128 1096 exitum
1145 1068 1279 1103 perducto
1293 1069 1411 1096 claustra
1430 1075 1513 1097 noctu
1527 1069 1701 1104 aperiuntur.
1717 1077 1812 1098 carcer

1025 1114 1094 1141 citra
1114 1114 1237 1141 laborem
1254 1119 1344 1149 patet.
1366 1115 1542 1142 Andronicus
1556 1116 1634 1150 pueri
1660 1117 1815 1144 ministerio

1024 1159 1128 1192 evadit,
1150 1160 1288 1189 funiculos
1313 1161 1440 1188 manibus
1478 1167 1597 1196 gestans.
1620 1162 1658 1188 Ea
1684 1167 1766 1190 nocte
1789 1162 1817 1190 in

1026 1206 1112 1234 denso
1125 1210 1152 1234 et
1165 1207 1221 1234 alto
1241 1207 1334 1242 palatii
1355 1207 1490 1243 gramine,
1506 1215 1561 1241 quo
1575 1215 1658 1235 nemo
1674 1208 1752 1236 adire
1764 1216 1816 1236 so-

1025 1250 1110 1283 lebat.
1126 1253 1153 1279 in
1167 1253 1241 1279 diem
1259 1260 1347 1287 usque
1364 1253 1476 1280 tertium
1493 1253 1633 1280 delitescit
1647 1261 1654 1279 :
1671 1253 1818 1288 inquisito-

1026 1297 1104 1325 ribus
1116 1297 1240 1332 deceptis
1252 1302 1279 1325 et
1289 1298 1344 1333 jam
1359 1297 1526 1333 defatigatis,
1543 1298 1658 1327 funibus
1669 1306 1717 1333 pro
1736 1300 1818 1326 scalis

1027 1351 1094 1372 usus
1107 1351 1156 1379 per
1173 1345 1274 1372 mmnia
1288 1352 1318 1372 se
1330 1344 1460 1376 demittit.
1475 1345 1632 1372 naviculam
1646 1345 1818 1376 conscendit,

1027 1397 1088 1424 quae
1099 1397 1132 1416 ex
1146 1390 1301 1424 composito
1318 1389 1344 1416 in
1362 1390 1456 1417 littore
1470 1389 1544 1417 inter
1557 1389 1716 1424 crepidines
1730 1390 1800 1416 mari
1810 1405 1817 1410 -

1029 1435 1096 1463 timo
1108 1435 1185 1462 urbis
1197 1443 1276 1462 muro
1289 1435 1323 1463 ad
1336 1435 1517 1470 frangendum
1530 1436 1666 1463 undarum
1685 1435 1819 1470 impetum

1029 1481 1185 1515 intcrjectas
1192 1480 1358 1508 ﬂuctuabant:
1368 1486 1467 1511 nauta.
1476 1489 1491 1508 a
1500 1489 1555 1516 quo
1563 1481 1725 1512 vehebatur,
1733 1480 1820 1516 Chry-

1028 1527 1114 1561 sopoli
1130 1531 1342 1562 cognomentum
1355 1531 1424 1554 erat.
1432 1527 1486 1555 Sed
1497 1535 1559 1554 cum
1575 1527 1622 1554 vix
1648 1534 1683 1554 ex
1709 1533 1742 1554 eo
1760 1526 1822 1553 loco

1029 1572 1175 1600 solvissent
1189 1572 1236 1599 ubi
1248 1572 1369 1601 Joannes
1385 1573 1465 1608 170
1477 1573 1609 1601 Zimisces
1624 1577 1718 1608 sporta
1731 1576 1818 1600 attra-

1030 1623 1091 1646 ctus
1105 1618 1292 1653 Nicephorum
1309 1619 1427 1646 Phocam
1449 1624 1532 1647 noctu
1550 1620 1699 1654 oppressit,
1717 1625 1815 1654 parum

1031 1665 1120 1692 abfuit
1139 1666 1206 1699 quin
1229 1665 1405 1693 Andronicus
1429 1669 1477 1693 aut
1503 1665 1679 1700 gravioribus
1702 1664 1822 1692 vinculis

187 1714 284 1749 χόρτος
309 1713 472 1748 ἀμφιλαφὴς
501 1711 564 1745 περί
596 1720 648 1738 που
668 1711 701 1738 τὰ
716 1711 805 1738 ἄϐατα
834 1711 904 1746 μέρη
925 1711 978 1737 τῶν

1031 1715 1060 1738 ct
1072 1711 1184 1739 duriore
1208 1719 1319 1738 carcere
1342 1711 1590 1746 conslringeretur.
1615 1715 1664 1738 aut
1690 1711 1741 1738 sibi
1770 1711 1822 1746 ipsi

188 1759 347 1794 ἀνακτόρων
378 1759 456 1793 φυεὶς
485 1758 533 1784 καὶ
560 1758 600 1789 είς
627 1757 694 1792 ὕψος
723 1756 901 1791 ἀναδραμὼν.
923 1757 979 1783 Καὶ

189 1806 254 1839 περὶ
269 1803 400 1840 δευτέραν
424 1803 453 1830 δὲ
485 1803 532 1830 καὶ
559 1803 655 1838 τρίτην
681 1802 791 1837 ἡμέραν
814 1803 874 1834 ταῖς
899 1802 980 1834 πόαις

189 1851 361 1886 ὲνειλημένος
387 1851 452 1881 τοὺς
471 1849 591 1881 διώκτας
622 1848 779 1876 ἐλάνθανεν.
805 1848 850 1880 Ὠς
867 1849 895 1876 δὲ
920 1848 980 1881 ἃλις

190 1895 264 1932 ιῐχον
277 1897 303 1923 οἱ
317 1895 449 1930 διφῶντες
462 1895 513 1930 τῆς
530 1894 602 1922 κατὰ
617 1894 651 1922 τὰ
668 1896 767 1930 ἀρχεῖα
781 1894 908 1930 ἐρεύνης,
924 1895 981 1922 δια-

191 1943 300 1978 τίθησιν
320 1941 492 1977 Ἀνδρόνικος
505 1940 554 1972 τὰς
569 1941 699 1972 στάλικας
716 1940 757 1972 εἰς
771 1940 921 1975 κλίμακας,
934 1942 982 1967 καὶ

190 1990 235 2015 δ;ὰ
257 1987 443 2024 μεσοπυργίου
456 1987 605 2023 χαλασθεὶς
618 1987 733 2014 ἀκάτιον
747 1986 859 2012 εἴσεισιν
874 1988 907 2012 ὲκ
918 1995 981 2012 συν-

190 2035 315 2070 θήματος
329 2034 394 2069 περὶ
410 2036 459 2064 τὰς
473 2033 560 2064 ἀκτὰς
582 2033 696 2060 σαλεῦον
714 2034 763 2059 καὶ
778 2033 843 2064 τοὺς
858 2032 980 2067 προϐλῆ-

191 2088 251 2112 τας,
268 2079 292 2106 οἶ
311 2079 341 2106 τὸ
362 2079 483 2114 πάραλον
500 2080 590 2114 τεῖχος
612 2080 662 2114 τῆς
687 2080 793 2111 πόλεως
811 2079 982 2114 διειλήφασι,

192 2126 241 2165 τὰς
256 2126 311 2153 τῶν
337 2126 470 2160 κυμάτων
495 2125 700 2161 ἀποθραύοντες
726 2125 855 2160 ἐμϐολάς.
885 2123 939 2151 Ἦν
955 2125 983 2152 δὲ

191 2171 343 2207 τοὺπίκλην
359 2171 602 2208 Χρυσυχοόπουλος
620 2172 635 2198 ὁ
649 2173 684 2207 τῇ
701 2171 792 2199 etiam
810 2171 984 2206 Ἀνδρόνικον

193 2217 396 2252 εἰσδεξάμενος,
430 2217 502 2243 Ἀλλ’
541 2215 620 2243 οὔπω
663 2216 787 2251 ἀκριϐῶς
832 2216 983 2250 ἀνάγεσθαι

193 2264 322 2299 ἤρξαντο,
340 2264 388 2289 καὶ
404 2262 566 2298 συνέχονται
593 2262 671 2298 παρὰ
687 2262 741 2288 τῶν
757 2263 828 2289 κατὰ
843 2262 888 2289 τὸν
915 2262 985 2289 Βου-

195 2310 323 2336 κολέοντα
338 2308 534 2344 προφυλάκων,
559 2308 584 2334 οἳ
610 2309 703 2335 πᾶσαν
716 2308 802 2335 νύκτα
819 2308 983 2335 σκοπεύουσι

195 2356 241 2382 καὶ
258 2355 312 2381 τῶν
325 2354 484 2390 ἀνακτόρων
510 2354 560 2381 οὑκ
576 2354 660 2382 ἐῶσιν
683 2354 801 2389 ἐχόμενα
824 2353 898 2385 ὲνίας
915 2354 984 2388 νῆας

1031 1765 1128 1786 manus
1141 1758 1263 1789 aﬂerrct,
1281 1763 1310 1784 ut
1331 1757 1471 1785 diuturnis
1493 1756 1628 1784 molestiis
1645 1757 1821 1784 liberaretur.

1032 1803 1108 1831 Nunc
1124 1803 1263 1831 hominem
1279 1803 1409 1830 callidum
1431 1802 1534 1838 ingenii
1557 1801 1709 1829 dexteritas
1731 1804 1818 1828 etsu-

1032 1850 1121 1878 lertia.
1135 1849 1369 1884 quemadmodum
1385 1848 1450 1876 olim
1466 1848 1597 1875 llavidem
1614 1847 1727 1874 insaniae
1737 1846 1824 1873 sium-

1032 1896 1098 1924 latio
1109 1895 1194 1925 Getze.
1210 1894 1348 1922 liberavit.
1365 1893 1431 1921 Nam
1447 1893 1543 1920 famuli
1561 1899 1680 1927 persona
1694 1890 1823 1918 simulata

1033 1951 1066 1970 ex
1090 1941 1230 1969 diuturnis
1254 1940 1372 1967 vinculis
1391 1939 1488 1974 elapsi.
1505 1938 1595 1966 oravit
1615 1945 1664 1965 eos
1689 1945 1703 1964 a
1720 1936 1824 1970 quibus

1034 1988 1250 2022 comprehensus
1271 1991 1343 2018 erat,
1370 1989 1401 2012 ut
1416 1985 1459 2012 sui
1478 1984 1689 2011 miserescerent
1711 1987 1739 2010 et
1758 1986 1823 2010 ante

1034 2034 1135 2061 multas
1155 2032 1321 2060 acerbitates
1344 2031 1379 2058 ab
1407 2031 1475 2058 hero
1499 2029 1622 2064 perpessi
1647 2033 1675 2056 et
1698 2036 1773 2055 nunc
1788 2027 1824 2055 ob

1034 2079 1125 2114 fugam
1140 2078 1210 2105 male
1231 2076 1377 2104 multandi.
1403 2075 1502 2102 llernm
1517 2079 1609 2102 autem
1622 2073 1825 2109 Chrysopolum

1034 2124 1198 2160 appellabat,
1216 2127 1244 2150 et
1259 2123 1293 2150 de
1310 2121 1446 2149 industria
1472 2121 1590 2148 barbare
1604 2120 1826 2154 loquebaturpac

1035 2171 1128 2199 Grieca
1147 2169 1234 2197 multa
1254 2176 1283 2196 se
1300 2168 1408 2203 assequi
1427 2166 1629 2207 dissimulabat.
1646 2165 1699 2193 Sed
1722 2169 1750 2192 et
1766 2164 1826 2199 ipse

1035 2217 1222 2253 Chrysopolus
1245 2215 1407 2243 muneribus
1435 2213 1593 2248 impetravit
1623 2221 1637 2240 a
1672 2211 1828 2247 speculato-

1037 2263 1114 2290 ribus
1127 2267 1155 2289 ul
1171 2261 1346 2289 Andronicus
1363 2265 1493 2295 tanquam
1513 2267 1611 2287 servus
1628 2258 1760 2294 fugitivus
1775 2257 1828 2285 sibi

1038 2309 1210 2337 redderetur.
1231 2309 1271 2336 ita
1286 2312 1385 2343 prarter
1399 2314 1476 2341 spem
1500 2305 1573 2333 mdes
1592 2313 1656 2332 suas
1677 2304 1829 2340 ingressus,

1038 2358 1220 2390 cognomento
1235 2352 1396 2388 Blanganas,
1408 2351 1504 2379 eadem
1521 2357 1604 2384 opera
1621 2355 1686 2376 suos
1700 2353 1729 2374 ut
1744 2348 1828 2374 adve-

194 2400 418 2432 διαπλωῖζεσθαι.
443 2399 489 2432 Ἐξ
513 2399 619 2426 ἐκείνου
632 2399 662 2426 δὲ
674 2399 709 2426 τὰ
723 2399 773 2433 τῆς
788 2400 904 2430 σκοπιᾶς
919 2398 978 2425 ταύ‹

1039 2401 1118 2428 niens
1135 2399 1264 2427 salutavit
1285 2402 1313 2425 et
1331 2402 1360 2424 ut
1378 2404 1492 2432 peregre
1506 2396 1603 2423 abiens
1621 2391 1830 2428 valerejussit;

195 2454 243 2480 της
262 2445 389 2482 ἧρξαντο,
407 2446 436 2478 ἐξ
447 2445 592 2481 ὃτουπερό
607 2444 763 2479 Τζιμισκῆς
793 2443 919 2479 Ἰωάννης
945 2444 984 2479 τῷ

193 2491 277 2525 Φωκᾷ
291 2490 443 2525 Νικηφόρῳ
457 2489 555 2521 νυκτὸς
571 2489 746 2528 ἐπέθετο-δια
769 2488 910 2524 σαργάνης
925 2490 985 2516 ἁνι-

198 2537 306 2572 μηθείς.
326 2537 404 2572 Παρὰ
422 2536 510 2572 βραχὺ
528 2535 593 2569 γοῦν
609 2533 644 2570 ἧν
662 2526 755 2562 ἂνκαὶ
775 2534 858 2561 πάλιν
875 2535 987 2570 Ἀνδρό-

196 2592 269 2615 νικος
295 2584 402 2619 χείροσι
425 2583 537 2616 δεσμοῖς
561 2583 609 2608 καὶ
634 2581 770 2615 φυλακαῖς
794 2581 985 2618 ὲνισχημένος,

197 2629 214 2664 ἢ
229 2630 276 2656 καὶ
295 2629 371 2665 ξίφος
385 2629 432 2655 τοῦ
457 2629 509 2664 ζῇν
531 2628 612 2655 αὑτὸν
630 2627 790 2664 ὑπεξήγαγε
815 2627 864 2659 τὰς
886 2627 987 2659 πολλὰς

198 2676 338 2703 είσέπειτα
368 2675 474 2707 πλάνας
501 2674 718 2710 ὐποτεμόμενον.
743 2673 801 2700 Νῦν
814 2673 842 2700 δὲ
867 2673 987 2708 ήοζκεία

199 2721 367 2757 εὐτραπελία
392 2721 530 2757 ἐρρύσατο
551 2721 596 2747 καί
623 2719 684 2746 τότε
705 2720 750 2747 τὸν
775 2719 986 2756 βαθυγνώμονα,

200 2766 231 2792 ἐκ
245 2766 299 2793 τῶν
316 2766 417 2801 ἑαυτῆς
440 2766 648 2802 ριζοτομήσασα
676 2766 773 2801 κήπων
795 2764 832 2792 τὰ
845 2765 883 2801 τῷ
900 2766 988 2801 καιρῷ

202 2811 328 2847 προσφυῆ
347 2812 494 2848 φάρμακα,
512 2812 607 2848 ὥσπερ
622 2810 670 2839 καὶ
681 2811 763 2838 Δαϐὶδ
785 2811 904 2844 ἑξέσωσε
922 2811 987 2848 πρό-

199 2865 278 2893 τερον
295 2858 310 2894 ἡ
324 2859 352 2886 ὲν
369 2858 419 2886 Γὲθ
435 2859 481 2886 τοῦ
499 2858 645 2896 προσώπου
663 2858 806 2890 ἁλλοεωσις
822 2858 988 2895 ὲτιιψόφησίς

1041 2446 1195 2481 solutisque
1215 2444 1395 2479 compedibus
1419 2442 1540 2470 Meliboli
1562 2448 1636 2476 equo
1659 2439 1736 2474 171
1761 2445 1830 2465 con-

1041 2501 1150 2524 scenso,
1166 2493 1213 2528 qui
1227 2491 1262 2519 ad
1283 2491 1374 2526 fugam
1399 2494 1512 2525 paratus
1531 2493 1601 2519 erat,
1618 2491 1693 2514 recta
1710 2483 1831 2512 Anchia—

1044 2540 1101 2566 lum
1119 2536 1272 2568 contendit,
1295 2544 1350 2571 quo
1367 2542 1429 2562 cum
1450 2534 1581 2564 venisset,
1600 2531 1713 2566 Pupaci,
1727 2529 1774 2564 qui
1790 2528 1833 2564 (ut

1043 2591 1126 2619 supra
1139 2583 1243 2610 dictum
1259 2585 1311 2616 est)
1328 2581 1435 2616 primus
1447 2579 1573 2614 Corcyrae
1588 2583 1681 2604 arcem
1695 2581 1831 2602 conscen-

1044 2629 1096 2660 dit,
1123 2635 1151 2655 se
1176 2625 1378 2662 agnoscendum
1398 2623 1537 2659 praabuit;
1560 2625 1726 2655 sumptoque
1744 2619 1778 2646 ab
1799 2625 1833 2646 eo

1045 2675 1144 2702 viatico
1159 2679 1187 2701 et
1197 2672 1247 2699 viae
1261 2671 1378 2699 ducibus
1398 2670 1517 2697 Galizam
1539 2666 1732 2703 proﬁciscitur.
1748 2664 1835 2700 Cujus

1047 2722 1115 2748 lines
1127 2720 1277 2754 ingressus,
1289 2725 1343 2752 quo
1355 2721 1482 2750 tanquam
1497 2715 1524 2741 in
1540 2713 1644 2748 asylqu
1663 2711 1833 2739 tutissimum

1048 2765 1222 2802 properabat,
1244 2769 1272 2790 et
1283 2763 1338 2799 jam
1355 2765 1565 2797 persecuturum
1587 2763 1660 2786 metu
1682 2765 1711 2784 sc
1733 2757 1838 2784 libera-

1049 2817 1105 2840 tum
1138 2815 1247 2846 putans,
1263 2817 1278 2835 a
1298 2807 1415 2838 Blacltis,
1435 2815 1481 2841 qui
1502 2806 1592 2842 fugam
1614 2805 1674 2840 ejus
1695 2812 1729 2832 ex
1767 2804 1838 2830 fama

1041 2860 1209 2893 cognorant,
1234 2860 1330 2890 captus
1357 2852 1389 2881 ad
1407 2852 1603 2888 imperatorem
1625 2851 1777 2880 reducitur.
1799 2847 1850 2876 ιω,
