1946 3079
23 128 72 159 473

25 183 138 209 πλάνου
153 183 252 210 τοῦτον
263 185 484 221 ἐναγκαλίζεται,

25 231 69 264 ρὸν
84 231 115 257 οἱ
137 232 259 263 Παίονες
275 234 325 271 τὰς
340 234 457 266 σπονδὰς
477 235 661 270 ἁοετήσαντες
675 239 727 274 τὴν
747 241 829 275 παρί-

24 285 124 311 στριον
155 278 302 313 Ῥωμαίων
319 281 485 319 κατέτρεχον
500 285 690 320 ἐπικράτειαν.
716 287 827 321 Συμϐα-

22 322 123 354 λόντες
146 323 177 350 δὲ
200 325 246 350 καὶ
259 327 314 357 τοῖς
328 331 494 363 στρατηγοῖς
508 330 547 364 τῷ
563 340 591 357 τε
606 331 700 367 Γαϐρᾷ
720 333 830 368 Μιχαὴλ

25 369 132 404 καὶτῷ
150 370 245 406 Βρανᾷ
256 373 377 408 Μιχαὴλ,
402 377 474 402 κατὰ
498 376 598 410 κράτος
620 379 734 409 τούτους
750 379 829 413 ἐτρέ-

24 415 118 450 ψαντο
134 418 188 443 καὶ
213 418 289 445 λείαν
307 420 347 446 ὅτι
363 421 495 457 πλείστην
511 423 625 457 ἤλασαν.
641 422 695 450 Ἦν
710 425 738 450 δὲ
754 426 767 451 ὁ
779 425 831 452 Γα-

25 460 100 494 ϐρᾶς
117 458 204 493 οὗτος
232 464 330 491 νεωστὶ
354 465 440 497 θύσας
457 468 492 494 τὰ
505 469 672 502 γαμοδαίσια
696 470 765 504 μετὰ
781 470 830 503 τῆς

24 506 188 541 Κομνηνῆς
206 508 348 542 Εὐδοκίας,
407 511 580 546 Ἀνδρόνικος
597 513 777 548 ἐπλησίαζεν,
792 515 830 546 ὡς

25 553 78 587 ἤδη
119 553 279 587 φθάσαντες
323 556 510 592 ἐδηλώσαμεν,
543 559 647 586 Οὐκοῦν
690 561 737 587 καὶ
776 561 831 588 τῶν

26 601 199 634 προσηνῶν
226 602 358 635 Εὑδοκίας
375 606 505 640 συνιστᾷν
522 606 604 632 αὐτὸν
634 606 766 634 Θελόντων
791 608 831 643 τῷ

28 647 237 683 αὐτοκράτορι,
255 649 339 681 πολὺς
353 648 387 686 ἦν
401 651 448 678 ἐπὶ
466 651 600 686 βασιλέως
614 653 628 679 ό
643 653 738 680 τούτου
767 655 831 688 κρό-

28 702 72 724 τος
92 695 148 720 καὶ
163 694 288 726 ἔπαινος,
306 697 354 723 καὶ
367 698 534 732 ἐρρωμένως
556 699 638 726 αὐτὸν
662 701 690 726 ἐν
706 703 738 735 τῇ
759 702 831 728 κατὰ

29 739 84 765 τῶν
107 739 224 767 Οὔννων
244 742 320 777 μάχῃ
335 742 551 777 διαγωνίσασθαι
577 745 759 780 ἰσχυρίζοντο,
783 747 830 773 καὶ

30 788 164 822 παρῆγον
181 787 236 814 τῶν
251 790 407 823 λεγομένων
421 790 549 825 μάρτυρα
565 792 611 817 τὸν
637 793 829 827 συστράτηγον

30 833 105 867 αὐτῷ
122 834 238 869 Μιχαὴλ
259 835 306 861 τὸν
321 835 438 870 Βρανᾶν.
465 837 495 863 Ὀ
505 837 534 863 δὲ
550 837 617 872 πρὸς
633 838 680 864 τοῦ
698 838 830 873 βασιλέως

29 880 210 914 ἐπιταχθεὶς,
225 882 306 916 ῑρκον
316 881 364 915 τὴν
376 882 481 909 οἰκείαν
497 883 618 917 κεφαλὴν
630 884 826 918 ἐπαγαγόντος,
847 873 868 900 Β

30 925 148 960 ἀληθῶς
164 926 253 952 εἰπεῖν
273 926 288 953 ὂ
310 928 372 962 περὶ
390 927 438 954 τοῦ
456 928 551 964 Γαϐρᾱ
564 931 688 964 γενναῖον
705 929 828 957 σύνοιδεν

30 972 124 1006 ἔργον,
145 973 175 999 τὸ
193 973 262 1005 τέως
282 975 333 1009 μὲν
358 975 508 1010 ὑπερέθετο
527 977 574 1003 τὸν
593 978 740 1013 ἀπόλογον,
761 978 829 1014 πρὸς

30 1018 57 1043 δὲ
71 1019 121 1044 τὸν
153 1019 264 1055 Γαὸρᾶν
295 1022 428 1056 στραφεὶς
456 1023 540 1058 ἡρετο
558 1023 652 1050 τοῦτον
668 1026 692 1051 εί
709 1025 757 1051 καὶ
781 1025 829 1051 αὐ-

31 1064 76 1095 τὸς
95 1065 226 1100 ἀνδρεῖόν
244 1075 272 1093 τι
286 1067 333 1093 καὶ
359 1068 434 1101 ἄξιον
453 1069 565 1096 ἐπαίνου
594 1070 755 1103 ἐνεδείξατο,
774 1070 829 1096 εἴτε

35 1111 88 1146 μὴν
105 1111 145 1142 ὡς
165 1113 320 1146 στρατηγὸς
338 1114 372 1139 τὰ.
386 1113 476 1149 λῴονα
494 1114 670 1148 διεπράξατο,
700 1115 744 1141 ὅτε
761 1124 830 1150 συμ-

35 1157 168 1188 πεσόντες
188 1158 258 1192 μετὰ
272 1158 326 1184 τῶν
343 1158 476 1194 Οὕγγρων
488 1161 628 1186 Διονυσίου
646 1163 831 1196 στρατηγοῦν-

33 1212 79 1234 τος
99 1204 249 1239 ἐμάχοντο.
281 1205 327 1240 Τῷ
351 1214 392 1232 τοι
418 1206 465 1233 καὶ
490 1207 730 1240 καθομολογοῦντα
758 1208 830 1242 σχὼν

34 1250 78 1274 τὸν
100 1249 225 1284 Γαόρὶν,
254 1250 302 1277 καὶ
317 1251 354 1281 ὡς
369 1251 420 1277 οὐκ
432 1252 512 1278 ἄλλον
525 1252 609 1284 ὅντως
623 1252 654 1278 τὸ
671 1253 732 1279 τότε
749 1253 831 1279 αὐτὸν

38 1295 221 1328 ἁνδρίσαεθαι
247 1297 451 1331 μαρτυροῦντα,
481 1298 623 1333 ἐπήγαγεν
637 1298 675 1330 ὡς
692 1299 742 1325 οὐκ
762 1299 831 1334 ἔχων

41 1343 176 1375 βασιλέως
197 1343 313 1369 ἐνώπιον
339 1345 594 1378 παρανοσιρίζεσθαι
619 1346 668 1379 τὴν
685 1345 829 1381 ἀλήθειαν,

41 1390 78 1419 εἰς
95 1390 147 1423 τὴν
168 1389 273 1415 οἰκείαν
299 1390 419 1424 κεφαλὴν
442 1391 522 1417 αὑτὸν
540 1391 738 1425 ἑξορκίζοντος,
763 1393 832 1426 φησι

46 1435 177 1468 μηδαμῶς
196 1435 347 1470 ὑποστῆναι
361 1436 410 1470 τὴν
430 1436 485 1463 τῶν
501 1437 631 1464 ἐναντίων
648 1438 767 1473 ἐμϐολὴν
786 1439 832 1464 τὸν

43 1481 162 1516 Γαϐρᾱν,
178 1482 237 1507 ἀλλ’
252 1484 283 1509 ἐκ
303 1482 415 1518 πρώτης
431 1483 585 1519 προσόολῆς
602 1484 833 1511 ἀποδειλιάσαντα

534 135 583 165 DE
604 135 789 168 MANUELE
809 139 991 172 COMNENO
1013 144 1087 175 LIB.
1109 146 1159 176 IV.

501 189 562 215 καθ’
571 190 610 222 ὃν,
627 191 664 222 ὡς
678 192 757 227 ἔφην¹
771 203 828 220 και.

881 195 978 224 Istrum
1006 200 1161 233 provincias
1180 202 1391 236 populabantur,
1408 203 1538 231 Michacle
1555 209 1672 239 utroque

1619 148 1672 181 4'11

881 241 970 270 Gabra
981 248 1009 271 et
1022 245 1110 272 Brana
1125 247 1184 274 acie
1200 247 1272 274 victo
1288 253 1315 274 ct
1331 249 1422 282 pne-la
1438 250 1542 283 ingenti
1559 250 1667 276 abacta.

880 287 906 314 Is
918 288 1022 317 Gabras
1036 298 1124 325 nuper
1137 292 1284 319 admodum
1300 301 1362 320 cum
1379 294 1501 322 Eudocia
1518 295 1670 322 Coutneuia

880 334 1029 362 Andronici
1055 337 1151 368 amica,
1168 339 1246 373 cujus
1269 345 1331 366 ante
1348 341 1536 373 meminimus,
1560 343 1671 376 nuptias

881 382 1042 416 celebraret,
1061 392 1142 418 quem
1168 386 1296 413 Ecdociaa
1324 389 1430 422 cognati
1454 393 1483 414 ut
1510 389 1670 422 imperatori

881 429 1115 462 commendarent,
1131 439 1228 466 magno
1244 433 1375 467 applausu
1388 438 1415 460 et
1433 435 1562 462 laudibus
1575 444 1671 470 prose-

881 475 1047 508 quebantur,
1070 481 1098 503 et
1115 477 1142 503 in
1164 485 1253 512 pugna
1275 478 1399 505 Hunniea
1423 479 1532 507 fortiter
1555 489 1583 507 se
1608 490 1670 515 ges-

882 519 951 547 sisse
973 521 1154 549 afﬁrmabant.
1176 523 1253 555 Quod
1273 529 1302 550 ut
1328 524 1488 551 credibilius
1514 531 1596 558 esset,
1621 527 1670 553 Mi-

881 565 1001 593 chaelem
1032 567 1148 594 Branam
1174 569 1306 603 collegam
1333 571 1392 604 ejus
1413 575 1509 596 testem
1537 572 1668 598 citabant.

881 609 931 642 Qui
949 618 1010 637 cum
1029 611 1055 638 in
1069 611 1243 646 imperatoris
1261 617 1345 647 caput
1367 614 1462 648 jurare
1476 614 1620 648 juberetur
1634 622 1670 640 an

881 655 991 689 aliquod
1015 655 1085 683 forte
1112 657 1207 684 Gabraz
1232 658 1338 684 facinus
1358 658 1491 689 vidisset,
1517 658 1602 685 dilato
1629 666 1672 684 re-

880 709 983 736 sponso
998 703 1115 730 Gabram
1142 703 1218 738 prius
1242 705 1393 738 interrogat
1416 713 1449 731 an
1481 705 1538 738 ipse
1562 712 1672 739 quoque

881 748 984 782 aliquid
1014 749 1094 776 laude
1117 750 1230 784 dignum
1261 750 1371 777 fecisset
1393 758 1425 777 ac
1442 751 1506 777 boni
1520 756 1549 777 et
1564 751 1672 776 strenui

881 794 958 821 ducis
974 794 1069 822 ciliciis
1096 796 1123 822 in
1142 804 1232 831 pugna
1246 804 1308 823 eum
1332 796 1463 831 Dionysio
1478 795 1671 830 llungarcrum

882 841 951 868 duce
976 842 1086 869 functus
1106 848 1189 869 (3530!.-
1211 843 1290 878 174
1315 843 1403 870 Gabra
1425 851 1491 870 vero
1519 842 1671 869 allirmante

882 888 1030 915 fortissime
1055 879 1134 916 se'in
1165 889 1212 916 illo
1237 889 1330 923 praelio
1352 890 1483 924 gessisse,
1508 889 1620 922 subjicit
1644 896 1674 915 se

881 942 971 963 coram
983 936 1160 970 imperatore,
1171 936 1198 963 in
1207 937 1285 971 cujus
1297 942 1380 970 caput
1389 936 1482 971 jurare
1496 937 1530 963 sit
1546 941 1671 968 coactus,

882 981 1023 1009 veritatem
1041 981 1214 1009 dissimulare
1232 990 1286 1009 non
1301 990 1381 1017 posse
1393 991 1401 1009 :
1413 982 1531 1009 Gabram
1549 982 1670 1008 hostium

882 1027 1014 1061 impetum
1032 1035 1202 1062 nequaquam
1218 1027 1359 1060 tolerasse,
1376 1027 1423 1054 sed
1437 1027 1527 1061 primo
1543 1034 1673 1060 congres-

882 1081 914 1100 su
947 1073 1083 1104 territum,
1110 1073 1200 1108 fugam
1228 1073 1344 1108 cepisse,
1374 1072 1499 1107 quamvis
1524 1072 1581 1106 ipse
1609 1079 1673 1097 eum

882 1119 981 1153 διεβίω
1005 1123 1171 1150 revocasset,
1187 1123 1215 1145 et
1241 1126 1336 1153 magna
1365 1125 1431 1144 V006
1459 1117 1586 1144 [IOHBUIS
1600 1120 1674 1143 esset

883 1168 913 1190 ut
939 1165 1089 1191 resisteret.
1107 1163 1241 1191 Caeterum
1271 1164 1419 1198 imperator
1437 1163 1579 1198 Zeugmini
1597 1170 1676 1189 recu-

882 1210 998 1244 perandi
1012 1214 1040 1236 et
1056 1211 1129 1237 necis
1141 1211 1270 1245 Stephani
1287 1210 1449 1237 ulciscendae
1463 1209 1580 1244 cupidus
1595 1216 1674 1235 exer-

883 1257 967 1283 citum
982 1257 1007 1283 in
1026 1257 1085 1284 illas
1109 1261 1200 1291 partes
1216 1257 1341 1284 adduxit.
1365 1256 1419 1284 Sed
1441 1256 1554 1282 Barbari
1571 1255 1629 1281 acie
1645 1255 1673 1280 in

884 1303 944 1330 lstri
975 1303 1042 1334 ripis
1068 1303 1213 1334 instructa,
1230 1303 1304 1329 omni
1329 1303 1448 1329 telorum
1472 1309 1574 1337 genere
1595 1300 1674 1335 traji-

884 1356 946 1375 cere
966 1353 1075 1374 nostros
1099 1348 1293 1382 prohibebant,
1313 1347 1387 1374 aditu
1409 1348 1484 1374 omni
1511 1346 1672 1373 intercluso.

885 1394 938 1421 Sed
968 1394 1085 1426 frustra;
1115 1394 1231 1421 licinani
1258 1394 1332 1420 enim
1366 1392 1498 1428 sagittarii
1530 1396 1557 1418 et.
1584 1391 1676 1426 gravis

886 1446 1022 1468 armatura
1038 1441 1104 1474 ripis
1118 1449 1166 1467 eos
1189 1441 1356 1475 depulerunt
1376 1449 1383 1473 ;
1400 1444 1427 1466 et
1447 1439 1596 1473 imperator
1611 1445 1674 1464 cum

885 1486 1014 1513 omnibus
1039 1485 1195 1520 legionibus
1219 1486 1252 1512 ad
1278 1485 1459 1520 Zeugminum
1483 1490 1572 1511 castra
1593 1484 1674 1510 locat.

43 1528 165 1562 οἴχεσθαι
180 1528 331 1562 φεύγοντα,
348 1531 396 1555 καὶ
412 1530 500 1555 ταῦτα
516 1530 599 1556 αὑτοῦ
617 1531 750 1562 πολλάκις
765 1532 828 1558 ἀνα-

885 1532 915 1559 ld
937 1532 1067 1566 oppidum
1092 1532 1147 1557 alto
1178 1531 1282 1558 tumulo
1312 1531 1483 1565 impositum,
1502 1534 1529 1556 et
1558 1533 1674 1563 pr:eter-

43 1574 210 1609 καλουμένου
232 1574 324 1601 τοῦτον
347 1575 405 1607 καὶ,
423 1585 433 1601 ‹
448 1576 541 1610 Στῆοι,
559 1573 580 1602 ὦ
603 1576 690 1611 φίλος,
711 1586 720 1602 ι
740 1577 831 1604 εἰπόν-

41 1629 83 1652 τος
100 1621 160 1655 μετ’
174 1621 342 1656 ἐκὸοήσεως.
365 1621 447 1656 Ἀτάρ
468 1623 516 1648 καὶ
537 1622 659 1649 σπεύδων
674 1625 688 1650 ὁ
704 1624 832 1658 βασιλεὺς

44 1667 106 1693 αὑτό
128 1675 159 1692 τε
174 1667 205 1693 τὸ
233 1668 386 1703 Ζεύγμινον
420 1668 569 1703 Ῥωμαίοις
601 1669 831 1697 ἐπανασώσασθαι

44 1714 86 1739 καὶ
101 1713 181 1745 δίκας
209 1715 272 1745 τοὺς
291 1714 413 1746 Οΰννους
433 1715 635 1750 είσπράξασθαι
659 1713 697 1742 ὧν
715 1717 754 1747 είς
767 1717 832 1743 Στέ-

44 1767 123 1792 φανον
153 1760 384 1795 πεπαρῳνήκασι,
403 1762 460 1791 τοῖς
474 1761 566 1787 ἐκεῖσε
594 1761 763 1796 παρενέὸαλε
781 1762 831 1796 μέ-

45 1813 126 1839 ρεσιν.
161 1806 194 1832 0i
208 1806 236 1832 δὲ
264 1806 397 1842 βάρὸαροι
411 1807 487 1842 παρὰ
499 1808 548 1838 τὰς
561 1807 645 1842 ὄχθας
656 1807 703 1834 τοῦ
715 1808 826 1843 Ἴστρου

44 1852 166 1888 ποταμοῦ
193 1852 231 1883 ὡς
247 1854 286 1884 είς
308 1853 427 1888 πόλεμον
456 1853 650 1888 διαταξάμενοι
678 1853 828 1881 διεκώλυον

43 1899 88 1933 τῆς
111 1900 243 1933 στρατιᾶς
269 1899 318 1933 τὴν
336 1899 505 1933 περαίωσιν,
532 1900 647 1926 παντοῖα
673 1899 738 1935 βέλη
761 1901 830 1927 ἐπα-
856 1897 860 1900 ’

44 1946 147 1978 φιέντες
169 1946 219 1971 καὶ·
233 1945 282 1976 τὰς
298 1945 417 1979 ἐμϐολὰς
430 1945 758 1980 προκαταλαμόάνοντες,
777 1946 829 1972 κᾶν

43 1991 108 2027 ἦσαν
121 1992 198 2017 οὐδὲν
213 1991 389 2026 περαίνοντες
402 1999 409 2007 ·
434 1991 460 2017 οι
477 1992 532 2026 γὰρ
545 1991 674 2026 ἑκησόλοι
697 1991 828 2026 Ῥωμαῖοι

43 2038 87 2064 καὶ
103 2038 133 2064 τὸ
146 2037 213 2064 ἄλλο
228 2037 302 2063 ἅπαν
317 2036 459 2063 ὁπλιτικὸν
483 2036 624 2071 ὠσάμενοι
640 2036 753 2068 τούτους
767 2036 828 2068 ἐξέ-

44 2092 157 2123 κρουσαν
184 2084 238 2110 τῶν
262 2083 420 2117 παρακτίων
438 2083 543 2117 μερῶν.
577 2082 709 2114 Βασιλεὺς
732 2082 760 2109 δὲ
779 2083 828 2109 σὺν

45 2132 120 2157 παντὶ
143 2130 181 2164 τῷ
197 2130 383 2165 στρατεύματι
400 2130 472 2156 κατὰ
496 2129 526 2155 τὸ
551 2128 703 2163 Ζεὺγμινον
731 2129 829 2163 ἀφικό-

46 2185 120 2211 μενος
135 2176 194 2202 ὲκεί
209 2183 260 2200 που
274 2175 439 2209 στρατήγιον
453 2174 590 2210 βάλλεται.
611 2175 689 2200 Ἐστι
705 2175 733 2201 δὲ
747 2175 827 2200 τοῦτο

45 2223 113 2249 κατὰ
138 2222 314 2257 μεσημὸρίαν
343 2221 516 2257 ἁπρόσὸατον
541 2221 655 2256 γηλόφῳ
673 2222 827 2256 παρήκοντι

48 2269 90 2295 καὶ
107 2268 233 2302 ποταμίῳ
247 2267 435 2302 τειχιζόμενον
453 2267 582 2302 ῥεύματι.
601 2268 681 2303 ᾭετο
706 2267 756 2302 μὲν
781 2265 828 2294 οὖν

47 2315 163 2342 αὑτοὸοε).
189 2314 316 2348 αἱρήσειν
342 2313 371 2340 τὸ
395 2315 517 2349 πόλισμα
534 2311 577 2340 οἶα
597 2314 653 2340 τῶν
679 2314 753 2341 ἔνδον
777 2314 826 2341 καὶ

47 2364 109 2398 πρὸς
122 2363 170 2397 τὴν
183 2361 297 2396 πρώτην
322 2361 404 2387 αὐτοῦ
433 2361 497 2388 Θέαν
527 2361 761 2394 καταπλαγέντων
778 2362 826 2388 καὶ

47 2410 90 2438 τὰς
104 2407 188 2438 πύλας
209 2407 414 2434 ἁνακλινάντων
434 2409 479 2435 καὶ
504 2408 660 2442 δεξαμένων
679 2409 764 2434 αὐτὸν
782 2407 827 2434 ἔν-

49 2455 115 2481 δοθι⁸
139 2454 176 2485 ὠς
194 2453 216 2480 δ’
241 2450 315 2480 οὗτοι
338 2453 386 2485 τὰς
405 2454 526 2486 εἰσόδους
556 2455 729 2481 παντάπασιν
753 2453 828 2488 αὐτῷ

51 2500 231 2534 ἐπεζύγωσαν,
244 2499 280 2526 τά.
292 2508 321 2525 τε
335 2499 411 2534 τείχη
426 2500 566 2531 παντοίοις
581 2501 675 2532 ὅπλοις
687 2500 735 2527 καὶ
755 2501 825 2534 ἀφε-

51 2547 144 2581 τηρίοις
164 2545 303 2580 ὀργάνοις·
317 2545 485 2579 ἐκράτυναν,
505 2546 575 2573 ἀλλὰ
595 2547 643 2572 καὶ
664 2545 827 2581 φαινόμενοι

50 2592 142 2618 άυωθεν
160 2591 210 2622 τὰς
229 2592 356 2625 γλώσσας
375 2592 474 2626 ἔθηγον
497 2592 564 2618 ὡσεὶ
581 2593 681 2626 ὖφεως,
706 2593 757 2619 οὐκ
773 2592 827 2619 ἀπὸ

51 2639 140 2674 χειρῶν
157 2638 239 2674 μόνον
264 2638 390 2672 ἀφιέντες
408 2638 474 2674 βέλη
502 2638 654 2672 Θανάσιμα,
682 2639 750 2665 ἀλλὰ
772 2639 828 2665 κάκ

51 2685 91 2712 τοῦ
105 2684 157 2711 τῶν
173 2684 291 2710 ὀδόντων
307 2684 404 2719 ἕρκους
420 2685 693 2720 αἰσχρορρημοσύνας
704 2684 827 2717 τοξεύον-

52 2741 88 2764 τες
104 2732 133 2767 ἰῷ
164 2730 288 2758 ἀσπίδων
308 2731 346 2766 τῷ
360 2731 413 2757 ὑπο
428 2731 462 2758 τὰ
486 2732 563 2766 χείλη
580 2731 751 2767 χρισθείσας,
770 2732 825 2758 οὐδ’

51 2777 70 2803 οἱ
82 2777 207 2812 Ῥωμαῖοι
222 2776 252 2801 τὸ
265 2775 318 2801 ἀπο
330 2776 406 2802 τοῦδε
423 2777 503 2812 χερσὶ
520 2778 611 2808 κεναῖς
627 2777 718 2808 αὐτοῖς
737 2786 824 2812 προσ-

50 2823 174 2858 εφέροντο,
204 2821 272 2847 ἀλλὰ
296 2821 341 2848 τοῦ
369 2823 588 2858 κακορῤημονεῖν
625 2823 663 2854 ὼς
689 2824 822 2857 ἀγεννοῦς

52 2870 120 2897 Enim
140 2869 184 2895 Kl".
200 2869 356 2901 γυναικείου
370 2869 551 2904 ἀφιστάμενοι
579 2869 681 2905 σιδήρῳ
708 2871 825 2906 μάλιστα

884 1579 986 1606 ﬂuente
1015 1579 1084 1605 infra
1110 1578 1220 1605 [lumine
1251 1577 1398 1609 munitum,
1424 1585 1440 1604 a
1462 1576 1577 1603 meridie
1604 1576 1674 1602 adiri

883 1633 938 1651 non
964 1629 1062 1659 potest.
1091 1624 1214 1651 Rebatur
1240 1628 1330 1650 autent
1356 1631 1385 1650 se
1404 1623 1430 1650 id
1456 1623 1545 1657 primo
1571 1623 1675 1656 impetu

883 1675 1041 1705 capturum,
1060 1669 1254 1697 defensoribus
1272 1670 1331 1696 solo
1345 1667 1492 1701 conspectu
1509 1669 1551 1695 sui
1571 1668 1675 1695 territis

883 1720 911 1744 et
935 1721 1028 1751 portas
1042 1716 1241 1751 aperientibus.
1258 1716 1310 1743 Sed
1326 1724 1387 1742 cum
1401 1715 1475 1742 omni
1491 1715 1566 1742 aditu
1583 1714 1675 1741 exclu-

883 1762 1005 1792 deretur.
1019 1767 1046 1789 et
1062 1762 1162 1789 mmnia
1175 1763 1250 1789 omni
1268 1769 1410 1789 armorum
1425 1765 1453 1788 et
1471 1765 1674 1788 tormentorum

883 1817 982 1843 genere
1000 1808 1078 1843 175
1091 1808 1283 1838 ﬁrlitarentiir,
1310 1812 1337 1835 et
1353 1808 1448 1835 hostes
1465 1809 1498 1834 de
1518 1807 1674 1841 pinnaculis

882 1862 937 1882 non
955 1855 1036 1882 modo
1055 1855 1165 1881 lcthalia
1183 1855 1246 1886 tela,
1262 1854 1309 1881 sed
1326 1858 1353 1880 et
1370 1854 1501 1881 obscmna
1517 1853 1630 1880 dicteria
1646 1857 1674 1879 et

883 1904 1014 1927 venenata
1029 1901 1128 1934 probra
1142 1900 1340 1934 jacularentur,
1353 1900 1467 1927 Romani
1486 1907 1539 1926 non
1556 1899 1674 1932 amplius
1703 1901 1708 1905 '

880 1946 974 1974 vacuis
987 1947 1112 1973 manibus
1122 1945 1300 1977 accedebant,
1317 1945 1364 1972 sed
1378 1945 1488 1971 omissis
1506 1943 1671 1976 maledictis,

880 1992 982 2027 quibus
1009 1991 1123 2026 feminini
1137 1998 1258 2026 pugnare
1284 1990 1385 2021 solent,
1410 1990 1484 2016 ferro
1510 1996 1567 2015 rem
1592 1996 1674 2023 gere-

882 2038 957 2065 bant.
982 2038 1016 2065 Et.
1040 2038 1190 2072 imperator
1219 2040 1249 2063 υι
1282 2035 1324 2062 sui
1357 2035 1535 2062 aemulatione
1568 2034 1673 2061 milites

880 2084 1060 2115 accenderet,
1092 2085 1198 2118 primus
1237 2091 1308 2118 equo
1347 2083 1473 2109 invectus
1504 2083 1611 2108 hastam
1643 2081 1671 2107 in

880 2131 969 2158 media
1002 2135 1080 2165 porta
1119 2129 1224 2165 deﬁgit.
1257 2130 1373 2162 Deinde,
1414 2129 1479 2162 quia
1517 2135 1582 2155 saxa
1616 2135 1670 2153 non

880 2175 1074 2210 suppetebant,
1094 2174 1167 2202 fossa
1195 2175 1280 2202 humo
1305 2179 1331 2201 et
1359 2175 1486 2202 sordibus
1515 2173 1623 2208 impleta
1644 2176 1672 2198 et

848 2216 867 2242 ῐ)
883 2227 1000 2256 quatuor
1028 2221 1174 2248 tormentis
1197 2220 1224 2247 in
1250 2220 1365 2247 circuitu
1395 2220 1545 2251 collocatis,
1572 2218 1670 2246 mwnia

881 2268 1017 2302 prosterni
1031 2267 1123 2302 jussit.
1144 2269 1209 2300 Qua:
1227 2274 1290 2294 cum
1308 2267 1335 2293 in
1359 2266 1448 2293 cilicio
1470 2270 1562 2293 essent
1579 2265 1671 2292 omnia

880 2317 908 2340 et
936 2321 999 2340 saxa
1030 2314 1125 2340 talenti
1154 2313 1276 2348 pondere
1301 2313 1500 2348 jacularentur,
1537 2312 1669 2339 moenium

880 2366 1038 2394 compagem
1069 2359 1281 2390 labefactabant,
1297 2367 1383 2385 unum
1416 2358 1602 2393 potissimum,
1634 2358 1669 2385 ab

881 2405 940 2438 ipso
956 2405 1113 2432 Andmnico
1140 2406 1177 2432 ita
1200 2405 1335 2432 directum
1362 2410 1390 2431 ut
1408 2413 1504 2432 murus
1517 2405 1588 2431 inter
1602 2404 1671 2432 duas

881 2456 970 2478 turres
983 2456 1181 2485 conquassatus
1192 2456 1219 2478 et
1233 2452 1357 2479 vectibus
1375 2451 1510 2478 suil‘ossus
1528 2451 1669 2485 penderet,

881 2498 988 2525 ruinam
1015 2498 1155 2526 minitans.
1179 2499 1300 2532 Quadam
1332 2503 1423 2525 autem
1460 2503 1539 2525 nocte
1566 2498 1672 2531 aliquot

880 2544 1027 2579 llungaricl
1046 2552 1175 2579 proceres
1191 2545 1303 2579 podium
1323 2552 1338 2571 e
1356 2544 1480 2571 trabibus
1495 2549 1667 2574 contextum,

881 2592 961 2626 176
976 2591 1049 2617 foras
1069 2591 1240 2625 prominens,
1258 2591 1373 2625 ingressi
1396 2595 1423 2617 et
1446 2590 1550 2617 strictis
1569 2589 1669 2624 gladiis

878 2646 968 2665 aerem
984 2637 1202 2670 diverberantes,
1219 2638 1352 2665 Romanis
1367 2636 1537 2664 atrocissima
1553 2644 1669 2670 qumque

878 2692 940 2712 cum
967 2684 1069 2719 ingenti
1090 2685 1210 2712 clamore
1236 2684 1445 2711 minitabantur.
1472 2682 1525 2709 Sed
1545 2682 1668 2710 vindicta

877 2739 925 2758 eos
950 2739 964 2758 c
990 2730 1105 2766 vestigio
1131 2736 1279 2758 consecuta
1303 2734 1345 2758 est
1369 2738 1375 2756 :
1403 2737 1465 2757 nam
1490 2729 1667 2756 Andronicus

879 2781 1015 2804 tormento
1050 2777 1167 2805 solerter
1204 2778 1310 2805 directo
1338 2776 1521 2803 munitionem
1555 2776 1581 2802 in
1612 2783 1665 2809 qua

877 2825 984 2851 stabant
998 2824 1034 2851 ita
1051 2825 1177 2858 perculit,
1190 2829 1221 2851 ut
1236 2828 1374 2858 prostrata
1390 2823 1452 2850 illos
1469 2822 1665 2849 miserabiliter

877 2871 1053 2906 opprimeret.
1082 2871 1137 2899 Nec
1159 2871 1245 2899 multo
1274 2874 1336 2905 post
1362 2869 1421 2905 ipso
1449 2876 1558 2905 quoque
1584 2876 1663 2897 mtuo
