  <div class='ocr_page' id='page_1' title='image "/cluster/home/n/w/nwhite01/storage/ocr_20150623/139/njp.32101077773131/260.png"; bbox 0 0 1931 3080; ppageno 0'>
   <div class='ocr_carea' id='block_1_1' title="bbox 13 102 55 134">
    <p class='ocr_par' dir='ltr' id='par_1_1' title="bbox 13 102 55 134">
     <span class='ocr_line' id='line_1_1' title="bbox 13 102 55 134; baseline -0.024 -1"><span class='ocrx_word' id='word_1_1' title='bbox 13 102 55 134; x_wconf 65' lang='grc' dir='ltr'><strong>ιὶλὸ</strong></span> 
     </span>
    </p>
   </div>
   <div class='ocr_carea' id='block_1_2' title="bbox 527 101 1153 135">
    <p class='ocr_par' dir='ltr' id='par_1_2' title="bbox 527 101 1153 135">
     <span class='ocr_line' id='line_1_2' title="bbox 527 101 1153 135; baseline -0.003 0"><span class='ocrx_word' id='word_1_2' title='bbox 527 105 576 135; x_wconf 87' lang='lat' dir='ltr'><strong>DE</strong></span> <span class='ocrx_word' id='word_1_3' title='bbox 600 101 786 135; x_wconf 81' lang='lat' dir='ltr'><strong>MANUELE</strong></span> <span class='ocrx_word' id='word_1_4' title='bbox 807 101 988 134; x_wconf 72' lang='lat' dir='ltr'><strong>COMNEN&#39;O</strong></span> <span class='ocrx_word' id='word_1_5' title='bbox 1008 103 1079 134; x_wconf 75' lang='lat' dir='ltr'><strong>LIB.</strong></span> <span class='ocrx_word' id='word_1_6' title='bbox 1104 103 1153 134; x_wconf 87' lang='lat' dir='ltr'><strong>lV.</strong></span> 
     </span>
    </p>
   </div>
   <div class='ocr_carea' id='block_1_3' title="bbox 1610 103 1663 133">
    <p class='ocr_par' dir='ltr' id='par_1_3' title="bbox 1610 103 1663 133">
     <span class='ocr_line' id='line_1_3' title="bbox 1610 103 1663 133; baseline 0 0"><span class='ocrx_word' id='word_1_7' title='bbox 1610 103 1663 133; x_wconf 68' lang='lat'><strong>486</strong></span> 
     </span>
    </p>
   </div>
   <div class='ocr_carea' id='block_1_4' title="bbox 41 156 813 195">
    <p class='ocr_par' dir='ltr' id='par_1_4' title="bbox 41 158 810 195">
     <span class='ocr_line' id='line_1_4' title="bbox 41 158 810 195; baseline 0 -10"><span class='ocrx_word' id='word_1_8' title='bbox 41 161 78 190; x_wconf 85' lang='grc' dir='ltr'><strong>ς’.</strong></span> <span class='ocrx_word' id='word_1_9' title='bbox 103 158 206 184; x_wconf 74' lang='grc' dir='ltr'>Ἀλλὰ</span> <span class='ocrx_word' id='word_1_10' title='bbox 219 158 281 185; x_wconf 79' lang='grc' dir='ltr'>τίνα</span> <span class='ocrx_word' id='word_1_11' title='bbox 296 158 328 185; x_wconf 72' lang='grc' dir='ltr'>τὰ</span> <span class='ocrx_word' id='word_1_12' title='bbox 353 159 430 194; x_wconf 83' lang='grc' dir='ltr'>παρὰ</span> <span class='ocrx_word' id='word_1_13' title='bbox 458 159 563 192; x_wconf 49' lang='grc' dir='ltr'>πόδας</span> <span class='ocrx_word' id='word_1_14' title='bbox 580 159 670 195; x_wconf 80' lang='grc' dir='ltr'>χρεὼν</span> <span class='ocrx_word' id='word_1_15' title='bbox 684 159 740 194; x_wconf 78' lang='grc' dir='ltr'>γὰρ</span> <span class='ocrx_word' id='word_1_16' title='bbox 756 158 810 194; x_wconf 86' lang='grc' dir='ltr'><strong>μηδ</strong></span> 
     </span>
    </p>
   </div>
   <div class='ocr_carea' id='block_1_5' title="bbox 867 156 1664 195">
    <p class='ocr_par' dir='ltr' id='par_1_5' title="bbox 914 156 1664 192">
     <span class='ocr_line' id='line_1_5' title="bbox 914 156 1664 192; baseline 0.001 -7"><span class='ocrx_word' id='word_1_17' title='bbox 914 157 941 185; x_wconf 86' lang='grc'><strong>6.</strong></span> <span class='ocrx_word' id='word_1_18' title='bbox 960 157 1017 185; x_wconf 85' lang='lat' dir='ltr'><strong>Hoc</strong></span> <span class='ocrx_word' id='word_1_19' title='bbox 1035 157 1096 185; x_wconf 87' lang='lat' dir='ltr'><strong>loco</strong></span> <span class='ocrx_word' id='word_1_20' title='bbox 1114 156 1181 184; x_wconf 85' lang='lat' dir='ltr'><strong>illud</strong></span> <span class='ocrx_word' id='word_1_21' title='bbox 1201 156 1423 192; x_wconf 62' lang='lat' dir='ltr'><strong>pratereundum</strong></span> <span class='ocrx_word' id='word_1_22' title='bbox 1438 164 1492 184; x_wconf 91' lang='lat' dir='ltr'><strong>non</strong></span> <span class='ocrx_word' id='word_1_23' title='bbox 1508 162 1560 186; x_wconf 81' lang='lat' dir='ltr'><strong>est.</strong></span> <span class='ocrx_word' id='word_1_24' title='bbox 1577 158 1664 186; x_wconf 63' lang='lat' dir='ltr'><strong>Pleri-</strong></span> 
     </span>
    </p>
   </div>
   <div class='ocr_carea' id='block_1_6' title="bbox 14 204 824 241">
    <p class='ocr_par' dir='ltr' id='par_1_6' title="bbox 14 204 824 241">
     <span class='ocr_line' id='line_1_6' title="bbox 14 204 824 241; baseline 0.001 -10"><span class='ocrx_word' id='word_1_25' title='bbox 14 205 116 231; x_wconf 75' lang='grc' dir='ltr'>τούτων</span> <span class='ocrx_word' id='word_1_26' title='bbox 134 204 310 238; x_wconf 72' lang='grc' dir='ltr'>ἀφέξεσθαι.</span> <span class='ocrx_word' id='word_1_27' title='bbox 328 205 468 240; x_wconf 75' lang='grc' dir='ltr'>Περιδεεῖς</span> <span class='ocrx_word' id='word_1_28' title='bbox 479 206 504 231; x_wconf 91' lang='grc' dir='ltr'><strong>οί</strong></span> <span class='ocrx_word' id='word_1_29' title='bbox 520 205 612 232; x_wconf 79' lang='grc' dir='ltr'>πολλοὶ</span> <span class='ocrx_word' id='word_1_30' title='bbox 624 205 679 232; x_wconf 84' lang='grc' dir='ltr'><strong>τῶν</strong></span> <span class='ocrx_word' id='word_1_31' title='bbox 690 205 824 241; x_wconf 86' lang='grc' dir='ltr'>κρατούν-</span> 
     </span>
    </p>
   </div>
   <div class='ocr_carea' id='block_1_7' title="bbox 14 250 825 286">
    <p class='ocr_par' dir='ltr' id='par_1_7' title="bbox 14 250 825 286">
     <span class='ocr_line' id='line_1_7' title="bbox 14 250 825 286; baseline 0.001 -9"><span class='ocrx_word' id='word_1_32' title='bbox 14 260 62 277; x_wconf 73' lang='grc' dir='ltr'><strong>των</strong></span> <span class='ocrx_word' id='word_1_33' title='bbox 76 251 140 276; x_wconf 69' lang='grc' dir='ltr'>εἰσὶ</span> <span class='ocrx_word' id='word_1_34' title='bbox 159 251 217 276; x_wconf 76' lang='grc' dir='ltr'>καὶ</span> <span class='ocrx_word' id='word_1_35' title='bbox 243 250 428 285; x_wconf 81' lang='grc' dir='ltr'>καχύποπτοι,</span> <span class='ocrx_word' id='word_1_36' title='bbox 443 251 493 277; x_wconf 75' lang='grc' dir='ltr'>καὶ</span> <span class='ocrx_word' id='word_1_37' title='bbox 519 251 645 286; x_wconf 78' lang='grc' dir='ltr'><strong>χαίρουσι</strong></span> <span class='ocrx_word' id='word_1_38' title='bbox 659 252 825 286; x_wconf 79' lang='grc' dir='ltr'>διαπραττό-</span> 
     </span>
    </p>
   </div>
   <div class='ocr_carea' id='block_1_8' title="bbox 13 295 823 333">
    <p class='ocr_par' dir='ltr' id='par_1_8' title="bbox 13 295 823 333">
     <span class='ocr_line' id='line_1_8' title="bbox 13 295 823 333; baseline 0.006 -13"><span class='ocrx_word' id='word_1_39' title='bbox 13 304 85 323; x_wconf 73' lang='grc' dir='ltr'>μενοι</span> <span class='ocrx_word' id='word_1_40' title='bbox 103 296 168 322; x_wconf 81' lang='grc' dir='ltr'>ὅσα</span> <span class='ocrx_word' id='word_1_41' title='bbox 187 295 305 328; x_wconf 79' lang='grc' dir='ltr'>θάνατος</span> <span class='ocrx_word' id='word_1_42' title='bbox 317 297 366 324; x_wconf 74' lang='grc' dir='ltr'>καὶ</span> <span class='ocrx_word' id='word_1_43' title='bbox 380 297 453 328; x_wconf 82' lang='grc' dir='ltr'>Χάος</span> <span class='ocrx_word' id='word_1_44' title='bbox 468 299 516 325; x_wconf 73' lang='grc' dir='ltr'>καὶ</span> <span class='ocrx_word' id='word_1_45' title='bbox 534 298 650 333; x_wconf 78' lang='grc' dir='ltr'>Ἔρεϐος</span> <span class='ocrx_word' id='word_1_46' title='bbox 667 299 696 324; x_wconf 81' lang='grc' dir='ltr'>ὲν</span> <span class='ocrx_word' id='word_1_47' title='bbox 711 298 749 333; x_wconf 83' lang='grc' dir='ltr'>τῷ</span> <span class='ocrx_word' id='word_1_48' title='bbox 760 298 823 330; x_wconf 80' lang='grc' dir='ltr'>τοὺς</span> 
     </span>
    </p>
   </div>
   <div class='ocr_carea' id='block_1_9' title="bbox 12 342 823 378">
    <p class='ocr_par' dir='ltr' id='par_1_9' title="bbox 12 342 823 378">
     <span class='ocr_line' id='line_1_9' title="bbox 12 342 823 378; baseline 0.005 -11"><span class='ocrx_word' id='word_1_49' title='bbox 12 342 196 375; x_wconf 65' lang='grc' dir='ltr'>ιυπατρίδας</span> <span class='ocrx_word' id='word_1_50' title='bbox 208 342 374 378; x_wconf 82' lang='grc' dir='ltr'>άκροτομεῖν</span> <span class='ocrx_word' id='word_1_51' title='bbox 388 345 435 370; x_wconf 71' lang='grc' dir='ltr'>καὶ</span> <span class='ocrx_word' id='word_1_52' title='bbox 463 344 587 371; x_wconf 76' lang='grc' dir='ltr'>ἐκποδὼν</span> <span class='ocrx_word' id='word_1_53' title='bbox 606 343 713 371; x_wconf 77' lang='grc' dir='ltr'><strong>τιθέναι</strong></span> <span class='ocrx_word' id='word_1_54' title='bbox 732 345 823 371; x_wconf 84' lang='grc' dir='ltr'>πάντα</span> 
     </span>
    </p>
   </div>
   <div class='ocr_carea' id='block_1_10' title="bbox 13 387 823 426">
    <p class='ocr_par' dir='ltr' id='par_1_10' title="bbox 13 387 823 426">
     <span class='ocr_line' id='line_1_10' title="bbox 13 387 823 426; baseline 0.004 -13"><span class='ocrx_word' id='word_1_55' title='bbox 13 387 117 421; x_wconf 55' lang='grc' dir='ltr'>ὑψηλὶν</span> <span class='ocrx_word' id='word_1_56' title='bbox 136 388 194 414; x_wconf 72' lang='grc' dir='ltr'>καὶ</span> <span class='ocrx_word' id='word_1_57' title='bbox 211 388 360 424; x_wconf 79' lang='grc' dir='ltr'>μετέωρον,</span> <span class='ocrx_word' id='word_1_58' title='bbox 385 389 433 415; x_wconf 69' lang='grc' dir='ltr'>καὶ</span> <span class='ocrx_word' id='word_1_59' title='bbox 458 390 582 418; x_wconf 80' lang='grc' dir='ltr'>ἐοίκασιν</span> <span class='ocrx_word' id='word_1_60' title='bbox 596 391 717 425; x_wconf 76' lang='grc' dir='ltr'>ἀτεχνῶς</span> <span class='ocrx_word' id='word_1_61' title='bbox 730 391 823 426; x_wconf 81' lang='grc' dir='ltr'>ὑψιτε-</span> 
     </span>
    </p>
   </div>
   <div class='ocr_carea' id='block_1_11' title="bbox 12 433 822 471">
    <p class='ocr_par' dir='ltr' id='par_1_11' title="bbox 12 433 822 471">
     <span class='ocr_line' id='line_1_11' title="bbox 12 433 822 471; baseline 0.007 -13"><span class='ocrx_word' id='word_1_62' title='bbox 12 434 65 459; x_wconf 78' lang='grc' dir='ltr'>νέαι</span> <span class='ocrx_word' id='word_1_63' title='bbox 96 433 153 459; x_wconf 75' lang='grc' dir='ltr'>καὶ</span> <span class='ocrx_word' id='word_1_64' title='bbox 189 434 358 469; x_wconf 74' lang='grc' dir='ltr'>ἀκροκόμοις</span> <span class='ocrx_word' id='word_1_65' title='bbox 381 435 504 463; x_wconf 78' lang='grc' dir='ltr'>πίτυσιν.</span> <span class='ocrx_word' id='word_1_66' title='bbox 525 437 570 467; x_wconf 81' lang='grc' dir='ltr'>Ὠς</span> <span class='ocrx_word' id='word_1_67' title='bbox 597 437 651 471; x_wconf 79' lang='grc' dir='ltr'><strong>γὰρ</strong></span> <span class='ocrx_word' id='word_1_68' title='bbox 677 435 758 464; x_wconf 73' lang='grc' dir='ltr'>αὗται</span> <span class='ocrx_word' id='word_1_69' title='bbox 776 437 822 464; x_wconf 77' lang='grc' dir='ltr'>καὶ</span> 
     </span>
    </p>
   </div>
   <div class='ocr_carea' id='block_1_12' title="bbox 13 480 820 518">
    <p class='ocr_par' dir='ltr' id='par_1_12' title="bbox 13 480 820 518">
     <span class='ocr_line' id='line_1_12' title="bbox 13 480 820 518; baseline 0.006 -13"><span class='ocrx_word' id='word_1_70' title='bbox 13 480 170 514; x_wconf 70' lang='grc' dir='ltr'>βραχείαις</span> <span class='ocrx_word' id='word_1_71' title='bbox 203 480 315 515; x_wconf 80' lang='grc' dir='ltr'>ἀνέμων</span> <span class='ocrx_word' id='word_1_72' title='bbox 332 482 429 512; x_wconf 79' lang='grc' dir='ltr'>πνοαῖς</span> <span class='ocrx_word' id='word_1_73' title='bbox 444 481 494 513; x_wconf 82' lang='grc' dir='ltr'>τὰς</span> <span class='ocrx_word' id='word_1_74' title='bbox 510 482 564 508; x_wconf 85' lang='grc' dir='ltr'><strong>τῶν</strong></span> <span class='ocrx_word' id='word_1_75' title='bbox 583 482 691 510; x_wconf 81' lang='grc' dir='ltr'><strong>κλάδων</strong></span> <span class='ocrx_word' id='word_1_76' title='bbox 705 483 820 518; x_wconf 79' lang='grc' dir='ltr'><strong>βελόνας</strong></span> 
     </span>
    </p>
   </div>
   <div class='ocr_carea' id='block_1_13' title="bbox 12 525 821 563">
    <p class='ocr_par' dir='ltr' id='par_1_13' title="bbox 12 525 821 563">
     <span class='ocr_line' id='line_1_13' title="bbox 12 525 821 563; baseline 0.007 -12"><span class='ocrx_word' id='word_1_77' title='bbox 12 525 267 560; x_wconf 73' lang='grc' dir='ltr'>διατινασσόμεναι</span> <span class='ocrx_word' id='word_1_78' title='bbox 285 525 484 561; x_wconf 76' lang='grc' dir='ltr'>ψιθυρίζουσιν,</span> <span class='ocrx_word' id='word_1_79' title='bbox 499 527 571 555; x_wconf 74' lang='grc' dir='ltr'>οὕτω</span> <span class='ocrx_word' id='word_1_80' title='bbox 579 529 611 563; x_wconf 81' lang='grc' dir='ltr'><strong>δὴ</strong></span> <span class='ocrx_word' id='word_1_81' title='bbox 621 530 668 556; x_wconf 75' lang='grc' dir='ltr'>καὶ</span> <span class='ocrx_word' id='word_1_82' title='bbox 683 525 756 556; x_wconf 72' lang='grc' dir='ltr'>οὗτοι</span> <span class='ocrx_word' id='word_1_83' title='bbox 773 530 821 557; x_wconf 78' lang='grc' dir='ltr'>καὶ</span> 
     </span>
    </p>
   </div>
   <div class='ocr_carea' id='block_1_14' title="bbox 12 571 822 606">
    <p class='ocr_par' dir='ltr' id='par_1_14' title="bbox 12 571 822 606">
     <span class='ocr_line' id='line_1_14' title="bbox 12 571 822 606; baseline 0.009 -10"><span class='ocrx_word' id='word_1_84' title='bbox 12 572 56 596; x_wconf 72' lang='grc' dir='ltr'><strong>τὸν</strong></span> <span class='ocrx_word' id='word_1_85' title='bbox 89 571 215 606; x_wconf 77' lang='grc' dir='ltr'>πλούτῳ</span> <span class='ocrx_word' id='word_1_86' title='bbox 246 571 375 606; x_wconf 85' lang='grc' dir='ltr'>κομῶντα</span> <span class='ocrx_word' id='word_1_87' title='bbox 401 572 601 600; x_wconf 74' lang='grc' dir='ltr'>ὑποϐλέπονται</span> <span class='ocrx_word' id='word_1_88' title='bbox 633 576 680 601; x_wconf 71' lang='grc' dir='ltr'>καὶ</span> <span class='ocrx_word' id='word_1_89' title='bbox 699 576 745 602; x_wconf 69' lang='grc' dir='ltr'>τὸν</span> <span class='ocrx_word' id='word_1_90' title='bbox 771 576 822 603; x_wconf 71' lang='grc' dir='ltr'><strong>ἐπ’</strong></span> 
     </span>
    </p>
   </div>
   <div class='ocr_carea' id='block_1_15' title="bbox 15 617 820 655">
    <p class='ocr_par' dir='ltr' id='par_1_15' title="bbox 15 617 820 655">
     <span class='ocr_line' id='line_1_15' title="bbox 15 617 820 655; baseline 0.007 -13"><span class='ocrx_word' id='word_1_91' title='bbox 15 617 112 651; x_wconf 74' lang='grc' dir='ltr'>ἀνδρίᾳ</span> <span class='ocrx_word' id='word_1_92' title='bbox 141 617 203 643; x_wconf 69' lang='grc' dir='ltr'>τῶν</span> <span class='ocrx_word' id='word_1_93' title='bbox 223 617 328 643; x_wconf 85' lang='grc' dir='ltr'>πολλῶν</span> <span class='ocrx_word' id='word_1_94' title='bbox 350 618 514 654; x_wconf 79' lang='grc' dir='ltr'>διαφέροντα</span> <span class='ocrx_word' id='word_1_95' title='bbox 539 622 742 655; x_wconf 81' lang='grc' dir='ltr'>κατεπτήχασι.</span> <span class='ocrx_word' id='word_1_96' title='bbox 760 622 820 649; x_wconf 77' lang='grc' dir='ltr'>Κᾶν</span> 
     </span>
    </p>
   </div>
   <div class='ocr_carea' id='block_1_16' title="bbox 17 662 819 701">
    <p class='ocr_par' dir='ltr' id='par_1_16' title="bbox 17 662 819 701">
     <span class='ocr_line' id='line_1_16' title="bbox 17 662 819 701; baseline 0.006 -13"><span class='ocrx_word' id='word_1_97' title='bbox 17 664 54 696; x_wconf 74' lang='grc' dir='ltr'><strong>εἴη</strong></span> <span class='ocrx_word' id='word_1_98' title='bbox 66 671 113 693; x_wconf 86' lang='grc' dir='ltr'><strong>τις</strong></span> <span class='ocrx_word' id='word_1_99' title='bbox 130 663 164 689; x_wconf 73' lang='grc' dir='ltr'><strong>τὸ</strong></span> <span class='ocrx_word' id='word_1_100' title='bbox 184 662 284 694; x_wconf 76' lang='grc' dir='ltr'>κάλλος</span> <span class='ocrx_word' id='word_1_101' title='bbox 303 663 487 698; x_wconf 81' lang='grc' dir='ltr'>ἁγαλματίας,</span> <span class='ocrx_word' id='word_1_102' title='bbox 505 667 552 692; x_wconf 68' lang='grc' dir='ltr'>καὶ</span> <span class='ocrx_word' id='word_1_103' title='bbox 577 666 626 701; x_wconf 78' lang='grc' dir='ltr'>τὴν</span> <span class='ocrx_word' id='word_1_104' title='bbox 643 666 766 700; x_wconf 72' lang='grc' dir='ltr'>γλῶτταν</span> <span class='ocrx_word' id='word_1_105' title='bbox 781 667 819 698; x_wconf 82' lang='grc' dir='ltr'>ὡς</span> 
     </span>
    </p>
   </div>
   <div class='ocr_carea' id='block_1_17' title="bbox 17 709 819 747">
    <p class='ocr_par' dir='ltr' id='par_1_17' title="bbox 17 709 819 747">
     <span class='ocr_line' id='line_1_17' title="bbox 17 709 819 747; baseline 0.005 -13"><span class='ocrx_word' id='word_1_106' title='bbox 17 709 87 742; x_wconf 62' lang='grc' dir='ltr'>ὅρνις</span> <span class='ocrx_word' id='word_1_107' title='bbox 126 709 308 744; x_wconf 78' lang='grc' dir='ltr'><strong>μουσηγέτης</strong></span> <span class='ocrx_word' id='word_1_108' title='bbox 330 710 480 745; x_wconf 74' lang='grc' dir='ltr'>ὲστόμωτο,</span> <span class='ocrx_word' id='word_1_109' title='bbox 510 711 562 738; x_wconf 78' lang='grc' dir='ltr'>κᾶν</span> <span class='ocrx_word' id='word_1_110' title='bbox 590 711 620 738; x_wconf 80' lang='grc' dir='ltr'>τὸ</span> <span class='ocrx_word' id='word_1_111' title='bbox 648 709 714 746; x_wconf 79' lang='grc' dir='ltr'>ἦθος</span> <span class='ocrx_word' id='word_1_112' title='bbox 730 712 819 747; x_wconf 49' lang='grc' dir='ltr'>ὁρῷτο</span> 
     </span>
    </p>
   </div>
   <div class='ocr_carea' id='block_1_18' title="bbox 18 755 818 793">
    <p class='ocr_par' dir='ltr' id='par_1_18' title="bbox 18 755 818 793">
     <span class='ocr_line' id='line_1_18' title="bbox 18 755 818 793; baseline 0.006 -13"><span class='ocrx_word' id='word_1_113' title='bbox 18 755 206 789; x_wconf 63' lang='grc' dir='ltr'>εὐτράπελος,</span> <span class='ocrx_word' id='word_1_114' title='bbox 237 756 287 782; x_wconf 83' lang='grc' dir='ltr'>οὐκ</span> <span class='ocrx_word' id='word_1_115' title='bbox 314 757 346 792; x_wconf 77' lang='grc' dir='ltr'><strong>ἐᾷ.</strong></span> <span class='ocrx_word' id='word_1_116' title='bbox 361 756 504 784; x_wconf 78' lang='grc' dir='ltr'><strong>καθεύδειν</strong></span> <span class='ocrx_word' id='word_1_117' title='bbox 517 758 563 784; x_wconf 79' lang='grc' dir='ltr'><strong>τὸν</strong></span> <span class='ocrx_word' id='word_1_118' title='bbox 579 759 625 785; x_wconf 76' lang='grc' dir='ltr'><strong>ἐπὶ</strong></span> <span class='ocrx_word' id='word_1_119' title='bbox 635 759 683 785; x_wconf 75' lang='grc' dir='ltr'>τοῦ</span> <span class='ocrx_word' id='word_1_120' title='bbox 701 759 818 793; x_wconf 80' lang='grc' dir='ltr'>στέφους</span> 
     </span>
    </p>
   </div>
   <div class='ocr_carea' id='block_1_19' title="bbox 19 799 814 840">
    <p class='ocr_par' dir='ltr' id='par_1_19' title="bbox 19 799 814 840">
     <span class='ocr_line' id='line_1_19' title="bbox 19 799 814 840; baseline 0.009 -15"><span class='ocrx_word' id='word_1_121' title='bbox 19 799 68 825; x_wconf 68' lang='grc' dir='ltr'><strong>οὐδ’</strong></span> <span class='ocrx_word' id='word_1_122' title='bbox 87 800 223 834; x_wconf 77' lang='grc' dir='ltr'>ἠρεμεῖν,</span> <span class='ocrx_word' id='word_1_123' title='bbox 234 801 301 827; x_wconf 70' lang='grc' dir='ltr'>ἀλλὰ</span> <span class='ocrx_word' id='word_1_124' title='bbox 312 801 418 835; x_wconf 81' lang='grc' dir='ltr'>γίνεται</span> <span class='ocrx_word' id='word_1_125' title='bbox 424 802 514 838; x_wconf 83' lang='grc' dir='ltr'>τούτῳ</span> <span class='ocrx_word' id='word_1_126' title='bbox 525 803 579 830; x_wconf 85' lang='grc' dir='ltr'>τῶν</span> <span class='ocrx_word' id='word_1_127' title='bbox 592 803 685 831; x_wconf 80' lang='grc' dir='ltr'>ὕπνων</span> <span class='ocrx_word' id='word_1_128' title='bbox 699 806 814 840; x_wconf 76' lang='grc' dir='ltr'>ὲκκοπὴ.</span> 
     </span>
    </p>
   </div>
   <div class='ocr_carea' id='block_1_20' title="bbox 19 845 810 886">
    <p class='ocr_par' dir='ltr' id='par_1_20' title="bbox 19 845 810 886">
     <span class='ocr_line' id='line_1_20' title="bbox 19 845 810 886; baseline 0.01 -16"><span class='ocrx_word' id='word_1_129' title='bbox 19 846 62 879; x_wconf 75' lang='grc' dir='ltr'>τῆς</span> <span class='ocrx_word' id='word_1_130' title='bbox 74 845 194 880; x_wconf 76' lang='grc' dir='ltr'>τρυφῆς</span> <span class='ocrx_word' id='word_1_131' title='bbox 206 847 356 882; x_wconf 80' lang='grc' dir='ltr'><strong>ἀνατροπὴ,</strong></span> <span class='ocrx_word' id='word_1_132' title='bbox 373 848 470 884; x_wconf 81' lang='grc' dir='ltr'><strong>ἡδονῆς</strong></span> <span class='ocrx_word' id='word_1_133' title='bbox 491 849 645 884; x_wconf 81' lang='grc' dir='ltr'>ὑφαίρεσις,</span> <span class='ocrx_word' id='word_1_134' title='bbox 661 851 810 886; x_wconf 81' lang='grc' dir='ltr'>φροντίδων</span> 
     </span>
    </p>
   </div>
   <div class='ocr_carea' id='block_1_21' title="bbox 18 891 817 932">
    <p class='ocr_par' dir='ltr' id='par_1_21' title="bbox 18 891 817 932">
     <span class='ocr_line' id='line_1_21' title="bbox 18 891 817 932; baseline 0.01 -16"><span class='ocrx_word' id='word_1_135' title='bbox 18 891 166 923; x_wconf 72' lang='grc' dir='ltr'>απόθεσις·</span> <span class='ocrx_word' id='word_1_136' title='bbox 185 893 232 918; x_wconf 83' lang='grc' dir='ltr'>καὶ</span> <span class='ocrx_word' id='word_1_137' title='bbox 246 893 296 928; x_wconf 78' lang='grc' dir='ltr'>τὴν</span> <span class='ocrx_word' id='word_1_138' title='bbox 309 893 391 928; x_wconf 82' lang='grc' dir='ltr'>φύσιν</span> <span class='ocrx_word' id='word_1_139' title='bbox 420 895 575 930; x_wconf 80' lang='grc' dir='ltr'>μέμφονται</span> <span class='ocrx_word' id='word_1_140' title='bbox 590 896 638 931; x_wconf 76' lang='grc' dir='ltr'><strong>τὴν</strong></span> <span class='ocrx_word' id='word_1_141' title='bbox 655 897 817 932; x_wconf 66' lang='grc' dir='ltr'>πλάστριαν,</span> 
     </span>
    </p>
   </div>
   <div class='ocr_carea' id='block_1_22' title="bbox 19 937 817 984">
    <p class='ocr_par' dir='ltr' id='par_1_22' title="bbox 19 937 817 984">
     <span class='ocr_line' id='line_1_22' title="bbox 19 937 817 984; baseline 0.01 -22"><span class='ocrx_word' id='word_1_142' title='bbox 19 937 57 963; x_wconf 73' lang='grc' dir='ltr'>ὃτι</span> <span class='ocrx_word' id='word_1_143' title='bbox 70 938 119 963; x_wconf 76' lang='grc' dir='ltr'>καὶ</span> <span class='ocrx_word' id='word_1_144' title='bbox 134 938 252 973; x_wconf 74' lang='grc' dir='ltr'>ἑτέρους</span> <span class='ocrx_word' id='word_1_145' title='bbox 277 939 318 970; x_wconf 84' lang='grc' dir='ltr'>είς</span> <span class='ocrx_word' id='word_1_146' title='bbox 333 940 363 965; x_wconf 78' lang='grc' dir='ltr'><strong>τὺ</strong></span> <span class='ocrx_word' id='word_1_147' title='bbox 391 939 486 984; x_wconf 57' lang='grc' dir='ltr'>ἄρχειν</span> <span class='ocrx_word' id='word_1_148' title='bbox 515 941 654 974; x_wconf 75' lang='grc' dir='ltr'>ὲτιιδὸξους</span> <span class='ocrx_word' id='word_1_149' title='bbox 671 943 817 978; x_wconf 76' lang='grc' dir='ltr'>ἐπαλαμή-</span> 
     </span>
    </p>
   </div>
   <div class='ocr_carea' id='block_1_23' title="bbox 21 984 817 1020">
    <p class='ocr_par' dir='ltr' id='par_1_23' title="bbox 21 984 817 1020">
     <span class='ocr_line' id='line_1_23' title="bbox 21 984 817 1020; baseline 0.009 -11"><span class='ocrx_word' id='word_1_150' title='bbox 21 992 97 1015; x_wconf 82' lang='grc' dir='ltr'>σατο,</span> <span class='ocrx_word' id='word_1_151' title='bbox 114 984 166 1011; x_wconf 75' lang='grc' dir='ltr'>καὶ</span> <span class='ocrx_word' id='word_1_152' title='bbox 201 985 239 1019; x_wconf 84' lang='grc' dir='ltr'>μὴ</span> <span class='ocrx_word' id='word_1_153' title='bbox 271 984 396 1018; x_wconf 78' lang='grc' dir='ltr'><strong>πρώτους</strong></span> <span class='ocrx_word' id='word_1_154' title='bbox 427 987 529 1019; x_wconf 77' lang='grc' dir='ltr'>αὐτοὺς</span> <span class='ocrx_word' id='word_1_155' title='bbox 543 988 590 1014; x_wconf 78' lang='grc' dir='ltr'>καὶ</span> <span class='ocrx_word' id='word_1_156' title='bbox 606 988 739 1020; x_wconf 80' lang='grc' dir='ltr'><strong>ὑστάτους</strong></span> <span class='ocrx_word' id='word_1_157' title='bbox 752 990 817 1016; x_wconf 76' lang='grc' dir='ltr'>κα).-</span> 
     </span>
    </p>
   </div>
   <div class='ocr_carea' id='block_1_24' title="bbox 21 1029 818 1067">
    <p class='ocr_par' dir='ltr' id='par_1_24' title="bbox 21 1029 818 1067">
     <span class='ocr_line' id='line_1_24' title="bbox 21 1029 818 1067; baseline 0.009 -12"><span class='ocrx_word' id='word_1_158' title='bbox 21 1030 129 1061; x_wconf 76' lang='grc' dir='ltr'>λίστους</span> <span class='ocrx_word' id='word_1_159' title='bbox 155 1029 313 1065; x_wconf 84' lang='grc' dir='ltr'>ἀνθρώπων</span> <span class='ocrx_word' id='word_1_160' title='bbox 339 1031 501 1067; x_wconf 77' lang='grc' dir='ltr'>ἐφύτευσεν.</span> <span class='ocrx_word' id='word_1_161' title='bbox 533 1033 640 1061; x_wconf 81' lang='grc' dir='ltr'>οὐκοῦν</span> <span class='ocrx_word' id='word_1_162' title='bbox 662 1035 709 1062; x_wconf 68' lang='grc' dir='ltr'>καὶ</span> <span class='ocrx_word' id='word_1_163' title='bbox 741 1035 818 1062; x_wconf 80' lang='grc' dir='ltr'>ἀντι-</span> 
     </span>
    </p>
   </div>
   <div class='ocr_carea' id='block_1_25' title="bbox 21 1075 819 1116">
    <p class='ocr_par' dir='ltr' id='par_1_25' title="bbox 21 1075 819 1116">
     <span class='ocr_line' id='line_1_25' title="bbox 21 1075 819 1116; baseline 0.009 -15"><span class='ocrx_word' id='word_1_164' title='bbox 21 1075 221 1110; x_wconf 60' lang='lat' dir='ltr'><strong>etp-tuumne:</strong></span> <span class='ocrx_word' id='word_1_165' title='bbox 233 1078 268 1102; x_wconf 79' lang='grc' dir='ltr'><strong>τὰ</strong></span> <span class='ocrx_word' id='word_1_166' title='bbox 284 1076 370 1104; x_wconf 85' lang='grc' dir='ltr'>πολλὰ</span> <span class='ocrx_word' id='word_1_167' title='bbox 381 1079 415 1113; x_wconf 85' lang='grc' dir='ltr'>τῇ</span> <span class='ocrx_word' id='word_1_168' title='bbox 428 1079 542 1115; x_wconf 82' lang='grc' dir='ltr'>προνοίᾳ</span> <span class='ocrx_word' id='word_1_169' title='bbox 550 1080 646 1115; x_wconf 79' lang='grc' dir='ltr'>καὶτῷ</span> <span class='ocrx_word' id='word_1_170' title='bbox 657 1081 721 1116; x_wconf 81' lang='grc' dir='ltr'>θείῳ</span> <span class='ocrx_word' id='word_1_171' title='bbox 733 1081 819 1116; x_wconf 79' lang='grc' dir='ltr'>ὑπέρ-</span> 
     </span>
    </p>
   </div>
   <div class='ocr_carea' id='block_1_26' title="bbox 21 1122 818 1159">
    <p class='ocr_par' dir='ltr' id='par_1_26' title="bbox 21 1122 818 1159">
     <span class='ocr_line' id='line_1_26' title="bbox 21 1122 818 1159; baseline 0.008 -12"><span class='ocrx_word' id='word_1_172' title='bbox 21 1122 98 1149; x_wconf 76' lang='grc' dir='ltr'>οπλον.</span> <span class='ocrx_word' id='word_1_173' title='bbox 129 1123 272 1156; x_wconf 80' lang='grc' dir='ltr'>γίνονται,</span> <span class='ocrx_word' id='word_1_174' title='bbox 315 1124 405 1151; x_wconf 78' lang='grc' dir='ltr'>πάντα</span> <span class='ocrx_word' id='word_1_175' title='bbox 434 1125 526 1159; x_wconf 75' lang='grc' dir='ltr'>ἀγαθὰ</span> <span class='ocrx_word' id='word_1_176' title='bbox 551 1126 584 1152; x_wconf 69' lang='grc' dir='ltr'>ἐκ</span> <span class='ocrx_word' id='word_1_177' title='bbox 607 1125 656 1153; x_wconf 80' lang='grc' dir='ltr'>τοῦ</span> <span class='ocrx_word' id='word_1_178' title='bbox 693 1127 818 1158; x_wconf 82' lang='grc' dir='ltr'>πλείονος</span> 
     </span>
    </p>
   </div>
   <div class='ocr_carea' id='block_1_27' title="bbox 21 1167 818 1206">
    <p class='ocr_par' dir='ltr' id='par_1_27' title="bbox 21 1167 818 1206">
     <span class='ocr_line' id='line_1_27' title="bbox 21 1167 818 1206; baseline 0.008 -13"><span class='ocrx_word' id='word_1_179' title='bbox 21 1167 238 1202; x_wconf 77' lang='grc' dir='ltr'>ὲχχορδεύοντες</span> <span class='ocrx_word' id='word_1_180' title='bbox 264 1169 313 1196; x_wconf 69' lang='grc' dir='ltr'>καὶ</span> <span class='ocrx_word' id='word_1_181' title='bbox 338 1169 376 1200; x_wconf 84' lang='grc' dir='ltr'>ὡς</span> <span class='ocrx_word' id='word_1_182' title='bbox 408 1169 516 1204; x_wconf 84' lang='grc' dir='ltr'>θύματα</span> <span class='ocrx_word' id='word_1_183' title='bbox 547 1171 758 1206; x_wconf 77' lang='grc' dir='ltr'>σφαγιάζοντες,</span> <span class='ocrx_word' id='word_1_184' title='bbox 781 1172 818 1204; x_wconf 83' lang='grc' dir='ltr'><strong>ὡς</strong></span> 
     </span>
    </p>
   </div>
   <div class='ocr_carea' id='block_1_28' title="bbox 22 1213 816 1254">
    <p class='ocr_par' dir='ltr' id='par_1_28' title="bbox 22 1213 816 1254">
     <span class='ocr_line' id='line_1_28' title="bbox 22 1213 816 1254; baseline 0.009 -15"><span class='ocrx_word' id='word_1_185' title='bbox 22 1215 109 1248; x_wconf 77' lang='grc' dir='ltr'>ιχοιεν</span> <span class='ocrx_word' id='word_1_186' title='bbox 136 1215 183 1249; x_wconf 70' lang='grc' dir='ltr'><strong>ἐφ’</strong></span> <span class='ocrx_word' id='word_1_187' title='bbox 206 1215 323 1250; x_wconf 77' lang='grc' dir='ltr'>ἡσυχίας</span> <span class='ocrx_word' id='word_1_188' title='bbox 346 1216 483 1251; x_wconf 76' lang='grc' dir='ltr'>δήπουθεν</span> <span class='ocrx_word' id='word_1_189' title='bbox 495 1213 568 1244; x_wconf 76' lang='grc' dir='ltr'>οὗτοι</span> <span class='ocrx_word' id='word_1_190' title='bbox 593 1218 700 1254; x_wconf 71' lang='grc' dir='ltr'>σπαθᾷν</span> <span class='ocrx_word' id='word_1_191' title='bbox 714 1218 762 1246; x_wconf 77' lang='grc' dir='ltr'>καὶ</span> <span class='ocrx_word' id='word_1_192' title='bbox 779 1219 816 1251; x_wconf 80' lang='grc' dir='ltr'>ὡς</span> 
     </span>
    </p>
   </div>
   <div class='ocr_carea' id='block_1_29' title="bbox 26 1260 817 1300">
    <p class='ocr_par' dir='ltr' id='par_1_29' title="bbox 26 1260 817 1300">
     <span class='ocr_line' id='line_1_29' title="bbox 26 1260 817 1300; baseline 0.008 -14"><span class='ocrx_word' id='word_1_193' title='bbox 26 1260 150 1295; x_wconf 65' lang='grc' dir='ltr'>πατρῷον</span> <span class='ocrx_word' id='word_1_194' title='bbox 164 1260 268 1295; x_wconf 79' lang='grc' dir='ltr'>κλῆρον</span> <span class='ocrx_word' id='word_1_195' title='bbox 287 1262 492 1297; x_wconf 77' lang='grc' dir='ltr'><strong>καθηδυπαθεῖν</strong></span> <span class='ocrx_word' id='word_1_196' title='bbox 511 1263 666 1298; x_wconf 80' lang='grc' dir='ltr'>μονώτατοι</span> <span class='ocrx_word' id='word_1_197' title='bbox 680 1266 714 1291; x_wconf 82' lang='grc' dir='ltr'>τὰ</span> <span class='ocrx_word' id='word_1_198' title='bbox 733 1265 817 1300; x_wconf 83' lang='grc' dir='ltr'>δημό-</span> 
     </span>
    </p>
   </div>
   <div class='ocr_carea' id='block_1_30' title="bbox 26 1306 818 1345">
    <p class='ocr_par' dir='ltr' id='par_1_30' title="bbox 26 1306 818 1345">
     <span class='ocr_line' id='line_1_30' title="bbox 26 1306 818 1345; baseline 0.008 -14"><span class='ocrx_word' id='word_1_199' title='bbox 26 1314 68 1332; x_wconf 81' lang='grc' dir='ltr'><strong>σια</strong></span> <span class='ocrx_word' id='word_1_200' title='bbox 80 1306 131 1332; x_wconf 81' lang='grc' dir='ltr'>καὶ</span> <span class='ocrx_word' id='word_1_201' title='bbox 143 1306 182 1338; x_wconf 79' lang='grc' dir='ltr'><strong>ὡς</strong></span> <span class='ocrx_word' id='word_1_202' title='bbox 195 1307 376 1342; x_wconf 74' lang='grc' dir='ltr'>ἀνδραπόδοις</span> <span class='ocrx_word' id='word_1_203' title='bbox 388 1308 508 1343; x_wconf 81' lang='grc' dir='ltr'>χρῆσθαι</span> <span class='ocrx_word' id='word_1_204' title='bbox 524 1311 580 1341; x_wconf 83' lang='grc' dir='ltr'>τοῖς</span> <span class='ocrx_word' id='word_1_205' title='bbox 594 1309 752 1345; x_wconf 77' lang='grc' dir='ltr'>ἐλευθέροις</span> <span class='ocrx_word' id='word_1_206' title='bbox 771 1311 818 1338; x_wconf 79' lang='grc' dir='ltr'>καὶ</span> 
     </span>
    </p>
   </div>
   <div class='ocr_carea' id='block_1_31' title="bbox 25 1353 817 1393">
    <p class='ocr_par' dir='ltr' id='par_1_31' title="bbox 25 1353 817 1393">
     <span class='ocr_line' id='line_1_31' title="bbox 25 1353 817 1393; baseline 0.006 -14"><span class='ocrx_word' id='word_1_207' title='bbox 25 1353 58 1384; x_wconf 80' lang='grc' dir='ltr'>ὼς</span> <span class='ocrx_word' id='word_1_208' title='bbox 72 1353 191 1388; x_wconf 80' lang='grc' dir='ltr'><strong>ὠνητοῖς</strong></span> <span class='ocrx_word' id='word_1_209' title='bbox 201 1355 260 1386; x_wconf 84' lang='grc' dir='ltr'>τοῖς</span> <span class='ocrx_word' id='word_1_210' title='bbox 272 1354 434 1390; x_wconf 77' lang='grc' dir='ltr'>ἀξιωτέροις</span> <span class='ocrx_word' id='word_1_211' title='bbox 447 1356 534 1382; x_wconf 69' lang='grc' dir='ltr'>ἐνίοτε</span> <span class='ocrx_word' id='word_1_212' title='bbox 550 1357 647 1391; x_wconf 69' lang='grc' dir='ltr'>ἄρχειν</span> <span class='ocrx_word' id='word_1_213' title='bbox 661 1358 817 1393; x_wconf 73' lang='grc' dir='ltr'>προσφέρε-</span> 
     </span>
    </p>
   </div>
   <div class='ocr_carea' id='block_1_32' title="bbox 29 1399 815 1438">
    <p class='ocr_par' dir='ltr' id='par_1_32' title="bbox 29 1399 815 1438">
     <span class='ocr_line' id='line_1_32' title="bbox 29 1399 815 1438; baseline 0.005 -12"><span class='ocrx_word' id='word_1_214' title='bbox 29 1399 98 1431; x_wconf 77' lang='grc' dir='ltr'>σθαι,</span> <span class='ocrx_word' id='word_1_215' title='bbox 110 1400 207 1432; x_wconf 85' lang='grc' dir='ltr'>κακῶς</span> <span class='ocrx_word' id='word_1_216' title='bbox 224 1400 328 1432; x_wconf 78' lang='grc' dir='ltr'>ειδότες</span> <span class='ocrx_word' id='word_1_217' title='bbox 338 1401 427 1428; x_wconf 81' lang='grc' dir='ltr'>καὶτὸ</span> <span class='ocrx_word' id='word_1_218' title='bbox 441 1403 550 1437; x_wconf 72' lang='grc' dir='ltr'>φρονεῖν</span> <span class='ocrx_word' id='word_1_219' title='bbox 565 1403 617 1429; x_wconf 84' lang='grc' dir='ltr'><strong>ὑπὸ</strong></span> <span class='ocrx_word' id='word_1_220' title='bbox 629 1403 678 1438; x_wconf 79' lang='grc' dir='ltr'>τῆς</span> <span class='ocrx_word' id='word_1_221' title='bbox 693 1404 815 1436; x_wconf 76' lang='grc' dir='ltr'>ἐξουσίας</span> 
     </span>
    </p>
   </div>
   <div class='ocr_carea' id='block_1_33' title="bbox 27 1446 816 1484">
    <p class='ocr_par' dir='ltr' id='par_1_33' title="bbox 27 1446 816 1484">
     <span class='ocr_line' id='line_1_33' title="bbox 27 1446 816 1484; baseline 0.008 -12"><span class='ocrx_word' id='word_1_222' title='bbox 27 1446 198 1481; x_wconf 68' lang='grc' dir='ltr'>ἀφῃρημένοι</span> <span class='ocrx_word' id='word_1_223' title='bbox 215 1447 263 1473; x_wconf 77' lang='grc' dir='ltr'>καὶ</span> <span class='ocrx_word' id='word_1_224' title='bbox 287 1447 462 1479; x_wconf 67' lang='grc' dir='ltr'>κακοϐούλως</span> <span class='ocrx_word' id='word_1_225' title='bbox 488 1448 542 1475; x_wconf 83' lang='grc' dir='ltr'>τῶν</span> <span class='ocrx_word' id='word_1_226' title='bbox 559 1449 695 1484; x_wconf 78' lang='grc' dir='ltr'>πρόιριτα</span> <span class='ocrx_word' id='word_1_227' title='bbox 718 1450 816 1478; x_wconf 62' lang='grc' dir='ltr'>λανθαη</span> 
     </span>
    </p>
   </div>
   <div class='ocr_carea' id='block_1_34' title="bbox 876 202 1665 239">
    <p class='ocr_par' dir='ltr' id='par_1_34' title="bbox 876 202 1665 239">
     <span class='ocr_line' id='line_1_34' title="bbox 876 202 1665 239; baseline 0.005 -10"><span class='ocrx_word' id='word_1_228' title='bbox 876 211 930 237; x_wconf 84' lang='lat' dir='ltr'><strong>que</strong></span> <span class='ocrx_word' id='word_1_229' title='bbox 962 203 1102 238; x_wconf 82' lang='lat' dir='ltr'><strong>principes</strong></span> <span class='ocrx_word' id='word_1_230' title='bbox 1130 202 1301 230; x_wconf 81' lang='lat' dir='ltr'><strong>formidolosi</strong></span> <span class='ocrx_word' id='word_1_231' title='bbox 1329 207 1395 230; x_wconf 86' lang='lat' dir='ltr'><strong>sunt</strong></span> <span class='ocrx_word' id='word_1_232' title='bbox 1420 205 1588 239; x_wconf 81' lang='lat' dir='ltr'><strong>suspicaees.</strong></span> <span class='ocrx_word' id='word_1_233' title='bbox 1613 214 1665 234; x_wconf 86' lang='lat' dir='ltr'><strong>nec</strong></span> 
     </span>
    </p>
   </div>
   <div class='ocr_carea' id='block_1_35' title="bbox 876 249 1666 280">
    <p class='ocr_par' dir='ltr' id='par_1_35' title="bbox 876 249 1666 280">
     <span class='ocr_line' id='line_1_35' title="bbox 876 249 1666 280; baseline 0.004 -3"><span class='ocrx_word' id='word_1_234' title='bbox 876 250 984 277; x_wconf 89' lang='lat' dir='ltr'><strong>inferno</strong></span> <span class='ocrx_word' id='word_1_235' title='bbox 996 254 1024 276; x_wconf 89' lang='lat' dir='ltr'><strong>et</strong></span> <span class='ocrx_word' id='word_1_236' title='bbox 1041 253 1129 277; x_wconf 83' lang='lat' dir='ltr'><strong>morte</strong></span> <span class='ocrx_word' id='word_1_237' title='bbox 1153 249 1347 278; x_wconf 75' lang='lat' dir='ltr'><strong>clementiores</strong></span> <span class='ocrx_word' id='word_1_238' title='bbox 1367 250 1393 277; x_wconf 91' lang='lat' dir='ltr'><strong>in</strong></span> <span class='ocrx_word' id='word_1_239' title='bbox 1408 251 1475 278; x_wconf 78' lang='lat' dir='ltr'><strong>viris</strong></span> <span class='ocrx_word' id='word_1_240' title='bbox 1485 251 1627 280; x_wconf 87' lang='lat' dir='ltr'><strong>nobilibus</strong></span> <span class='ocrx_word' id='word_1_241' title='bbox 1637 258 1666 280; x_wconf 85' lang='lat' dir='ltr'><strong>et</strong></span> 
     </span>
    </p>
   </div>
   <div class='ocr_carea' id='block_1_36' title="bbox 874 295 1664 332">
    <p class='ocr_par' dir='ltr' id='par_1_36' title="bbox 874 295 1664 332">
     <span class='ocr_line' id='line_1_36' title="bbox 874 295 1664 332; baseline 0.004 -10"><span class='ocrx_word' id='word_1_242' title='bbox 874 296 1017 330; x_wconf 76' lang='lat' dir='ltr'><strong>generosis</strong></span> <span class='ocrx_word' id='word_1_243' title='bbox 1045 303 1060 322; x_wconf 91' lang='lat' dir='ltr'><strong>e</strong></span> <span class='ocrx_word' id='word_1_244' title='bbox 1086 295 1177 322; x_wconf 85' lang='lat' dir='ltr'><strong>medio</strong></span> <span class='ocrx_word' id='word_1_245' title='bbox 1205 295 1351 328; x_wconf 81' lang='lat' dir='ltr'><strong>tollendis,-</strong></span> <span class='ocrx_word' id='word_1_246' title='bbox 1379 301 1407 323; x_wconf 83' lang='lat' dir='ltr'><strong>et</strong></span> <span class='ocrx_word' id='word_1_247' title='bbox 1432 301 1463 324; x_wconf 92' lang='lat' dir='ltr'><strong>ut</strong></span> <span class='ocrx_word' id='word_1_248' title='bbox 1486 297 1547 324; x_wconf 66' lang='lat' dir='ltr'><strong>altae</strong></span> <span class='ocrx_word' id='word_1_249' title='bbox 1578 298 1664 332; x_wconf 67' lang='lat' dir='ltr'><strong>picea:</strong></span> 
     </span>
    </p>
   </div>
   <div class='ocr_carea' id='block_1_37' title="bbox 874 341 1664 376">
    <p class='ocr_par' dir='ltr' id='par_1_37' title="bbox 874 341 1664 376">
     <span class='ocr_line' id='line_1_37' title="bbox 874 341 1664 376; baseline 0.003 -8"><span class='ocrx_word' id='word_1_250' title='bbox 874 342 1016 369; x_wconf 86' lang='lat' dir='ltr'><strong>levissimo</strong></span> <span class='ocrx_word' id='word_1_251' title='bbox 1041 346 1124 369; x_wconf 81' lang='lat' dir='ltr'><strong>vento</strong></span> <span class='ocrx_word' id='word_1_252' title='bbox 1152 341 1277 376; x_wconf 69' lang='lat' dir='ltr'><strong>impulsae</strong></span> <span class='ocrx_word' id='word_1_253' title='bbox 1304 350 1443 369; x_wconf 87' lang='lat' dir='ltr'><strong>ramorum</strong></span> <span class='ocrx_word' id='word_1_254' title='bbox 1470 343 1573 370; x_wconf 83' lang='lat' dir='ltr'><strong>aculeis</strong></span> <span class='ocrx_word' id='word_1_255' title='bbox 1592 345 1664 371; x_wconf 87' lang='lat' dir='ltr'><strong>inter</strong></span> 
     </span>
    </p>
   </div>
   <div class='ocr_carea' id='block_1_38' title="bbox 874 388 1663 425">
    <p class='ocr_par' dir='ltr' id='par_1_38' title="bbox 874 388 1663 425">
     <span class='ocr_line' id='line_1_38' title="bbox 874 388 1663 425; baseline 0.001 -9"><span class='ocrx_word' id='word_1_256' title='bbox 874 396 903 416; x_wconf 88' lang='lat' dir='ltr'><strong>se</strong></span> <span class='ocrx_word' id='word_1_257' title='bbox 920 388 1023 416; x_wconf 83' lang='lat' dir='ltr'><strong>collisis</strong></span> <span class='ocrx_word' id='word_1_258' title='bbox 1037 388 1169 421; x_wconf 82' lang='lat' dir='ltr'><strong>stridunt,</strong></span> <span class='ocrx_word' id='word_1_259' title='bbox 1185 389 1226 415; x_wconf 89' lang='lat' dir='ltr'><strong>sic</strong></span> <span class='ocrx_word' id='word_1_260' title='bbox 1243 388 1294 422; x_wconf 79' lang='lat' dir='ltr'><strong>ipsi</strong></span> <span class='ocrx_word' id='word_1_261' title='bbox 1315 393 1343 415; x_wconf 86' lang='lat' dir='ltr'><strong>et</strong></span> <span class='ocrx_word' id='word_1_262' title='bbox 1367 389 1481 416; x_wconf 73' lang='lat' dir='ltr'><strong>divitem</strong></span> <span class='ocrx_word' id='word_1_263' title='bbox 1504 395 1663 425; x_wconf 80' lang='lat' dir='ltr'><strong>suspectum</strong></span> 
     </span>
    </p>
   </div>
   <div class='ocr_carea' id='block_1_39' title="bbox 874 434 1664 469">
    <p class='ocr_par' dir='ltr' id='par_1_39' title="bbox 874 434 1664 469">
     <span class='ocr_line' id='line_1_39' title="bbox 874 434 1664 469; baseline 0.003 -7"><span class='ocrx_word' id='word_1_264' title='bbox 874 434 978 462; x_wconf 90' lang='lat' dir='ltr'><strong>habent</strong></span> <span class='ocrx_word' id='word_1_265' title='bbox 993 439 1020 462; x_wconf 87' lang='lat' dir='ltr'><strong>et</strong></span> <span class='ocrx_word' id='word_1_266' title='bbox 1040 435 1203 462; x_wconf 72' lang='lat' dir='ltr'><strong>fortitudine</strong></span> <span class='ocrx_word' id='word_1_267' title='bbox 1218 435 1354 469; x_wconf 78' lang='lat' dir='ltr'><strong>insignem</strong></span> <span class='ocrx_word' id='word_1_268' title='bbox 1367 435 1522 463; x_wconf 88' lang='lat' dir='ltr'><strong>formidant.</strong></span> <span class='ocrx_word' id='word_1_269' title='bbox 1541 437 1596 464; x_wconf 85' lang='lat' dir='ltr'><strong>Nec</strong></span> <span class='ocrx_word' id='word_1_270' title='bbox 1608 439 1664 464; x_wconf 86' lang='lat' dir='ltr'><strong>for-</strong></span> 
     </span>
    </p>
   </div>
   <div class='ocr_carea' id='block_1_40' title="bbox 874 482 1664 518">
    <p class='ocr_par' dir='ltr' id='par_1_40' title="bbox 874 482 1664 518">
     <span class='ocr_line' id='line_1_40' title="bbox 874 482 1664 518; baseline 0.001 -9"><span class='ocrx_word' id='word_1_271' title='bbox 874 489 918 509; x_wconf 90' lang='lat' dir='ltr'><strong>ma</strong></span> <span class='ocrx_word' id='word_1_272' title='bbox 931 490 982 509; x_wconf 93' lang='lat' dir='ltr'><strong>nec</strong></span> <span class='ocrx_word' id='word_1_273' title='bbox 1000 482 1127 509; x_wconf 83' lang='lat' dir='ltr'><strong>facundia</strong></span> <span class='ocrx_word' id='word_1_274' title='bbox 1142 489 1192 509; x_wconf 86' lang='lat' dir='ltr'><strong>nec</strong></span> <span class='ocrx_word' id='word_1_275' title='bbox 1209 489 1316 509; x_wconf 91' lang='lat' dir='ltr'><strong>morum</strong></span> <span class='ocrx_word' id='word_1_276' title='bbox 1335 482 1451 508; x_wconf 78' lang='lat' dir='ltr'><strong>comitas</strong></span> <span class='ocrx_word' id='word_1_277' title='bbox 1463 483 1576 517; x_wconf 75' lang='lat' dir='ltr'><strong>insignis</strong></span> <span class='ocrx_word' id='word_1_278' title='bbox 1587 485 1664 518; x_wconf 90' lang='lat' dir='ltr'><strong>quie—</strong></span> 
     </span>
    </p>
   </div>
   <div class='ocr_carea' id='block_1_41' title="bbox 873 527 1662 562">
    <p class='ocr_par' dir='ltr' id='par_1_41' title="bbox 873 527 1662 562">
     <span class='ocr_line' id='line_1_41' title="bbox 873 527 1662 562; baseline -0.001 -7"><span class='ocrx_word' id='word_1_279' title='bbox 873 531 914 555; x_wconf 81' lang='lat' dir='ltr'><strong>tos</strong></span> <span class='ocrx_word' id='word_1_280' title='bbox 934 534 982 555; x_wconf 85' lang='lat' dir='ltr'><strong>eos</strong></span> <span class='ocrx_word' id='word_1_281' title='bbox 1002 535 1063 554; x_wconf 84' lang='lat' dir='ltr'><strong>esse</strong></span> <span class='ocrx_word' id='word_1_282' title='bbox 1084 528 1237 562; x_wconf 88' lang='lat' dir='ltr'><strong>patiuntur,</strong></span> <span class='ocrx_word' id='word_1_283' title='bbox 1254 527 1301 555; x_wconf 88' lang='lat' dir='ltr'><strong>sed</strong></span> <span class='ocrx_word' id='word_1_284' title='bbox 1316 527 1389 554; x_wconf 91' lang='lat' dir='ltr'><strong>omni</strong></span> <span class='ocrx_word' id='word_1_285' title='bbox 1406 535 1476 562; x_wconf 86' lang='lat' dir='ltr'><strong>pene</strong></span> <span class='ocrx_word' id='word_1_286' title='bbox 1489 529 1552 555; x_wconf 76' lang='lat' dir='ltr'><strong>vita:</strong></span> <span class='ocrx_word' id='word_1_287' title='bbox 1569 529 1662 555; x_wconf 83' lang='lat' dir='ltr'><strong>suavi-</strong></span> 
     </span>
    </p>
   </div>
   <div class='ocr_carea' id='block_1_42' title="bbox 872 573 1664 608">
    <p class='ocr_par' dir='ltr' id='par_1_42' title="bbox 872 573 1664 608">
     <span class='ocr_line' id='line_1_42' title="bbox 872 573 1664 608; baseline 0.001 -8"><span class='ocrx_word' id='word_1_288' title='bbox 872 577 926 600; x_wconf 92' lang='lat' dir='ltr'><strong>tate</strong></span> <span class='ocrx_word' id='word_1_289' title='bbox 959 574 1080 608; x_wconf 84' lang='lat' dir='ltr'><strong>privam,</strong></span> <span class='ocrx_word' id='word_1_290' title='bbox 1111 574 1180 601; x_wconf 88' lang='lat' dir='ltr'><strong>adeo</strong></span> <span class='ocrx_word' id='word_1_291' title='bbox 1215 578 1244 600; x_wconf 92' lang='lat' dir='ltr'><strong>ut</strong></span> <span class='ocrx_word' id='word_1_292' title='bbox 1272 577 1398 600; x_wconf 84' lang='lat' dir='ltr'><strong>naturam</strong></span> <span class='ocrx_word' id='word_1_293' title='bbox 1424 573 1510 608; x_wconf 87' lang='lat' dir='ltr'><strong>ipsam</strong></span> <span class='ocrx_word' id='word_1_294' title='bbox 1532 579 1664 602; x_wconf 81' lang='lat' dir='ltr'><strong>accusent</strong></span> 
     </span>
    </p>
   </div>
   <div class='ocr_carea' id='block_1_43' title="bbox 871 619 1663 654">
    <p class='ocr_par' dir='ltr' id='par_1_43' title="bbox 871 619 1663 654">
     <span class='ocr_line' id='line_1_43' title="bbox 871 619 1663 654; baseline 0 -8"><span class='ocrx_word' id='word_1_295' title='bbox 871 619 944 654; x_wconf 88' lang='lat' dir='ltr'><strong>quod</strong></span> <span class='ocrx_word' id='word_1_296' title='bbox 969 619 1037 647; x_wconf 90' lang='lat' dir='ltr'><strong>alios</strong></span> <span class='ocrx_word' id='word_1_297' title='bbox 1062 620 1144 646; x_wconf 90' lang='lat' dir='ltr'><strong>etiam</strong></span> <span class='ocrx_word' id='word_1_298' title='bbox 1172 619 1288 646; x_wconf 84' lang='lat' dir='ltr'><strong>idoneos</strong></span> <span class='ocrx_word' id='word_1_299' title='bbox 1319 619 1437 653; x_wconf 88' lang='lat' dir='ltr'><strong>imperio</strong></span> <span class='ocrx_word' id='word_1_300' title='bbox 1464 619 1590 646; x_wconf 89' lang='lat' dir='ltr'><strong>formarit</strong></span> <span class='ocrx_word' id='word_1_301' title='bbox 1611 627 1663 646; x_wconf 89' lang='lat' dir='ltr'><strong>nec</strong></span> 
     </span>
    </p>
   </div>
   <div class='ocr_carea' id='block_1_44' title="bbox 871 664 1663 700">
    <p class='ocr_par' dir='ltr' id='par_1_44' title="bbox 871 664 1663 700">
     <span class='ocr_line' id='line_1_44' title="bbox 871 664 1663 700; baseline 0.001 -10"><span class='ocrx_word' id='word_1_302' title='bbox 871 664 945 699; x_wconf 75' lang='lat' dir='ltr'><strong>ipsos</strong></span> <span class='ocrx_word' id='word_1_303' title='bbox 958 665 1061 700; x_wconf 85' lang='lat' dir='ltr'><strong>primos</strong></span> <span class='ocrx_word' id='word_1_304' title='bbox 1078 669 1106 692; x_wconf 85' lang='lat' dir='ltr'><strong>et</strong></span> <span class='ocrx_word' id='word_1_305' title='bbox 1121 669 1274 699; x_wconf 83' lang='lat' dir='ltr'><strong>postremos</strong></span> <span class='ocrx_word' id='word_1_306' title='bbox 1289 665 1413 691; x_wconf 91' lang='lat' dir='ltr'><strong>omnium</strong></span> <span class='ocrx_word' id='word_1_307' title='bbox 1426 665 1583 691; x_wconf 78' lang='lat' dir='ltr'><strong>mortalium</strong></span> <span class='ocrx_word' id='word_1_308' title='bbox 1601 665 1663 698; x_wconf 82' lang='lat' dir='ltr'><strong>pul-</strong></span> 
     </span>
    </p>
   </div>
   <div class='ocr_carea' id='block_1_45' title="bbox 871 710 1664 746">
    <p class='ocr_par' dir='ltr' id='par_1_45' title="bbox 871 710 1664 746">
     <span class='ocr_line' id='line_1_45' title="bbox 871 710 1664 746; baseline 0.003 -10"><span class='ocrx_word' id='word_1_309' title='bbox 871 711 1026 738; x_wconf 80' lang='lat' dir='ltr'><strong>cherrimos</strong></span> <span class='ocrx_word' id='word_1_310' title='bbox 1049 710 1170 744; x_wconf 76' lang='lat' dir='ltr'><strong>ﬁnxerit,</strong></span> <span class='ocrx_word' id='word_1_311' title='bbox 1197 711 1351 746; x_wconf 59' lang='lat' dir='ltr'><strong>divinaeque</strong></span> <span class='ocrx_word' id='word_1_312' title='bbox 1370 711 1554 738; x_wconf 63' lang='lat' dir='ltr'><strong>Providentiae</strong></span> <span class='ocrx_word' id='word_1_313' title='bbox 1580 719 1664 746; x_wconf 76' lang='lat' dir='ltr'><strong>repu-</strong></span> 
     </span>
    </p>
   </div>
   <div class='ocr_carea' id='block_1_46' title="bbox 870 755 1664 790">
    <p class='ocr_par' dir='ltr' id='par_1_46' title="bbox 870 755 1664 790">
     <span class='ocr_line' id='line_1_46' title="bbox 870 755 1664 790; baseline 0.001 -9"><span class='ocrx_word' id='word_1_314' title='bbox 870 760 964 788; x_wconf 74' lang='lat' dir='ltr'><strong>guent,</strong></span> <span class='ocrx_word' id='word_1_315' title='bbox 974 760 1000 781; x_wconf 86' lang='lat' dir='ltr'><strong>et</strong></span> <span class='ocrx_word' id='word_1_316' title='bbox 1012 755 1146 789; x_wconf 89' lang='lat' dir='ltr'><strong>optimum</strong></span> <span class='ocrx_word' id='word_1_317' title='bbox 1156 763 1294 790; x_wconf 85' lang='lat' dir='ltr'><strong>quemque</strong></span> <span class='ocrx_word' id='word_1_318' title='bbox 1310 755 1427 782; x_wconf 85' lang='lat' dir='ltr'><strong>tollante</strong></span> <span class='ocrx_word' id='word_1_319' title='bbox 1438 756 1530 782; x_wconf 88' lang='lat' dir='ltr'><strong>medio</strong></span> <span class='ocrx_word' id='word_1_320' title='bbox 1538 760 1565 782; x_wconf 85' lang='lat' dir='ltr'><strong>et</strong></span> <span class='ocrx_word' id='word_1_321' title='bbox 1577 756 1664 783; x_wconf 88' lang='lat' dir='ltr'><strong>iustar</strong></span> 
     </span>
    </p>
   </div>
   <div class='ocr_carea' id='block_1_47' title="bbox 870 799 1666 834">
    <p class='ocr_par' dir='ltr' id='par_1_47' title="bbox 870 799 1666 834">
     <span class='ocr_line' id='line_1_47' title="bbox 870 799 1666 834; baseline 0.003 -9"><span class='ocrx_word' id='word_1_322' title='bbox 870 799 1020 826; x_wconf 80' lang='lat' dir='ltr'><strong>hostiarum</strong></span> <span class='ocrx_word' id='word_1_323' title='bbox 1038 799 1208 832; x_wconf 78' lang='lat' dir='ltr'><strong>sacrificent,</strong></span> <span class='ocrx_word' id='word_1_324' title='bbox 1231 800 1310 834; x_wconf 76' lang='lat'><strong>187</strong></span> <span class='ocrx_word' id='word_1_325' title='bbox 1335 805 1365 827; x_wconf 90' lang='lat' dir='ltr'><strong>ut</strong></span> <span class='ocrx_word' id='word_1_326' title='bbox 1380 801 1430 834; x_wconf 85' lang='lat' dir='ltr'><strong>ipsi</strong></span> <span class='ocrx_word' id='word_1_327' title='bbox 1447 806 1537 827; x_wconf 88' lang='lat' dir='ltr'><strong>metus</strong></span> <span class='ocrx_word' id='word_1_328' title='bbox 1549 804 1577 827; x_wconf 90' lang='lat' dir='ltr'><strong>et</strong></span> <span class='ocrx_word' id='word_1_329' title='bbox 1591 800 1666 834; x_wconf 85' lang='lat' dir='ltr'><strong>peri-</strong></span> 
     </span>
    </p>
   </div>
   <div class='ocr_carea' id='block_1_48' title="bbox 870 845 1663 881">
    <p class='ocr_par' dir='ltr' id='par_1_48' title="bbox 870 845 1663 881">
     <span class='ocr_line' id='line_1_48' title="bbox 870 845 1663 881; baseline 0.003 -9"><span class='ocrx_word' id='word_1_330' title='bbox 870 845 924 872; x_wconf 90' lang='lat' dir='ltr'><strong>culi</strong></span> <span class='ocrx_word' id='word_1_331' title='bbox 940 850 1068 879; x_wconf 83' lang='lat' dir='ltr'><strong>expertes</strong></span> <span class='ocrx_word' id='word_1_332' title='bbox 1082 846 1191 880; x_wconf 86' lang='lat' dir='ltr'><strong>publica</strong></span> <span class='ocrx_word' id='word_1_333' title='bbox 1215 847 1359 881; x_wconf 78' lang='lat' dir='ltr'><strong>vectigalia</strong></span> <span class='ocrx_word' id='word_1_334' title='bbox 1374 851 1504 881; x_wconf 85' lang='lat' dir='ltr'><strong>tanquam</strong></span> <span class='ocrx_word' id='word_1_335' title='bbox 1524 847 1663 881; x_wconf 83' lang='lat' dir='ltr'><strong>privatum</strong></span> 
     </span>
    </p>
   </div>
   <div class='ocr_carea' id='block_1_49' title="bbox 869 891 1664 928">
    <p class='ocr_par' dir='ltr' id='par_1_49' title="bbox 869 891 1664 928">
     <span class='ocr_line' id='line_1_49' title="bbox 869 891 1664 928; baseline 0.005 -11"><span class='ocrx_word' id='word_1_336' title='bbox 869 891 1068 926; x_wconf 80' lang='lat' dir='ltr'><strong>patrimonium</strong></span> <span class='ocrx_word' id='word_1_337' title='bbox 1080 899 1129 926; x_wconf 86' lang='lat' dir='ltr'><strong>pro</strong></span> <span class='ocrx_word' id='word_1_338' title='bbox 1140 900 1189 919; x_wconf 82' lang='lat' dir='ltr'><strong>sua</strong></span> <span class='ocrx_word' id='word_1_339' title='bbox 1203 892 1318 920; x_wconf 86' lang='lat' dir='ltr'><strong>libidine</strong></span> <span class='ocrx_word' id='word_1_340' title='bbox 1331 892 1474 920; x_wconf 73' lang='lat' dir='ltr'><strong>effundere</strong></span> <span class='ocrx_word' id='word_1_341' title='bbox 1491 897 1518 920; x_wconf 86' lang='lat' dir='ltr'><strong>et</strong></span> <span class='ocrx_word' id='word_1_342' title='bbox 1530 893 1664 928; x_wconf 72' lang='lat' dir='ltr'><strong>ingenuos</strong></span> 
     </span>
    </p>
   </div>
   <div class='ocr_carea' id='block_1_50' title="bbox 870 937 1663 974">
    <p class='ocr_par' dir='ltr' id='par_1_50' title="bbox 870 937 1663 974">
     <span class='ocr_line' id='line_1_50' title="bbox 870 937 1663 974; baseline 0.004 -11"><span class='ocrx_word' id='word_1_343' title='bbox 870 937 997 964; x_wconf 85' lang='lat' dir='ltr'><strong>homines</strong></span> <span class='ocrx_word' id='word_1_344' title='bbox 1025 946 1076 972; x_wconf 91' lang='lat' dir='ltr'><strong>pro</strong></span> <span class='ocrx_word' id='word_1_345' title='bbox 1099 939 1243 973; x_wconf 85' lang='lat' dir='ltr'><strong>mancipiis</strong></span> <span class='ocrx_word' id='word_1_346' title='bbox 1263 944 1380 966; x_wconf 78' lang='lat' dir='ltr'><strong>tractare</strong></span> <span class='ocrx_word' id='word_1_347' title='bbox 1406 940 1524 972; x_wconf 83' lang='lat' dir='ltr'><strong>possint,</strong></span> <span class='ocrx_word' id='word_1_348' title='bbox 1547 939 1594 974; x_wconf 85' lang='lat' dir='ltr'><strong>qui</strong></span> <span class='ocrx_word' id='word_1_349' title='bbox 1610 939 1663 966; x_wconf 76' lang='lat' dir='ltr'><strong>ali-</strong></span> 
     </span>
    </p>
   </div>
   <div class='ocr_carea' id='block_1_51' title="bbox 869 984 1662 1020">
    <p class='ocr_par' dir='ltr' id='par_1_51' title="bbox 869 984 1662 1020">
     <span class='ocr_line' id='line_1_51' title="bbox 869 984 1662 1020; baseline 0.005 -11"><span class='ocrx_word' id='word_1_350' title='bbox 869 984 979 1017; x_wconf 80' lang='lat' dir='ltr'><strong>quando</strong></span> <span class='ocrx_word' id='word_1_351' title='bbox 997 984 1065 1018; x_wconf 86' lang='lat' dir='ltr'><strong>ipsis</strong></span> <span class='ocrx_word' id='word_1_352' title='bbox 1079 988 1143 1011; x_wconf 90' lang='lat' dir='ltr'><strong>sunt</strong></span> <span class='ocrx_word' id='word_1_353' title='bbox 1162 984 1278 1019; x_wconf 89' lang='lat' dir='ltr'><strong>imperio</strong></span> <span class='ocrx_word' id='word_1_354' title='bbox 1294 985 1443 1020; x_wconf 81' lang='lat' dir='ltr'><strong>digniores.</strong></span> <span class='ocrx_word' id='word_1_355' title='bbox 1469 985 1508 1012; x_wconf 85' lang='lat' dir='ltr'><strong>Ita</strong></span> <span class='ocrx_word' id='word_1_356' title='bbox 1531 987 1662 1020; x_wconf 66' lang='lat' dir='ltr'><strong>potentia</strong></span> 
     </span>
    </p>
   </div>
   <div class='ocr_carea' id='block_1_52' title="bbox 870 1028 1662 1066">
    <p class='ocr_par' dir='ltr' id='par_1_52' title="bbox 870 1028 1662 1066">
     <span class='ocr_line' id='line_1_52' title="bbox 870 1028 1662 1066; baseline 0.005 -11"><span class='ocrx_word' id='word_1_357' title='bbox 870 1028 1009 1063; x_wconf 83' lang='lat' dir='ltr'><strong>fastigium</strong></span> <span class='ocrx_word' id='word_1_358' title='bbox 1034 1029 1210 1064; x_wconf 88' lang='lat' dir='ltr'><strong>prudentiam</strong></span> <span class='ocrx_word' id='word_1_359' title='bbox 1233 1031 1273 1057; x_wconf 83' lang='lat' dir='ltr'><strong>eis</strong></span> <span class='ocrx_word' id='word_1_360' title='bbox 1290 1031 1397 1063; x_wconf 83' lang='lat' dir='ltr'><strong>adimit,</strong></span> <span class='ocrx_word' id='word_1_361' title='bbox 1414 1036 1441 1058; x_wconf 89' lang='lat' dir='ltr'><strong>et</strong></span> <span class='ocrx_word' id='word_1_362' title='bbox 1457 1032 1578 1066; x_wconf 83' lang='lat' dir='ltr'><strong>pristime</strong></span> <span class='ocrx_word' id='word_1_363' title='bbox 1594 1040 1662 1059; x_wconf 90' lang='lat' dir='ltr'><strong>con-</strong></span> 
     </span>
    </p>
   </div>
   <div class='ocr_carea' id='block_1_53' title="bbox 869 1075 1663 1112">
    <p class='ocr_par' dir='ltr' id='par_1_53' title="bbox 869 1075 1663 1112">
     <span class='ocr_line' id='line_1_53' title="bbox 869 1075 1663 1112; baseline 0.004 -11"><span class='ocrx_word' id='word_1_364' title='bbox 869 1075 984 1102; x_wconf 80' lang='lat' dir='ltr'><strong>ditionis</strong></span> <span class='ocrx_word' id='word_1_365' title='bbox 999 1075 1112 1102; x_wconf 87' lang='lat' dir='ltr'><strong>stultam</strong></span> <span class='ocrx_word' id='word_1_366' title='bbox 1124 1075 1291 1102; x_wconf 79' lang='lat' dir='ltr'><strong>oblivionem</strong></span> <span class='ocrx_word' id='word_1_367' title='bbox 1306 1076 1397 1103; x_wconf 80' lang='lat' dir='ltr'><strong>alfert.</strong></span> <span class='ocrx_word' id='word_1_368' title='bbox 1416 1077 1462 1104; x_wconf 86' lang='lat' dir='ltr'><strong>Sic</strong></span> <span class='ocrx_word' id='word_1_369' title='bbox 1473 1077 1579 1104; x_wconf 80' lang='lat' dir='ltr'><strong>Manuel</strong></span> <span class='ocrx_word' id='word_1_370' title='bbox 1591 1085 1663 1112; x_wconf 88' lang='lat' dir='ltr'><strong>quo-</strong></span> 
     </span>
    </p>
   </div>
   <div class='ocr_carea' id='block_1_54' title="bbox 870 1121 1662 1156">
    <p class='ocr_par' dir='ltr' id='par_1_54' title="bbox 870 1121 1662 1156">
     <span class='ocr_line' id='line_1_54' title="bbox 870 1121 1662 1156; baseline 0.005 -10"><span class='ocrx_word' id='word_1_371' title='bbox 870 1128 925 1155; x_wconf 90' lang='lat' dir='ltr'><strong>que</strong></span> <span class='ocrx_word' id='word_1_372' title='bbox 939 1128 1002 1147; x_wconf 91' lang='lat' dir='ltr'><strong>cum</strong></span> <span class='ocrx_word' id='word_1_373' title='bbox 1029 1121 1064 1148; x_wconf 92' lang='lat' dir='ltr'><strong>ab</strong></span> <span class='ocrx_word' id='word_1_374' title='bbox 1090 1121 1185 1149; x_wconf 84' lang='lat' dir='ltr'><strong>Alexio</strong></span> <span class='ocrx_word' id='word_1_375' title='bbox 1214 1127 1413 1156; x_wconf 81' lang='lat' dir='ltr'><strong>protostratore</strong></span> <span class='ocrx_word' id='word_1_376' title='bbox 1435 1122 1509 1149; x_wconf 85' lang='lat' dir='ltr'><strong>nulla</strong></span> <span class='ocrx_word' id='word_1_377' title='bbox 1534 1131 1564 1150; x_wconf 91' lang='lat' dir='ltr'><strong>re</strong></span> <span class='ocrx_word' id='word_1_378' title='bbox 1588 1128 1662 1150; x_wconf 81' lang='lat' dir='ltr'><strong>esset</strong></span> 
     </span>
    </p>
   </div>
   <div class='ocr_carea' id='block_1_55' title="bbox 869 1167 1661 1203">
    <p class='ocr_par' dir='ltr' id='par_1_55' title="bbox 869 1167 1661 1203">
     <span class='ocr_line' id='line_1_55' title="bbox 869 1167 1661 1203; baseline 0.003 -9"><span class='ocrx_word' id='word_1_379' title='bbox 869 1167 1004 1200; x_wconf 78' lang='lat' dir='ltr'><strong>olTensus,</strong></span> <span class='ocrx_word' id='word_1_380' title='bbox 1024 1175 1075 1195; x_wconf 90' lang='lat' dir='ltr'><strong>nec</strong></span> <span class='ocrx_word' id='word_1_381' title='bbox 1085 1168 1146 1203; x_wconf 86' lang='lat' dir='ltr'><strong>ejus</strong></span> <span class='ocrx_word' id='word_1_382' title='bbox 1159 1167 1240 1195; x_wconf 83' lang='lat' dir='ltr'><strong>fidem</strong></span> <span class='ocrx_word' id='word_1_383' title='bbox 1263 1172 1291 1195; x_wconf 83' lang='lat' dir='ltr'><strong>et</strong></span> <span class='ocrx_word' id='word_1_384' title='bbox 1308 1168 1527 1195; x_wconf 63' lang='lat' dir='ltr'><strong>benevolentiam</strong></span> <span class='ocrx_word' id='word_1_385' title='bbox 1549 1169 1661 1196; x_wconf 76' lang='lat' dir='ltr'><strong>deside-</strong></span> 
     </span>
    </p>
   </div>
   <div class='ocr_carea' id='block_1_56' title="bbox 870 1215 1661 1250">
    <p class='ocr_par' dir='ltr' id='par_1_56' title="bbox 870 1215 1661 1250">
     <span class='ocr_line' id='line_1_56' title="bbox 870 1215 1661 1250; baseline 0.004 -10"><span class='ocrx_word' id='word_1_386' title='bbox 870 1222 933 1241; x_wconf 88' lang='lat' dir='ltr'><strong>rare</strong></span> <span class='ocrx_word' id='word_1_387' title='bbox 959 1219 1063 1249; x_wconf 81' lang='lat' dir='ltr'><strong>posset,</strong></span> <span class='ocrx_word' id='word_1_388' title='bbox 1081 1222 1113 1242; x_wconf 90' lang='lat' dir='ltr'><strong>ac</strong></span> <span class='ocrx_word' id='word_1_389' title='bbox 1127 1218 1239 1241; x_wconf 73' lang='lat' dir='ltr'><strong>tenuem</strong></span> <span class='ocrx_word' id='word_1_390' title='bbox 1255 1222 1304 1249; x_wconf 91' lang='lat' dir='ltr'><strong>pro</strong></span> <span class='ocrx_word' id='word_1_391' title='bbox 1320 1215 1426 1242; x_wconf 88' lang='lat' dir='ltr'><strong>meritis</strong></span> <span class='ocrx_word' id='word_1_392' title='bbox 1443 1215 1468 1242; x_wconf 87' lang='lat' dir='ltr'><strong>ei</strong></span> <span class='ocrx_word' id='word_1_393' title='bbox 1485 1217 1599 1250; x_wconf 81' lang='lat' dir='ltr'><strong>gratiam</strong></span> <span class='ocrx_word' id='word_1_394' title='bbox 1615 1223 1661 1243; x_wconf 88' lang='lat' dir='ltr'><strong>re-</strong></span> 
     </span>
    </p>
   </div>
   <div class='ocr_carea' id='block_1_57' title="bbox 869 1261 1660 1296">
    <p class='ocr_par' dir='ltr' id='par_1_57' title="bbox 869 1261 1660 1296">
     <span class='ocr_line' id='line_1_57' title="bbox 869 1261 1660 1296; baseline 0.001 -9"><span class='ocrx_word' id='word_1_395' title='bbox 869 1261 988 1292; x_wconf 82' lang='lat' dir='ltr'><strong>tulisset,</strong></span> <span class='ocrx_word' id='word_1_396' title='bbox 1010 1261 1068 1288; x_wconf 90' lang='lat' dir='ltr'><strong>sola</strong></span> <span class='ocrx_word' id='word_1_397' title='bbox 1084 1261 1240 1295; x_wconf 77' lang='lat' dir='ltr'><strong>suspicione</strong></span> <span class='ocrx_word' id='word_1_398' title='bbox 1258 1261 1395 1288; x_wconf 85' lang='lat' dir='ltr'><strong>adductus</strong></span> <span class='ocrx_word' id='word_1_399' title='bbox 1418 1265 1445 1288; x_wconf 84' lang='lat' dir='ltr'><strong>et</strong></span> <span class='ocrx_word' id='word_1_400' title='bbox 1472 1261 1660 1296; x_wconf 80' lang='lat' dir='ltr'><strong>improborum</strong></span> 
     </span>
    </p>
   </div>
   <div class='ocr_carea' id='block_1_58' title="bbox 872 1306 1661 1341">
    <p class='ocr_par' dir='ltr' id='par_1_58' title="bbox 872 1306 1661 1341">
     <span class='ocr_line' id='line_1_58' title="bbox 872 1306 1661 1341; baseline 0 -7"><span class='ocrx_word' id='word_1_401' title='bbox 872 1306 1016 1334; x_wconf 85' lang='lat' dir='ltr'><strong>hominum</strong></span> <span class='ocrx_word' id='word_1_402' title='bbox 1033 1307 1178 1334; x_wconf 84' lang='lat' dir='ltr'><strong>calumniis</strong></span> <span class='ocrx_word' id='word_1_403' title='bbox 1195 1307 1339 1340; x_wconf 86' lang='lat' dir='ltr'><strong>impulsus.</strong></span> <span class='ocrx_word' id='word_1_404' title='bbox 1353 1307 1418 1341; x_wconf 83' lang='lat' dir='ltr'><strong>quia</strong></span> <span class='ocrx_word' id='word_1_405' title='bbox 1433 1314 1496 1334; x_wconf 86' lang='lat' dir='ltr'><strong>eum</strong></span> <span class='ocrx_word' id='word_1_406' title='bbox 1526 1311 1553 1334; x_wconf 90' lang='lat' dir='ltr'><strong>et</strong></span> <span class='ocrx_word' id='word_1_407' title='bbox 1581 1307 1661 1334; x_wconf 70' lang='lat' dir='ltr'><strong>duci-</strong></span> 
     </span>
    </p>
   </div>
   <div class='ocr_carea' id='block_1_59' title="bbox 869 1352 1656 1380">
    <p class='ocr_par' dir='ltr' id='par_1_59' title="bbox 869 1352 1656 1380">
     <span class='ocr_line' id='line_1_59' title="bbox 869 1352 1656 1380; baseline 0.001 -1"><span class='ocrx_word' id='word_1_408' title='bbox 869 1353 919 1380; x_wconf 86' lang='lat' dir='ltr'><strong>bus</strong></span> <span class='ocrx_word' id='word_1_409' title='bbox 933 1359 961 1379; x_wconf 86' lang='lat' dir='ltr'><strong>et</strong></span> <span class='ocrx_word' id='word_1_410' title='bbox 979 1352 1112 1380; x_wconf 87' lang='lat' dir='ltr'><strong>militibus</strong></span> <span class='ocrx_word' id='word_1_411' title='bbox 1126 1360 1185 1380; x_wconf 77' lang='lat' dir='ltr'><strong>esse</strong></span> <span class='ocrx_word' id='word_1_412' title='bbox 1202 1353 1317 1380; x_wconf 87' lang='lat' dir='ltr'><strong>charum</strong></span> <span class='ocrx_word' id='word_1_413' title='bbox 1330 1353 1438 1380; x_wconf 75' lang='lat' dir='ltr'><strong>videi-at</strong></span> <span class='ocrx_word' id='word_1_414' title='bbox 1454 1353 1656 1380; x_wconf 83' lang='lat' dir='ltr'><strong>etliberalitate</strong></span> 
     </span>
    </p>
   </div>
   <div class='ocr_carea' id='block_1_60' title="bbox 867 1399 1662 1434">
    <p class='ocr_par' dir='ltr' id='par_1_60' title="bbox 867 1399 1662 1434">
     <span class='ocr_line' id='line_1_60' title="bbox 867 1399 1662 1434; baseline 0.003 -9"><span class='ocrx_word' id='word_1_415' title='bbox 867 1407 933 1434; x_wconf 84' lang='lat' dir='ltr'><strong>erga</strong></span> <span class='ocrx_word' id='word_1_416' title='bbox 951 1406 1047 1426; x_wconf 85' lang='lat' dir='ltr'><strong>omnes</strong></span> <span class='ocrx_word' id='word_1_417' title='bbox 1060 1399 1111 1431; x_wconf 89' lang='lat' dir='ltr'><strong>uti,</strong></span> <span class='ocrx_word' id='word_1_418' title='bbox 1131 1407 1288 1434; x_wconf 89' lang='lat' dir='ltr'><strong>quanquam</strong></span> <span class='ocrx_word' id='word_1_419' title='bbox 1304 1399 1430 1427; x_wconf 78' lang='lat' dir='ltr'><strong>fortassis</strong></span> <span class='ocrx_word' id='word_1_420' title='bbox 1442 1400 1524 1426; x_wconf 84' lang='lat' dir='ltr'><strong>etiam</strong></span> <span class='ocrx_word' id='word_1_421' title='bbox 1549 1400 1662 1427; x_wconf 71' lang='lat' dir='ltr'><strong>divitias</strong></span> 
     </span>
    </p>
   </div>
   <div class='ocr_carea' id='block_1_61' title="bbox 867 1445 1659 1481">
    <p class='ocr_par' dir='ltr' id='par_1_61' title="bbox 867 1445 1659 1481">
     <span class='ocr_line' id='line_1_61' title="bbox 867 1445 1659 1481; baseline 0.001 -8"><span class='ocrx_word' id='word_1_422' title='bbox 867 1446 927 1481; x_wconf 84' lang='lat' dir='ltr'><strong>ejus</strong></span> <span class='ocrx_word' id='word_1_423' title='bbox 943 1446 1012 1472; x_wconf 72' lang='lat' dir='ltr'><strong>claui</strong></span> <span class='ocrx_word' id='word_1_424' title='bbox 1025 1445 1183 1480; x_wconf 86' lang='lat' dir='ltr'><strong>appetebat,</strong></span> <span class='ocrx_word' id='word_1_425' title='bbox 1201 1445 1320 1473; x_wconf 68' lang='lat' dir='ltr'><strong>Serdica:</strong></span> <span class='ocrx_word' id='word_1_426' title='bbox 1331 1453 1414 1481; x_wconf 83' lang='lat' dir='ltr'><strong>agens</strong></span> <span class='ocrx_word' id='word_1_427' title='bbox 1437 1446 1576 1474; x_wconf 87' lang='lat' dir='ltr'><strong>hominem</strong></span> <span class='ocrx_word' id='word_1_428' title='bbox 1594 1451 1659 1474; x_wconf 87' lang='lat' dir='ltr'><strong>ante</strong></span> 
     </span>
    </p>
   </div>
   <div class='ocr_carea' id='block_1_62' title="bbox 28 1492 813 1537">
    <p class='ocr_par' dir='ltr' id='par_1_62' title="bbox 28 1494 813 1534">
     <span class='ocr_line' id='line_1_62' title="bbox 28 1494 813 1534; baseline 0.009 -15"><span class='ocrx_word' id='word_1_429' title='bbox 28 1494 132 1528; x_wconf 82' lang='grc' dir='ltr'>νόμινοι</span> <span class='ocrx_word' id='word_1_430' title='bbox 146 1494 214 1529; x_wconf 86' lang='lat'><strong>(90).</strong></span> <span class='ocrx_word' id='word_1_431' title='bbox 241 1495 294 1521; x_wconf 67' lang='grc' dir='ltr'><strong>Καὶ</strong></span> <span class='ocrx_word' id='word_1_432' title='bbox 315 1495 474 1531; x_wconf 78' lang='grc' dir='ltr'>ὸΜανουὴλ</span> <span class='ocrx_word' id='word_1_433' title='bbox 510 1497 602 1524; x_wconf 82' lang='grc' dir='ltr'>τοίνυν</span> <span class='ocrx_word' id='word_1_434' title='bbox 626 1499 703 1525; x_wconf 78' lang='grc' dir='ltr'>οὐδὲν</span> <span class='ocrx_word' id='word_1_435' title='bbox 732 1499 813 1534; x_wconf 79' lang='grc' dir='ltr'>ἄχαρι</span> 
     </span>
    </p>
   </div>
   <div class='ocr_carea' id='block_1_63' title="bbox 867 1492 1661 1537">
    <p class='ocr_par' dir='ltr' id='par_1_63' title="bbox 869 1492 1661 1527">
     <span class='ocr_line' id='line_1_63' title="bbox 869 1492 1661 1527; baseline 0.003 -9"><span class='ocrx_word' id='word_1_436' title='bbox 869 1492 957 1519; x_wconf 76' lang='lat' dir='ltr'><strong>lucem</strong></span> <span class='ocrx_word' id='word_1_437' title='bbox 976 1501 1038 1519; x_wconf 83' lang='lat' dir='ltr'><strong>eum</strong></span> <span class='ocrx_word' id='word_1_438' title='bbox 1053 1500 1138 1520; x_wconf 84' lang='lat' dir='ltr'><strong>uxore</strong></span> <span class='ocrx_word' id='word_1_439' title='bbox 1153 1499 1202 1519; x_wconf 86' lang='lat' dir='ltr'><strong>sua</strong></span> <span class='ocrx_word' id='word_1_440' title='bbox 1226 1492 1373 1519; x_wconf 85' lang='lat' dir='ltr'><strong>cubantem</strong></span> <span class='ocrx_word' id='word_1_441' title='bbox 1396 1493 1617 1527; x_wconf 78' lang='lat' dir='ltr'><strong>comprehendit,</strong></span> <span class='ocrx_word' id='word_1_442' title='bbox 1633 1498 1661 1520; x_wconf 88' lang='lat' dir='ltr'><strong>et</strong></span> 
     </span>
    </p>
   </div>
   <div class='ocr_carea' id='block_1_64' title="bbox 28 1539 815 1581">
    <p class='ocr_par' dir='ltr' id='par_1_64' title="bbox 28 1539 815 1581">
     <span class='ocr_line' id='line_1_64' title="bbox 28 1539 815 1581; baseline 0.011 -17"><span class='ocrx_word' id='word_1_443' title='bbox 28 1539 271 1574; x_wconf 73' lang='grc' dir='ltr'>ἑχωνὲπεγκαλεῐν</span> <span class='ocrx_word' id='word_1_444' title='bbox 299 1540 412 1576; x_wconf 78' lang='grc' dir='ltr'>Ἀλιξίῳ</span> <span class='ocrx_word' id='word_1_445' title='bbox 440 1541 479 1576; x_wconf 84' lang='grc' dir='ltr'>τῷ</span> <span class='ocrx_word' id='word_1_446' title='bbox 496 1544 736 1580; x_wconf 78' lang='grc' dir='ltr'>πρωτοστράτορι,</span> <span class='ocrx_word' id='word_1_447' title='bbox 753 1546 770 1581; x_wconf 79' lang='grc' dir='ltr'>ἦ</span> <span class='ocrx_word' id='word_1_448' title='bbox 801 1547 815 1573; x_wconf 83' lang='grc' dir='ltr'>ὃ</span> 
     </span>
    </p>
   </div>
   <div class='ocr_carea' id='block_1_65' title="bbox 30 1586 815 1627">
    <p class='ocr_par' dir='ltr' id='par_1_65' title="bbox 30 1586 815 1627">
     <span class='ocr_line' id='line_1_65' title="bbox 30 1586 815 1627; baseline 0.009 -16"><span class='ocrx_word' id='word_1_449' title='bbox 30 1593 52 1611; x_wconf 80' lang='grc' dir='ltr'><strong>τι</strong></span> <span class='ocrx_word' id='word_1_450' title='bbox 74 1586 140 1617; x_wconf 80' lang='grc' dir='ltr'>ὅλως</span> <span class='ocrx_word' id='word_1_451' title='bbox 168 1587 402 1621; x_wconf 79' lang='grc' dir='ltr'>παραλελύπηκεν</span> <span class='ocrx_word' id='word_1_452' title='bbox 427 1587 444 1623; x_wconf 74' lang='grc' dir='ltr'>ἢ</span> <span class='ocrx_word' id='word_1_453' title='bbox 472 1589 693 1624; x_wconf 84' lang='grc' dir='ltr'>παρηνώχλησεν</span> <span class='ocrx_word' id='word_1_454' title='bbox 724 1591 740 1627; x_wconf 82' lang='grc' dir='ltr'>ἦ</span> <span class='ocrx_word' id='word_1_455' title='bbox 765 1592 815 1627; x_wconf 84' lang='grc' dir='ltr'>τῆς</span> 
     </span>
    </p>
   </div>
   <div class='ocr_carea' id='block_1_66' title="bbox 30 1633 815 1675">
    <p class='ocr_par' dir='ltr' id='par_1_66' title="bbox 30 1633 815 1675">
     <span class='ocr_line' id='line_1_66' title="bbox 30 1633 815 1675; baseline 0.011 -17"><span class='ocrx_word' id='word_1_456' title='bbox 30 1633 202 1668; x_wconf 66' lang='grc' dir='ltr'>ὀφειλομένης</span> <span class='ocrx_word' id='word_1_457' title='bbox 218 1634 325 1666; x_wconf 77' lang='grc' dir='ltr'>εὐνοίας</span> <span class='ocrx_word' id='word_1_458' title='bbox 341 1634 388 1661; x_wconf 77' lang='grc' dir='ltr'>καὶ</span> <span class='ocrx_word' id='word_1_459' title='bbox 399 1635 518 1668; x_wconf 81' lang='grc' dir='ltr'>πίστεως</span> <span class='ocrx_word' id='word_1_460' title='bbox 529 1638 673 1673; x_wconf 78' lang='grc' dir='ltr'>καθυφῆκε</span> <span class='ocrx_word' id='word_1_461' title='bbox 685 1639 771 1675; x_wconf 85' lang='grc' dir='ltr'>βραχύ</span> <span class='ocrx_word' id='word_1_462' title='bbox 789 1649 815 1667; x_wconf 84' lang='grc' dir='ltr'><strong>τι</strong></span> 
     </span>
    </p>
   </div>
   <div class='ocr_carea' id='block_1_67' title="bbox 31 1678 814 1718">
    <p class='ocr_par' dir='ltr' id='par_1_67' title="bbox 31 1678 814 1718">
     <span class='ocr_line' id='line_1_67' title="bbox 31 1678 814 1718; baseline 0.011 -14"><span class='ocrx_word' id='word_1_463' title='bbox 31 1679 69 1713; x_wconf 68' lang='grc' dir='ltr'><strong>μ’.</strong></span> <span class='ocrx_word' id='word_1_464' title='bbox 99 1678 144 1715; x_wconf 73' lang='lat'><strong>94]</strong></span> <span class='ocrx_word' id='word_1_465' title='bbox 185 1679 252 1713; x_wconf 74' lang='grc' dir='ltr'>γοῦν</span> <span class='ocrx_word' id='word_1_466' title='bbox 279 1681 434 1717; x_wconf 80' lang='grc' dir='ltr'>ἅντίρῤοπα</span> <span class='ocrx_word' id='word_1_467' title='bbox 455 1683 561 1718; x_wconf 79' lang='grc' dir='ltr'>δράσας</span> <span class='ocrx_word' id='word_1_468' title='bbox 590 1681 627 1711; x_wconf 82' lang='grc' dir='ltr'>ὧν</span> <span class='ocrx_word' id='word_1_469' title='bbox 657 1685 702 1712; x_wconf 85' lang='grc' dir='ltr'><strong>ὑπ’</strong></span> <span class='ocrx_word' id='word_1_470' title='bbox 730 1686 814 1714; x_wconf 85' lang='grc' dir='ltr'>αὐτοῦ</span> 
     </span>
    </p>
   </div>
   <div class='ocr_carea' id='block_1_68' title="bbox 31 1725 814 1768">
    <p class='ocr_par' dir='ltr' id='par_1_68' title="bbox 31 1725 814 1768">
     <span class='ocr_line' id='line_1_68' title="bbox 31 1725 814 1768; baseline 0.009 -16"><span class='ocrx_word' id='word_1_471' title='bbox 31 1726 158 1752; x_wconf 68' lang='grc' dir='ltr'>πέπονθεν</span> <span class='ocrx_word' id='word_1_472' title='bbox 170 1725 212 1758; x_wconf 82' lang='grc' dir='ltr'><strong>εὖ,</strong></span> <span class='ocrx_word' id='word_1_473' title='bbox 238 1727 285 1753; x_wconf 75' lang='grc' dir='ltr'><strong>καὶ</strong></span> <span class='ocrx_word' id='word_1_474' title='bbox 313 1728 351 1758; x_wconf 85' lang='grc' dir='ltr'><strong>ὡς</strong></span> <span class='ocrx_word' id='word_1_475' title='bbox 362 1728 409 1754; x_wconf 77' lang='grc' dir='ltr'><strong>ἐπὶ</strong></span> <span class='ocrx_word' id='word_1_476' title='bbox 425 1728 510 1762; x_wconf 79' lang='grc' dir='ltr'>ζυγοῦ</span> <span class='ocrx_word' id='word_1_477' title='bbox 536 1730 586 1766; x_wconf 85' lang='grc' dir='ltr'>τὴν</span> <span class='ocrx_word' id='word_1_478' title='bbox 603 1731 701 1765; x_wconf 74' lang='grc' dir='ltr'>ἑτέραν</span> <span class='ocrx_word' id='word_1_479' title='bbox 722 1733 814 1768; x_wconf 82' lang='grc' dir='ltr'>παρή-</span> 
     </span>
    </p>
   </div>
   <div class='ocr_carea' id='block_1_69' title="bbox 32 1772 812 1812">
    <p class='ocr_par' dir='ltr' id='par_1_69' title="bbox 32 1772 812 1812">
     <span class='ocr_line' id='line_1_69' title="bbox 32 1772 812 1812; baseline 0.009 -15"><span class='ocrx_word' id='word_1_480' title='bbox 32 1780 120 1806; x_wconf 61' lang='grc' dir='ltr'>νεγκεν</span> <span class='ocrx_word' id='word_1_481' title='bbox 132 1772 297 1807; x_wconf 81' lang='grc' dir='ltr'>πλάστιγγα,</span> <span class='ocrx_word' id='word_1_482' title='bbox 313 1772 343 1805; x_wconf 73' lang='grc' dir='ltr'><strong>ἐξ</strong></span> <span class='ocrx_word' id='word_1_483' title='bbox 354 1773 481 1806; x_wconf 76' lang='grc' dir='ltr'>ὑπονοίας</span> <span class='ocrx_word' id='word_1_484' title='bbox 495 1775 525 1801; x_wconf 82' lang='grc' dir='ltr'><strong>δὲ</strong></span> <span class='ocrx_word' id='word_1_485' title='bbox 541 1775 625 1810; x_wconf 83' lang='grc' dir='ltr'>μόνης</span> <span class='ocrx_word' id='word_1_486' title='bbox 639 1776 812 1812; x_wconf 80' lang='grc' dir='ltr'>ὁρμώμενος,</span> 
     </span>
    </p>
   </div>
   <div class='ocr_carea' id='block_1_70' title="bbox 33 1818 814 1858">
    <p class='ocr_par' dir='ltr' id='par_1_70' title="bbox 33 1818 814 1858">
     <span class='ocr_line' id='line_1_70' title="bbox 33 1818 814 1858; baseline 0.008 -15"><span class='ocrx_word' id='word_1_487' title='bbox 33 1818 200 1853; x_wconf 80' lang='grc' dir='ltr'>κακοσχόλων</span> <span class='ocrx_word' id='word_1_488' title='bbox 223 1819 314 1852; x_wconf 82' lang='grc' dir='ltr'>τινῶν,</span> <span class='ocrx_word' id='word_1_489' title='bbox 331 1819 368 1850; x_wconf 85' lang='grc' dir='ltr'>ὡς</span> <span class='ocrx_word' id='word_1_490' title='bbox 385 1819 541 1855; x_wconf 79' lang='grc' dir='ltr'>ἄνθρωπος,</span> <span class='ocrx_word' id='word_1_491' title='bbox 556 1822 689 1856; x_wconf 75' lang='grc' dir='ltr'>ὑπαχθεὶς</span> <span class='ocrx_word' id='word_1_492' title='bbox 706 1823 814 1858; x_wconf 64' lang='grc' dir='ltr'>ὑφηγή-</span> 
     </span>
    </p>
   </div>
   <div class='ocr_carea' id='block_1_71' title="bbox 14 1864 814 1903">
    <p class='ocr_par' dir='ltr' id='par_1_71' title="bbox 14 1864 814 1903">
     <span class='ocr_line' id='line_1_71' title="bbox 14 1864 814 1903; baseline 0.006 -13"><span class='ocrx_word' id='word_1_493' title='bbox 14 1887 16 1892; x_wconf 85' lang='lat'>,</span> <span class='ocrx_word' id='word_1_494' title='bbox 34 1871 110 1895; x_wconf 66' lang='grc' dir='ltr'>σεσιν,</span> <span class='ocrx_word' id='word_1_495' title='bbox 129 1865 161 1890; x_wconf 84' lang='grc' dir='ltr'>ὲκ</span> <span class='ocrx_word' id='word_1_496' title='bbox 185 1864 232 1891; x_wconf 85' lang='grc' dir='ltr'>τοῦ</span> <span class='ocrx_word' id='word_1_497' title='bbox 261 1865 308 1891; x_wconf 85' lang='grc' dir='ltr'>τδν</span> <span class='ocrx_word' id='word_1_498' title='bbox 333 1865 419 1900; x_wconf 76' lang='grc' dir='ltr'>ἄνδρα</span> <span class='ocrx_word' id='word_1_499' title='bbox 442 1866 510 1902; x_wconf 72' lang='grc' dir='ltr'>ὑρᾷν</span> <span class='ocrx_word' id='word_1_500' title='bbox 527 1868 574 1893; x_wconf 79' lang='grc' dir='ltr'>καὶ</span> <span class='ocrx_word' id='word_1_501' title='bbox 587 1870 751 1903; x_wconf 81' lang='grc' dir='ltr'>στρατηγοῖς</span> <span class='ocrx_word' id='word_1_502' title='bbox 767 1869 814 1895; x_wconf 81' lang='grc' dir='ltr'><strong>καὶ</strong></span> 
     </span>
    </p>
   </div>
   <div class='ocr_carea' id='block_1_72' title="bbox 35 1910 815 1950">
    <p class='ocr_par' dir='ltr' id='par_1_72' title="bbox 35 1910 815 1950">
     <span class='ocr_line' id='line_1_72' title="bbox 35 1910 815 1950; baseline 0.006 -14"><span class='ocrx_word' id='word_1_503' title='bbox 35 1910 208 1945; x_wconf 77' lang='grc' dir='ltr'>στρατιώταις</span> <span class='ocrx_word' id='word_1_504' title='bbox 237 1911 376 1946; x_wconf 71' lang='grc' dir='ltr'>ἐρώμενον</span> <span class='ocrx_word' id='word_1_505' title='bbox 410 1913 457 1939; x_wconf 76' lang='grc' dir='ltr'>καὶ</span> <span class='ocrx_word' id='word_1_506' title='bbox 483 1913 619 1948; x_wconf 76' lang='grc' dir='ltr'>φιλοτίμῳ</span> <span class='ocrx_word' id='word_1_507' title='bbox 644 1913 742 1950; x_wconf 84' lang='grc' dir='ltr'>γνώμῃ</span> <span class='ocrx_word' id='word_1_508' title='bbox 767 1914 815 1941; x_wconf 76' lang='grc' dir='ltr'>καὶ</span> 
     </span>
    </p>
   </div>
   <div class='ocr_carea' id='block_1_73' title="bbox 35 1955 810 1994">
    <p class='ocr_par' dir='ltr' id='par_1_73' title="bbox 35 1955 810 1994">
     <span class='ocr_line' id='line_1_73' title="bbox 35 1955 810 1994; baseline 0.008 -13"><span class='ocrx_word' id='word_1_509' title='bbox 35 1956 97 1989; x_wconf 70' lang='grc' dir='ltr'>χειρὶ</span> <span class='ocrx_word' id='word_1_510' title='bbox 111 1955 249 1991; x_wconf 75' lang='grc' dir='ltr'>φιλοδώρῳ</span> <span class='ocrx_word' id='word_1_511' title='bbox 271 1956 342 1992; x_wconf 71' lang='grc' dir='ltr'>πρὸς</span> <span class='ocrx_word' id='word_1_512' title='bbox 369 1958 495 1990; x_wconf 75' lang='grc' dir='ltr'>ἅπαντας</span> <span class='ocrx_word' id='word_1_513' title='bbox 521 1959 676 1994; x_wconf 74' lang='grc' dir='ltr'>χρώμενον,</span> <span class='ocrx_word' id='word_1_514' title='bbox 703 1960 768 1992; x_wconf 74' lang='grc' dir='ltr'>ἴσως</span> <span class='ocrx_word' id='word_1_515' title='bbox 781 1961 810 1987; x_wconf 79' lang='grc' dir='ltr'><strong>δὲ</strong></span> 
     </span>
    </p>
   </div>
   <div class='ocr_carea' id='block_1_74' title="bbox 35 2001 809 2040">
    <p class='ocr_par' dir='ltr' id='par_1_74' title="bbox 35 2001 809 2040">
     <span class='ocr_line' id='line_1_74' title="bbox 35 2001 809 2040; baseline 0.005 -12"><span class='ocrx_word' id='word_1_516' title='bbox 35 2002 76 2028; x_wconf 76' lang='grc' dir='ltr'>καὶ</span> <span class='ocrx_word' id='word_1_517' title='bbox 88 2001 133 2029; x_wconf 80' lang='grc' dir='ltr'><strong>τοῦ</strong></span> <span class='ocrx_word' id='word_1_518' title='bbox 154 2002 302 2037; x_wconf 87' lang='grc' dir='ltr'>προσόντος</span> <span class='ocrx_word' id='word_1_519' title='bbox 314 2002 389 2038; x_wconf 80' lang='grc' dir='ltr'><strong>αὑτῷ</strong></span> <span class='ocrx_word' id='word_1_520' title='bbox 404 2003 522 2031; x_wconf 85' lang='grc' dir='ltr'>πλούτου</span> <span class='ocrx_word' id='word_1_521' title='bbox 541 2004 687 2039; x_wconf 84' lang='grc' dir='ltr'>ὑποτύφων</span> <span class='ocrx_word' id='word_1_522' title='bbox 703 2005 809 2040; x_wconf 76' lang='grc' dir='ltr'>ἔφεσιν,</span> 
     </span>
    </p>
   </div>
   <div class='ocr_carea' id='block_1_75' title="bbox 37 2048 814 2086">
    <p class='ocr_par' dir='ltr' id='par_1_75' title="bbox 37 2048 814 2086">
     <span class='ocr_line' id='line_1_75' title="bbox 37 2048 814 2086; baseline 0.006 -12"><span class='ocrx_word' id='word_1_523' title='bbox 37 2048 210 2083; x_wconf 65' lang='grc' dir='ltr'>σδλλαμϐάνει</span> <span class='ocrx_word' id='word_1_524' title='bbox 225 2048 320 2076; x_wconf 83' lang='grc' dir='ltr'>τοῦτον</span> <span class='ocrx_word' id='word_1_525' title='bbox 335 2049 438 2083; x_wconf 83' lang='grc' dir='ltr'>διάγων</span> <span class='ocrx_word' id='word_1_526' title='bbox 450 2050 480 2076; x_wconf 77' lang='grc' dir='ltr'>ἐν</span> <span class='ocrx_word' id='word_1_527' title='bbox 495 2050 628 2086; x_wconf 81' lang='grc' dir='ltr'>Σαρδικῇ,</span> <span class='ocrx_word' id='word_1_528' title='bbox 646 2052 731 2086; x_wconf 83' lang='grc' dir='ltr'>μήπω</span> <span class='ocrx_word' id='word_1_529' title='bbox 749 2054 814 2079; x_wconf 83' lang='grc' dir='ltr'>ἐπι-</span> 
     </span>
    </p>
   </div>
   <div class='ocr_carea' id='block_1_76' title="bbox 38 2095 813 2133">
    <p class='ocr_par' dir='ltr' id='par_1_76' title="bbox 38 2095 813 2133">
     <span class='ocr_line' id='line_1_76' title="bbox 38 2095 813 2133; baseline 0.005 -11"><span class='ocrx_word' id='word_1_530' title='bbox 38 2095 201 2130; x_wconf 66' lang='grc' dir='ltr'>ιῖαυσκούσης</span> <span class='ocrx_word' id='word_1_531' title='bbox 215 2096 335 2131; x_wconf 77' lang='grc' dir='ltr'>ἡμέρας,</span> <span class='ocrx_word' id='word_1_532' title='bbox 347 2098 379 2132; x_wconf 80' lang='grc' dir='ltr'>τῇ</span> <span class='ocrx_word' id='word_1_533' title='bbox 395 2097 483 2133; x_wconf 78' lang='grc' dir='ltr'>οἰκείᾳ</span> <span class='ocrx_word' id='word_1_534' title='bbox 503 2097 542 2124; x_wconf 78' lang='grc' dir='ltr'><strong>ἐτι</strong></span> <span class='ocrx_word' id='word_1_535' title='bbox 559 2099 813 2133; x_wconf 64' lang='grc' dir='ltr'>συγκατακείμενον</span> 
     </span>
    </p>
   </div>
   <div class='ocr_carea' id='block_1_77' title="bbox 35 2142 812 2178">
    <p class='ocr_par' dir='ltr' id='par_1_77' title="bbox 35 2142 812 2178">
     <span class='ocr_line' id='line_1_77' title="bbox 35 2142 812 2178; baseline 0.005 -10"><span class='ocrx_word' id='word_1_536' title='bbox 35 2142 184 2176; x_wconf 72' lang='grc' dir='ltr'>ὀμευνέτιδι,</span> <span class='ocrx_word' id='word_1_537' title='bbox 200 2143 247 2169; x_wconf 80' lang='grc' dir='ltr'>καὶ</span> <span class='ocrx_word' id='word_1_538' title='bbox 273 2143 304 2169; x_wconf 82' lang='grc' dir='ltr'>οὐ</span> <span class='ocrx_word' id='word_1_539' title='bbox 322 2144 404 2178; x_wconf 82' lang='grc' dir='ltr'>μόνον</span> <span class='ocrx_word' id='word_1_540' title='bbox 429 2144 484 2170; x_wconf 81' lang='grc' dir='ltr'>τῶν</span> <span class='ocrx_word' id='word_1_541' title='bbox 495 2144 581 2171; x_wconf 69' lang='grc' dir='ltr'>οντων</span> <span class='ocrx_word' id='word_1_542' title='bbox 599 2146 728 2172; x_wconf 74' lang='grc' dir='ltr'>ἁπάντων</span> <span class='ocrx_word' id='word_1_543' title='bbox 741 2147 812 2172; x_wconf 85' lang='grc' dir='ltr'>ἀπο-</span> 
     </span>
    </p>
   </div>
   <div class='ocr_carea' id='block_1_78' title="bbox 867 1539 1661 1574">
    <p class='ocr_par' dir='ltr' id='par_1_78' title="bbox 867 1539 1661 1574">
     <span class='ocr_line' id='line_1_78' title="bbox 867 1539 1661 1574; baseline 0 -8"><span class='ocrx_word' id='word_1_544' title='bbox 867 1539 999 1567; x_wconf 87' lang='lat' dir='ltr'><strong>omnibus</strong></span> <span class='ocrx_word' id='word_1_545' title='bbox 1013 1539 1113 1574; x_wconf 88' lang='lat' dir='ltr'><strong>opibus</strong></span> <span class='ocrx_word' id='word_1_546' title='bbox 1131 1539 1275 1566; x_wconf 89' lang='lat' dir='ltr'><strong>multatum</strong></span> <span class='ocrx_word' id='word_1_547' title='bbox 1301 1539 1328 1566; x_wconf 85' lang='lat' dir='ltr'><strong>in</strong></span> <span class='ocrx_word' id='word_1_548' title='bbox 1346 1539 1542 1566; x_wconf 82' lang='lat' dir='ltr'><strong>monasterium</strong></span> <span class='ocrx_word' id='word_1_549' title='bbox 1570 1539 1661 1574; x_wconf 80' lang='lat' dir='ltr'><strong>quod-</strong></span> 
     </span>
    </p>
   </div>
   <div class='ocr_carea' id='block_1_79' title="bbox 867 1585 1662 1620">
    <p class='ocr_par' dir='ltr' id='par_1_79' title="bbox 867 1585 1662 1620">
     <span class='ocr_line' id='line_1_79' title="bbox 867 1585 1662 1620; baseline 0.001 -8"><span class='ocrx_word' id='word_1_550' title='bbox 867 1586 929 1612; x_wconf 85' lang='lat' dir='ltr'><strong>dam</strong></span> <span class='ocrx_word' id='word_1_551' title='bbox 952 1586 1063 1620; x_wconf 81' lang='lat' dir='ltr'><strong>Papycii</strong></span> <span class='ocrx_word' id='word_1_552' title='bbox 1081 1586 1182 1612; x_wconf 84' lang='lat' dir='ltr'><strong>montis</strong></span> <span class='ocrx_word' id='word_1_553' title='bbox 1203 1585 1326 1620; x_wconf 79' lang='lat' dir='ltr'><strong>conjicit.</strong></span> <span class='ocrx_word' id='word_1_554' title='bbox 1344 1585 1384 1612; x_wconf 89' lang='lat' dir='ltr'><strong>Ne</strong></span> <span class='ocrx_word' id='word_1_555' title='bbox 1404 1590 1496 1612; x_wconf 87' lang='lat' dir='ltr'><strong>autem</strong></span> <span class='ocrx_word' id='word_1_556' title='bbox 1514 1585 1538 1612; x_wconf 91' lang='lat' dir='ltr'><strong>id</strong></span> <span class='ocrx_word' id='word_1_557' title='bbox 1555 1586 1662 1613; x_wconf 75' lang='lat' dir='ltr'><strong>facinus</strong></span> 
     </span>
    </p>
   </div>
   <div class='ocr_carea' id='block_1_80' title="bbox 867 1627 1661 1667">
    <p class='ocr_par' dir='ltr' id='par_1_80' title="bbox 867 1627 1661 1667">
     <span class='ocr_line' id='line_1_80' title="bbox 867 1627 1661 1667; baseline 0 -9"><span class='ocrx_word' id='word_1_558' title='bbox 867 1627 1019 1659; x_wconf 72' lang='lat' dir='ltr'><strong>manifestae</strong></span> <span class='ocrx_word' id='word_1_559' title='bbox 1035 1631 1141 1667; x_wconf 63' lang='lat' dir='ltr'><strong>injuria:</strong></span> <span class='ocrx_word' id='word_1_560' title='bbox 1161 1632 1351 1663; x_wconf 85' lang='lat' dir='ltr'><strong>damnaretur,</strong></span> <span class='ocrx_word' id='word_1_561' title='bbox 1371 1631 1545 1666; x_wconf 64' lang='lat' dir='ltr'><strong>sycophanta</strong></span> <span class='ocrx_word' id='word_1_562' title='bbox 1560 1636 1661 1666; x_wconf 71' lang='lat' dir='ltr'><strong>praesto</strong></span> 
     </span>
    </p>
   </div>
   <div class='ocr_carea' id='block_1_81' title="bbox 864 1678 1659 1714">
    <p class='ocr_par' dir='ltr' id='par_1_81' title="bbox 864 1678 1659 1714">
     <span class='ocr_line' id='line_1_81' title="bbox 864 1678 1659 1714; baseline 0 -9"><span class='ocrx_word' id='word_1_563' title='bbox 864 1682 954 1710; x_wconf 87' lang='lat' dir='ltr'><strong>erant,</strong></span> <span class='ocrx_word' id='word_1_564' title='bbox 967 1678 1014 1711; x_wconf 90' lang='lat' dir='ltr'><strong>qui</strong></span> <span class='ocrx_word' id='word_1_565' title='bbox 1031 1678 1141 1705; x_wconf 89' lang='lat' dir='ltr'><strong>crimini</strong></span> <span class='ocrx_word' id='word_1_566' title='bbox 1169 1678 1268 1705; x_wconf 82' lang='lat' dir='ltr'><strong>darent</strong></span> <span class='ocrx_word' id='word_1_567' title='bbox 1286 1685 1349 1705; x_wconf 91' lang='lat' dir='ltr'><strong>eum</strong></span> <span class='ocrx_word' id='word_1_568' title='bbox 1376 1679 1490 1713; x_wconf 82' lang='lat' dir='ltr'><strong>magicis</strong></span> <span class='ocrx_word' id='word_1_569' title='bbox 1512 1679 1659 1714; x_wconf 69' lang='lat' dir='ltr'><strong>praestigiis</strong></span> 
     </span>
    </p>
   </div>
   <div class='ocr_carea' id='block_1_82' title="bbox 866 1724 1658 1759">
    <p class='ocr_par' dir='ltr' id='par_1_82' title="bbox 866 1724 1658 1759">
     <span class='ocr_line' id='line_1_82' title="bbox 866 1724 1658 1759; baseline 0.003 -9"><span class='ocrx_word' id='word_1_570' title='bbox 866 1724 1059 1759; x_wconf 81' lang='lat' dir='ltr'><strong>imperatorem</strong></span> <span class='ocrx_word' id='word_1_571' title='bbox 1083 1729 1195 1758; x_wconf 83' lang='lat' dir='ltr'><strong>petere;</strong></span> <span class='ocrx_word' id='word_1_572' title='bbox 1212 1732 1272 1758; x_wconf 69' lang='lat' dir='ltr'><strong>qua:</strong></span> <span class='ocrx_word' id='word_1_573' title='bbox 1287 1724 1359 1751; x_wconf 89' lang='lat' dir='ltr'><strong>haud</strong></span> <span class='ocrx_word' id='word_1_574' title='bbox 1387 1724 1444 1751; x_wconf 89' lang='lat' dir='ltr'><strong>scio</strong></span> <span class='ocrx_word' id='word_1_575' title='bbox 1467 1731 1501 1751; x_wconf 83' lang='lat' dir='ltr'><strong>an</strong></span> <span class='ocrx_word' id='word_1_576' title='bbox 1518 1725 1553 1751; x_wconf 85' lang='lat' dir='ltr'><strong>ita</strong></span> <span class='ocrx_word' id='word_1_577' title='bbox 1567 1725 1658 1752; x_wconf 77' lang='lat' dir='ltr'><strong>eliica-</strong></span> 
     </span>
    </p>
   </div>
   <div class='ocr_carea' id='block_1_83' title="bbox 865 1769 1660 1805">
    <p class='ocr_par' dir='ltr' id='par_1_83' title="bbox 865 1769 1660 1805">
     <span class='ocr_line' id='line_1_83' title="bbox 865 1769 1660 1805; baseline 0 -8"><span class='ocrx_word' id='word_1_578' title='bbox 865 1778 912 1797; x_wconf 88' lang='lat' dir='ltr'><strong>ces</strong></span> <span class='ocrx_word' id='word_1_579' title='bbox 924 1770 980 1798; x_wconf 79' lang='lat' dir='ltr'><strong>sint</strong></span> <span class='ocrx_word' id='word_1_580' title='bbox 996 1770 1081 1805; x_wconf 75' lang='lat' dir='ltr'><strong>(sana:</strong></span> <span class='ocrx_word' id='word_1_581' title='bbox 1106 1770 1216 1804; x_wconf 87' lang='lat' dir='ltr'><strong>quidem</strong></span> <span class='ocrx_word' id='word_1_582' title='bbox 1243 1778 1326 1796; x_wconf 81' lang='lat' dir='ltr'><strong>aures</strong></span> <span class='ocrx_word' id='word_1_583' title='bbox 1348 1769 1383 1796; x_wconf 88' lang='lat' dir='ltr'><strong>ab</strong></span> <span class='ocrx_word' id='word_1_584' title='bbox 1399 1770 1557 1797; x_wconf 87' lang='lat' dir='ltr'><strong>istiusmodi</strong></span> <span class='ocrx_word' id='word_1_585' title='bbox 1582 1778 1660 1798; x_wconf 77' lang='lat' dir='ltr'><strong>com~</strong></span> 
     </span>
    </p>
   </div>
   <div class='ocr_carea' id='block_1_84' title="bbox 865 1815 1659 1849">
    <p class='ocr_par' dir='ltr' id='par_1_84' title="bbox 865 1815 1659 1849">
     <span class='ocr_line' id='line_1_84' title="bbox 865 1815 1659 1849; baseline 0 -7"><span class='ocrx_word' id='word_1_586' title='bbox 865 1816 966 1842; x_wconf 83' lang='lat' dir='ltr'><strong>mentis</strong></span> <span class='ocrx_word' id='word_1_587' title='bbox 984 1815 1066 1849; x_wconf 71' lang='lat'><strong>188</strong></span> <span class='ocrx_word' id='word_1_588' title='bbox 1080 1815 1241 1849; x_wconf 75' lang='lat' dir='ltr'><strong>abhorrent)</strong></span> <span class='ocrx_word' id='word_1_589' title='bbox 1258 1819 1287 1841; x_wconf 87' lang='lat' dir='ltr'><strong>ut</strong></span> <span class='ocrx_word' id='word_1_590' title='bbox 1299 1815 1437 1842; x_wconf 91' lang='lat' dir='ltr'><strong>homincm</strong></span> <span class='ocrx_word' id='word_1_591' title='bbox 1452 1815 1569 1842; x_wconf 77' lang='lat' dir='ltr'><strong>efﬁciant</strong></span> <span class='ocrx_word' id='word_1_592' title='bbox 1583 1816 1659 1843; x_wconf 89' lang='lat' dir='ltr'><strong>voln-</strong></span> 
     </span>
    </p>
   </div>
   <div class='ocr_carea' id='block_1_85' title="bbox 865 1861 1660 1896">
    <p class='ocr_par' dir='ltr' id='par_1_85' title="bbox 865 1861 1660 1896">
     <span class='ocr_line' id='line_1_85' title="bbox 865 1861 1660 1896; baseline 0.001 -9"><span class='ocrx_word' id='word_1_593' title='bbox 865 1861 1052 1895; x_wconf 81' lang='lat' dir='ltr'><strong>crem,itaque</strong></span> <span class='ocrx_word' id='word_1_594' title='bbox 1067 1861 1252 1896; x_wconf 80' lang='lat' dir='ltr'><strong>perstringam</strong></span> <span class='ocrx_word' id='word_1_595' title='bbox 1270 1861 1365 1888; x_wconf 87' lang='lat' dir='ltr'><strong>oculos</strong></span> <span class='ocrx_word' id='word_1_596' title='bbox 1379 1865 1409 1887; x_wconf 91' lang='lat' dir='ltr'><strong>ut</strong></span> <span class='ocrx_word' id='word_1_597' title='bbox 1425 1861 1521 1888; x_wconf 87' lang='lat' dir='ltr'><strong>stricto</strong></span> <span class='ocrx_word' id='word_1_598' title='bbox 1539 1869 1604 1889; x_wconf 87' lang='lat' dir='ltr'><strong>ense</strong></span> <span class='ocrx_word' id='word_1_599' title='bbox 1621 1862 1660 1888; x_wconf 91' lang='lat' dir='ltr'><strong>ir-</strong></span> 
     </span>
    </p>
   </div>
   <div class='ocr_carea' id='block_1_86' title="bbox 865 1906 1659 1942">
    <p class='ocr_par' dir='ltr' id='par_1_86' title="bbox 865 1906 1659 1942">
     <span class='ocr_line' id='line_1_86' title="bbox 865 1906 1659 1942; baseline 0.001 -8"><span class='ocrx_word' id='word_1_600' title='bbox 865 1915 948 1934; x_wconf 85' lang='lat' dir='ltr'><strong>ruens</strong></span> <span class='ocrx_word' id='word_1_601' title='bbox 963 1915 1017 1934; x_wconf 90' lang='lat' dir='ltr'><strong>non</strong></span> <span class='ocrx_word' id='word_1_602' title='bbox 1045 1907 1241 1941; x_wconf 83' lang='lat' dir='ltr'><strong>conspiciatur.</strong></span> <span class='ocrx_word' id='word_1_603' title='bbox 1259 1906 1336 1940; x_wconf 88' lang='lat' dir='ltr'><strong>Quod</strong></span> <span class='ocrx_word' id='word_1_604' title='bbox 1350 1915 1437 1941; x_wconf 85' lang='lat' dir='ltr'><strong>genus</strong></span> <span class='ocrx_word' id='word_1_605' title='bbox 1451 1907 1496 1934; x_wconf 85' lang='lat' dir='ltr'><strong>illa</strong></span> <span class='ocrx_word' id='word_1_606' title='bbox 1518 1912 1582 1934; x_wconf 82' lang='lat' dir='ltr'><strong>sunt</strong></span> <span class='ocrx_word' id='word_1_607' title='bbox 1597 1916 1659 1942; x_wconf 78' lang='lat' dir='ltr'><strong>quae</strong></span> 
     </span>
    </p>
   </div>
   <div class='ocr_carea' id='block_1_87' title="bbox 865 1952 1657 1981">
    <p class='ocr_par' dir='ltr' id='par_1_87' title="bbox 865 1952 1657 1981">
     <span class='ocr_line' id='line_1_87' title="bbox 865 1952 1657 1981; baseline 0 -1"><span class='ocrx_word' id='word_1_608' title='bbox 865 1953 952 1981; x_wconf 69' lang='lat' dir='ltr'><strong>Graeci</strong></span> <span class='ocrx_word' id='word_1_609' title='bbox 965 1953 1029 1980; x_wconf 90' lang='lat' dir='ltr'><strong>olim</strong></span> <span class='ocrx_word' id='word_1_610' title='bbox 1043 1953 1077 1980; x_wconf 85' lang='lat' dir='ltr'><strong>de</strong></span> <span class='ocrx_word' id='word_1_611' title='bbox 1088 1953 1189 1980; x_wconf 80' lang='lat' dir='ltr'><strong>Pcrsco</strong></span> <span class='ocrx_word' id='word_1_612' title='bbox 1199 1953 1368 1979; x_wconf 90' lang='lat' dir='ltr'><strong>fabulantur.</strong></span> <span class='ocrx_word' id='word_1_613' title='bbox 1387 1952 1488 1979; x_wconf 84' lang='lat' dir='ltr'><strong>Eorum</strong></span> <span class='ocrx_word' id='word_1_614' title='bbox 1506 1953 1657 1980; x_wconf 84' lang='lat' dir='ltr'><strong>calumnia-</strong></span> 
     </span>
    </p>
   </div>
   <div class='ocr_carea' id='block_1_88' title="bbox 866 1998 1658 2034">
    <p class='ocr_par' dir='ltr' id='par_1_88' title="bbox 866 1998 1658 2034">
     <span class='ocr_line' id='line_1_88' title="bbox 866 1998 1658 2034; baseline -0.001 -8"><span class='ocrx_word' id='word_1_615' title='bbox 866 2004 955 2027; x_wconf 92' lang='lat' dir='ltr'><strong>torum</strong></span> <span class='ocrx_word' id='word_1_616' title='bbox 977 1999 1106 2034; x_wconf 86' lang='lat' dir='ltr'><strong>princeps</strong></span> <span class='ocrx_word' id='word_1_617' title='bbox 1115 2006 1180 2026; x_wconf 82' lang='lat' dir='ltr'><strong>esse</strong></span> <span class='ocrx_word' id='word_1_618' title='bbox 1198 1998 1337 2025; x_wconf 85' lang='lat' dir='ltr'><strong>ferebatur</strong></span> <span class='ocrx_word' id='word_1_619' title='bbox 1349 1999 1439 2025; x_wconf 87' lang='lat' dir='ltr'><strong>Aaron</strong></span> <span class='ocrx_word' id='word_1_620' title='bbox 1457 1998 1574 2025; x_wconf 87' lang='lat' dir='ltr'><strong>lsaacius</strong></span> <span class='ocrx_word' id='word_1_621' title='bbox 1587 2018 1593 2029; x_wconf 83' lang='lat'>,</span> <span class='ocrx_word' id='word_1_622' title='bbox 1609 1998 1658 2033; x_wconf 89' lang='lat' dir='ltr'><strong>qui</strong></span> 
     </span>
    </p>
   </div>
   <div class='ocr_carea' id='block_1_89' title="bbox 866 2043 1655 2078">
    <p class='ocr_par' dir='ltr' id='par_1_89' title="bbox 866 2043 1655 2078">
     <span class='ocr_line' id='line_1_89' title="bbox 866 2043 1655 2078; baseline -0.001 -6"><span class='ocrx_word' id='word_1_623' title='bbox 866 2044 998 2073; x_wconf 87' lang='lat' dir='ltr'><strong>Corintho</strong></span> <span class='ocrx_word' id='word_1_624' title='bbox 1012 2052 1075 2071; x_wconf 92' lang='lat' dir='ltr'><strong>cum</strong></span> <span class='ocrx_word' id='word_1_625' title='bbox 1096 2045 1203 2072; x_wconf 66' lang='lat' dir='ltr'><strong>emeris</strong></span> <span class='ocrx_word' id='word_1_626' title='bbox 1219 2044 1246 2071; x_wconf 93' lang='lat' dir='ltr'><strong>in</strong></span> <span class='ocrx_word' id='word_1_627' title='bbox 1270 2044 1393 2071; x_wconf 84' lang='lat' dir='ltr'><strong>Siciliam</strong></span> <span class='ocrx_word' id='word_1_628' title='bbox 1409 2043 1544 2070; x_wconf 86' lang='lat' dir='ltr'><strong>abductus</strong></span> <span class='ocrx_word' id='word_1_629' title='bbox 1561 2044 1655 2078; x_wconf 81' lang='lat' dir='ltr'><strong>ibique</strong></span> 
     </span>
    </p>
   </div>
   <div class='ocr_carea' id='block_1_90' title="bbox 864 2088 1657 2125">
    <p class='ocr_par' dir='ltr' id='par_1_90' title="bbox 864 2088 1657 2125">
     <span class='ocr_line' id='line_1_90' title="bbox 864 2088 1657 2125; baseline -0.003 -7"><span class='ocrx_word' id='word_1_630' title='bbox 864 2090 988 2118; x_wconf 84' lang='lat' dir='ltr'><strong>Latinam</strong></span> <span class='ocrx_word' id='word_1_631' title='bbox 1014 2091 1135 2125; x_wconf 88' lang='lat' dir='ltr'><strong>linguam</strong></span> <span class='ocrx_word' id='word_1_632' title='bbox 1150 2089 1286 2124; x_wconf 78' lang='lat' dir='ltr'><strong>exquisite</strong></span> <span class='ocrx_word' id='word_1_633' title='bbox 1307 2089 1424 2116; x_wconf 84' lang='lat' dir='ltr'><strong>edoctus</strong></span> <span class='ocrx_word' id='word_1_634' title='bbox 1439 2088 1598 2116; x_wconf 85' lang='lat' dir='ltr'><strong>Latinorum</strong></span> <span class='ocrx_word' id='word_1_635' title='bbox 1615 2090 1657 2116; x_wconf 85' lang='lat' dir='ltr'><strong>iu—</strong></span> 
     </span>
    </p>
   </div>
   <div class='ocr_carea' id='block_1_91' title="bbox 865 2135 1656 2172">
    <p class='ocr_par' dir='ltr' id='par_1_91' title="bbox 865 2135 1656 2172">
     <span class='ocr_line' id='line_1_91' title="bbox 865 2135 1656 2172; baseline -0.001 -9"><span class='ocrx_word' id='word_1_636' title='bbox 865 2141 1014 2172; x_wconf 86' lang='lat' dir='ltr'><strong>terpretem</strong></span> <span class='ocrx_word' id='word_1_637' title='bbox 1028 2137 1126 2171; x_wconf 87' lang='lat' dir='ltr'><strong>agebat</strong></span> <span class='ocrx_word' id='word_1_638' title='bbox 1150 2135 1222 2170; x_wconf 90' lang='lat' dir='ltr'><strong>apud</strong></span> <span class='ocrx_word' id='word_1_639' title='bbox 1246 2135 1451 2169; x_wconf 87' lang='lat' dir='ltr'><strong>imperatorem.</strong></span> <span class='ocrx_word' id='word_1_640' title='bbox 1477 2135 1564 2162; x_wconf 81' lang='lat' dir='ltr'><strong>Alexii</strong></span> <span class='ocrx_word' id='word_1_641' title='bbox 1589 2143 1656 2163; x_wconf 89' lang='lat' dir='ltr'><strong>vero</strong></span> 
     </span>
    </p>
   </div>
   <div class='ocr_carea' id='block_1_92' title="bbox 36 2178 813 2226">
    <p class='ocr_par' dir='ltr' id='par_1_92' title="bbox 36 2188 812 2226">
     <span class='ocr_line' id='line_1_92' title="bbox 36 2188 812 2226; baseline 0.005 -12"><span class='ocrx_word' id='word_1_642' title='bbox 36 2190 134 2223; x_wconf 83' lang='grc' dir='ltr'>γυμνοῖ,</span> <span class='ocrx_word' id='word_1_643' title='bbox 159 2188 227 2215; x_wconf 77' lang='grc' dir='ltr'>ἀλλὰ</span> <span class='ocrx_word' id='word_1_644' title='bbox 242 2190 291 2215; x_wconf 77' lang='grc' dir='ltr'>καὶ</span> <span class='ocrx_word' id='word_1_645' title='bbox 307 2191 347 2221; x_wconf 85' lang='grc' dir='ltr'><strong>είς</strong></span> <span class='ocrx_word' id='word_1_646' title='bbox 366 2192 488 2225; x_wconf 76' lang='grc' dir='ltr'>μοναχὸν</span> <span class='ocrx_word' id='word_1_647' title='bbox 501 2191 653 2226; x_wconf 76' lang='grc' dir='ltr'>ἀποκείρας</span> <span class='ocrx_word' id='word_1_648' title='bbox 662 2193 690 2218; x_wconf 81' lang='grc' dir='ltr'>ὲν</span> <span class='ocrx_word' id='word_1_649' title='bbox 705 2192 745 2218; x_wconf 77' lang='grc' dir='ltr'>ἑνὶ</span> <span class='ocrx_word' id='word_1_650' title='bbox 757 2192 812 2218; x_wconf 82' lang='grc' dir='ltr'>τῶν</span> 
     </span>
    </p>
   </div>
   <div class='ocr_carea' id='block_1_93' title="bbox 867 2178 1656 2226">
    <p class='ocr_par' dir='ltr' id='par_1_93' title="bbox 867 2180 1656 2217">
     <span class='ocr_line' id='line_1_93' title="bbox 867 2180 1656 2217; baseline -0.003 -6"><span class='ocrx_word' id='word_1_651' title='bbox 867 2191 944 2214; x_wconf 81' lang='lat' dir='ltr'><strong>uxor,</strong></span> <span class='ocrx_word' id='word_1_652' title='bbox 956 2183 1046 2210; x_wconf 71' lang='lat' dir='ltr'><strong>Alesii</strong></span> <span class='ocrx_word' id='word_1_653' title='bbox 1063 2181 1239 2217; x_wconf 83' lang='lat' dir='ltr'><strong>primogeniti</strong></span> <span class='ocrx_word' id='word_1_654' title='bbox 1260 2181 1354 2209; x_wconf 89' lang='lat' dir='ltr'><strong>fratris</strong></span> <span class='ocrx_word' id='word_1_655' title='bbox 1367 2180 1501 2208; x_wconf 77' lang='lat' dir='ltr'><strong>Manuelis</strong></span> <span class='ocrx_word' id='word_1_656' title='bbox 1515 2181 1580 2213; x_wconf 81' lang='lat' dir='ltr'><strong>lilia.</strong></span> <span class='ocrx_word' id='word_1_657' title='bbox 1596 2181 1656 2216; x_wconf 87' lang='lat' dir='ltr'><strong>pie-</strong></span> 
     </span>
    </p>
   </div>
   <div class='ocr_carea' id='block_1_94' title="bbox 37 2235 809 2274">
    <p class='ocr_par' dir='ltr' id='par_1_94' title="bbox 37 2235 809 2274">
     <span class='ocr_line' id='line_1_94' title="bbox 37 2235 809 2274; baseline 0.005 -13"><span class='ocrx_word' id='word_1_658' title='bbox 37 2235 99 2262; x_wconf 71' lang='grc' dir='ltr'>κατὰ</span> <span class='ocrx_word' id='word_1_659' title='bbox 109 2235 138 2262; x_wconf 80' lang='grc' dir='ltr'>τδ</span> <span class='ocrx_word' id='word_1_660' title='bbox 152 2235 290 2262; x_wconf 84' lang='grc' dir='ltr'>Παπύκιον</span> <span class='ocrx_word' id='word_1_661' title='bbox 299 2236 363 2272; x_wconf 74' lang='grc' dir='ltr'>ὄρος</span> <span class='ocrx_word' id='word_1_662' title='bbox 378 2238 597 2274; x_wconf 82' lang='grc' dir='ltr'>φροντιστηρίων</span> <span class='ocrx_word' id='word_1_663' title='bbox 607 2239 809 2273; x_wconf 77' lang='grc' dir='ltr'>παραρῤιπτεῑ.</span> 
     </span>
    </p>
   </div>
   <div class='ocr_carea' id='block_1_95' title="bbox 39 2277 812 2317">
    <p class='ocr_par' dir='ltr' id='par_1_95' title="bbox 39 2277 812 2317">
     <span class='ocr_line' id='line_1_95' title="bbox 39 2277 812 2317; baseline 0.003 -11"><span class='ocrx_word' id='word_1_664' title='bbox 39 2279 126 2306; x_wconf 69' lang='grc' dir='ltr'>Ἰναδδ</span> <span class='ocrx_word' id='word_1_665' title='bbox 146 2279 181 2315; x_wconf 80' lang='grc' dir='ltr'>μὴ</span> <span class='ocrx_word' id='word_1_666' title='bbox 197 2277 258 2316; x_wconf 78' lang='grc' dir='ltr'><strong>ᾗτδ</strong></span> <span class='ocrx_word' id='word_1_667' title='bbox 271 2280 394 2316; x_wconf 77' lang='grc' dir='ltr'>πραχθὲν</span> <span class='ocrx_word' id='word_1_668' title='bbox 421 2281 628 2316; x_wconf 77' lang='grc' dir='ltr'>ἀπροφάσιστον</span> <span class='ocrx_word' id='word_1_669' title='bbox 656 2282 704 2308; x_wconf 79' lang='grc' dir='ltr'>καὶ</span> <span class='ocrx_word' id='word_1_670' title='bbox 727 2281 812 2317; x_wconf 78' lang='grc' dir='ltr'>προῦ-</span> 
     </span>
    </p>
   </div>
   <div class='ocr_carea' id='block_1_96' title="bbox 39 2325 813 2362">
    <p class='ocr_par' dir='ltr' id='par_1_96' title="bbox 39 2325 813 2362">
     <span class='ocr_line' id='line_1_96' title="bbox 39 2325 813 2362; baseline 0.003 -10"><span class='ocrx_word' id='word_1_671' title='bbox 39 2334 95 2352; x_wconf 80' lang='grc' dir='ltr'>πτον</span> <span class='ocrx_word' id='word_1_672' title='bbox 109 2326 151 2352; x_wconf 78' lang='grc' dir='ltr'><strong>διὰ</strong></span> <span class='ocrx_word' id='word_1_673' title='bbox 165 2325 244 2352; x_wconf 84' lang='grc' dir='ltr'>τοῦτο</span> <span class='ocrx_word' id='word_1_674' title='bbox 259 2326 290 2352; x_wconf 78' lang='grc' dir='ltr'><strong>τὸ</strong></span> <span class='ocrx_word' id='word_1_675' title='bbox 304 2326 447 2362; x_wconf 26' lang='grc' dir='ltr'>,βασιλικὸν</span> <span class='ocrx_word' id='word_1_676' title='bbox 470 2327 596 2362; x_wconf 70' lang='grc' dir='ltr'>ἀδίκημά</span> <span class='ocrx_word' id='word_1_677' title='bbox 612 2335 641 2353; x_wconf 78' lang='grc' dir='ltr'>τε</span> <span class='ocrx_word' id='word_1_678' title='bbox 655 2328 703 2354; x_wconf 77' lang='grc' dir='ltr'>καὶ</span> <span class='ocrx_word' id='word_1_679' title='bbox 726 2329 813 2362; x_wconf 80' lang='grc' dir='ltr'>ἀσχη-</span> 
     </span>
    </p>
   </div>
   <div class='ocr_carea' id='block_1_97' title="bbox 42 2360 811 2408">
    <p class='ocr_par' dir='ltr' id='par_1_97' title="bbox 42 2360 811 2408">
     <span class='ocr_line' id='line_1_97' title="bbox 42 2360 811 2408; baseline 0.003 -10"><span class='ocrx_word' id='word_1_680' title='bbox 42 2372 148 2407; x_wconf 77' lang='grc' dir='ltr'>μόνημα,</span> <span class='ocrx_word' id='word_1_681' title='bbox 164 2372 188 2398; x_wconf 70' lang='grc' dir='ltr'>οἱ</span> <span class='ocrx_word' id='word_1_682' title='bbox 218 2360 390 2406; x_wconf 40' lang='lat' dir='ltr'><strong>dumo/avni.</strong></span> <span class='ocrx_word' id='word_1_683' title='bbox 407 2360 646 2408; x_wconf 17' lang='grc' dir='ltr'>παρῆσαννλγγὺς</span> <span class='ocrx_word' id='word_1_684' title='bbox 670 2360 811 2408; x_wconf 63' lang='grc' dir='ltr'>ὑφειμένοι</span> 
     </span>
    </p>
   </div>
   <div class='ocr_carea' id='block_1_98' title="bbox 41 2415 810 2454">
    <p class='ocr_par' dir='ltr' id='par_1_98' title="bbox 41 2415 810 2454">
     <span class='ocr_line' id='line_1_98' title="bbox 41 2415 810 2454; baseline 0.004 -11"><span class='ocrx_word' id='word_1_685' title='bbox 41 2419 94 2452; x_wconf 71' lang='grc' dir='ltr'>παρ’</span> <span class='ocrx_word' id='word_1_686' title='bbox 108 2415 142 2444; x_wconf 75' lang='grc' dir='ltr'>ὧν</span> <span class='ocrx_word' id='word_1_687' title='bbox 155 2417 359 2452; x_wconf 74' lang='grc' dir='ltr'>ὑπεϐλήθησαν,</span> <span class='ocrx_word' id='word_1_688' title='bbox 389 2418 438 2445; x_wconf 78' lang='grc' dir='ltr'>καὶ</span> <span class='ocrx_word' id='word_1_689' title='bbox 453 2419 578 2454; x_wconf 82' lang='grc' dir='ltr'>γοητεῖαι</span> <span class='ocrx_word' id='word_1_690' title='bbox 591 2419 662 2445; x_wconf 84' lang='grc' dir='ltr'>κατὰ</span> <span class='ocrx_word' id='word_1_691' title='bbox 676 2419 810 2454; x_wconf 79' lang='grc' dir='ltr'>βασιλέως</span> 
     </span>
    </p>
   </div>
   <div class='ocr_carea' id='block_1_99' title="bbox 41 2458 809 2501">
    <p class='ocr_par' dir='ltr' id='par_1_99' title="bbox 41 2458 809 2501">
     <span class='ocr_line' id='line_1_99' title="bbox 41 2458 809 2501; baseline 0.004 -12"><span class='ocrx_word' id='word_1_692' title='bbox 41 2464 68 2490; x_wconf 73' lang='grc' dir='ltr'>τὰ</span> <span class='ocrx_word' id='word_1_693' title='bbox 82 2465 221 2500; x_wconf 72' lang='grc' dir='ltr'>αἰτιάματα</span> <span class='ocrx_word' id='word_1_694' title='bbox 233 2464 311 2491; x_wconf 78' lang='grc' dir='ltr'>οὔπω</span> <span class='ocrx_word' id='word_1_695' title='bbox 322 2464 394 2491; x_wconf 82' lang='grc' dir='ltr'>πάνυ</span> <span class='ocrx_word' id='word_1_696' title='bbox 411 2473 437 2491; x_wconf 84' lang='grc' dir='ltr'><strong>τι</strong></span> <span class='ocrx_word' id='word_1_697' title='bbox 451 2458 570 2492; x_wconf 59' lang='grc' dir='ltr'>πιθαναῖ</span> <span class='ocrx_word' id='word_1_698' title='bbox 580 2465 626 2491; x_wconf 78' lang='grc' dir='ltr'>καὶ</span> <span class='ocrx_word' id='word_1_699' title='bbox 649 2466 809 2501; x_wconf 84' lang='grc' dir='ltr'>δραστήριοι</span> 
     </span>
    </p>
   </div>
   <div class='ocr_carea' id='block_1_100' title="bbox 41 2510 809 2547">
    <p class='ocr_par' dir='ltr' id='par_1_100' title="bbox 41 2510 809 2547">
     <span class='ocr_line' id='line_1_100' title="bbox 41 2510 809 2547; baseline 0.003 -11"><span class='ocrx_word' id='word_1_700' title='bbox 41 2510 72 2541; x_wconf 83' lang='grc' dir='ltr'>ὡς</span> <span class='ocrx_word' id='word_1_701' title='bbox 81 2512 158 2537; x_wconf 72' lang='grc' dir='ltr'>ποιεῖν</span> <span class='ocrx_word' id='word_1_702' title='bbox 172 2510 217 2537; x_wconf 81' lang='grc' dir='ltr'>τδν</span> <span class='ocrx_word' id='word_1_703' title='bbox 228 2511 401 2546; x_wconf 65' lang='grc' dir='ltr'>κεχρημένον</span> <span class='ocrx_word' id='word_1_704' title='bbox 430 2511 582 2547; x_wconf 81' lang='grc' dir='ltr'>πετόμενον</span> <span class='ocrx_word' id='word_1_705' title='bbox 598 2512 646 2538; x_wconf 81' lang='grc' dir='ltr'>καὶ</span> <span class='ocrx_word' id='word_1_706' title='bbox 660 2512 723 2547; x_wconf 84' lang='grc' dir='ltr'>μηδ’</span> <span class='ocrx_word' id='word_1_707' title='bbox 739 2513 809 2543; x_wconf 70' lang='grc' dir='ltr'>ὅλως</span> 
     </span>
    </p>
   </div>
   <div class='ocr_carea' id='block_1_101' title="bbox 43 2554 809 2594">
    <p class='ocr_par' dir='ltr' id='par_1_101' title="bbox 43 2554 809 2594">
     <span class='ocr_line' id='line_1_101' title="bbox 43 2554 809 2594; baseline 0.004 -12"><span class='ocrx_word' id='word_1_708' title='bbox 43 2556 159 2591; x_wconf 78' lang='grc' dir='ltr'>θεώμενον</span> <span class='ocrx_word' id='word_1_709' title='bbox 177 2557 240 2583; x_wconf 75' lang='grc' dir='ltr'>καθ’</span> <span class='ocrx_word' id='word_1_710' title='bbox 257 2554 294 2584; x_wconf 84' lang='grc' dir='ltr'>ὧν</span> <span class='ocrx_word' id='word_1_711' title='bbox 323 2557 357 2584; x_wconf 71' lang='grc' dir='ltr'>ἂν</span> <span class='ocrx_word' id='word_1_712' title='bbox 370 2558 550 2585; x_wconf 82' lang='grc' dir='ltr'>ὲπεισπέσθαι</span> <span class='ocrx_word' id='word_1_713' title='bbox 578 2557 728 2594; x_wconf 77' lang='grc' dir='ltr'>ξιφηφόρος</span> <span class='ocrx_word' id='word_1_714' title='bbox 746 2559 809 2593; x_wconf 87' lang='grc' dir='ltr'><strong>βού-</strong></span> 
     </span>
    </p>
   </div>
   <div class='ocr_carea' id='block_1_102' title="bbox 44 2602 807 2638">
    <p class='ocr_par' dir='ltr' id='par_1_102' title="bbox 44 2602 807 2638">
     <span class='ocr_line' id='line_1_102' title="bbox 44 2602 807 2638; baseline 0.003 -10"><span class='ocrx_word' id='word_1_715' title='bbox 44 2602 111 2636; x_wconf 75' lang='grc' dir='ltr'>λοιτο,</span> <span class='ocrx_word' id='word_1_716' title='bbox 123 2603 166 2629; x_wconf 77' lang='grc' dir='ltr'>καὶ</span> <span class='ocrx_word' id='word_1_717' title='bbox 179 2603 251 2637; x_wconf 68' lang='grc' dir='ltr'>ἕτερ’</span> <span class='ocrx_word' id='word_1_718' title='bbox 269 2602 338 2629; x_wconf 78' lang='grc' dir='ltr'>ἄττα</span> <span class='ocrx_word' id='word_1_719' title='bbox 363 2603 510 2638; x_wconf 78' lang='grc' dir='ltr'>βωμολόχα</span> <span class='ocrx_word' id='word_1_720' title='bbox 523 2606 572 2630; x_wconf 80' lang='grc' dir='ltr'>καὶ</span> <span class='ocrx_word' id='word_1_721' title='bbox 588 2604 683 2635; x_wconf 84' lang='grc' dir='ltr'>ἀκοαῖς</span> <span class='ocrx_word' id='word_1_722' title='bbox 714 2604 807 2638; x_wconf 81' lang='grc' dir='ltr'>ὑγιαι-</span> 
     </span>
    </p>
   </div>
   <div class='ocr_carea' id='block_1_103' title="bbox 45 2647 807 2683">
    <p class='ocr_par' dir='ltr' id='par_1_103' title="bbox 45 2647 807 2683">
     <span class='ocr_line' id='line_1_103' title="bbox 45 2647 807 2683; baseline 0.003 -10"><span class='ocrx_word' id='word_1_723' title='bbox 45 2647 133 2679; x_wconf 81' lang='grc' dir='ltr'>νούσαις</span> <span class='ocrx_word' id='word_1_724' title='bbox 146 2648 193 2674; x_wconf 76' lang='grc' dir='ltr'>οὐκ</span> <span class='ocrx_word' id='word_1_725' title='bbox 210 2647 413 2682; x_wconf 80' lang='grc' dir='ltr'>εὑπαράδεκτα.</span> <span class='ocrx_word' id='word_1_726' title='bbox 429 2648 510 2674; x_wconf 79' lang='grc' dir='ltr'>ὁποῖα</span> <span class='ocrx_word' id='word_1_727' title='bbox 525 2647 666 2675; x_wconf 84' lang='grc' dir='ltr'>πάλαι.τοῦ</span> <span class='ocrx_word' id='word_1_728' title='bbox 680 2649 807 2683; x_wconf 81' lang='grc' dir='ltr'>Περσέως</span> 
     </span>
    </p>
   </div>
   <div class='ocr_carea' id='block_1_104' title="bbox 864 2229 1655 2265">
    <p class='ocr_par' dir='ltr' id='par_1_104' title="bbox 864 2229 1655 2265">
     <span class='ocr_line' id='line_1_104' title="bbox 864 2229 1655 2265; baseline -0.003 -7"><span class='ocrx_word' id='word_1_729' title='bbox 864 2235 921 2259; x_wconf 86' lang='lat' dir='ltr'><strong>tate</strong></span> <span class='ocrx_word' id='word_1_730' title='bbox 936 2231 964 2258; x_wconf 92' lang='lat' dir='ltr'><strong>in</strong></span> <span class='ocrx_word' id='word_1_731' title='bbox 979 2232 1108 2258; x_wconf 90' lang='lat' dir='ltr'><strong>maritum</strong></span> <span class='ocrx_word' id='word_1_732' title='bbox 1131 2235 1159 2257; x_wconf 92' lang='lat' dir='ltr'><strong>et</strong></span> <span class='ocrx_word' id='word_1_733' title='bbox 1190 2229 1321 2265; x_wconf 82' lang='lat' dir='ltr'><strong>pudicitia</strong></span> <span class='ocrx_word' id='word_1_734' title='bbox 1346 2230 1463 2264; x_wconf 77' lang='lat' dir='ltr'><strong>insignis</strong></span> <span class='ocrx_word' id='word_1_735' title='bbox 1495 2234 1524 2256; x_wconf 84' lang='lat' dir='ltr'><strong>et</strong></span> <span class='ocrx_word' id='word_1_736' title='bbox 1548 2229 1655 2256; x_wconf 84' lang='lat' dir='ltr'><strong>illustre</strong></span> 
     </span>
    </p>
   </div>
   <div class='ocr_carea' id='block_1_105' title="bbox 864 2275 1657 2310">
    <p class='ocr_par' dir='ltr' id='par_1_105' title="bbox 864 2275 1657 2310">
     <span class='ocr_line' id='line_1_105' title="bbox 864 2275 1657 2310; baseline -0.004 -5"><span class='ocrx_word' id='word_1_737' title='bbox 864 2278 1007 2305; x_wconf 87' lang='lat' dir='ltr'><strong>muliebris</strong></span> <span class='ocrx_word' id='word_1_738' title='bbox 1018 2285 1100 2305; x_wconf 75' lang='lat' dir='ltr'><strong>sexus</strong></span> <span class='ocrx_word' id='word_1_739' title='bbox 1117 2281 1323 2308; x_wconf 78' lang='lat' dir='ltr'><strong>ornamentum,</strong></span> <span class='ocrx_word' id='word_1_740' title='bbox 1349 2275 1451 2302; x_wconf 87' lang='lat' dir='ltr'><strong>frustra</strong></span> <span class='ocrx_word' id='word_1_741' title='bbox 1464 2275 1516 2302; x_wconf 89' lang='lat' dir='ltr'><strong>sibi</strong></span> <span class='ocrx_word' id='word_1_742' title='bbox 1529 2275 1579 2310; x_wconf 87' lang='lat' dir='ltr'><strong>ipsi</strong></span> <span class='ocrx_word' id='word_1_743' title='bbox 1600 2283 1657 2302; x_wconf 84' lang='lat' dir='ltr'><strong>ma-</strong></span> 
     </span>
    </p>
   </div>
   <div class='ocr_carea' id='block_1_106' title="bbox 864 2321 1655 2356">
    <p class='ocr_par' dir='ltr' id='par_1_106' title="bbox 864 2321 1655 2356">
     <span class='ocr_line' id='line_1_106' title="bbox 864 2321 1655 2356; baseline -0.004 -5"><span class='ocrx_word' id='word_1_744' title='bbox 864 2332 917 2351; x_wconf 91' lang='lat' dir='ltr'><strong>nus</strong></span> <span class='ocrx_word' id='word_1_745' title='bbox 931 2323 1031 2350; x_wconf 80' lang='lat' dir='ltr'><strong>all&#39;erre</strong></span> <span class='ocrx_word' id='word_1_746' title='bbox 1050 2328 1158 2354; x_wconf 85' lang='lat' dir='ltr'><strong>conata,</strong></span> <span class='ocrx_word' id='word_1_747' title='bbox 1180 2322 1213 2349; x_wconf 94' lang='lat' dir='ltr'><strong>ad</strong></span> <span class='ocrx_word' id='word_1_748' title='bbox 1230 2321 1319 2356; x_wconf 88' lang='lat' dir='ltr'><strong>patrui</strong></span> <span class='ocrx_word' id='word_1_749' title='bbox 1337 2322 1421 2356; x_wconf 88' lang='lat' dir='ltr'><strong>pedes</strong></span> <span class='ocrx_word' id='word_1_750' title='bbox 1435 2322 1552 2356; x_wconf 84' lang='lat' dir='ltr'><strong>supplex</strong></span> <span class='ocrx_word' id='word_1_751' title='bbox 1567 2322 1655 2349; x_wconf 86' lang='lat' dir='ltr'><strong>advo-</strong></span> 
     </span>
    </p>
   </div>
   <div class='ocr_carea' id='block_1_107' title="bbox 863 2369 1657 2404">
    <p class='ocr_par' dir='ltr' id='par_1_107' title="bbox 863 2369 1657 2404">
     <span class='ocr_line' id='line_1_107' title="bbox 863 2369 1657 2404; baseline -0.004 -6"><span class='ocrx_word' id='word_1_752' title='bbox 863 2371 922 2398; x_wconf 90' lang='lat' dir='ltr'><strong>luta</strong></span> <span class='ocrx_word' id='word_1_753' title='bbox 934 2377 1096 2404; x_wconf 87' lang='lat' dir='ltr'><strong>sutnmoque</strong></span> <span class='ocrx_word' id='word_1_754' title='bbox 1120 2376 1184 2396; x_wconf 88' lang='lat' dir='ltr'><strong>eum</strong></span> <span class='ocrx_word' id='word_1_755' title='bbox 1200 2369 1277 2396; x_wconf 89' lang='lat' dir='ltr'><strong>luctu</strong></span> <span class='ocrx_word' id='word_1_756' title='bbox 1302 2373 1331 2396; x_wconf 79' lang='lat' dir='ltr'><strong>et</strong></span> <span class='ocrx_word' id='word_1_757' title='bbox 1350 2369 1524 2396; x_wconf 82' lang='lat' dir='ltr'><strong>sanctissimo</strong></span> <span class='ocrx_word' id='word_1_758' title='bbox 1549 2369 1657 2404; x_wconf 82' lang='lat' dir='ltr'><strong>jureju-</strong></span> 
     </span>
    </p>
   </div>
   <div class='ocr_carea' id='block_1_108' title="bbox 863 2415 1655 2450">
    <p class='ocr_par' dir='ltr' id='par_1_108' title="bbox 863 2415 1655 2450">
     <span class='ocr_line' id='line_1_108' title="bbox 863 2415 1655 2450; baseline -0.003 -6"><span class='ocrx_word' id='word_1_759' title='bbox 863 2417 951 2445; x_wconf 89' lang='lat' dir='ltr'><strong>rando</strong></span> <span class='ocrx_word' id='word_1_760' title='bbox 977 2416 1067 2444; x_wconf 85' lang='lat' dir='ltr'><strong>mariti</strong></span> <span class='ocrx_word' id='word_1_761' title='bbox 1091 2416 1277 2443; x_wconf 88' lang='lat' dir='ltr'><strong>innocentiam</strong></span> <span class='ocrx_word' id='word_1_762' title='bbox 1310 2419 1339 2442; x_wconf 84' lang='lat' dir='ltr'><strong>et</strong></span> <span class='ocrx_word' id='word_1_763' title='bbox 1369 2422 1433 2450; x_wconf 87' lang='lat' dir='ltr'><strong>erga</strong></span> <span class='ocrx_word' id='word_1_764' title='bbox 1460 2415 1655 2450; x_wconf 84' lang='lat' dir='ltr'><strong>imperatorem</strong></span> 
     </span>
    </p>
   </div>
   <div class='ocr_carea' id='block_1_109' title="bbox 862 2462 1653 2498">
    <p class='ocr_par' dir='ltr' id='par_1_109' title="bbox 862 2462 1653 2498">
     <span class='ocr_line' id='line_1_109' title="bbox 862 2462 1653 2498; baseline -0.004 -7"><span class='ocrx_word' id='word_1_765' title='bbox 862 2465 943 2492; x_wconf 76' lang='lat' dir='ltr'><strong>fidem</strong></span> <span class='ocrx_word' id='word_1_766' title='bbox 967 2469 1050 2498; x_wconf 81' lang='lat' dir='ltr'><strong>atque</strong></span> <span class='ocrx_word' id='word_1_767' title='bbox 1074 2462 1277 2490; x_wconf 74' lang='lat' dir='ltr'><strong>observantiam</strong></span> <span class='ocrx_word' id='word_1_768' title='bbox 1306 2462 1460 2493; x_wconf 83' lang='lat' dir='ltr'><strong>testiﬁcata,</strong></span> <span class='ocrx_word' id='word_1_769' title='bbox 1491 2469 1653 2495; x_wconf 75' lang='lat' dir='ltr'><strong>permovere</strong></span> 
     </span>
    </p>
   </div>
   <div class='ocr_carea' id='block_1_110' title="bbox 862 2507 1654 2543">
    <p class='ocr_par' dir='ltr' id='par_1_110' title="bbox 862 2507 1654 2543">
     <span class='ocr_line' id='line_1_110' title="bbox 862 2507 1654 2543; baseline -0.005 -6"><span class='ocrx_word' id='word_1_770' title='bbox 862 2516 954 2537; x_wconf 84' lang='lat' dir='ltr'><strong>tamen</strong></span> <span class='ocrx_word' id='word_1_771' title='bbox 971 2511 1031 2543; x_wconf 87' lang='lat' dir='ltr'><strong>ejus</strong></span> <span class='ocrx_word' id='word_1_772' title='bbox 1056 2508 1178 2536; x_wconf 81' lang='lat' dir='ltr'><strong>animum</strong></span> <span class='ocrx_word' id='word_1_773' title='bbox 1211 2508 1245 2535; x_wconf 86' lang='lat' dir='ltr'><strong>ad</strong></span> <span class='ocrx_word' id='word_1_774' title='bbox 1272 2507 1505 2539; x_wconf 84' lang='lat' dir='ltr'><strong>misericordiam,</strong></span> <span class='ocrx_word' id='word_1_775' title='bbox 1528 2507 1654 2542; x_wconf 84' lang='lat' dir='ltr'><strong>quamvis</strong></span> 
     </span>
    </p>
   </div>
   <div class='ocr_carea' id='block_1_111' title="bbox 861 2553 1652 2588">
    <p class='ocr_par' dir='ltr' id='par_1_111' title="bbox 861 2553 1652 2588">
     <span class='ocr_line' id='line_1_111' title="bbox 861 2553 1652 2588; baseline -0.004 -6"><span class='ocrx_word' id='word_1_776' title='bbox 861 2556 1008 2583; x_wconf 85' lang='lat' dir='ltr'><strong>miserabili</strong></span> <span class='ocrx_word' id='word_1_777' title='bbox 1021 2555 1128 2588; x_wconf 84' lang='lat' dir='ltr'><strong>habitu,</strong></span> <span class='ocrx_word' id='word_1_778' title='bbox 1140 2562 1189 2582; x_wconf 83' lang='lat' dir='ltr'><strong>nec</strong></span> <span class='ocrx_word' id='word_1_779' title='bbox 1197 2562 1212 2582; x_wconf 85' lang='lat' dir='ltr'><strong>a</strong></span> <span class='ocrx_word' id='word_1_780' title='bbox 1223 2554 1359 2582; x_wconf 83' lang='lat' dir='ltr'><strong>sententia</strong></span> <span class='ocrx_word' id='word_1_781' title='bbox 1373 2553 1453 2588; x_wconf 78' lang='lat'><strong>189</strong></span> <span class='ocrx_word' id='word_1_782' title='bbox 1462 2554 1597 2580; x_wconf 86' lang='lat' dir='ltr'><strong>deducere</strong></span> <span class='ocrx_word' id='word_1_783' title='bbox 1607 2561 1652 2587; x_wconf 85' lang='lat' dir='ltr'><strong>po-</strong></span> 
     </span>
    </p>
   </div>
   <div class='ocr_carea' id='block_1_112' title="bbox 862 2599 1650 2636">
    <p class='ocr_par' dir='ltr' id='par_1_112' title="bbox 862 2599 1650 2636">
     <span class='ocr_line' id='line_1_112' title="bbox 862 2599 1650 2636; baseline -0.006 -7"><span class='ocrx_word' id='word_1_784' title='bbox 862 2602 924 2629; x_wconf 90' lang='lat' dir='ltr'><strong>tuit.</strong></span> <span class='ocrx_word' id='word_1_785' title='bbox 936 2601 1030 2635; x_wconf 88' lang='lat' dir='ltr'><strong>Itaque</strong></span> <span class='ocrx_word' id='word_1_786' title='bbox 1039 2608 1071 2627; x_wconf 72' lang='lat' dir='ltr'><strong>ex</strong></span> <span class='ocrx_word' id='word_1_787' title='bbox 1080 2604 1213 2636; x_wconf 86' lang='lat' dir='ltr'><strong>perpetuo</strong></span> <span class='ocrx_word' id='word_1_788' title='bbox 1222 2607 1341 2627; x_wconf 59' lang='lat' dir='ltr'><strong>maerore</strong></span> <span class='ocrx_word' id='word_1_789' title='bbox 1351 2599 1510 2626; x_wconf 85' lang='lat' dir='ltr'><strong>solitudinis</strong></span> <span class='ocrx_word' id='word_1_790' title='bbox 1523 2602 1548 2626; x_wconf 86' lang='lat' dir='ltr'><strong>et</strong></span> <span class='ocrx_word' id='word_1_791' title='bbox 1563 2599 1650 2630; x_wconf 88' lang='lat' dir='ltr'><strong>luctu,</strong></span> 
     </span>
    </p>
   </div>
   <div class='ocr_carea' id='block_1_113' title="bbox 861 2645 1651 2680">
    <p class='ocr_par' dir='ltr' id='par_1_113' title="bbox 861 2645 1651 2680">
     <span class='ocr_line' id='line_1_113' title="bbox 861 2645 1651 2680; baseline -0.005 -5"><span class='ocrx_word' id='word_1_792' title='bbox 861 2653 944 2676; x_wconf 77' lang='lat' dir='ltr'><strong>casta:</strong></span> <span class='ocrx_word' id='word_1_793' title='bbox 959 2648 1074 2674; x_wconf 86' lang='lat' dir='ltr'><strong>turturis</strong></span> <span class='ocrx_word' id='word_1_794' title='bbox 1094 2648 1191 2679; x_wconf 85' lang='lat' dir='ltr'><strong>instar,</strong></span> <span class='ocrx_word' id='word_1_795' title='bbox 1206 2647 1307 2674; x_wconf 84' lang='lat' dir='ltr'><strong>mentis</strong></span> <span class='ocrx_word' id='word_1_796' title='bbox 1321 2653 1416 2674; x_wconf 86' lang='lat' dir='ltr'><strong>errore</strong></span> <span class='ocrx_word' id='word_1_797' title='bbox 1434 2652 1520 2680; x_wconf 86' lang='lat' dir='ltr'><strong>usque</strong></span> <span class='ocrx_word' id='word_1_798' title='bbox 1535 2645 1569 2672; x_wconf 91' lang='lat' dir='ltr'><strong>ad</strong></span> <span class='ocrx_word' id='word_1_799' title='bbox 1589 2645 1651 2671; x_wconf 81' lang='lat' dir='ltr'><strong>obi-</strong></span> 
     </span>
    </p>
   </div>
   <div class='ocr_carea' id='block_1_114' title="bbox 646 2719 971 2752">
    <p class='ocr_par' dir='ltr' id='par_1_114' title="bbox 646 2719 971 2752">
     <span class='ocr_line' id='line_1_114' title="bbox 646 2719 971 2752; baseline 0 -3"><span class='ocrx_word' id='word_1_800' title='bbox 646 2719 732 2751; x_wconf 85' lang='lat' dir='ltr'><strong>Hier.</strong></span> <span class='ocrx_word' id='word_1_801' title='bbox 754 2720 855 2752; x_wconf 81' lang='lat' dir='ltr'><strong>Wolﬁi</strong></span> <span class='ocrx_word' id='word_1_802' title='bbox 876 2723 971 2750; x_wconf 64' lang='lat' dir='ltr'><strong>uotae.</strong></span> 
     </span>
    </p>
   </div>
   <div class='ocr_carea' id='block_1_115' title="bbox 75 2782 810 2819">
    <p class='ocr_par' dir='ltr' id='par_1_115' title="bbox 75 2782 810 2819">
     <span class='ocr_line' id='line_1_115' title="bbox 75 2782 810 2819; baseline 0 -7"><span class='ocrx_word' id='word_1_803' title='bbox 75 2785 120 2819; x_wconf 82' lang='lat'><strong>(90)</strong></span> <span class='ocrx_word' id='word_1_804' title='bbox 138 2782 196 2811; x_wconf 74' lang='grc' dir='ltr'><strong>Τῶν</strong></span> <span class='ocrx_word' id='word_1_805' title='bbox 207 2783 349 2818; x_wconf 76' lang='grc' dir='ltr'>πρότριτα</span> <span class='ocrx_word' id='word_1_806' title='bbox 357 2783 586 2818; x_wconf 70' lang='grc' dir='ltr'>λανθανόμονοι.</span> <span class='ocrx_word' id='word_1_807' title='bbox 601 2783 706 2811; x_wconf 83' lang='lat' dir='ltr'><strong>Referri</strong></span> <span class='ocrx_word' id='word_1_808' title='bbox 719 2789 810 2819; x_wconf 83' lang='lat' dir='ltr'><strong>potest</strong></span> 
     </span>
    </p>
   </div>
   <div class='ocr_carea' id='block_1_116' title="bbox 49 2819 809 2853">
    <p class='ocr_par' dir='ltr' id='par_1_116' title="bbox 49 2819 809 2853">
     <span class='ocr_line' id='line_1_116' title="bbox 49 2819 809 2853; baseline 0.003 -8"><span class='ocrx_word' id='word_1_809' title='bbox 49 2819 89 2847; x_wconf 71' lang='lat' dir='ltr'><strong>hoc</strong></span> <span class='ocrx_word' id='word_1_810' title='bbox 103 2820 139 2847; x_wconf 73' lang='lat' dir='ltr'><strong>vel</strong></span> <span class='ocrx_word' id='word_1_811' title='bbox 155 2819 186 2846; x_wconf 89' lang='lat' dir='ltr'><strong>ad</strong></span> <span class='ocrx_word' id='word_1_812' title='bbox 202 2819 363 2846; x_wconf 83' lang='lat' dir='ltr'><strong>meritorum</strong></span> <span class='ocrx_word' id='word_1_813' title='bbox 379 2824 408 2847; x_wconf 85' lang='lat' dir='ltr'><strong>et</strong></span> <span class='ocrx_word' id='word_1_814' title='bbox 422 2826 514 2846; x_wconf 85' lang='lat' dir='ltr'><strong>rerum</strong></span> <span class='ocrx_word' id='word_1_815' title='bbox 527 2824 666 2853; x_wconf 81' lang='lat' dir='ltr'><strong>gestarum</strong></span> <span class='ocrx_word' id='word_1_816' title='bbox 690 2821 809 2847; x_wconf 91' lang='lat' dir='ltr'><strong>oblivio-</strong></span> 
     </span>
    </p>
   </div>
   <div class='ocr_carea' id='block_1_117' title="bbox 863 2770 1648 2816">
    <p class='ocr_par' dir='ltr' id='par_1_117' title="bbox 863 2770 1648 2816">
     <span class='ocr_line' id='line_1_117' title="bbox 863 2770 1648 2816; baseline -0.001 -6"><span class='ocrx_word' id='word_1_817' title='bbox 863 2791 937 2816; x_wconf 74' lang='lat' dir='ltr'><strong>nem,</strong></span> <span class='ocrx_word' id='word_1_818' title='bbox 964 2783 1006 2810; x_wconf 85' lang='lat' dir='ltr'><strong>vel</strong></span> <span class='ocrx_word' id='word_1_819' title='bbox 1037 2782 1070 2810; x_wconf 81' lang='lat' dir='ltr'><strong>ad</strong></span> <span class='ocrx_word' id='word_1_820' title='bbox 1099 2781 1273 2810; x_wconf 82' lang='lat' dir='ltr'><strong>insolentiam</strong></span> <span class='ocrx_word' id='word_1_821' title='bbox 1298 2779 1421 2816; x_wconf 67' lang='lat' dir='ltr'><strong>pristina:</strong></span> <span class='ocrx_word' id='word_1_822' title='bbox 1444 2780 1526 2808; x_wconf 87' lang='lat' dir='ltr'><strong>sortis</strong></span> <span class='ocrx_word' id='word_1_823' title='bbox 1552 2770 1648 2809; x_wconf 69' lang='lat' dir='ltr'><strong>imme-</strong></span> 
     </span>
    </p>
   </div>
   <div class='ocr_carea' id='block_1_118' title="bbox 864 2827 978 2846">
    <p class='ocr_par' dir='ltr' id='par_1_118' title="bbox 864 2827 978 2846">
     <span class='ocr_line' id='line_1_118' title="bbox 864 2827 978 2846; baseline 0.009 -1"><span class='ocrx_word' id='word_1_824' title='bbox 864 2827 978 2846; x_wconf 87' lang='lat' dir='ltr'><strong>morem.</strong></span> 
     </span>
    </p>
   </div>
  </div>
