1931 3080
25 202 73 233 εστι

516 201 565 232 DE
585 201 768 232 MANUELE
791 200 972 232 COMNENO
990 203 1063 234 LIB.
1085 203 1150 233 Vll.

1587 203 1639 233 5⁵4

24 259 66 284 ιιιὶ
91 258 134 288 εἷς
166 255 332 291 ἐμπρησμὸν
363 255 465 288 ἔκτοτε,
497 255 532 290 ἢν
559 257 714 292 εὐπρήστου
743 255 803 289 ὓλη‹

862 254 903 281 vis
918 263 988 289 pene
1015 256 1138 284 demersa
1151 261 1202 284 est.
1214 258 1252 283 Ac
1265 265 1327 284 eum
1343 257 1442 284 tributa
1461 266 1640 293 exaggcrasse

22 303 87 339 τῦχῃ
101 302 267 337 λαϐόμινον,
285 302 332 328 καὶ
347 302 517 336 πρδςήμόνην
538 302 655 336 ὑποψίαν
671 302 809 336 φυομένην

23 350 67 383 τὴν
87 349 144 375 τῶν
165 348 321 374 λυπούντων
349 346 435 382 ἀρχὴν
461 347 620 381 ἀπεμάχετο
649 346 721 373 κατὰ
747 345 809 375 τοὺς

24 395 149 428 ἀρίστους
174 394 229 420 τῶν
250 393 388 428 γηπύνων,
409 391 433 418 οἳ
460 392 510 423 τὰς
533 392 655 423 ἀκάνθας
683 391 732 421 τὰς
760 391 809 425 τὴν

24 441 144 474 πρασιάν
174 438 377 473 λυμαινομένας
408 437 510 472 νεαρὰς
538 437 579 463 ἔτι
608 437 730 463 ἐκσπίυσι
762 436 809 461 καὶ

24 485 259 519 καταστρέφουσιν
276 483 409 517 ἀρτιθαλῆ
429 483 483 509 τῶν
498 483 613 517 δένδρων
632 482 667 508 τὰ
695 482 732 516 μὴ
760 490 809 516 κη-

23 530 153 564 πεὺσιμα.
173 530 228 556 Καὶ
246 529 325 555 τοῦτο
341 528 434 562 σαφῶς
454 527 578 560 ὑπέδειξε
593 527 627 554 τὰ
649 529 807 562 μετέπειτα,

23 576 101 609 ἡνίκα
116 575 167 610 τὴν
184 575 234 609 μὲν
249 574 365 601 ἐνταῦθα
384 574 457 609 ζωὴν
471 575 551 605 αὐτὸς
579 573 754 608 μετηλὶάχει,
774 572 809 609 τὰ

23 621 50 646 δέ
75 629 108 655 γε
137 621 290 655 πράγματα
318 620 488 654 κυσερνήτην
519 619 693 645 ἀποϐαλόντα
725 618 808 652 σοφὸν

26 667 122 701 μικροῦ
146 666 179 692 τὸ
202 666 252 700 τῆς
271 665 408 700 βασιλείας
427 665 531 699 σκάφος
559 665 700 691 ὲῦἁπτισε.
722 664 759 690 Τὸ
784 663 807 690 δ’

23 713 66 738 οὖν
88 712 146 738 τῶν
161 711 273 746 δασμῶν
294 711 490 744 ἐπιτεταμένον
508 710 563 736 οὐδ’
579 709 659 740 αὐτὸς
682 709 720 741 ὼς
742 707 808 743 μετ-

24 757 132 783 εδίωχεν
157 755 362 790 ἀποκρύψομαι.
383 755 451 781 Ἀλλ’
465 754 520 781 οὐδ’
546 755 587 780 ὅτι
606 754 633 780 at
652 754 736 789 ἁρχαὶ
761 754 806 788 δη-

27 801 176 836 μοσιώναις
191 801 396 836 προὺϐέὸληντο
413 800 631 836 πσραδράμοιμι,
651 798 744 833 ὥσπερ
761 800 808 826 καὶ

23 849 49 874 τὸ
77 847 175 874 ποθεῖν
200 847 328 880 νεὼματα
359 847 388 872 ἐν
420 846 554 880 ἀρούραις
578 846 626 871 καὶ
651 846 690 878 τῷ
709 845 806 872 ἑαυτοῦ

23 893 127 928 ἀρότρῳ
138 891 288 926 διασχίζειν
305 890 437 923 αὔλακας,
454 890 484 922 ἐξ
500 887 537 917 ὧν
551 890 624 924 αὑτῷ
641 890 808 924 ὰνὸρομεγέ-

23 939 67 973 οης
93 939 259 965 ἁνὲίῖλαστεν
284 937 413 972 ἄσταχυς.
439 934 493 963 ἾΙν
519 937 547 962 δὲ
570 936 604 963 τὰ
624 935 808 970 συλλεγόμενα

22 987 146 1020 χρήματα
175 984 206 1010 οὐ
234 983 360 1014 τοσοῦτον
391 982 547 1017 ἁποθήκαις
574 981 760 1016 ἀποτιθέμενα
790 983 806 1018 ἢ

23 1031 97 1066 μνχῷ
111 1031 164 1065 γῆς
182 1030 446 1065 ἑγκατορυττόμενα,
469 1029 531 1055 ὅσον
546 1028 719 1064 ἀμφοτέραις
740 1029 808 1055 ἀπο·
834 1065 838 1069 ,

22 1078 170 1112 κενούμενα
184 1077 231 1103 καὶ
248 1076 364 1110 ἀφειδῶς
381 1076 558 1110 παρεχόμενα
580 1075 629 1102 καὶ
647 1075 741 1109 μοναῖς
757 1075 808 1110 μὲν

22 1124 65 1149 καὶ
82 1124 210 1156 τεμένεσι
237 1123 285 1149 καὶ
306 1121 452 1155 Ῥωμαίοις
467 1121 689 1155 ὲλασσουμένοις,
716 1120 750 1147 τὰ
779 1120 807 1146 δὲ

21 1170 133 1196 πλεῖστα
155 1170 218 1198 ταῖς
242 1169 297 1194 τῶν
313 1167 397 1194 ὲονῶν
423 1166 646 1202 μεταγγιζόμενα
665 1175 807 1201 πανσπερ-

22 1216 94 1250 μίαις
113 1235 122 1247 ,
155 1215 204 1241 καὶ.
238 1214 354 1249 μάλιστα
390 1215 451 1245 ταῖς
483 1213 640 1244 Λατινικαῐς
657 1213 806 1247 εὲκρέοντα

20 1261 183 1296 ὀμηγὺρεσι.
213 1259 377 1294 Φιλοδωρίας
401 1259 455 1294 γὰρ
477 1250 651 1293 peremi)wa
675 1258 806 1290 ἐπίδειξιν

21 1308 130 1339 ἀσώτως
146 1306 294 1342 ὲσκὸρπιζε
314 1306 361 1332 καὶ
381 1306 527 1341 ἀνήλισκεν
542 1304 614 1339 ἅπερ
634 1305 806 1340 ἀμφοτέραις

22 1354 156 1387 συνέλεγε,
168 1353 233 1383 τοὺς
248 1353 342 1387 ἄκρως
359 1350 549 1386 κερματιστὰς
572 1350 736 1384 φροντιστὰς
750 1350 806 1376 τῶν

20 1400 125 1426 οἰκείων
149 1398 281 1432 ὲφιστῶν.
309 1397 402 1431 Μέρος
426 1397 453 1424 δὲ
472 1397 522 1431 τῆς
545 1397 668 1431 δαπάνης
695 1396 805 1430 καίριον

19 1444 84 1480 ἦσαν
104 1445 153 1471 καὶ
180 1445 238 1471 ὅσοι
267 1442 328 1470 καθ’
350 1441 421 1477 αἷμα
451 1443 618 1477 συνήπτοντο
644 1443 692 1468 καὶ
717 1442 805 1473 ἄλλως

19 1491 162 1525 ᾠκείωντο.
181 1488 285 1516 Αὐτίκα
304 1488 394 1514 τοίνυν
409 1488 426 1521 ὴ
443 1487 543 1521 ἀνεψιὰ
570 1484 738 1522 Θεοδὼρα,ᾖ
758 1487 806 1513 καὶ

20 1538 64 1571 (ὡς
95 1535 217 1570 ἔφημεν)
250 1534 418 1568 ἐπλησίαζε,
449 1532 668 1567 βασιλικωτάτης
695 1533 804 1567 μετεῖχε

859 306 886 327 οι
900 301 1073 336 magistratus
1083 303 1236 336 publicanis
1248 304 1403 330 vendidisse
1415 309 1443 330 et
1460 304 1641 332 fertilissimus

862 353 943 379 agros
957 347 1014 373 suis
1027 348 1127 374 aratris
1145 348 1309 381 proscidisse
1325 349 1406 383 266
1419 357 1468 376 nec
1485 349 1542 383 ipse
1558 350 1641 376 dissi-

861 392 967 418 tnulare
995 399 1118 431 possunt.
1145 392 1197 419 Sed
1215 394 1331 427 pecunia
1360 395 1410 421 hoc
1432 396 1512 421 modo
1528 395 1641 422 collecta

860 443 913 462 non
930 437 1026 462 tamin
1056 437 1201 464 thesauros
1219 438 1392 465 referebatur
1415 447 1496 473 quam
1526 448 1642 475 utraque

860 488 942 508 manu
961 482 1111 509 liberaliter
1122 484 1325 517 eiYundebatur,
1347 486 1447 519 partitn
1463 489 1489 514 in
1505 495 1642 517 monaste-

840 527 910 559 'ria,
944 535 1036 554 sacras
1062 529 1135 556 aedes
1163 534 1191 556 et
1220 537 1355 564 pauperes
1374 531 1521 566 Romanos,
1542 535 1641 568 partim

859 579 924 598 vero
932 577 961 599 et
977 576 1092 599 maxima
1104 574 1217 608 quidem
1235 582 1266 601 ex
1281 580 1370 609 parte,
1388 576 1415 602 in
1427 578 1518 605 varias
1535 586 1641 614 gentes,

859 616 972 644 Latinas
987 619 1150 652 praesertim.
1167 618 1235 646 Nam
1248 628 1281 646 ex
1296 621 1493 650 muniﬁcentiae
1519 629 1642 653 ostenta-

859 662 933 689 tione
946 662 1031 690 eﬂuse
1046 664 1190 699 spargebat
1201 669 1229 691 et
1241 665 1395 693 insumebat
1410 675 1440 694 ea
1451 677 1511 703 quae
1528 675 1643 706 utraque

858 716 940 735 manu
958 709 1116 745 collegerat,
1130 714 1158 737 et
1188 711 1379 739 acerbissimos
1409 719 1554 743 exactores
1569 725 1643 752 quae-

859 759 949 786 stores
973 755 1144 790 designabat.
1166 756 1193 783 In
1216 757 1290 791 justa
1317 763 1477 792 sumptuum
1504 767 1581 795 parte
1598 764 1643 791 illa

858 800 948 834 neptis
962 801 1022 835 ejus
1050 801 1208 834 Theodora,
1225 803 1313 838 cujus,
1331 809 1361 831 ut
1377 804 1445 837 dixi,
1461 809 1643 836 consuetudi-

858 851 893 871 ne
908 845 1050 878 utebatur,
1073 846 1199 880 quamvis
1228 855 1326 882 expers
1352 849 1528 882 diadematis,
1551 850 1654 881 tamen

858 893 990 918 comitatu
1007 892 1087 926 plane
1101 894 1177 928 regio
1192 894 1332 925 utebatur,
1347 895 1449 922 mulier
1461 899 1641 931 superciliosa

859 940 886 962 et
898 943 1040 974 arrogans.
1061 945 1121 972 quae
1143 939 1272 972 palatium
1289 940 1341 967 nisi
1366 942 1503 975 exquisite
1524 951 1642 978 perpur-

858 986 950 1015 gatum
969 982 1074 1016 ingredi
1104 984 1260 1012 recusabat.
1287 985 1342 1012 Sed
1359 991 1388 1013 et
1404 987 1460 1013 ﬁlio
1475 996 1508 1014 ex
1533 997 1564 1016 ea
1579 998 1642 1024 pro-

858 1032 953 1053 creato
967 1033 995 1054 et
1010 1028 1071 1055 aliis
1085 1029 1211 1063 pluribus
1231 1034 1287 1057 tota
1301 1032 1386 1058 maria
1410 1034 1535 1066 pecuniae
1548 1035 1644 1062 aﬁlue-

857 1071 935 1098 bant.
950 1072 1089 1100 Eunuchis
1104 1082 1214 1108 quoqtte
1236 1075 1416 1104 cubiculariis
1433 1078 1550 1113 aliisque
1562 1082 1643 1108 inini-

857 1118 921 1144 stris
936 1125 969 1144 ex
986 1119 1139 1153 peregrinis
1152 1121 1220 1147 ortis
1243 1121 1415 1155 nationibus,
1433 1125 1641 1157 semibarbaris.

856 1163 905 1198 qui
920 1164 1077 1198 expeditius
1091 1165 1228 1199 spuebant
1255 1174 1336 1200 quam
1366 1168 1563 1203 loquebantur,
1580 1177 1640 1199 erat

856 1208 946 1236 facilis
961 1214 989 1237 et
1011 1210 1157 1244 benignus,
1174 1219 1276 1246 eosque
1300 1215 1327 1240 in
1354 1213 1470 1241 divitum
1497 1224 1639 1244 numerum

857 1255 1005 1287 referebat,
1022 1261 1051 1283 ut
1072 1257 1179 1284 acervis
1201 1258 1381 1291 pecuniarum
1396 1264 1424 1286 et
1440 1262 1514 1288 omni
1539 1270 1640 1297 genere

855 1302 937 1337 267
949 1308 1172 1330 ornamentorum
1184 1308 1313 1338 tanquam
1325 1306 1504 1333 maximarum
1517 1309 1639 1342 gentium

855 1355 986 1382 proceres
1000 1349 1235 1382 circumﬂuerent,
1256 1351 1339 1385 idque
1355 1359 1417 1378 cum
1446 1353 1536 1380 omnis
1549 1355 1643 1382 erud?-

856 1394 941 1421 tionis
951 1400 1079 1428 expertes
1096 1395 1195 1430 lingua:
1221 1396 1322 1424 Graeca:
1347 1398 1462 1432 vestigia
1487 1398 1523 1426 ita
1548 1407 1643 1434 perse-

854 1443 1008 1474 querentur
1026 1445 1056 1467 ut
1073 1441 1190 1475 specula:
1214 1446 1241 1468 et
1257 1449 1340 1476 rupes
1363 1449 1516 1471 extremum
1543 1453 1641 1475 sonum

856 1485 1034 1519 pastoralium
1050 1486 1230 1514 canticorum.
1246 1487 1294 1515 His
1307 1493 1435 1523 tanquam
1452 1491 1643 1520 observantis-

856 1531 934 1558 simis
959 1536 987 1559 et
1002 1532 1173 1560 ﬁdelissimis
1194 1533 1332 1561 ministris
1345 1543 1399 1561 non
1415 1538 1495 1563 modo
1518 1545 1641 1567 summos

18 1581 191 1617 δορυῳορίας,
217 1580 264 1606 καὶ
293 1579 345 1614 μὴν
369 1580 398 1604 οὺ
424 1578 599 1613 διαδουμένη,
623 1578 670 1604 καὶ
684 1578 739 1604 τῶν
754 1578 803 1613 ἀρ-

856 1577 1035 1611 magislratus
1065 1578 1199 1610 tradebat,
1215 1579 1262 1605 sed
1280 1587 1330 1613 pro
1356 1580 1487 1608 tribunali
1510 1583 1582 1618 juris
1597 1584 1641 1611 di-

19 1628 97 1663 χεῐων
114 1626 294 1662 βαρουμένων
310 1625 438 1660 παριέναι
453 1624 545 1659 ἢθελε,
560 1624 609 1650 καὶ
634 1624 706 1650 κατὰ
724 1633 804 1658 φυσι-

19 1674 66 1708 κὴν
85 1673 141 1707 μὲν
161 1671 282 1706 ἰδιότητα
310 1670 428 1705 σοϐαρὰν
458 1670 576 1696 ἕλκουσα
602 1669 644 1705 [Ρ.
671 1669 734 1705 155]
754 1671 804 1704 τὴν

19 1719 100 1754 ὀφρὺν
120 1718 170 1744 καὶ
188 1719 243 1744 ἀνω
260 1717 290 1743 τὸ
305 1717 382 1750 ὄμμα
402 1716 539 1748 τείνουσα,
556 1716 586 1741 τὸ
600 1715 627 1741 δὲ
641 1715 722 1742 πλέον
737 1716 803 1750 ἀγέ-

20 1774 101 1799 ρωχον
117 1764 267 1799 βλέπουσα,
287 1763 342 1789 Καὶ
355 1763 368 1788 ὁ
383 1763 417 1788 ὲκ
431 1761 533 1796 ταύτης
558 1761 586 1787 δὲ
601 1762 746 1796 γενόμενος
765 1762 803 1796 τῷ

20 1811 120 1844 βασιλεί
148 1811 214 1841 παῖς
247 1810 295 1835 καὶ
326 1808 425 1843 ἐφεξῆς
454 1808 543 1842 ἕτεροι
572 1807 636 1838 ὅλας
665 1807 804 1838 θαλάσσας

19 1857 164 1892 χρημάτων
181 1857 220 1886 εἰς
236 1855 351 1884 ἑαυτοὺς
377 1854 573 1888 μετωχέτευον.
590 1853 707 1884 Εῦκολος
722 1854 750 1880 δὲ
765 1853 803 1880 ὢν

19 1904 59 1929 ut
84 1902 252 1938 εὐχείρωτος
265 1902 322 1931 τοῖς
339 1900 557 1935 κατευναστῆρσι
573 1901 620 1926 καὶ
642 1899 803 1934 Θαλαμηπό-

18 1946 67 1977 λοις
80 1946 237 1981 ὲκτομίαις,
254 1944 323 1971 ἀλλὰ
335 1944 367 1978 δὴ
383 1943 431 1970 καὶ
453 1946 509 1975 τοῖς
525 1943 579 1970 ἀπὸ
601 1944 688 1977 γενῶν
712 1944 804 1978 ἑτερο-

18 1992 140 2025 γλώττων
158 1990 426 2025 ὑποὸαρσαρίξουσιν
443 1990 606 2024 ὑπηρέταις,
624 1986 662 2016 ὦν
683 1989 697 2015 ὸ
715 1989 803 2020 σῑελος

17 2038 154 2072 τοῦλόγου
175 2036 402 2073 προηκοντίζετο,
425 2037 482 2066 τοῖς
500 2036 651 2070 ρυηφενέσι
668 2035 714 2062 καὶ
740 2034 802 2061 τού-

17 2085 238 2116 τονςὲνὲταττεν
261 2081 386 2113 εὐπετῶς
408 2082 442 2108 τὰ
459 2081 546 2108 πολλὰ
574 2082 605 2108 τδ
634 2079 680 2113 οὖς
709 2082 802 2112 αὐτοῖς

17 2129 176 2162 ὒποιλίνων,
194 2130 242 2155 καὶ
262 2128 334 2162 ἅπερ
352 2127 476 2162 ᾐτοῦντο,
497 2127 602 2163 ῥᾳόνως
629 2127 799 2162 ἔκπερατῶν.

17 2174 74 2200 Τισὶ
87 2175 180 2200 τοίνυν
201 2175 233 2200 ὲκ
247 2172 352 2199 τούτων
364 2171 451 2203 οὕτως
465 2172 557 2206 ιὺρόει
575 2172 609 2198 τὰ
622 2172 693 2198 κατὰ
713 2171 800 2206 βίοτον

17 2220 49 2251 ὡς
65 2220 195 2255 σωρείαις
215 2218 365 2254 χρημάτων
376 2217 580 2252 ὲνευθηνεῖσθαι
592 2218 640 2243 καὶ
654 2218 712 2248 τοῖς
728 2218 799 2244 κατὰ

856 1623 940 1650 eundi
971 1624 1142 1657 provinciam
1169 1625 1197 1651 in
1215 1626 1306 1653 causis
1325 1626 1504 1658 difﬁcillimis.
1524 1637 1584 1664 quae
1598 1631 1642 1658 vel

855 1668 1031 1702 peritissimis
1045 1670 1136 1702 legum
1161 1670 1301 1705 negotium
1320 1671 1498 1706 facesserent,
1519 1675 1641 1709 assigna-

855 1714 911 1741 bat.
941 1714 1010 1742 Cum
1033 1716 1124 1759 aliqua
1153 1717 1292 1750 provincia
1316 1718 1500 1746 describenda
1524 1725 1583 1747 erat
1599 1721 1638 1755 (id

854 1764 945 1786 autetn
963 1759 1045 1786 ﬁebat
1077 1761 1199 1795 saepius),
1232 1761 1386 1789 istiusmodi
1411 1768 1500 1791 coetus
1523 1767 1639 1793 eruditis

853 1805 1075 1838 praeponebatur.
1089 1804 1192 1838 Quodsi
1210 1806 1321 1840 quando
1349 1807 1452 1835 nobilis
1464 1809 1565 1843 aliquis
1580 1810 1637 1838 Ro-

853 1858 950 1877 manus
961 1851 1002 1878 eis
1026 1851 1238 1886 adjungebatur,
1262 1853 1305 1879 vir
1317 1854 1439 1887 prudens
1457 1860 1485 1881 et
1499 1856 1638 1890 cordatus,

854 1896 878 1923 is
895 1904 926 1923 ea
943 1897 977 1923 de
1000 1904 1082 1924 causa
1098 1897 1260 1924 mittebatur
1275 1902 1305 1924 ut
1327 1893 1520 1934 descriptionis
1540 1909 1639 1930 munus

853 1941 942 1968 obiret
956 1946 1124 1975 creterosque
1149 1942 1258 1969 labores
1278 1943 1424 1978 colligendi
1440 1945 1537 1972 tributi
1553 1947 1639 1973 susti-

853 1992 955 2014 neret:
990 1987 1125 2014 barbatus
1147 1995 1212 2014 vero
1246 1990 1391 2022 pecuniam
1419 1990 1582 2024 accipiebat,
1611 1997 1638 2020 et

853 2040 948 2060 saccos
971 2033 1130 2067 obsignatos
1154 2033 1187 2059 ad
1216 2033 1410 2068 imperatorem
1435 2035 1569 2064 mittebat.
1583 2037 1638 2064 Sed

851 2079 982 2114 pleraque
1006 2083 1102 2106 contra
1127 2079 1290 2106 eveniebant
1316 2087 1398 2114 quam
1424 2081 1553 2114 sperabat
1579 2082 1635 2110 ille.

851 2125 918 2153 Nam
935 2125 999 2152 dum
1019 2125 1156 2152 Romanos
1173 2125 1316 2159 peculatus
1342 2132 1484 2159 suspectos
1510 2127 1634 2161 cavebat,

851 2179 906 2198 non
924 2171 1118 2197 animadvertit
1132 2177 1162 2197 se
1184 2178 1281 2197 avaros
1302 2170 1437 2198 Barbaros
1466 2172 1636 2207 locupletare

851 2222 879 2244 et
905 2216 1107 2244 homunciones
1142 2216 1265 2244 infelices
1294 2217 1387 2248 beare,
1413 2221 1495 2252 atque
1524 2219 1635 2245 interim

17 2250 112 2301 κοσμον
138 2250 422 2300 πᾶσι-’περιρρεῖσθαι
436 2250 573 2298 λαμπροῖς
593 2264 638 2289 ῐσα
655 2264 703 2290 καὶ
722 2272 800 2297 μεγι-

854 2263 989 2290 Romanos
1001 2270 1015 2289 a
1026 2269 1056 2289 se
1068 2262 1198 2293 alienare,
1215 2266 1245 2289 ut
1258 2261 1319 2289 ﬁdei
1334 2267 1362 2288 et
1379 2267 1479 2290 natura
1501 2263 1591 2291 insita:
1605 2269 1634 2291 et

18 2314 89 2339 στᾶσι
104 2313 244 2347 μεγίστων
266 2310 363 2342 ἐθνῶν,
377 2310 425 2336 καὶ
440 2309 527 2335 ταῦτα
546 2309 671 2340 παιδείας
688 2309 798 2344 ἁπάσης

17 2359 203 2394 ἐστερημένοις
231 2357 278 2383 καὶ
297 2355 391 2390 φωνῆς
413 2355 565 2390 Ἑλληνίδος
581 2356 614 2382 τὰ
634 2356 694 2391 ῐχνη
714 2364 797 2390 μετα-

17 2404 153 2431 ὂιώκουσιν
166 2404 204 2434 ὡς
223 2404 251 2429 αι
272 2402 385 2428 σκοπιαί
402 2409 432 2427 τε
448 2401 496 2428 καὶ
519 2402 546 2427 αἱ
567 2401 664 2436 πέτραι
679 2402 746 2436 πρὸς
764 2402 798 2428 τὰ

17 2451 64 2476 τῶν
79 2451 219 2484 ποιμένων
233 2449 380 2483 αὐλήματα
393 2447 424 2474 τὸ
440 2449 490 2482 τῆς
501 2447 584 2483 ἠχοῦς
599 2447 796 2482 ὑστερόφωνον.

18 2494 86 2520 Kh".
110 2493 221 2523 τούτοις
253 2492 290 2523 ὡς
312 2492 483 2522 πιστοτάτοις
502 2491 584 2517 αὑτοῦ
611 2491 659 2517 καὶ
684 2490 798 2526 Θερμοῖς

16 2540 160 2573 θεράπουσι
186 2538 304 2572 μάλιστα
323 2536 463 2567 πεποιθὼς
480 2537 511 2562 οὐ
529 2536 610 2571 μόνον
627 2537 721 2568 αὐτοῖς
748 2539 798 2570 τὰς

17 2587 144 2620 μεγίστας
155 2584 243 2619 ἀρχὰς
257 2583 416 2618 ἐγχειρίζει,
425 2582 492 2608 ἀλλὰ
507 2583 554 2608 καὶ
566 2582 688 2617 κρίσεσιν
699 2583 798 2617 ὲφίςτα

17 2632 181 2662 ὰκαστικαίς
207 2628 245 2656 ὢν
273 2629 322 2663 ὀψὲ
349 2629 398 2655 καὶ
425 2628 596 2663 νομοτριὸεῐς
619 2629 718 2665 ἄνδρες
736 2629 796 2662 ἐσί-

18 2686 95 2704 ιιοιντο
114 2678 159 2705 ἄν.
177 2674 325 2710 Δεῆσαν“δὲ
341 2675 455 2701 καὶτῶν
473 2675 614 2710 ἐπαρχιῶν
632 2683 708 2707 τινας
726 2677 796 2702 ἁπο-

18 2724 163 2758 τράφεσθαι
192 2721 284 2757 (τοῦτο
309 2721 337 2747 δὲ
370 2720 500 2755 συχνάκις
517 2721 633 2756 ἐγίνετο)
652 2721 666 2747 ὁ
694 2723 796 2749 τοιόσδε

19 2770 83 2803 χορὸς
98 2769 147 2795 τοῦ
161 2767 278 2802 λογίμου
293 2766 479 2800 προύτίθεντο.
500 2765 531 2791 Εἰ
545 2766 575 2791 δέ
591 2775 641 2792 που
662 2769 709 2794 καὶ
724 2776 796 2802 παρα

19 2814 150 2849 εζεύγνυτό
180 2821 223 2843 τις
264 2811 357 2842 αὐτοῖς
389 2811 502 2846 εὐγενὴς
536 2811 671 2846 Ῥωμαῖος
705 2814 794 2849 ἀνὴρ,

18 2860 112 2895 βάπτων
127 2860 189 2891 ὅλος
204 2859 246 2890 είς
264 2857 325 2884 νοῦν
340 2858 388 2883 καὶ
404 2857 499 2892 γέμων
526 2859 694 2893 φρονήσεως,
724 2861 795 2888 κατὰ

179 2935 316 2964 ΡΑτῐιοῐη
339 2932 396 2960 Gn.
418 2929 577 2961 CXXXIX.

851 2308 974 2335 doctrina
1010 2312 1173 2342 comparatte
1199 2309 1281 2343 268
1312 2308 1553 2337 obliviscerentur.
1582 2310 1636 2338 Co-

851 2355 926 2389 gnita
949 2354 1024 2382 enim
1060 2354 1234 2389 imperatoris
1256 2354 1289 2381 de
1315 2361 1345 2381 se
1361 2354 1529 2389 suspicione,
1560 2357 1634 2390 qttod

851 2401 970 2429 ministri
995 2401 1088 2435 potius
1117 2408 1149 2427 ac
1171 2400 1255 2434 bajuli
1283 2405 1407 2435 quaestus
1435 2409 1515 2435 quam
1538 2402 1634 2430 ﬁdeles

850 2450 1044 2481 procuratores
1071 2445 1270 2476 iudicarentur,
1294 2449 1322 2472 et
1343 2445 1400 2471 bini
1423 2446 1449 2471 in
1477 2447 1633 2480 provincias

850 2492 1038 2523 mitterentur,
1056 2490 1128 2517 servi
1145 2490 1232 2524 magis
1255 2497 1336 2524 quam
1365 2491 1565 2524 gubernatores
1581 2492 1632 2518 im-

849 2537 929 2572 perii,
946 2536 973 2564 id
991 2537 1079 2563 solum
1095 2536 1213 2571 agebant
1227 2537 1299 2570 quod
1311 2536 1338 2562 in
1358 2537 1494 2563 mandatis
1517 2545 1632 2572 accepe-
1682 2531 1683 2534 l

849 2571 921 2614 rant,
936 2587 964 2609 et
980 2587 1114 2609 extortam
1129 2581 1272 2616 pecuniam
1294 2585 1425 2615 tanquam
1456 2581 1484 2607 in
1501 2571 1629 2615 manipu-

849 2629 889 2655 los
902 2628 1056 2663 colligatam
1069 2627 1102 2654 ad
1114 2627 1261 2654 barbarum
1277 2627 1354 2654 illum
1372 2634 1468 2661 magna
1487 2627 1629 2660 praaditum

848 2674 1012 2702 auctoritate
1028 2677 1055 2700 et
1071 2673 1195 2708 plurimis
1210 2673 1341 2701 Romanis
1355 2672 1495 2706 praelatum
1507 2672 1582 2698 velut
1601 2673 1629 2698 in

848 2726 939 2745 areatn
954 2717 1151 2753 congerebant,
1172 2721 1270 2744 caetera
1294 2724 1361 2743 vero
1373 2715 1549 2750 negligebant
1567 2725 1573 2742 :
1595 2724 1630 2743 ne

848 2765 937 2792 dicam
952 2764 985 2792 ad
1004 2764 1198 2799 imperatorem
1211 2770 1296 2798 pauca
1310 2765 1338 2789 et
1354 2761 1438 2788 veluti
1466 2760 1629 2795 quisquilias

846 2812 1019 2847 pervenisse,
1050 2811 1111 2839 illos
1132 2818 1199 2837 vero
1228 2809 1359 2843 pleraque
1382 2806 1532 2834 suﬁ'uratos
1556 2815 1628 2835 esse.

846 2857 950 2886 Fidelis
969 2857 1044 2887 enim
1074 2856 1148 2885 servi
1163 2861 1265 2883 munus
1285 2857 1345 2880 erat
1371 2852 1479 2880 scilicet
1494 2859 1528 2880 ex
1542 2853 1629 2881 farina

1415 2923 1450 2954 18
