1931 3080
90 67 153 100 557

595 68 645 99 DE
666 69 848 99 MANUELE
868 68 1047 98 COMNENO
1067 68 1138 97 LIB.
1169 67 1237 98 VII.

1671 63 1723 96 558

89 123 292 159 Κατασκέπην
309 122 468 158 λεγόμενον,
486 123 526 155 εἰς
548 123 634 158 δνομα
660 123 706 150 τοῦ
727 124 891 159 ἀρχιστρατ-

944 123 1121 158 lmprobasse,
1131 128 1158 151 et
1171 122 1325 158 exemplum
1339 121 1454 156 prodere
1464 121 1581 156 posteris
1592 122 1723 153 voluisse.

88 171 169 204 ήγου
197 169 318 204 Μιχαὴλ,
336 169 398 196 καθ’
411 169 425 195 δ
444 169 497 195 τῶν
514 170 575 196 τότε
594 169 736 204 μοναστῶν
755 169 890 205 ἡθροικὼς

88 215 164 247 τοὺς
202 216 434 249 ὀνομαστοτάτους
463 224 493 241 τε
528 215 576 241 καὶ
608 215 766 250 ἀκρέμονας
801 215 890 250 πάντη

93 261 251 295 μοναδικδν
275 263 324 288 καὶ
348 262 516 295 ἀπράγμονα
545 261 667 295 μετιέναι
691 260 749 295 βίον
769 269 890 295 προεμη-

92 308 232 334 οεὺαατο.
248 307 333 338 Εἰδὼς
347 307 401 342 γὰρ
416 307 445 333 τὸ
460 307 647 341 κτηματικοὺς
672 304 743 332 εἴναι
759 308 806 332 καὶ
825 314 892 340 τυρ-

93 352 236 384 ϐάζεσθαι
261 354 342 378 πάλιν
358 353 424 387 περ).
448 351 533 378 πολλὰ
546 352 609 382 τοὺς
625 353 671 377 τὸν
686 351 819 386 ἑρημικδν
834 351 891 386 βίον

93 397 284 431 ἀνελομένους
307 397 356 432 τῆς
378 397 493 431 ἡσυχίας
519 397 589 430 σφᾶς
615 396 750 431 μεθιστῶν
774 397 821 422 καὶ
844 396 891 422 τοῦ

95 443 173 469 κατὰ
200 442 267 468 Θεὸν
295 442 349 477 ζῇν
367 442 482 475 ἀπάγον,
501 441 579 468 τοῦτο
595 442 627 476 δὴ
641 441 671 467 to
685 442 784 467 οἰκεῖον
800 442 891 472 αιτοῐς

95 489 278 523 ἐπάγγελμα,
293 488 369 514 οὐδὲν
384 487 522 523 κτησίὸιον
537 486 629 518 αὐτοῖς
646 487 803 521 ἀπετάμετο
830 486 892 513 οὔτε

96 535 156 569 μὴν
170 534 276 569 ἀγροὺς
303 534 352 560 καὶ
379 533 544 567 ἀμπελῶνας
558 532 596 567 τῷ
612 531 812 566 φροντιστηρίῳ
839 531 893 557 ἁπ-

98 580 199 613 ἑταξε,
227 580 320 605 πᾶσαν
347 579 375 605 δὲ
402 580 457 610 τοῖς
484 579 631 617 μονασταῖς
656 577 762 603 δίαιταν
778 577 811 603 ἐκ
838 577 892 603 τῶν

97 625 251 661 βασιλικῶν
281 624 429 660 χρυσώνων
455 624 647 659 ἐπιμετρήσας
674 623 780 650 ἐκεῖθεν
808 623 892 658 αὐτὴν

96 672 264 706 ἐϐράϐευεν,
289 671 462 702 ἀνακόπτων,
481 668 568 704 οἶμαι,
593 668 719 695 ἐντεῦθεν
736 670 782 695 τὶν
809 669 893 695 πολὺν

96 718 195 751 ἔρωτα
209 717 264 744 τῶν
281 717 415 743 πλείστων
432 716 497 750 περὶ
512 715 558 742 τοῦ
584 715 667 749 μονὰς
687 715 826 750 συνιστᾷν,
845 714 892 741 κοιλΙ

97 763 143 798 [Ρ.
162 763 227 798 1551
246 763 425 797 παράδειγμα
441 762 529 793 διδοὺς
551 763 607 792 τοῖς
628 761 793 796 μετόπισῦεν
819 760 892 791 ὅπως

941 177 996 204 quo
1012 174 1091 204 pacto
1110 170 1209 203 templa
1223 168 1377 198 condenda.
1398 172 1426 194 et
1449 175 1510 202 qua}
1525 168 1635 195 vivendi
1653 169 1723 195 ratio

941 216 1064 242 eremitis
1083 215 1251 249 pauperibus
1264 219 1291 242 et
1304 223 1318 241 a
1335 215 1454 241 terrenis
1472 214 1554 251 rebus
1568 222 1597 241 se
1615 214 1722 241 abstra-

942 261 1070 288 hentibus
1086 262 1260 295 proponenda
1274 261 1319 288 sil.
1336 259 1453 287 Tantum
1474 264 1564 287 autem
1590 261 1676 287 abfuit
1693 265 1725 288 ut

941 315 1036 334 eorum
1051 307 1207 334 institutum
1235 307 1370 339 laudaret,
1384 307 1429 340 qui
1445 306 1621 333 monasticam
1640 306 1723 334 vitam

941 352 1057 387 professi
1075 357 1102 379 et
1114 353 1212 387 opibus
1223 352 1337 379 altluunt
1355 357 1383 378 et
1398 352 1574 379 multitudine
1595 359 1724 378 curarum

943 398 1028 432 magis
1041 398 1233 424 distrahuntur
1256 405 1338 432 quam
1356 398 1434 432 271
1453 397 1469 424 ii
1492 398 1537 432 qui
1562 398 1642 428 huius
1664 398 1725 424 vita:

943 443 1051 470 deliciis
1085 448 1265 477 occupantur,
1302 448 1330 469 ut
1369 443 1536 469 sanctionem
1576 444 1724 477 Nn-cphm'i

943 487 1051 520 Phorm,
1068 488 1208 515 fortissimi
1221 493 1248 515 et
1259 489 1440 515 cordatissimi
1456 489 1636 522 imperatoris,
1660 490 1725 515 olim

943 533 1083 564 abolitam.
1102 533 1135 561 de
1148 541 1203 560 non
1218 533 1349 568 augendis
1369 535 1597 561 monasteriorum
1611 535 1727 561 latifun-

944 578 1010 610 diis,
1032 578 1110 612 quasi
1143 578 1311 613 postliminio
1331 578 1477 610 revocarit,
1501 587 1588 613 neque
1608 585 1724 613 putrem,

943 631 1023 650 avum
1043 628 1215 658 caaterosqne'
1225 629 1354 657 cognatos
1371 631 1435 651 suos
1450 631 1554 654 omnes,
1568 624 1613 658 qui
1631 632 1726 650 mona-

943 669 1037 697 steriis
1062 669 1231 704 amplissima
1249 669 1350 704 praedia
1375 669 1519 702 donarant,
1541 670 1667 697 incusare
1679 670 1733 700 de-_

943 715 1055 747 stiterit,
1068 722 1121 741 non
1140 715 1213 749 quod
1233 715 1266 742 de
1280 715 1336 741 suis
1353 715 1452 749 opibus
1467 715 1522 742 Deo
1540 715 1641 750 aliquid
1657 723 1726 742 con-

944 765 1107 793 secrassent,
1136 761 1182 788 sed
1209 761 1283 796 quod
1303 769 1361 787 rem
1388 762 1486 788 bonam
1522 762 1591 788 male
1610 760 1728 788 admini-

95 808 190 844 χρεὼν
206 808 274 837 νεὼς
290 808 406 842 ἁνιστᾷν
420 807 467 833 καὶ
491 807 549 833 οἵαν
565 806 623 833 δέον
647 806 802 841 ἑτοιμάζειν
825 806 890 841 τρά-

948 810 1093 833 strassent.
1124 805 1191 832 Nam
1221 813 1283 832 cutn
1310 807 1451 833 monachis
1485 807 1672 834 habitationes
1700 809 1727 834 in

97 855 189 886 πεξαν
204 856 260 885 τοῖς
278 855 423 889 ἑρημικοῐς
439 853 485 879 καὶ
503 853 590 883 ἀείοις
617 853 662 878 καὶ
682 854 731 887 τῆς
747 852 813 887 ὕλης
829 853 893 878 ἑαυ-

97 902 164 931 τοὺς
195 900 336 927 ὲκλύσασι.
365 899 498 926 Τοσοῦτον
525 898 548 925 δ’
564 899 661 933 ἀπεῖχε
691 897 738 924 τοῦ
765 899 816 933 τὴν
845 898 893 925 νῦν

98 946 272 973 κατάστασιν
290 947 423 977 ἐπαινεῖν,
440 944 464 971 οἳ
495 943 624 979 μονάζειν
644 944 692 978 μὲν
709 944 893 977 ἐπαγγέλλον-

97 1001 158 1025 ται,
175 992 382 1027 πολυκτήμονες
399 992 426 1018 δὲ
441 991 490 1017 καὶ
510 989 721 1025 πολυφρόντιδές
738 990 808 1015 εἰσιν
823 989 892 1024 ὑπὲρ

97 1038 165 1068 τοῦς
191 1039 225 1072 τῇ
249 1037 368 1063 ἐνταῦθα
388 1035 568 1071 φιληδοῦντας
594 1036 663 1070 ζωῇ,
689 1035 759 1062 ὥστε
783 1036 830 1062 καὶ
843 1035 893 1070 τὴν

99 1081 205 1115 νεαρὰν
218 1081 391 1115 νομοθεσίαν,
407 1080 440 1116 ἢν
450 1081 465 1106 ὁ
476 1080 671 1114 βασιλεύτατος
684 1079 723 1114 τῷ
739 1079 796 1105 ὄντι
807 1079 894 1114 Νικη-

101 1126 188 1161 φόρος
202 1130 214 1153 ξι
229 1127 337 1159 Φωκᾶς,
350 1127 364 1153 ὁ
381 1127 430 1161 τὴν
447 1128 525 1161 ἰσχὺν
542 1127 662 1161 ἡρωϊκὸς
676 1126 723 1152 καὶ
743 1125 826 1156 πολὺς
843 1125 893 1160 τὴν

101 1172 225 1204 σύνεσιν,
242 1172 319 1198 ἑθετο
335 1172 475 1198 παύουσαν
490 1172 540 1203 τὰς
565 1171 649 1206 μονὰς
672 1171 893 1204 ἐμπλατύνεσθαι

100 1217 231 1251 κτήσεσι,
247 1219 409 1253 τεθνηκυῖαν
433 1217 517 1243 πάλαι
542 1217 580 1251 τῷ
607 1218 695 1252 χρόνῳ
709 1217 755 1243 καὶ
766 1217 796 1243 τὸ
810 1217 894 1251 κῦρος

101 1262 289 1297 ἀποθεμένην,
312 1263 351 1298 τῷ
373 1263 481 1299 ἐρυθρῷ
505 1263 554 1298 τῆς
583 1262 718 1297 βασιλείου
745 1263 833 1297 βαφῆς
856 1263 893 1294 ὼς

100 1309 200 1343 αἵματι
215 1307 373 1344 ἀναθάλψας
390 1309 528 1341 ὲςώωσεν.
544 1308 580 1335 Οὐ
596 1309 650 1342 μὴν
663 1307 690 1334 δὲ
709 1307 777 1334 ἁλλὰ
793 1308 839 1334 καὶ
855 1308 893 1341 τῷ

100 1355 188 1389 πατρὶ
201 1355 247 1380 καὶ
263 1354 301 1389 τῷ
320 1347 423 1389 πάππῳ
436 1354 482 1381 καὶ
495 1355 551 1385 τοῖς
565 1353 625 1380 καθ’
639 1351 709 1388 αἷμα
723 1353 893 1387 προσήκουσι

98 1400 204 1432 λοιποῖς
219 1401 332 1433 ἅπασιν,
348 1401 397 1427 6πὸ
406 1409 448 1427 σοι
468 1401 550 1436 μονὰς
561 1400 718 1434 δειμάμενοι
730 1400 776 1426 ὅλα
790 1399 893 1434 πλέθρα

101 1445 154 1480 τῆς
167 1447 333 1481 καρποφόρα
350 1447 397 1472 καὶ
404 1445 680 1480 λειμῶναςχλοεροὺς
694 1445 791 1476 αὑταῖς
807 1451 892 1479 προσ-

101 1491 275 1527 εκλὴρωσαν,
286 1491 444 1525 ὲπεγκαλῶν
457 1492 507 1517 οὐκ
522 1491 652 1521 ἐπαύετο,
666 1491 696 1516 οὐ
713 1490 784 1517 κατὰ
813 1490 891 1516 τοῦτο

103 1537 298 1572 μεμψιμοιρῶν
326 1537 342 1572 ἢ
371 1537 501 1571 μυκτῆρα
531 1537 672 1572 καταχέων
700 1536 804 1562 πλατὺν
833 1536 888 1562 τῶν

944 851 1048 879 abditis
1060 856 1088 878 et
1102 851 1220 879 desertis
1234 851 1310 884 locis,
1326 853 1353 879 in
1373 853 1461 879 antris
1477 858 1504 880 et
1518 855 1652 881 montium
1680 865 1725 881 ca-

944 896 1103 924 cuminibus
1118 897 1288 932 assignandae
1308 903 1410 931 essent,
1428 903 1456 926 et
1486 898 1579 933 Cpolis
1597 905 1727 934 tanquam

944 943 1072 970 Sirenum
1089 947 1185 970 cantus
1195 943 1316 976 vitanda,
1333 943 1446 979 gloriola
1461 944 1558 972 ductos
1578 946 1728 974 incrustata

944 996 993 1015 sua
1014 988 1138 1023 sepulcra
1158 992 1187 1016 et
1214 989 1291 1016 vario
1319 997 1454 1017 marmore
1476 996 1606 1018 exornata
1627 992 1660 1018 iis
1677 993 1726 1027 qui

946 1034 1044 1068 templa
1058 1033 1246 1069 ingrediantur
1259 1034 1600 1069 speetandafproposuisse,
1614 1041 1642 1063 et
1655 1025 1729 1063 mor-
1774 1025 1778 1030 ’

945 1085 1005 1106 tuos
1020 1086 1129 1113 quoque
1145 1079 1272 1106 coronari
1288 1085 1314 1106 et
1332 1079 1413 1107 hilari
1429 1081 1631 1116 splendidoque
1651 1082 1728 1109 vultu

944 1125 1070 1159 conspici
1085 1125 1215 1157 voluisse,
1236 1129 1264 1152 et
1279 1125 1307 1152 in
1320 1125 1379 1152 foro
1396 1133 1427 1153 ac
1444 1126 1532 1154 triviis
1562 1128 1729 1155 monasteria

946 1170 1108 1202 aediﬁcasse,
1127 1175 1156 1197 et
1173 1170 1209 1197 ibi
1226 1171 1301 1197 nullo
1316 1179 1378 1198 cum
1406 1171 1514 1199 delectu
1530 1171 1640 1199 virtutis
1655 1173 1730 1203 Vaut

945 1214 971 1241 in
987 1223 1067 1242 cavea
1079 1215 1246 1241 conclusisse
1260 1222 1318 1247 eos,
1340 1215 1387 1250 qui
1406 1216 1555 1243 monachos
1569 1225 1623 1244 non
1653 1219 1726 1244 ultra

945 1265 1053 1286 tonsum
1066 1260 1194 1294 capillum
1213 1264 1241 1287 et
1254 1265 1387 1287 mutatutn
1407 1261 1532 1287 habitum
1545 1262 1728 1296 promissam-

944 1313 997 1340 que
1017 1305 1129 1332 barbam
1158 1306 1353 1340 exprimerent.
1387 1306 1434 1333 llis
1459 1306 1542 1342 igitur
1567 1307 1601 1334 de
1625 1309 1726 1340 euusis,

945 1351 1001 1377 sive
1018 1356 1047 1378 ut
1059 1351 1236 1378 monasticam
1251 1351 1459 1378 sanctimoniam
1474 1356 1614 1379 nutantem
1626 1360 1657 1379 ac
1679 1361 1729 1386 νυ-

945 1397 1000 1423 tius
1013 1397 1088 1423 humi
1104 1397 1159 1423 fere
1179 1401 1345 1430 prostratam
1377 1397 1496 1430 fulciret,
1516 1396 1573 1424 sive
1604 1403 1730 1424 metuens

945 1450 979 1469 ne
994 1442 1074 1476 272
1088 1450 1119 1468 ea
1137 1442 1194 1476 ipse
1211 1442 1301 1469 facere
1328 1442 1470 1469 diceretur
1502 1450 1563 1477 quze
1579 1443 1730 1477 reprehen—

947 1489 1037 1520 deret,
1077 1488 1241 1515 rationema
1273 1488 1331 1516 suis
1358 1489 1507 1523 majoribus
1531 1488 1668 1516 diversam
1689 1494 1731 1516 est

944 1539 1067 1562 secutus.

101 1582 265 1618 ἀνθρώπων,
287 1583 328 1608 ὅτι
343 1582 393 1617 τῆς
409 1583 505 1614 οὐσίας
533 1583 593 1618 Θεῷ
609 1592 635 1609 τι
649 1583 812 1618 ἀπένειμαν,
845 1582 905 1609 ἁλλ’
921 1582 963 1608 ὅτι
989 1581 1026 1616 μὴ
1054 1580 1144 1612 καλῶς
1182 1582 1214 1608 τί)
1238 1581 1324 1611 καλὸν
1341 1582 1516 1617 εἰργάσαντο.
1539 1583 1603 1610 Δέον
1622 1583 1676 1618 γὰρ
1701 1584 1730 1609 ἐν

101 1632 197 1662 τόποις
215 1630 422 1666 δυσερευνήτοις
441 1632 488 1657 καὶ
517 1631 628 1666 χωρίοις
650 1631 819 1666 πανερὴμοις
839 1632 887 1657 καὶ
904 1629 1046 1665 σπηλαίων
1079 1630 1160 1660 ὀπαῖς
1181 1629 1228 1656 καὶ
1261 1629 1333 1664 ὀρῶν
1348 1631 1503 1664 περιωπαῖς
1517 1631 1573 1662 τοῖς
1599 1631 1732 1664 μονάζον-

103 1685 147 1704 σιν
164 1673 299 1708 Εποτάξαι
328 1676 359 1702 τὸ
389 1677 521 1712 σκήνωμα
534 1696 541 1709 ,
564 1677 613 1704 καὶ
648 1676 773 1710 παριδεῖν
811 1677 926 1712 ταυτηνὶ
946 1675 994 1710 τὴν
1013 1675 1056 1709 ἐφ’
1079 1675 1271 1710 Ἑλλησπόντῳ
1292 1676 1425 1710 κειμένην
1452 1675 1609 1702 καλλίπολιν
1629 1676 1666 1708 ὡς
1685 1678 1731 1704 τὸν

101 1724 189 1751 λωτὸν
220 1723 364 1755 Ὀδυσσεὺς
384 1725 431 1750 καὶ
451 1725 594 1759 Σειρήνεια
616 1724 684 1758 μέλη
707 1724 741 1750 τὰ
771 1723 999 1754 δυσαπόσπαστα,
1030 1723 1054 1749 οἱ
1081 1722 1110 1748 δὲ
1139 1723 1185 1749 τὸν
1204 1721 1234 1754 ἐξ
1252 1722 1404 1758 ἀνθρώπων
1421 1723 1575 1758 θηρώμενοι
1604 1724 1730 1757 ἔπαινον,

103 1771 153 1798 καὶ
171 1769 235 1802 τοὺς
254 1769 464 1804 κεκονιαμένους
484 1770 588 1796 ἑαυτῶν
603 1769 706 1802 τάφους
722 1769 770 1795 καὶ
788 1769 889 1804 ψηφίσι
908 1767 1117 1803 πολυχρώσμοις
1155 1767 1362 1802 διηνθισμένους
1382 1768 1421 1799 είς
1456 1768 1521 1794 Θέαν
1539 1769 1596 1799 τοῖς
1615 1769 1730 1803 εἰσιοῦσι

103 1817 168 1848 τοὺς
186 1815 253 1848 νεὼς
273 1815 459 1851 προτιθέντες,
492 1817 540 1842 καὶ
559 1815 652 1850 νεκροὶ
671 1816 789 1851 ἐρῶντες
824 1815 1038 1850 στεφανούμενοι
1066 1813 1221 1841 δείκνυσθαι
1249 1814 1299 1841 καὶ
1327 1814 1449 1841 στιλπνοὶ
1470 1815 1517 1841 καὶ
1552 1815 1661 1850 φαιδροὶ
1696 1817 1731 1843 τὰ

104 1862 251 1898 πρόσωπα,
272 1862 316 1887 ἐπ’
330 1862 434 1896 ἀγορᾶς
453 1870 482 1888 τε
501 1861 549 1887 καὶ
565 1861 680 1895 τριόδων
694 1861 729 1887 τὰ
761 1861 820 1887 θεῖα
854 1860 1034 1896 ᾠκοδόμησαν
1077 1860 1284 1895 φροντιστήρια,
1319 1860 1549 1892 ὲνλακκεύσαντες
1575 1862 1603 1888 ὲν
1625 1863 1732 1894 τούτοις

105 1909 154 1936 καὶ
179 1908 380 1943 ινσηκάσαντες
397 1909 446 1934 οὐκ
463 1907 608 1942 ὲπιλέγδην
634 1908 664 1934 τὸ
684 1909 836 1943 ἀρειαῖνον,
860 1909 889 1933 τὸ
909 1907 937 1932 δὲ
973 1905 1056 1942 μέχρι
1084 1907 1186 1942 τριχῶν
1201 1906 1343 1941 ἀποὸολῆς
1363 1907 1411 1934 καὶ
1425 1907 1474 1941 τῆς
1494 1908 1548 1934 τῶν
1566 1908 1731 1943 ἐσθημάτων

109 1953 262 1990 μεταϐολῆς
300 1954 416 1980 καὶτοῦ
440 1953 591 1988 ἁφειμένου
628 1953 759 1987 πώγωνος
802 1952 1004 1988 χαρακτηρίζον
1031 1953 1076 1979 τὸν
1105 1954 1251 1987 μοναστήν.
1276 1952 1326 1979 Διὰ
1354 1952 1440 1979 ταῦτα
1483 1953 1572 1980 τοίνυν
1597 1955 1652 1981 εἴτε
1681 1955 1731 1990 τὴν

109 2001 257 2038 μοναδικὴν
274 2001 425 2036 ὑπερείδων
442 2001 598 2036 σεμνότητα
619 2001 669 2036 ἤδη
706 2001 914 2035 ἁφαντουμένην
933 2001 981 2027 καὶ
1013 2001 1103 2035 πρηνῆ
1130 2001 1177 2026 ἐπὶ
1199 2000 1286 2033 στόμα
1313 2001 1476 2032 πίπτουσαν,
1495 2001 1550 2027 εἴτε
1571 2001 1625 2036 μὴν
1638 2001 1732 2034 δεδιὼς

110 2046 149 2082 μὴ
180 2047 281 2073 ὲσεῖται
299 2046 380 2077 μέσος
393 2045 506 2079 ληφθεὶς
521 2045 559 2076 ὡς
578 2045 682 2080 χαίρων
694 2042 737 2076 οἷς
751 2044 918 2079 διεῦέΰλητο,
943 2046 1038 2080 ἑτέραν
1050 2045 1185 2080 ἐτράπετο
1195 2042 1228 2080 ἧς
1237 2046 1261 2071 οὶ
1274 2045 1303 2077 ἐξ
1314 2045 1430 2080 αἵματος
1443 2046 1538 2080 ἐκείνῳ
1555 2047 1694 2074 ὲΰάδισαν.

143 2129 174 2155 δ’.
196 2126 304 2162 Θεσμοῦ
329 2126 358 2153 δὲ
378 2127 454 2160 παρά
484 2125 630 2160 Ῥωμαίοις
658 2126 798 2160 κειμένου,
816 2122 892 2160 οἶμαι

981 2126 1008 2152 4.
1026 2125 1084 2152 Jatn
1097 2126 1159 2161 quia
1176 2125 1318 2158 Romanis,
1335 2132 1366 2152 ac
1381 2124 1508 2152 Barbaris
1521 2126 1613 2159 etiam,
1629 2130 1657 2153 ut
1672 2127 1732 2160 opi-

108 2173 138 2200 δὲ
153 2174 199 2200 καὶ
215 2172 291 2207 παρὰ
309 2170 463 2205 Βαρϐάροις
481 2170 573 2201 αὐτοῖς
590 2171 765 2205 κρατοῦντος,
791 2170 895 2204 ὀψώνια

108 2219 166 2251 ¹τοῖς
182 2217 407 2253 στρατευομένοις
432 2216 613 2251 παρέχεσθαι,
632 2216 679 2242 καὶ
701 2216 804 2242 τούτων
829 2215 895 2242 πολ-

111 2265 187 2296 λάκις
204 2264 313 2297 ἔκταξιν
327 2263 461 2297 γίνεσθαι,
479 2263 504 2288 ει
519 2261 726 2293 εὐοπλοῠσιν,εἰ
737 2261 791 2288 τῶν
807 2262 896 2288 ἵππων

112 2309 340 2345 ὲπιμεμέληνται,
363 2308 432 2334 ἀλλὰ
457 2308 503 2334 καὶ
518 2308 581 2338 τοὺς
597 2307 695 2333 νεωστὶ
712 2307 896 2341 στρατευομέ-

113 2364 173 2386 νους
186 2354 320 2389 πρότερον
335 2353 524 2386 ἐξετάζεσθαι,
540 2353 564 2378 εί
577 2352 721 2387 εὐρώστως
737 2352 828 2386 έχουσι
842 2351 898 2378 τῶν

114 2401 258 2435 σωμάτων,
278 2400 303 2425 ει
329 2399 412 2432 τόξων
438 2398 507 2424 εἰσὶν
532 2398 685 2433 εἰδήμονες,
701 2398 726 2423 εἰ
740 2397 897 2431 κραδαίνειν

112 2447 175 2481 δόρυ
203 2446 376 2480 ἐπήσκησαν,
401 2442 452 2470 εἶθ’
465 2444 536 2470 οὕτω
551 2445 607 2475 τοῖς
620 2443 782 2477 καταλόγοις
795 2443 896 2476 ἐγγρά-

114 2492 222 2527 φεσθαι,
236 2492 250 2518 ό
265 2490 393 2525 βασιλεὺς
409 2487 487 2521 οὗτος
499 2490 534 2515 τὰ
551 2491 607 2520 τοῖς
622 2488 806 2523 στρατιώταις
828 2488 897 2513 διδό-

116 2545 184 2572 μενα
198 2536 340 2571 σιτηρέσια
359 2535 396 2567 ὼς
411 2536 451 2566 είς
467 2535 619 2569 δεξαμενὴν
635 2534 707 2569 ὕδωρ
723 2534 758 2560 τὰ
781 2534 896 2568 ταμιεῖα

114 2582 230 2618 συσχὼν,
245 2583 305 2608 ἰᾶτο
319 2582 349 2608 τὸ
364 2581 440 2615 δίψος
452 2581 505 2607 τῶν
521 2580 734 2615 στρατευμάτων
747 2581 808 2611 ταῖς
821 2579 896 2612 λεγο-

116 2629 208 2664 μέναις
233 2628 288 2655 τῶν
311 2628 451 2663 παροίκων
477 2627 602 2662 δωρεαῖς,
619 2626 693 2661 ἔργῳ
719 2625 895 2660 καταχρησά-

116 2682 193 2710 μενος
211 2674 286 2709 παρὰ
304 2673 359 2700 τῶν
379 2673 476 2708 πρώην
496 2672 676 2708 ὲφευρημὲνῳ
696 2671 828 2708 βασιλέων
849 2671 896 2698 καὶ

117 2720 234 2751 σπανίως
249 2719 294 2746 ὲπί
307 2727 363 2745 τισι
376 2719 514 2754 γινομένῳ
527 2720 590 2750 τοὺς
606 2718 752 2753 πολεμίους
767 2718 896 2748 πολλάκις

115 2764 294 2800 σνγκόψασιν.
309 2764 425 2792 Ἔλαϐεν
438 2764 486 2792 οὖν
500 2764 627 2792 ἐντεῦθεν
646 2764 692 2791 καὶ
712 2763 742 2790 τὸ
761 2771 895 2799 στρατιω-

948 2178 1008 2203 nor,
1022 2174 1064 2198 est
1085 2172 1113 2198 in
1133 2179 1210 2198 more
1242 2171 1361 2205 positum
1378 2174 1408 2197 ut
1433 2171 1569 2206 stipendia
1598 2171 1732 2198 militibus

947 2217 1089 2243 solvantur
1106 2221 1134 2244 et
1158 2216 1259 2251 iisaepe
1285 2217 1313 2243 ln
1327 2216 1448 2244 medium
1475 2217 1673 2252 producantur,
1701 2223 1733 2244 ut

949 2262 1112 2296 exquiratur
1125 2270 1159 2289 an
1176 2262 1261 2289 armis
1275 2263 1401 2290 instructi
1417 2263 1483 2296 sint,
1495 2271 1529 2290 an
1551 2271 1637 2298 equos
1646 2264 1732 2298 probe

947 2313 1060 2335 curatos
1075 2308 1218 2340 habeant;
1245 2310 1310 2335 item
1337 2313 1366 2336 ut
1395 2310 1509 2341 tirones,
1525 2311 1682 2344 priusquam
1705 2310 1733 2337 in

948 2354 1094 2388 catalogos}
1113 2353 1280 2386 referantur,
1306 2354 1484 2388 explorentur
1506 2362 1539 2381 an
1573 2356 1733 2390 corp0ribus

947 2399 1065 2431 valeant,
1076 2406 1110 2426 an
1127 2399 1256 2434 sagittare
1269 2400 1369 2433 sciant,
1398 2408 1433 2427 an
1450 2401 1582 2428 vibrantia
1608 2401 1686 2428 hasta
1703 2410 1733 2429 se

947 2444 1145 2478 exercuerim;
1176 2444 1222 2472 hic
1239 2445 1388 2479 imperator
1402 2446 1538 2480 stipendia
1554 2447 1682 2473 militaria
1705 2447 1732 2474 in

948 2488 1044 2515 ﬁscum
1072 2493 1202 2524 tanquam
1237 2498 1323 2524 aquas
1343 2491 1372 2517 in
1412 2491 1560 2518 cisternam
1590 2492 1688 2525 coegit.
1704 2497 1732 2518 et

947 2534 1119 2562 exercituum
1132 2536 1311 2570 cupiditatem
1334 2536 1472 2564 donativis
1494 2545 1554 2572 quae
1580 2538 1731 2565 incolarum

948 2581 1077 2608 dicuntur
1088 2581 1199 2613 levavit,
1213 2581 1316 2610 abusus
1331 2590 1360 2610 re
1378 2590 1393 2610 a
1415 2583 1557 2610 veteribus
1579 2583 1731 2617 imperato-

947 2625 1024 2653 ribus
1036 2625 1145 2653 inventa
1169 2632 1197 2654 et
1210 2634 1274 2654 raro
1291 2630 1422 2662 usurpata
1441 2627 1468 2654 in
1498 2635 1546 2654 eos
1567 2627 1613 2662 qui
1638 2627 1731 2655 hOSlCS

947 2678 1019 2706 saepe
1047 2671 1212 2700 ceciderant.
1240 2672 1310 2699 Hine
1336 2672 1438 2699 factum
1461 2678 1503 2700 est
1533 2677 1604 2700 utet
1630 2673 1730 2701 milites

947 2722 1154 2751 enervarentur,
1183 2723 1211 2745 et
1236 2719 1384 2745 max-imum
1424 2718 1546 2752 pecuniae
1575 2718 1677 2746 ﬂumen
1702 2719 1730 2747 in

948 2764 1060 2799 ignavos
1076 2769 1187 2791 ventres
1198 2763 1397 2795 cilunderetur,
1417 2767 1446 2790 et
1467 2762 1595 2791 Romanae
1621 2764 1730 2798 provin-
