1931 3080
65 75 121 106 565

185 105 206 111 χ
564 75 614 106 DE
634 75 823 106 MANUELE
839 75 1023 106 COMNENO
1041 75 1116 106 LIB.
1135 74 1201 106 VII.

1648 73 1702 104 566

66 130 106 164 μὴ
123 129 250 156 συνιέναι
272 128 395 164 ἀκριϐῶς
415 129 507 156 ὁποῖόν
522 129 550 157 τί
566 131 624 158 ἐστι
646 131 676 158 τδ
694 129 865 166 ὁλόσφυρον),

920 130 990 157 rium
1018 130 1086 166 (cur
1116 129 1190 157 enim
1226 128 1390 163 theologiam
1421 127 1544 162 dicam?)
1572 127 1703 156 defende-

65 176 176 206 αὐτοὺς
192 175 242 210 μὲν
253 174 394 209 φθινύθειν
417 175 511 202 εἴασεν
526 175 556 201 ἐν
575 175 701 211 στήθεσιν
725 176 794 211 ἔχων
808 177 868 203 νόον

67 220 228 254 ἀκήλητον,
242 219 304 246 καθ’
319 219 415 246 ἑαυτὸν
435 220 458 246 δ’
476 220 600 256 ἐκτίθησι
610 221 702 256 τόμον,
719 221 867 256 ὑπουργοῖς

65 267 110 298 εἰς
136 265 223 292 τοῦτο
235 265 407 300 χρησάμενος
420 265 466 297 οὒς
479 266 538 301 ᾔδει
554 267 609 293 τῶν
625 268 656 293 ὲκ
666 267 717 301 τῆς
729 267 866 302 βασιλείου

64 311 157 345 αὐλῆς
174 311 219 337 τὸν
230 311 329 345 καιρὸν
337 311 535 343 κολακεύοντας
545 313 590 338 καὶ
601 313 681 346 λόγου
693 314 866 347 μετέχοντας,

64 355 305 390 ὑπερηγοροῦντα
335 356 386 391 μὲν
413 357 462 390 τῆς
476 356 522 383 τοῦ
549 357 672 392 Μωάμετ
698 359 867 394 μωρολογίας

65 401 110 433 (οὐ
130 400 191 434 γὰρ
219 401 253 426 ἂν
280 400 386 435 εἴποιμι
415 400 583 435 θεολογίας),
610 402 818 438 καθαπτόμενον
838 403 867 429 δὲ

65 446 212 480 λαμπρῶς
241 445 295 471 τῶν
324 446 457 481 πρότερον
488 446 619 481 βασιλέων
644 447 692 474 καὶ
706 448 760 474 τῶν
773 450 805 475 ὲκ
819 448 865 475 τοῦ

65 491 228 525 καταλόγου
251 490 299 517 τοῦ
313 491 384 525 ἱεροῦ
401 491 439 522 ὡς
452 492 565 527 ἀμαθῶς
581 494 628 519 καὶ
656 482 865 528 διπερισκέπτως

66 539 254 572 ἀνεχομένων
267 538 319 564 ὑπὸ
332 538 458 573 ἀνάθεμα
480 540 603 566 τίθεσθαι
618 540 684 568 θεὸν
704 541 750 567 τὸν
771 541 866 574 ἀληθι-

66 585 127 613 νὸν.
146 583 196 609 καὶ
213 583 308 610 τοῦτον
322 585 362 615 είς
379 584 472 620 κοινὴν
497 585 631 620 ἀκρόασιν
645 587 692 612 ἐπὶ
706 587 759 612 τῶν
787 587 867 622 ἱερῶν

66 629 194 664 ἀρχείων
224 629 359 661 ἐκδίδωσι,
389 632 623 665 συνεκπεπομφὼς
648 630 704 658 οἷον
720 632 766 658 τοῦ
782 633 866 667 τόμον

66 674 245 708 προοδευτὰς
259 675 306 701 καὶ
328 676 453 702 νεολαίαν
470 676 622 710 κροτοῦσαν
638 677 673 703 τὰ
684 678 867 713 γεγραμμένα

66 721 130 746 ὅσοι
161 720 213 755 τῆς
241 721 394 756 συγκλήτου
430 721 528 757 βουλῆς
555 723 603 749 καὶ
636 723 686 758 τῆς
722 724 867 758 γερουσίας

65 763 143 799 ἦσαν
158 765 317 800 κεφάλαιον,
330 766 375 792 καὶ
400 767 463 798 τοὺς
477 767 509 793 ὲκ
534 767 630 802 γένους
652 769 751 803 ἐκείνῳ
778 769 866 803 λογιό-

66 818 135 844 τητι
167 811 325 845 χαίροντας.
356 811 491 839 Τοσοῦτον
507 813 537 840 δὲ
567 813 597 839 τὸ
623 814 766 841 πιθανδνὸ
786 814 865 849 λόγος

66 856 218 888 ἐπλούτει,
234 857 285 882 οὐκ
306 857 334 882 ἐν
350 857 486 889 διδακτοῖς
511 858 667 893 πνεύματος
692 860 793 894 βρίθων
817 861 867 896 ῥή-

70 909 173 935 μασιν,
190 901 248 928 ἀλλ’
263 903 290 928 ὲν
314 902 404 928 ⁸λνίειθοί
419 903 514 944 σοφίας
529 903 703 940 ἀνθρωπίνης
716 905 818 940 κομῶν,
830 906 867 937 ὡς

71 945 178 979 μικροῦ
191 945 247 972 δεῖν
261 945 441 981 ἁπαιωρῆσαι
462 947 516 974 τῶν
532 947 611 988 ῷτων
641 949 679 984 μὴ
705 949 786 984 μόνον
807 951 868 976 ὅσον

69 991 191 1026 ἀφεώρα
209 991 278 1027 πρὸς
304 993 354 1027 τὴν
373 993 498 1028 ποικίλην
528 994 623 1021 τούτου
653 996 800 1031 περισολὴν
821 997 868 1023 καὶ

68 1037 103 1064 τὸ
120 1038 235 1072 ἐπίχαρι
254 1037 300 1064 τοῦ
313 1038 502 1073 πτερώματος,
517 1040 585 1067 ἀλλὰ
605 1041 652 1068 καὶ
676 1042 742 1068 αὐτὸ
758 1043 787 1069 τὸ
804 1051 869 1077 μετι

71 1083 188 1109 αλλεῦον
215 1083 270 1110 τῶν
285 1085 484 1119 γεγραμμένων
511 1086 558 1113 τὸν
584 1087 657 1114 νοῦν.
682 1089 736 1114 Καὶ
752 1089 813 1123 τάχ’
835 1089 868 1116 ἂν

71 1127 109 1163 ἦν
121 1129 161 1160 ὡς
176 1128 278 1164 ἀληθὴς
295 1129 361 1161 Θεὸς
379 1130 561 1166 ἱοξαζόμενος
575 1134 588 1158 ὀ
604 1133 680 1168 παρὰ
694 1133 733 1169 τῷ
749 1134 869 1170 Μωάμετ

72 1175 203 1201 ὁστισοῦν
215 1175 399 1210 κληρούμενος
414 1177 564 1212 ὁλόσφυρος
576 1179 654 1212 Θεὸς,
668 1180 692 1206 εἰ
711 1180 749 1215 μὴ
761 1181 870 1215 ὁλοσχε-

74 1222 163 1255 ρῶςὸ
186 1223 356 1258 πατριάρχης
383 1224 493 1259 ἀντέϐη·
524 1225 586 1252 οὔτε
622 1227 675 1262 γὰρ
708 1225 784 1259 οὗτος
813 1230 869 1260 τοῖς

72 1268 266 1302 γραφομένοις
280 1269 327 1295 τὸν
338 1269 400 1296 νοῦν
412 1271 601 1306 προσέσχηκεν
616 1273 653 1304 ὡς
671 1274 808 1310 ἐπισφαλῆ
822 1276 869 1302 καὶ

72 1314 316 1348 νέα·ἐπεισὰγουσι
344 1315 478 1350 δόγματα,
509 1318 556 1344 καὶ
577 1320 640 1349 τοὺς
663 1319 773 1352 λοιποὺς
787 1321 814 1347 δὲ
830 1321 869 1351 ὡς

72 1358 265 1394 δηλητηριὼδη
291 1360 377 1387 ταῦτα
414 1361 567 1397 ὑφορᾶσθαι
596 1365 774 1400 παρέπειθεν.
798 1367 827 1393 ’0
841 1367 869 1393 δὲ

73 1402 174 1438 ὥσπερ
188 1412 214 1430 τι
236 1404 323 1431 δεινὸν
351 1406 493 1438 πεπονθὼς
520 1409 650 1435 ὀνείδεσιν
675 1410 774 1437 ἔπλυνε
805 1412 869 1443 τοὺς

919 177 1013 208 batur,
1034 180 1062 203 et
1096 175 1254 210 superiores
1292 174 1473 209 imperatores
1505 181 1703 208 sacrorumque

918 221 1056 249 antistites
1086 225 1178 255 aperte
1203 219 1382 251 taxabantur,
1410 219 1459 254 qui
1485 219 1572 246 Deum
1604 227 1702 246 verum

918 267 1057 295 inerudite
1074 270 1102 293 et
1117 266 1321 293 inconsiderate
1334 265 1511 292 anathemate
1521 265 1611 292 notari
1620 265 1703 300 280

918 312 990 347 passi
1001 315 1105 339 essent.
1124 311 1157 337 Et
1174 310 1202 337 id
1217 310 1360 337 decretum
1382 310 1409 337 in
1427 317 1507 338 sacro
1528 310 1631 345 palatio
1651 318 1702 344 pu-

918 357 988 384 blice
1011 356 1184 384 recitandum
1215 360 1304 386 curat,
1336 356 1510 390 principibus
1536 362 1648 383 senatus
1674 361 1703 383 et

922 403 1047 438 cognatis
1062 403 1120 430 suis
1135 402 1289 429 litterarum
1305 401 1448 434 studiosis,
1464 401 1511 436 qui
1521 402 1615 429 'veluti
1629 401 1703 428 viam

918 452 1107 484 praepararent
1123 453 1205 482 atque
1222 447 1431 482 applauderent,
1451 447 1612 481 praemissis.
1634 447 1702 474 Erat

919 500 1010 523 autem
1040 494 1130 522 oratio
1152 494 1221 520 adeo
1251 492 1412 527 probabilis.
1436 500 1492 520 non
1515 493 1704 527 spiritualium

919 541 1067 568 verborum
1081 539 1214 572 gravitate
1228 539 1275 566 Sed
1298 541 1425 567 humanae
1447 539 1588 573 sapientiae
1608 538 1702 566 suavi-

919 591 983 620 tate,
1000 591 1031 614 ut
1047 594 1128 614 aures
1141 593 1194 613 non
1212 593 1309 612 eorum
1325 585 1457 612 duntaxat
1469 584 1515 619 qui
1527 585 1630 611 variam
1644 585 1703 619 ejus

918 633 1150 667 compositionem
1165 636 1192 659 et
1206 631 1353 667 jucundam
1369 631 1516 658 vanitatem
1531 629 1702 664 spectabant.

918 678 965 705 sed
982 686 1078 705 eorum
1091 678 1174 705 etiam
1191 678 1238 712 qui
1257 677 1344 710 ipsius
1361 676 1456 711 scripti
1475 675 1640 703 sententiam
1657 675 1702 702 in-

918 723 1063 758 dagabant.
1098 723 1295 758 propemodum
1333 729 1481 757 suspensas
1517 725 1633 749 teneret.
1665 721 1704 747 Ac

919 769 1035 796 forsitan
1063 769 1121 795 veri
1143 768 1192 795 Dei
1220 768 1308 803 gloria
1333 767 1541 794 Machometano
1569 766 1608 793 illi
1635 765 1704 796 Deo.

919 814 1044 849 quisquis
1071 819 1122 844 est.
1151 812 1203 840 nisi
1227 812 1384 847 patriarcha
1409 818 1522 839 strenue
1543 811 1705 838 adversatus

917 868 968 887 nec
983 860 1042 895 ipse
1058 860 1085 886 id
1103 859 1237 894 scriptum
1256 862 1391 889 curasset,
1407 866 1462 893 quo
1488 865 1558 884 nova
1581 861 1610 884 et
1627 855 1704 891 peri-

917 907 1011 933 culosa
1024 907 1148 939 dogmata
1168 904 1422 936 introducerentur,
1440 908 1468 931 et
1484 908 1608 935 caeteros,
1626 907 1656 929 ut
1673 901 1701 929 id

919 958 1047 987 tanquam
1059 959 1194 995 venenum
1206 956 1364 985 suspectmn
1378 951 1521 982 haberent,
1537 949 1703 977 monuisset.

918 1000 952 1026 At
968 999 1127 1033 imperator,
1146 994 1223 1032 quasi
1246 996 1320 1031 gravi
1343 995 1458 1023 aﬂ‘ectus
1476 995 1588 1029 injuria,
1609 994 1704 1028 ponti-

919 1045 983 1072 ﬁces
1013 1043 1147 1071 conviciis
1171 1042 1359 1070 insectabatur
1376 1045 1403 1069 et
1429 1041 1558 1068 homines
1579 1040 1704 1068 omnium

922 1091 1080 1118 mortalium
1117 1089 1295 1117 stultissimos
1332 1088 1497 1124 appellabat.
1530 1088 1631 1123 quippe
1669 1094 1705 1114 ex

919 1136 1017 1163 morbo
1031 1135 1205 1170 gravissimo,
1229 1134 1275 1168 qui
1289 1133 1404 1161 exitium
1419 1133 1444 1160 ei
1461 1132 1563 1163 attulit,
1590 1130 1704 1166 pronior

918 1182 952 1208 ad
966 1182 1035 1208 iram
1050 1182 1149 1208 factus.
1164 1180 1284 1208 Proinde
1301 1180 1335 1206 iis
1350 1187 1410 1214 qua:
1423 1179 1518 1214 priore
1530 1178 1644 1205 decreto
1658 1176 1703 1203 fu-

919 1230 987 1258 sius.
1000 1227 1130 1254 oratoriis
1155 1226 1327 1253 ornamentis
1341 1225 1485 1255 adhibitis,
1499 1224 1660 1258 scripserat,
1677 1223 1703 1250 in

919 1273 1113 1309 compendium
1130 1273 1250 1299 redactis
1271 1276 1298 1299 et
1319 1270 1456 1305 dogmatis
1472 1269 1610 1296 illecebris
1624 1268 1706 1296 ador-

919 1319 1000 1350 natis,
1017 1318 1089 1345 aliud
1100 1317 1240 1344 dccrelum
1254 1315 1447 1351 promulgavit.
1460 1314 1527 1342 Cum
1541 1318 1633 1341 autem
1647 1318 1705 1341 tum

921 1365 946 1391 in
964 1364 1063 1399 palatio
1077 1363 1110 1390 ad
1127 1363 1206 1397 281
1223 1362 1367 1393 Damalim,
1388 1360 1459 1396 quod
1481 1360 1639 1388 Scutarium
1662 1359 1705 1386 di-

920 1411 1002 1441 citur.
1015 1414 1072 1436 tum
1088 1409 1122 1436 ad
1138 1409 1277 1435 vitandam
1295 1408 1400 1434 turbam
1417 1411 1474 1434 tum
1496 1406 1531 1433 oh
1545 1406 1617 1433 aeris
1635 1411 1706 1432 tem-

74 1450 228 1484 ἀρχιερεῖς,
245 1451 292 1476 καὶ
313 1452 392 1486 μωρὰ
404 1453 451 1479 τοῦ
477 1454 580 1488 κόσμου
595 1455 704 1488 τούτους
716 1457 865 1492 ὠνόμαζεν,

922 1456 1025 1491 pericm
1044 1459 1213 1486 versaretur,
1234 1458 1309 1481 totus
1330 1453 1459 1480 curandae
1487 1452 1638 1479 valetudini
1665 1451 1707 1478 in-

74 1495 166 1525 ἇλλως
181 1503 211 1521 τε
227 1496 275 1522 καὶ
288 1498 356 1532 νόσῳ
382 1497 441 1524 τότε
457 1500 652 1534 προσπαλαίων
668 1502 753 1537 δεινῇ,
779 1503 824 1537 ὑφ’
835 1501 868 1539 ἧς

76 1542 125 1566 καὶ
133 1540 178 1566 τὸν
189 1540 245 1575 βίον
254 1542 379 1576 ἀπέλιπε,
387 1545 433 1570 καὶ
447 1545 568 1579 ἑπίχολος
582 1547 704 1573 ἐντεῦθεν
718 1549 867 1583 γινόμενος.

76 1585 182 1611 οᾷκοῦν
198 1586 247 1613 ὅσα
262 1587 300 1621 τῷ
316 1589 439 1623 προτέρῳ
453 1590 773 1626 τόμῳὲμπλατυνόμενος
789 1596 868 1630 εἴρη-

77 1639 137 1663 κεν,
152 1633 344 1670 ἀπηρτισμένῃ
351 1639 505 1673 κατασκευῇ
522 1639 569 1665 καὶ
579 1639 698 1674 μεθόδοις
711 1642 868 1676 ρητορικαῖς

77 1681 266 1725 χρησάμενος,
283 1682 368 1709 ταῦτα
388 1685 525 1719 ἐπιτεμὼν
540 1689 587 1713 καὶ
614 1688 644 1714 τὸ
665 1689 712 1715 τοῦ
735 1689 868 1725 δόγματος

79 1723 160 1757 αὖθις
178 1727 300 1762 περιθεὶς
325 1729 423 1764 δέλεαρ
443 1730 538 1766 ἕτερον
561 1733 645 1768 τόμον
669 1723 791 1766 ἐξέθετο..
814 1736 869 1762 Καὶ

78 1772 142 1797 ἐπεὶ
154 1772 233 1807 ἔτυχε
249 1773 311 1799 τότε
326 1776 384 1806 τοῖς
397 1776 469 1802 κατὰ
483 1777 606 1812 Δάμαλιν
619 1780 741 1815 ἀρχείοις
759 1782 868 1808 ἐναυλι-

80 1816 206 1850 ζόμενος,
218 1817 236 1843 ἃ.
256 1818 421 1854 Σκουτάριον
447 1821 638 1857 ὀνομάζονται,
654 1825 703 1860 τὴν
727 1826 773 1852 τοῦ
788 1826 869 1861 ἀέρος

81 1862 233 1895 εὐκρασίαν
251 1865 427 1898 μεταδιώκων
444 1867 492 1897 καὶ
509 1869 560 1902 τῆς
583 1870 745 1905 πολυοχλίας
771 1872 868 1898 ἀπανι-

81 1907 217 1941 στάμενος
235 1910 281 1936 καὶ
305 1910 379 1943 ἄπας
397 1912 447 1947 τῆς
462 1914 624 1949 νοσοκομὶας
647 1917 800 1951 γινόμενος,
812 1918 869 1944 δια-

84 1952 245 1983 τιλωῖξονται
259 1955 346 1982 ἐκεῖσε
355 1957 486 1993 βασιλικῷ
498 1960 665 1995 ἑπιτάγματι
676 1962 689 1988 ὃ
706 1971 736 1989 τε
754 1963 808 1989 τῶν
818 1964 869 1999 ἀρ-

80 2000 196 2034 χιερέων
212 2000 339 2035 σύλλογος
350 2003 396 2029 καὶ
404 2004 461 2030 ὅσοι
472 2005 502 2030 τὸ
513 2006 658 2039 πρεσϐεῖον
668 2009 699 2034 ὲκ
715 2009 769 2034 τῶν
780 2009 868 2044 λόγων

82 2046 241 2080 ἐκτήσαντο.
257 2048 328 2074 Ἀλλ’
341 2048 416 2076 οὔπω
427 2051 555 2086 καθαρῶς
563 2053 617 2080 τῶν
630 2053 780 2089 λεμσαδιων
803 2057 869 2084 ἀπέ-

83 2091 180 2125 ϐησαν,
201 2093 248 2119 καί
271 2102 313 2125 τις
342 2095 396 2122 τῶν
423 2097 499 2132 παρὰ
522 2098 562 2135 τῷ
588 2099 692 2133 βασιλεῖ
711 2102 867 2137 παρρησίαν

83 2137 198 2171 ἑχόντων
213 2139 259 2165 καὶ
275 2141 309 2167 τὰ
324 2141 441 2175 μέγιστα
453 2143 612 2178 δυναμένων
627 2146 866 2182 ὑπογραμματέων

85 2183 237 2217 ἐφίσταται.
255 2185 284 2212 '0
312 2187 477 2221 Ματζούκης
491 2186 525 2224 ἦν
547 2187 623 2222 οὗτος
649 2191 796 2227 Θεόδωρος,
818 2195 866 2221 καὶ

85 2230 152 2264 πρός
171 2238 201 2256 τε
229 2231 276 2257 τὸν
301 2233 473 2269 πατριάρχην
501 2237 547 2262 καὶ
570 2237 619 2270 τὴν
640 2237 694 2263 τῶν
718 2239 867 2274 ἀρχιερέων

85 2276 220 2310 ὁμήγυριν
237 2277 284 2303 τὸν
307 2278 384 2312 λόγον
406 2281 618 2316 ὰποτεινάμενος
645 2282 694 2318 τὴν
708 2284 757 2318 μὲν
772 2285 800 2315 ἐς
821 2286 867 2312 τὸν

87 2320 200 2354 βασιλέα
216 2321 333 2356 πάροδον
360 2323 397 2360 μὴ
415 2322 486 2351 εἶναι
506 2325 595 2360 ἔφησε
610 2327 669 2353 νυνὶ
696 2328 809 2364 ὲφικτὴν
824 2330 867 2357 διά

86 2375 111 2392 τι
126 2368 333 2402 παρεισφρῆσαν
344 2369 375 2395 ἐκ
392 2371 441 2404 τῆς
453 2371 530 2397 νόσου
544 2372 683 2406 ἐμπόδιον,
701 2375 734 2409 τῇ
761 2375 790 2400 δὲ
804 2376 867 2402 τού-

87 2419 139 2437 των
154 2411 305 2445 ἀναγνώσει
324 2414 467 2450 προσέχειν
487 2415 589 2449 χρεὼν,
606 2416 668 2448 τοὺς
693 2418 796 2452 χάρτας
811 2411 866 2445 δεῖ·

87 2456 133 2488 ξας
149 2457 240 2489 αὐτοῖς
264 2458 327 2490 τοὺς
357 2459 385 2485 ὲν
411 2461 514 2494 χεροῖν,
532 2458 587 2487 Ἶιν
602 2461 630 2487 δὲ
645 2463 658 2487 ὁ
679 2462 728 2496 μὲν
740 2464 804 2498 περὶ
819 2463 866 2491 τοῦ

87 2505 266 2537 προκειμένου
288 2503 422 2538 δόγματος
445 2505 648 2540 διαλαμϐάνων,
665 2507 705 2538 ὃν,
725 2507 762 2540 ὡς
788 2509 866 2544 εἰρή-

89 2557 185 2582 καμεν,
206 2549 366 2584 ὑπογράψαι
379 2551 454 2582 ,τοὺς
476 2552 652 2585 συνελθόντας
670 2554 807 2589 ἀρχιερεῖς
824 2555 867 2583 διὰ

88 2594 201 2629 σπουδῆς
215 2596 228 2622 ό
245 2595 421 2631 αὐτοκράτωρ
442 2597 556 2624 ἐτίθετο·
569 2599 583 2625 ὁ
598 2598 621 2625 δ’
632 2599 724 2633 ἔτερος
748 2602 793 2626 τὸν
818 2603 866 2636 βα-

89 2640 161 2666 σιλέα
172 2640 242 2676 ἔχων
255 2641 445 2676 διαλεγόμενον
470 2643 508 2678 τῷ
525 2644 703 2679 ἁρχίποιμενί
731 2654 760 2671 τε
774 2646 867 2672 Θεοδο-

89 2687 135 2720 σίῳ
151 2688 197 2712 καὶ
211 2688 244 2722 τῇ
261 2687 361 2723 συνόδῳ
387 2689 462 2716 οὐδὲν
483 2689 593 2724 μέτριον
611 2690 671 2716 οὐδὲ
686 2691 780 2725 χάριεν
793 2691 866 2723 διεξ-

88 2731 215 2766 ῄει,ἀλλ5ι
240 2732 287 2758 καὶ
311 2733 344 2766 τῇ
370 2733 550 2759 ἐνστάσειτοῦ
566 2734 736 2768 πατριάρχου
754 2734 866 2760 καὶτῶν

91 2777 135 2805 σὺν
149 2776 225 2811 αὑτῴ
248 2776 401 2812 ἀρχιερέων
413 2778 449 2810 ὡς
466 2778 502 2813 μὴ
535 2778 604 2805 κατὰ
629 2778 706 2812 λόγον
735 2779 865 2814 γενομένῃ

922 1503 1112 1536 tentus,jussu
1130 1502 1188 1536 ejus
1206 1500 1370 1535 pontiﬁcum
1395 1498 1539 1533 collegium
1561 1502 1589 1525 et
1611 1497 1708 1524 erudi-

920 1547 1016 1574 tissimi
1045 1547 1148 1582 quiquc
1179 1553 1213 1572 eo
1241 1545 1392 1580 trajiciunt.
1423 1544 1474 1578 Qui
1510 1551 1572 1571 cum
1600 1543 1645 1569 vix
1669 1550 1703 1569 ex

920 1593 1050 1620 lintribus
1063 1591 1283 1622 descendissent,
1301 1590 1465 1618 Theodorus
1487 1590 1610 1622 Mazuca,
1622 1589 1706 1617 homo

919 1637 990 1672 apud
1019 1637 1214 1671 imperatorem
1233 1635 1370 1670 gratiosus
1392 1640 1420 1662 et
1443 1635 1516 1662 inter
1538 1634 1643 1662 scribas
1656 1643 1706 1662 au-

919 1682 1046 1709 ctoritate
1072 1683 1208 1716 princeps.
1224 1681 1317 1713 adest;
1336 1685 1363 1708 et
1389 1682 1515 1708 oratione
1538 1681 1570 1707 ad
1589 1681 1706 1715 patriar—

919 1729 997 1755 cham
1014 1732 1042 1754 et
1063 1727 1222 1762 pontiﬁcum
1239 1727 1386 1761 collegium
1406 1727 1533 1754 instituta
1556 1726 1707 1761 imperato-

919 1782 977 1800 rem
1000 1781 1074 1800 nunc
1097 1774 1167 1800 adiri
1186 1781 1264 1808 posse
1292 1777 1372 1808 negat
1395 1773 1431 1800 ob
1452 1772 1541 1800 morbi
1556 1772 1704 1807 quamdam

919 1819 1115 1851 accessionem,
1129 1819 1237 1848 litteras.
1249 1826 1314 1846 vero
1327 1826 1396 1853 quas
1413 1826 1495 1845 manu
1512 1823 1627 1850 teneret.
1642 1826 1703 1845 esse

918 1866 1081 1893 audiendas.
1111 1865 1236 1900 Agebant
1262 1870 1353 1892 autem
1381 1865 1474 1892 altera:
1499 1866 1534 1891 de
1562 1864 1705 1898 proposito

918 1913 1055 1948 dogmate,
1073 1912 1174 1946 quibus
1189 1920 1203 1939 a
1220 1911 1397 1946 pontificibus
1413 1911 1552 1938 subscribi
1575 1910 1705 1944 cupiebat

920 1959 1086 1993 imperator;
1120 1959 1213 1985 altera:
1241 1958 1292 1985 sub
1332 1965 1447 1992 persona
1483 1956 1606 1991 ejusdem
1641 1963 1729 1996 cum.

919 2012 1026 2032 suinmo
1060 2008 1168 2039 pastore
1204 2003 1361 2030 Theodosio
1393 2007 1421 2029 et
1458 1995 1637 2037 potitiﬁcibus
1667 2001 1703 2028 ob
1724 2019 1736 2039 ,ξ

920 2055 1113 2086 praeposteram
1134 2049 1354 2076 adversationem
1374 2048 1590 2083 expostulantes,
1616 2048 1704 2082 majus
1724 2038 1739 2058 ’³

919 2097 1066 2124 concilium
1093 2095 1279 2126 minabantur,
1303 2099 1330 2121 et
1346 2093 1545 2121 controversia:
1565 2092 1705 2127 discepta-

920 2144 1024 2171 tionem
1040 2142 1098 2178 ipso
1117 2142 1218 2169 veteris
1240 2142 1333 2171 Roma:
1359 2148 1428 2175 papa
1453 2140 1578 2167 adhibito
1597 2140 1704 2175 jureju<

919 2189 1005 2216 rando
1016 2188 1241 2216 testiﬁcabautur.
1261 2197 1270 2213 (
1287 2187 1423 2222 Ingratus,
1441 2187 1544 2221 inquit.
1569 2186 1705 2215 universi-

920 2234 983 2261 tatis
997 2241 1088 2261 rerum
1106 2233 1171 2264 Deo,
1193 2242 1208 2260 a
1228 2241 1282 2267 quo
1304 2238 1402 2267 ρηοιοι·
1431 2232 1540 2267 imperii
1563 2232 1702 2267 fastigium

919 2280 979 2306 aliis
994 2279 1146 2306 illustribus
1170 2279 1358 2313 prairogativis
1380 2286 1440 2305 sum
1467 2283 1591 2311 ornatus,
1617 2285 1646 2306 et
1663 2280 1703 2308 in-

918 2332 1001 2351 sanus
1016 2331 1116 2355 essem,
1140 2323 1192 2350 nisi
1209 2330 1258 2357 pro
1274 2322 1407 2349 tenuitate
1431 2322 1512 2357 282
1531 2329 1591 2349 mea
1609 2323 1705 2356 quale-

919 2379 1026 2406 cunque
1040 2370 1078 2396 illi
1093 2369 1214 2396 studium
1230 2376 1321 2396 meum
1344 2369 1524 2399 declararem.
1543 2373 1570 2395 et
1588 2376 1705 2397 summos

919 2418 945 2445 in
962 2417 987 2443 id
1005 2415 1112 2442 viribus
1133 2415 1334 2444 incumberent,
1357 2422 1390 2441 ne
1408 2415 1430 2441 is
1449 2422 1530 2442 verus
1550 2414 1621 2442 υσεδ
1637 2423 1704 2442 3...:-

920 2462 1038 2488 thcmate
1060 2464 1213 2486 notaretur.
1237 2468 1245 2484 »
1267 2458 1403 2485 Czeterum
1428 2458 1568 2485 auditores
1591 2466 1623 2486 ea
1647 2467 1702 2486 ma-

918 2505 1104 2542 gniloquentia
1134 2505 1203 2531 adeo
1233 2512 1286 2531 non
1319 2504 1556 2539 percellebantur.
1597 2509 1627 2530 ut
1661 2505 1704 2532 vir

919 2550 1093 2578 doctissimus
1114 2556 1142 2576 et
1156 2550 1411 2585 eloquentissimus,
1436 2549 1598 2578 Eustathius
1613 2550 1702 2576 Thes-

919 2597 1048 2624 salonica:
1071 2596 1306 2630 archiepiscopus,
1323 2603 1354 2622 ca
1376 2596 1502 2623 oratione
1524 2595 1702 2622 vehementer

918 2647 1080 2674 commotus,
1097 2650 1188 2669 verum
1202 2642 1285 2669 Deum
1297 2642 1399 2676 aliquid
1414 2642 1620 2676 holosphyrum,
1632 2642 1702 2669 iulc-

919 2689 978 2716 licis
988 2687 1089 2723 ingenii
1101 2692 1297 2720 cotmucntum,
1312 2687 1451 2722 perhiberi
1468 2688 1543 2714 nullo
1553 2688 1635 2715 modo
1648 2688 1703 2715 fer-

919 2738 969 2760 ret.
987 2743 995 2758 ι
1009 2733 1165 2765 Enimvero,
1181 2733 1281 2766 inquit,
1295 2733 1443 2760 insanirem
1455 2738 1481 2760 ct
1494 2733 1545 2760 hoc
1564 2733 1669 2767 habitu,
1689 2744 1697 2760 I

919 2783 1028 2807 ostenso
1044 2779 1127 2814 pallio
1154 2788 1161 2803 ι
1180 2778 1308 2813 indignus
1325 2785 1425 2811 esscin,
1451 2778 1473 2806 si
1498 2779 1582 2807 Dcum
1602 2787 1701 2808 verum
