1951 3084
406 109 429 112 ν.
436 108 478 117 μη.

191 130 242 163 571

802 131 951 162 ΝΙΟΕΤᾸΞ
970 129 1173 159 CHONIAT/E

1754 127 1807 160 5'12

189 194 250 214 ram
262 185 376 221 integris
391 185 480 213 adhuc
495 185 622 213 sensibus
639 190 745 213 mature
760 186 926 221 susciperet.
944 189 968 212 el

1024 183 1141 210 ἐνιαυτοὶ
1156 183 1228 218 ζωῆς
1240 182 1288 209 καὶ
1301 182 1390 218 ἕτεροι
1409 182 1610 219 δεκατέσσαρες
1626 183 1701 218 αὺτῷ
1713 184 1809 211 ἐπιδα-

187 236 344 258 curatorem
384 231 491 257 ﬁdelem
522 230 569 256 lilii
600 232 789 263 successoris,
816 231 970 266 impuberis

189 274 289 306 adhuc,
303 279 331 302 et
349 274 533 308 imperatricis
554 280 700 309 qua'reret.
728 276 781 303 Sed
809 276 971 311 pestilentes

188 318 354 353 impostores
374 319 502 353 astrologi
526 320 720 353 imperatorem
745 322 827 356 paulo
854 327 915 356 post
937 330 971 349 ex

189 364 286 391 inorbo
307 369 459 390 recreatum
488 371 649 392 vacaturum
677 375 737 394 esse
766 368 918 400 amoribus,
943 373 970 395 et

189 410 346 436 barbaricas
381 410 462 444 287
486 410 569 437 urbes
589 419 766 444 eversurum,
797 413 971 448 impudenter

188 455 363 487 asserebant;
388 461 416 481 et
439 455 513 490 quod
541 457 733 485 incredibilius
763 463 815 490 est,
845 459 971 486 homines

188 500 320 534 praecipiti
337 500 428 535 lingua
443 505 468 527 et
487 502 590 529 assueti
610 503 772 537 mendaciis,
786 509 891 531 motutn
908 505 970 532 uni-

186 545 260 572 ποιεί
277 545 352 572 orbis
363 550 391 572 et
408 547 588 574 maximorum
617 549 738 576 siderum
756 557 920 585 congressus
943 556 971 578 et

185 597 339 618 concursus
361 598 564 627 ventorumque
586 594 721 627 procellas
733 595 855 630 ingentes
867 600 894 622 et
909 597 971 623 uni-

185 636 325 662 versitatis
345 644 435 663 rerum
464 645 535 671 pene
563 639 741 666 mulationem
770 633 968 674 przedicebant,

185 681 397 716 erigastrimythi
418 682 509 716 potius
532 691 614 718 quam
632 685 775 719 astrologi.
794 685 887 720 Neque
903 695 970 714 vero

185 733 274 753 annos
289 726 421 754 duntaxat
436 733 464 755 et
486 736 594 756 menses
618 734 646 757 et
670 731 857 760 hebdomadas
874 741 971 761 nume-

186 771 295 802 rabant,
315 772 363 799 sed
381 772 440 800 dies
452 774 534 801 etiam
547 780 575 802 et
590 775 664 803 hora:
677 782 808 810 punctum
826 778 970 813 designare

185 824 240 842 non
255 817 431 848 verebantur.
442 826 502 852 quae
512 827 567 846 sua:
578 822 704 855 potestati
718 824 868 851 reservavit
880 823 969 858 Pater,

187 867 213 888 et
225 861 354 889 Servator
365 863 516 898 discipulos
529 873 594 893 suos
607 872 801 901 percontantes
815 870 969 905 castigavit.

187 906 305 933 Proinde
332 915 384 934 non
399 908 455 942 ipse
482 910 562 937 modo
585 911 736 946 imperator
771 915 916 948 speluncas
943 921 971 943 et

187 957 296 980 meatus
323 954 519 982 subterraneos
543 961 637 984 contra
666 964 810 986 ventorum
838 960 970 995 impetum

191 997 350 1032 inquirebat
364 1004 392 1026 et
411 999 445 1026 ad
468 1000 649 1029 habitandum
668 1004 851 1037 prteparabat,
873 1010 901 1032 et
921 1013 970 1040 pa-

185 1042 315 1070 latio‘rum
341 1043 448 1079 fastigia
469 1045 699 1078 demoliebantur.
717 1054 746 1074 ut
762 1049 852 1077 minus
867 1051 970 1085 impetu

186 1093 331 1115 ventorum
346 1089 524 1123 lzcderentur;
536 1092 583 1119 sed
602 1097 630 1119 et
647 1094 763 1122 ministri
780 1101 807 1122 et
824 1098 931 1131 cognati
943 1102 971 1124 et

185 1133 345 1162 adulatores
359 1136 528 1170 cjusiisdem
543 1138 627 1166 rebus
640 1140 737 1168 intenti
753 1143 852 1176 partim
869 1148 969 1171 terram

186 1178 362 1207 formicarum
382 1181 467 1209 instar
482 1183 660 1217 eﬂodiebant,
675 1187 771 1220 partim
789 1189 906 1215 tentoria
923 1190 971 1216 tri-

185 1225 296 1259 pliciter
313 1227 484 1256 consuebant
499 1233 527 1256 ct
541 1235 632 1258 vectes
649 1233 791 1265 cubitales.
807 1242 862 1268 quo
879 1235 971 1263 minus

186 1271 361 1300 tabernacula
384 1273 469 1309 288
496 1282 721 1309 concuterentur,
747 1280 893 1306 acuebant.
916 1281 969 1308 Sed

186 1316 294 1348 morbo,
323 1323 353 1344 ut
377 1318 444 1349 dixi.
470 1320 688 1354 ingravescente.
713 1323 811 1350 balneo
833 1333 899 1352 usus
922 1333 970 1352 co-

186 1357 280 1395 gnovit
295 1370 372 1396 spem
394 1364 456 1390 vitae
469 1372 633 1393 evanescere
649 1372 676 1394 ct
694 1369 841 1396 terminum
866 1370 970 1398 instare

187 1408 394 1440 inevitabilem;
413 1417 444 1436 ac
459 1418 543 1444 pauca
561 1419 623 1438 cum
640 1414 794 1441 astantibus
809 1415 853 1449 ide
875 1417 970 1443 Alexio

187 1452 380 1486 ﬁliolocutus,
405 1456 530 1484 oratione
555 1458 683 1492 suspiriis
707 1460 882 1495 interpolata.
904 1462 969 1496 quia

185 1497 352 1531 prmvidebat
365 1506 425 1533 qua:
441 1505 502 1534 post
518 1508 596 1528 suum
610 1502 714 1529 obitum
733 1508 906 1538 tempestates
920 1505 970 1532 im-

187 1543 350 1576 penderent.
370 1546 534 1578 patriarchae
548 1547 654 1575 monitu
668 1549 744 1576 brevi
760 1550 862 1577 charta:
873 1551 907 1578 de
926 1559 970 1578 as-

187 1589 302 1623 trologia
334 1590 509 1625 subscripsit.
538 1598 640 1620 mutata
675 1595 791 1629 pristina
821 1597 968 1625 sententia.

189 1633 312 1668 Denique
330 1636 440 1663 admota
460 1637 494 1664 ad
515 1639 642 1666 arteriam
661 1648 743 1667 manu
761 1646 787 1668 et
803 1643 882 1676 pulsu
905 1651 969 1677 pcr-

187 1683 304 1712 tentato,
321 1688 383 1708 cum
400 1682 455 1709 alto
470 1684 588 1718 suspirio
603 1685 693 1712 femur
707 1690 855 1720 percussit,
870 1693 897 1715 et
912 1697 970 1716 mo-

186 1725 323 1752 nasticum
339 1726 462 1753 habitum
476 1729 638 1762 postulavit.
660 1730 719 1763 Quo
738 1731 813 1758 dicto
840 1741 915 1765 cum,
940 1738 969 1760 ut

186 1769 246 1796 ﬁeri
273 1770 354 1802 solet,
383 1773 517 1800 tumultus
539 1779 612 1800 esset
629 1779 719 1807 ortus,
745 1779 774 1802 et
797 1777 968 1810 spiritualem

186 1820 287 1842 \cslem
305 1816 382 1850 nigro
397 1825 486 1851 panno
497 1820 587 1847 onmis
604 1825 719 1848 ornatus
743 1828 896 1856 expertem,
918 1823 969 1850 mi-

186 1861 267 1888 nistri
281 1862 373 1889 nescio
394 1863 438 1890 ubi
455 1865 540 1896 nacti,
557 1866 686 1894 mollibus
701 1871 728 1893 et
751 1868 833 1902 regiis
846 1869 968 1896 vestibus

185 1907 325 1940 detractis,
346 1914 374 1936 et
395 1917 493 1945 aspero
514 1911 561 1938 illo
588 1912 689 1940 divime
717 1914 779 1940 vitae
807 1914 968 1942 indumento

185 1953 224 1979 illi
239 1953 360 1986 inducto.
372 1956 398 1983 in
410 1957 581 1991 spiritualcm
594 1967 656 1985 eum
668 1964 834 1986 convertunt
843 1960 966 1992 militem.

183 2002 212 2024 et
225 1999 300 2032 galea
319 2000 484 2036 thoraceque
497 2002 646 2038 insigniore
663 2008 791 2032 ornatum
806 2006 832 2032 in
848 2006 968 2034 ecolestis

186 2041 362 2077 imperatoris
371 2046 524 2080 catalognm
538 2049 674 2076 referunt.
687 2050 853 2082 Eaflaccrnu.
866 2052 967 2086 quippe

187 2087 306 2120 brevior,
324 2097 406 2117 crura
425 2091 529 2119 heroici
547 2093 620 2121 illius
636 2096 762 2129 corporis
777 2104 830 2122 non
848 2096 965 2130 tegebat,

185 2136 212 2158 ut
226 2140 306 2160 nemo
330 2135 377 2168 qui
406 2135 432 2161 id
449 2138 580 2164 cernebat
604 2147 618 2164 a
645 2139 774 2174 lacrymis
792 2140 843 2168 sibi
860 2146 967 2174 tempe-

1021 229 1190 264 ψιλεύονται.
1203 227 1258 254 Καὶ
1271 228 1351 255 τοῦτο
1371 228 1438 263 πρὸς
1448 228 1529 254 αὑτὸν
1543 229 1638 263 εἴρηκε
1654 228 1700 255 τὸν
1725 229 1807 264 σοφὸν

1022 275 1070 301 καὶ
1089 274 1267 309 τρισμάκαρα
1296 274 1471 309 πατριάρχην
1484 274 1530 300 τὸν
1541 274 1693 306 Θεοδόσιον,
1714 275 1807 301 ὑποτι-

1023 321 1137 356 θέμενον
1154 321 1296 355 πατρικῶς
1313 320 1443 355 φροντίδα
1459 320 1514 346 τῶν
1533 321 1582 354 τῆς
1597 320 1736 355 βασιλείας
1759 321 1807 347 θέ-

1023 367 1085 394 σθαι
1104 367 1287 402 πραγμάτιον,
1307 366 1357 397 ἓως
1370 366 1410 392 ἔτι
1429 365 1523 400 καιρδς
1547 366 1665 401 κάκείνῳ
1688 366 1806 401 ἔρρωται

1022 414 1052 439 τὺ
1067 414 1186 448 φρονεῖν,
1202 414 1250 439 καὶ
1267 413 1380 446 διφῆσαι
1407 412 1452 438 τὸν
1482 411 1662 445 ἀνοεξόμενον
1683 412 1806 446 ἀκριὸῶς

1021 457 1068 484 τοῦ
1085 458 1133 491 τῆς
1150 457 1237 492 ἀρχῆς
1252 457 1419 491 κληρονόμου
1439 455 1533 486 παιδὸς
1551 455 1629 482 οὔπω
1651 455 1805 490 παραγγεί-

1022 502 1118 533 λαντος
1134 504 1173 534 εἷς
1192 502 1273 538 ἥὸην,
1288 502 1345 527 ’καὶ
1377 501 1480 531 πιστῶς
1508 500 1730 535 προστησόμενον
1756 501 1806 534 τῆς

1023 547 1155 582 βασιλίδος
1174 548 1220 573 καὶ
1239 544 1295 572 οἷον
1313 545 1574 580 μητροκομήσοντα.
1595 545 1627 571 Ol
1648 544 1676 570 δὲ
1705 553 1807 570 παντο-

1021 592 1129 627 δὴλητοι
1144 592 1345 625 ἀστροφένακες
1359 590 1407 616 καὶ
1424 590 1489 625 περὶ
1527 589 1658 624 ἐρωτικὰ,
1675 588 1737 616 κατ’
1759 589 1808 615 αὑ-

1021 640 1083 669 τοὶς
1096 639 1194 669 εἰπεῖν,
1209 638 1254 663 τὶν
1269 637 1382 671 βασιλέα
1394 637 1535 672 σχολάσειν
1546 636 1706 670 ἀπετόλμων
1717 635 1807 669 λέγειν

1022 684 1215 718 ἁνασφὴλαντα
1246 683 1294 718 τῆς
1317 675 1394 709 νόσου
1415 682 1484 717 μετὰ
1508 682 1606 717 βραχὺ,
1631 683 1678 707 καὶ
1696 682 1806 708 πόλεων

1022 729 1178 763 ἀλλοφύλων
1194 729 1233 760 είς
1251 728 1333 764 χῶμα
1345 729 1536 764 τεθησομένων
1547 728 1721 762 καθαιρέσεις
1735 727 1807 761 ἀπη-

1021 775 1184 801 ναιῑεύοντο.
1202 774 1238 800 Τὸ
1253 774 1281 801 δὲ
1295 774 1328 809 δὴ
1341 773 1578 808 παραλογώτερον,
1600 773 1742 808 πρόχειροι
1757 773 1807 807 τὴν

1022 821 1145 854 γλῶτταν
1161 820 1235 852 ὅντες
1250 821 1297 846 καὶ
1308 820 1346 855 τῷ
1361 820 1454 854 ψεύδει
1479 819 1659 853 ἐνειθισμένοι
1676 819 1723 844 καὶ
1740 827 1806 850 συγ-

1023 867 1131 901 κίνησιν
1145 866 1297 901 προῦλεγον
1322 866 1369 892 τοῦ
1402 865 1502 896 παντὸς
1531 865 1684 899 συνδρομάς
1713 873 1743 890 τε
1760 864 1808 890 καὶ

1024 911 1149 941 συνόδους
1163 910 1218 937 τῶν
1238 910 1374 945 μεγίστων
1389 910 1511 944 ἀστέρων
1537 909 1585 935 καὶ
1610 909 1718 944 ἀνέμων
1734 908 1809 940 ἐξαι-

1023 959 1089 983 σίων
1120 956 1258 992 ἐκρήξεις,
1278 957 1323 982 καὶ
1343 956 1435 990 σχεδὸν
1465 955 1511 982 τοῦ
1538 955 1639 986 παντὸς
1663 962 1809 989 μεταστοι⁴

1022 1003 1134 1038 xitum-4;
1168 1002 1391 1037 προεφοίὸαζον,
1435 1001 1652 1036 ὲγγαστρίμυθοι
1686 1000 1806 1034 πλέονῆ

1023 1047 1223 1080 ἀστεροσκόποι
1240 1045 1423 1080 δεικνύμενοι.
1441 1046 1477 1072 Oti
1490 1046 1605 1080 χρόνους
1622 1045 1650 1071 δὲ
1668 1045 1747 1079 μόνον
1761 1045 1809 1071 κεὶ

1024 1091 1109 1124 μῆνας
1126 1091 1260 1125 ὴρίθμηυν
1277 1091 1323 1117 καὶ
1353 1090 1504 1125 ἑϐδομάδας
1534 1089 1690 1124 κατέλεγον,
1712 1090 1756 1124 ἐφ’
1771 1087 1809 1115 Liv

1021 1138 1108 1164 ταῦτα
1120 1138 1275 1171 γενήσεται,
1286 1138 1333 1163 καὶ
1345 1136 1451 1171 βασιλεί
1476 1137 1665 1171 διεσήμαινον,
1680 1136 1746 1162 ἀλλὰ
1761 1136 1810 1162 καὶ

1022 1184 1126 1218 ἡμέρας
1137 1183 1334 1218 ἡκριὸολὸγουν
1347 1184 1394 1211 καὶ
1406 1184 1435 1210 τὺ
1445 1183 1493 1215 τῆς
1503 1183 1577 1217 ὧρας
1589 1183 1731 1217 ἀκαριαῖον
1742 1182 1810 1208 ὲὸω-

1024 1230 1166 1264 μολόχουν,
1186 1230 1222 1260 ὡς
1239 1230 1317 1265 εἴπερ
1343 1229 1437 1264 σαφῶς
1452 1230 1550 1265 ᾔδεσαν
1572 1229 1643 1263 ἆπερ
1662 1229 1690 1254 ἐν
1709 1229 1741 1263 τῇ
1755 1227 1808 1262 ἰδία

1022 1276 1131 1311 ἐξουσίᾳ
1148 1276 1223 1302 ἔθετο
1239 1277 1253 1302 ὁ
1267 1276 1376 1311 Πατὴρ,
1390 1275 1516 1309 καὶπερὶ
1532 1271 1569 1301 ὧν
1593 1274 1710 1307 ἐπετίμα
1738 1281 1808 1299 πυν-

1022 1321 1186 1356 θανομένους
1201 1324 1258 1353 τοῖς
1284 1321 1419 1356 μαθηταῖς
1432 1322 1445 1347 ὁ
1463 1321 1570 1354 Σωτήρ.
1594 1319 1701 1354 ’Λμέλει
1717 1327 1758 1345 τοι
1775 1319 1806 1344 οὑ

1023 1368 1101 1403 μόνον
1133 1368 1214 1399 αὐτὸς
1251 1368 1264 1393 ὸ
1292 1367 1418 1402 βασιλεὺς
1452 1367 1572 1402 σπήλαια
1609 1366 1655 1392 καὶ
1693 1365 1810 1392 καταδύ-

1022 1422 1080 1445 σεις
1112 1411 1296 1448 ἁλεξηνέμους
1334 1413 1494 1447 διηρευνᾶτο
1530 1412 1576 1438 καὶ
1606 1410 1808 1446 προητοίμαξεν

1022 1460 1062 1491 είς
1075 1459 1221 1493 ἐνοίκησιν,
1237 1458 1283 1485 καὶ
1306 1458 1330 1484 οί
1345 1458 1398 1484 τῶν
1419 1457 1565 1492 βασιλικῶν
1577 1457 1725 1494 οἰκοπέδων
1739 1455 1809 1482 καθ-

1025 1505 1142 1540 ῃροῦντο
1169 1504 1254 1536 ὕελοι,
1272 1503 1310 1535 ὡς
1324 1502 1379 1529 εἶεν
1404 1502 1519 1534 ἀπαθεῖς
1547 1503 1605 1533 ταῖς
1633 1502 1686 1528 τῶν
1701 1502 1809 1536 ἀνέμων

1022 1548 1301 1584 ὲκθησαυριζομέναις
1316 1549 1420 1580 πνοαῖς,
1435 1548 1503 1574 ἀλλὰ
1517 1547 1561 1573 καὶ
1578 1548 1670 1573 ὀπόσοι
1683 1548 1717 1582 τῇ
1729 1547 1810 1582 Θερα-

1022 1595 1088 1630 πείᾳ
1114 1594 1210 1621 τούτου
1239 1595 1287 1621 καὶ
1315 1594 1460 1629 συγγενείᾳ
1488 1594 1682 1628 ἐνεγραφοντο,
1703 1595 1751 1620 καὶ
1783 1593 1809 1618 οἳ

1020 1640 1172 1672 κολακικῶς
1187 1640 1267 1666 αὐτὸν
1279 1640 1488 1674 ὐπεισήρχοντο,
1501 1641 1558 1671 τοίς
1567 1639 1657 1668 αὐτοῖς
1672 1639 1809 1673 ἐπιμελῶς

1020 1685 1164 1718 ἐνέκειντο,
1180 1685 1217 1716 ὡς
1236 1686 1299 1716 τοὺς
1319 1685 1368 1720 μὲν
1379 1685 1531 1720 γεωρυχεῖν
1546 1684 1616 1711 κατὰ
1647 1683 1808 1719 μύρμηκας,

1019 1731 1082 1762 τοὺς
1094 1731 1122 1757 δὲ
1137 1732 1339 1766 σκηνορραφεϊν
1363 1731 1410 1758 καὶ
1428 1730 1532 1765 σχοινία
1549 1731 1682 1765 περιδέειν
1698 1730 1810 1766 ἐντριτα

1020 1777 1066 1803 καὶ
1081 1777 1237 1808 πασσάλους
1250 1777 1394 1810 ἀποξύνειν
1418 1777 1568 1811 πηχυαίους
1583 1777 1623 1808 εἰς
1638 1776 1808 1811 ὰκράδαντον

1020 1821 1137 1856 ἔρεισμα
1150 1821 1204 1848 τῶν
1220 1822 1340 1857 σκηνῶν.
1366 1821 1436 1848 Ἀλλ’
1453 1822 1521 1856 ὅπερ
1540 1821 1644 1854 ἔλεγον,
1657 1821 1749 1855 ἐπειδὴ
1774 1821 1810 1847 τὰ

1018 1866 1069 1901 τῆς
1087 1867 1165 1894 νόσου
1174 1867 1212 1902 τῷ
1223 1867 1328 1902 βασιλεί
1341 1867 1475 1899 ἐπέτεινε,
1493 1866 1660 1902 παρασόλως
1675 1865 1808 1901 βαλανείῳ

1020 1913 1166 1948 ἐχρήσατο,
1188 1913 1235 1940 καὶ
1263 1914 1345 1947 γνοὺς
1372 1914 1412 1940 ἔτι
1437 1913 1518 1939 πλέον
1546 1912 1671 1939 ἐντεῦθεν
1696 1912 1745 1943 τὰς
1759 1911 1807 1938 τοῦ

1019 1957 1069 1993 ζῇν
1089 1958 1312 1993 ἀπαλειφομένας
1335 1959 1446 1990 ἐλπίδας
1473 1959 1521 1985 καὶ
1545 1955 1601 1985 οἷον
1633 1957 1695 1984 καθ’
1716 1957 1808 1992 ὑγρῶν

1019 2004 1192 2038 τυπουμένας
1220 2005 1268 2030 καὶ
1296 2005 1345 2039 τὴν
1379 2005 1549 2040 προθεσμίαν
1588 2004 1808 2037 ἀνυπεξάλυκτον

1019 2050 1176 2084 ἐφεστῶσαν
1206 2050 1283 2084 ὀλίγα
1313 2050 1377 2086 περὶ
1401 2050 1448 2077 τοῦ
1479 2050 1572 2082 παιδὸς
1607 2050 1726 2083 Ἀλεξίου
1751 2052 1808 2082 τοῖς

1018 2095 1182 2129 περιεστῶσι
1199 2095 1359 2127 διείλεκται,
1369 2096 1490 2130 κεράσας
1501 2096 1637 2129 οἰμωγαῖς
1649 2096 1684 2122 τὰ
1696 2096 1809 2130 ῥήματα

1019 2140 1137 2174 ἑκ,τοῦ
1186 2142 1305 2176 προορᾷν
1338 2138 1397 2168 οἷον
1436 2142 1469 2168 τὰ
1513 2143 1582 2176 μετὰ
1614 2142 1664 2177 τὴν
1699 2142 1808 2168 ἐκείνου

185 2183 268 2206 raret.
288 2177 413 2205 humanae
430 2179 624 2209 imbecillztatis
638 2184 803 2217 cogitatione
815 2194 843 2212 et
859 2187 962 2216 vilitate

1021 2187 1214 2222 συμϐησόμενα
1232 2188 1331 2219 ἔξοδον.
1353 2188 1434 2214 Ἀλλὰ
1452 2188 1497 2214 καὶ
1525 2189 1654 2223 περὶτῆς
1677 2189 1808 2224 ἀστρονο-

183 2223 308 2257 corporis
333 2225 360 2251 in
388 2230 487 2258 m0rte,
516 2235 571 2261 quo
595 2231 704 2257 animus
733 2235 861 2264 tanquam
889 2239 966 2261 testa

183 2267 266 2302 289
280 2269 401 2297 inclusus
415 2272 554 2301 coalescit.
583 2273 629 2301 Sic
653 2275 737 2310 igitur
755 2281 784 2304 et
796 2278 850 2304 vita
867 2284 894 2306 et
915 2280 967 2306 im-

183 2314 258 2346 perio
273 2314 357 2345 cedit,
375 2318 446 2349 quod
463 2325 550 2344 annos
564 2319 674 2354 triginta
701 2326 765 2348 octo
786 2323 963 2357 gubernavit.

183 2358 269 2385 tribus
286 2361 424 2389 mensibus
439 2362 567 2399 demptis.
587 2366 626 2392 Ad
640 2367 711 2401 quod
726 2367 834 2402 imperii
849 2370 966 2403 spatium

181 2405 398 2432 vetustissimum
425 2407 490 2435 illud
517 2412 660 2438 oraculum
687 2413 809 2440 alludere
835 2414 965 2442 videtur:

185 2458 194 2474 ‹
212 2449 262 2476 Tui
276 2452 429 2485 prehendet
443 2458 468 2481 te
491 2461 632 2488 postrema
650 2459 780 2486 nominis.
799 2468 809 2485 ι
831 2459 898 2487 Nam
922 2462 966 2496 ηλ,

182 2499 320 2528 postrema
333 2497 435 2531 syllaba
460 2500 579 2527 nominis
596 2501 739 2533 .‘llanuclis,
765 2505 836 2537 apud
858 2504 968 2533 Cra-cos

184 2545 288 2568 tantum
314 2551 459 2572 numerum
484 2547 688 2581 contpleCtitur.
717 2548 847 2582 Sepultus
870 2556 913 2577 est
937 2551 964 2577 in

181 2586 296 2621 obliquo
312 2588 395 2617 latere
407 2592 565 2618 monasterii
579 2593 794 2626 Pautocratoris,
806 2595 883 2630 juxta
898 2600 968 2622 teni-

184 2631 222 2665 pli
235 2632 320 2664 fores.
339 2636 364 2661 in
379 2636 479 2663 sacello
497 2638 639 2672 adjuncto,
653 2647 706 2673 qua
723 2640 817 2674 templi
837 2649 915 2668 muro
941 2642 967 2668 in

184 2676 316 2706 fornicem
333 2682 509 2709 circumﬂexo
524 2683 596 2711 latus
607 2685 680 2712 circa
701 2686 836 2712 tumulum
862 2687 969 2721 ingres-

184 2729 233 2749 sus
247 2723 433 2760 distinguitur.
450 2727 530 2762 Lapis
544 2737 606 2756 eum
624 2730 690 2764 tegit
703 2730 842 2764 nigricans
854 2736 882 2758 et
896 2739 967 2759 mce-

181 2770 259 2793 stum
272 2769 374 2804 aliquid
391 2779 446 2806 pra:
466 2780 496 2799 se
511 2773 611 2806 ferens,
629 2776 674 2809 qui
690 2775 716 2801 in
732 2780 836 2809 septem
852 2777 969 2804 vertices

188 2814 316 2848 assurgit.
331 2816 389 2845 Non
405 2819 499 2852 procul
521 2819 584 2847 inde
601 2821 659 2849 basi
676 2821 820 2856 impositus
835 2822 967 2851 aduratur

1019 2233 1083 2267 μίας
1098 2233 1223 2268 ὑποθήκῃ
1238 2234 1284 2260 τοῦ
1301 2235 1474 2269 πατριάρχου
1504 2234 1608 2268 βραχύν
1624 2243 1685 2260 τινα
1701 2236 1808 2269 χάρτην

1018 2279 1223 2314 ὑπεσημήνατο,
1249 2279 1318 2314 πρὸς
1345 2279 1394 2314 τὴν
1423 2280 1549 2307 ἐναντίαν
1567 2280 1646 2312 δόξαν
1669 2280 1806 2314 μεθαρμο-

1019 2324 1102 2356 σοείς.
1121 2324 1202 2356 Τέλος
1225 2325 1253 2351 δὲ
1276 2325 1324 2351 καὶ
1345 2325 1426 2356 αὐτὸς
1451 2327 1484 2360 τῇ
1513 2326 1634 2360 ἀρτηρία
1660 2327 1806 2360 προσάγωι

1017 2370 1066 2403 τὴν
1077 2371 1155 2404 χεῖρα
1164 2371 1210 2396 καὶ
1222 2370 1271 2401 τὰς
1282 2371 1342 2404 κινή
1348 2379 1402 2400 σει;
1412 2371 1458 2397 τοῦ
1473 2370 1598 2405 σφυγμοῦ
1612 2371 1806 2404 γνωματεύων,

1020 2415 1111 2450 βύθιόν
1128 2424 1154 2442 τι
1170 2417 1299 2448 στενάξας
1319 2416 1366 2442 καὶ
1380 2417 1485 2451 πλήξας
1504 2418 1537 2452 τῇ
1563 2417 1636 2451 χειῷ⁹
1650 2417 1695 2442 τὸν
1719 2418 1805 2450 μηρὸν

1020 2462 1048 2487 τὸ
1065 2462 1204 2495 μοναδικὺν
1220 2463 1312 2497 σχῆμα
1325 2463 1420 2497 ᾔτησε.
1449 2462 1569 2498 Θορύῧου
1590 2462 1628 2493 δὲ,
1658 2462 1695 2493 ὡς
1721 2462 1804 2494 εἰκὸς,

1020 2507 1066 2534 ἐπὶ
1085 2508 1123 2542 τῷ
1139 2509 1241 2542 ῥήματι
1258 2508 1345 2541 τούτῳ
1360 2508 1500 2542 ἀρθέντος,
1517 2508 1563 2533 καὶ
1578 2509 1627 2541 τῆς
1655 2515 1805 2541 πνευματι-

1019 2552 1141 2586 κωτέρας
1157 2553 1319 2586 ἁμφιάσεως
1338 2552 1454 2587 ἐχούσης
1474 2552 1504 2578 τὸ
1518 2553 1722 2586 ἀπαράσκευον.
1747 2560 1805 2586 τρι-

1020 2597 1116 2624 ϐωνίου
1133 2598 1246 2632 μέλανος
1264 2599 1288 2624 οἱ
1300 2600 1364 2634 περὶ
1376 2599 1421 2625 τὸν
1447 2598 1562 2633 βασιλέα
1583 2597 1692 2624 ὁθενοῦν
1721 2598 1803 2623 εὐπο.

1021 2644 1151 2679 ρήσαντες
1181 2645 1334 2680 περιδέουσι
1348 2646 1397 2678 μὲν
1412 2645 1493 2671 αὑτὸν
1508 2645 1542 2671 τὰ
1570 2645 1681 2679 μαλακὰ
1700 2645 1746 2669 καὶ
1756 2644 1797 2677 ἀρ-

1019 2687 1084 2723 χικᾶ
1095 2688 1197 2723 ἄμφια,
1211 2689 1369 2715 ἐπενδύουσι
1379 2689 1408 2715 δὲ
1426 2689 1456 2715 τὸ
1467 2689 1552 2724 τραχὺ
1578 2689 1634 2732 τῆς.
1655 2689 1725 2714 κατὰ
1737 2687 1802 2712 Θεὸν

1022 2726 1283 2767 πολιτείαξὺδυμα,
1304 2734 1342 2764 εἰς
1356 2733 1469 2768 ὁπλίτην
1494 2729 1693 2768 μετημειφῦτες
1722 2739 1803 2757 πνευ-

1023 2778 1136 2812 ματικὴν
1153 2779 1246 2813 κράνει
1259 2787 1287 2804 τε
1305 2779 1432 2813 θειοτέρῳ
1450 2779 1497 2805 καὶ
1520 2778 1623 2813 Θώρακι
1638 2777 1803 2811 σεμνοτέρῳ,

1021 2823 1058 2858 τῷ
1072 2824 1188 2858 ςύρανῗῳ
1202 2825 1465 2859 στρατολογήσαντες
1483 2825 1607 2860 ἡγεμόνι.
1624 2823 1661 2852 Τὸ
1678 2823 1705 2849 δὲ
1719 2822 1802 2858 ῥάκος
