1951 3084
188 131 240 165 581

718 131 886 162 ALEXlUS
907 130 1104 160 MANUEIJS
1125 130 1263 160 FILIUS.

1759 129 1812 159 582

188 189 237 216 xui.
245 189 330 225 πείρᾳ
338 187 491 223 πολιωτέρᾳ
502 187 535 214 τὰ
543 186 674 214 κάλλιστα
689 187 900 221 συλλεξάμενον.
929 185 982 211 Καὶ
1000 184 1079 215 αὐτὸς
1093 185 1121 211 δὲ
1137 185 1183 210 τοῦ
1197 184 1307 211 Οιναιου
1335 184 1445 219 ἀπάρας
1473 184 1540 219 πρὸς
1553 184 1604 219 τὴν
1632 184 1687 211 τῶν
1707 184 1811 211 πόλεων

190 235 317 271 βασιλίδα
334 233 490 270 μετέὸαινε,
517 234 563 260 τὸν
579 235 681 260 οἰκεῖον
704 233 766 260 καθ’
779 232 828 263 οὓς
845 231 974 264 ἐπισταίη
997 231 1080 265 ὅρκον
1115 230 1308 262 ἀναπτύσσων,
1331 231 1378 256 καὶ
1391 231 1449 261 τοῖς
1472 229 1688 264 πυνθανομένοις
1706 229 1813 261 διεξιὼν

187 281 219 307 τὸ
230 279 281 315 τῆς
298 279 544 315 κινήσεωςαῖτιην.
576 280 631 306 Καὶ
655 279 717 314 περί
740 280 845 304 ἐκεῖνον
872 278 922 303 ὅσα
948 276 995 304 καὶ
1025 277 1103 303 ἀετὸν
1129 276 1245 310 ὑψινεφῆ
1276 276 1323 302 καὶ
1358 275 1531 310 γαμψώνυχα
1565 277 1666 302 κολοιοὶ
1696 277 1814 311 ὲγὰρυον

186 328 311 363 ἄκραντα
327 328 351 354 οι
364 328 537 361 πραγμάτων
553 326 694 361 νεωτέρων
707 327 855 361 τρέφοντες
869 326 974 358 ἔφεσιν,
993 325 1039 350 καὶ
1065 323 1135 359 οἷςή
1170 324 1255 351 πάλαι
1284 324 1363 359 φήμη
1388 322 1634 360 περιεσπούδαστο,
1659 323 1685 359 ἣ⁷
1706 324 1739 358 δή
1762 331 1812 349 που

187 373 362 410 βασιλεύσειν
384 373 556 407 ’Δνδρό-ιικον
570 372 753 407 προηγόρευε.
777 365 832 397 ιςὶιι
852 368 924 405 εἶχεν
949 369 1031 396 αὑτὸν
1061 369 1132 396 οὓτω
1151 370 1308 404 μεταΰάντα
1323 371 1340 405 ἠ
1354 369 1409 396 τῶν
1446 369 1633 404 Παφλαγόνων
1650 369 1741 404 μερὶς,
1767 366 1814 395 καὶ

194 422 246 448 ὅσα
260 419 307 445 καὶ
324 419 437 453 σωτῆρα
453 417 584 444 καὶκατὰ
610 418 682 443 θεῖον
697 417 800 451 ἥκοντα
838 414 1056 450 προσδεχόμενον
1072 415 1216 450 ἐριτίμως.

222 465 254 492 δ’.
275 465 305 490 Ὀ
317 464 345 490 δὲ
360 462 590 498 πρωτοσεὸαστδς
609 462 729 494 Ἀλέξιος
758 462 808 497 τὴν
829 462 885 488 τῶν
901 462 970 488 ὅλων

1062 461 1090 487 4.
1106 460 1241 488 Οωιρι-υιη
1258 460 1369 487 Alexin:
1394 461 1604 494 sebastocrator,
1621 470 1669 489 sua
1692 462 1813 497 potentia

187 511 325 545 διοίκησιν
340 510 380 540 εἰς
396 507 493 534 ἑαυτὸν
510 508 662 539 ἐπεσπᾶτο,
686 507 724 542 τῷ
748 507 806 540 ἰδίῳ
820 506 974 540 φυσιούμε-

187 565 234 588 νος
242 555 338 591 κράτει
349 555 396 580 καὶ
415 554 448 588 τῇ
466 552 688 595 παραδυναστειᾳ
700 551 751 586 τῆς
765 551 910 585 δεσποίνης
927 559 976 577 κα-

188 602 379 636 ταχρώμενος,
396 598 548 631 ὥσπερκαὶ
559 599 572 624 ό
586 597 669 623 πολλὰ
694 597 826 628 πολλάκις
841 596 975 630 ἐδηδοκὼς

189 647 325 682 φάρμακα
351 645 459 679 δράκων
483 644 532 670 καὶ
564 643 710 677 γενόμενος
733 642 974 673 δυσαντίϐλεπτος.

189 691 298 719 Οὐκοῦν
312 691 363 717 οὐκ
386 688 420 725 ἦν
435 698 462 715 τι
483 690 539 715 τῶν
565 689 696 715 ἁπάντων
727 688 742 714 δ
775 688 812 723 μὴ
839 688 873 714 δι’
892 687 974 715 αὐτοῦ

189 736 361 772 ἐπεραίνετο.
378 736 409 761 Εἰ
426 735 453 761 δέ
467 734 560 760 “mai.
585 733 767 768 διεπεπράχει
801 733 891 760 λαθὼν
918 733 977 759 ἓτε-

191 791 248 821 ρος,
263 782 279 817 ἢ
297 781 346 816 τῆς
362 780 520 815 βασιλίσσης
533 779 673 814 δεηθεὶς,ἢ
690 780 735 806 τὸν
749 779 860 814 βασιλέα
870 787 974 813 καρυα-

189 828 331 862 τιζόμενον
364 825 452 861 εὑρὼν
484 826 500 859 ἦ
539 824 634 860 ριμμῷ
667 825 785 851 λιθιδὶων
813 824 976 852 καταλαϐὼν

189 873 396 909 προσανέχοντα
439 871 487 897 καὶ
515 870 553 905 τῷ
585 870 674 905 καιρῷ
714 871 782 905 πρὸς
821 870 976 904 περάτωσιν

189 917 239 944 τοῦ
257 915 421 951 αἰτουμένου
437 915 623 950 χρησάμενος,
640 914 701 941 οὐδὲ
716 915 797 941 τοῦτο
806 915 861 941 τῶν
870 915 973 942 ἐκεῖνον

190 963 388 997 ὲκπεριίστατο
398 960 548 996 ὀφθαλμῶν
563 968 570 975 ·
588 960 762 995 σκεψάμενος
785 961 840 994 γὰρ
869 959 973 994 τρόπον

189 1009 224 1035 δι’
239 1005 270 1034 οὗ
282 1008 317 1034 τὰ
332 1007 398 1042 παρ’
410 1007 498 1034 ἄλλων
513 1006 682 1041 διηνυσμένα
702 1006 770 1040 πρὸς
793 1007 899 1032 ἐκεῖνον
925 1007 976 1032 ἐπ-

191 1053 374 1080 αναλὺσουσιν
402 1052 440 1085 ὡς
467 1053 508 1083 εἰς
534 1052 723 1087 στροφάλιγγα
766 1051 977 1087 περιδινούμενα

192 1098 328 1134 ῥεύματα,
343 1097 432 1132 δόγμα
442 1097 475 1123 ὲκ
500 1096 631 1132 βασιλέως
659 1096 790 1132 ἐξήνεγκε
831 1096 868 1132 μὴ
889 1096 977 1128 ἄλλως

1026 510 1054 532 et
1074 505 1246 540 imperatoris
1263 506 1349 540 gratia
1371 506 1467 538 fretus,
1492 514 1625 534 summam
1649 515 1740 534 rerum
1759 508 1812 534 sibi

1026 551 1181 578 vindicabat
1193 555 1220 578 et
1232 551 1382 578 insolenter
1396 559 1425 578 se
1442 554 1565 587 gerebat,
1581 557 1611 580 ut
1623 553 1719 585 draco,
1733 554 1812 587 cujus

1026 601 1164 630 aspectum
1181 602 1243 631 post
1257 598 1341 624 multa
1366 605 1472 625 venena
1486 598 1616 626 devorata
1634 607 1715 626 nemo
1728 600 1812 626 susti<

1027 647 1100 669 neat.
1117 643 1210 677 Neque
1236 643 1386 678 quidquam
1401 649 1460 671 erat
1479 652 1572 671 rerum
1594 645 1716 671 omnium
1739 645 1811 679 quod

1027 695 1077 722 per
1103 695 1165 715 eum
1193 696 1248 715 non
1279 689 1491 723 gubernaretur.
1529 690 1632 723 Quodsi
1658 691 1719 724 quis
1742 690 1812 717 alius

1027 733 1096 761 clam
1123 734 1226 769 aliquid
1255 736 1297 761 vel
1322 734 1356 761 ab
1382 735 1556 770 imperatrice
1583 742 1742 768 exorasset,
1769 735 1811 762 vel

1027 779 1170 806 occasione
1186 786 1250 806 usus
1265 779 1299 806 ab
1317 780 1489 813 imperatore.
1517 780 1634 807 nucibus
1648 785 1695 807 aut
1714 781 1812 815 lapillis

1027 823 1138 850 ludente
1153 823 1335 858 impetrasset,
1363 831 1396 851 ne
1422 825 1448 851 id
1472 824 1581 859 quidem
1613 825 1811 859 inexploratum

1028 861 1212 902 relinquebat.
1234 869 1300 895 Eam
1329 869 1403 895 enim
1432 870 1565 896 rationem
1592 870 1663 903 iniit,
1689 878 1741 904 qua
1764 879 1812 905 per

1027 913 1095 940 alios
1113 912 1236 940 confecta
1250 913 1283 940 ad
1299 920 1328 940 se
1342 913 1522 946 referrentur,
1536 921 1666 948 aquarum
1682 915 1768 942 instar
1784 916 1811 942 in

1028 958 1160 984 vorticem
1184 958 1368 990 redeuntium,
1394 959 1540 993 impetrato
1562 959 1652 987 edicto
1668 968 1723 995 quo
1745 968 1812 987 con-

1029 1003 1177 1036 tinebatur,
1201 1011 1232 1031 ea
1258 1004 1358 1038 quibus
1383 1012 1480 1031 manus
1504 1004 1676 1040 imperatoris
1694 1006 1814 1033 subseri:

1028 1049 1127 1084 psisset
1143 1056 1197 1075 non
1222 1049 1301 1076 aliter
1318 1054 1374 1077 rata
1399 1049 1468 1082 fore,
1488 1050 1540 1077 nisi
1557 1050 1638 1085 300
1652 1051 1728 1085 prius
1750 1052 1814 1078 Alc-

1028 1095 1090 1121 xius
1111 1101 1144 1121 ea
1169 1094 1283 1122 vidisset
1306 1098 1334 1121 et
1357 1095 1450 1122 colore
1480 1094 1561 1122 viridi
1585 1096 1790 1131 subscripsisset
1804 1117 1812 1129 ,

191 1142 383 1177 εὐπαρὰδεκτα
399 1142 504 1168 οἴεσθαι
529 1142 580 1168 ὅσα
594 1143 610 1176 ὴ
629 1141 757 1177 βασιλικὴ
787 1145 848 1177 χεὶρ
874 1142 973 1177 ὑποση-

1032 1150 1041 1166 ι
1058 1140 1125 1167 Rata
1137 1144 1211 1167 sunt.
1223 1149 1232 1166 ›
1252 1141 1343 1175 ltaque
1356 1148 1406 1167 suo
1421 1141 1553 1168 arbitratu
1569 1141 1694 1169 versabat
1706 1142 1810 1175 οιιιιιὶ;ι;

193 1189 323 1224 μαίνεται
351 1188 517 1223 γράμματα,
544 1189 569 1214 εἰ
605 1187 642 1222 μὴ
660 1187 793 1223 πρότερον
813 1187 921 1222 ὀφθεῖεν
937 1188 976 1223 τῷ

197 1235 309 1270 Ἀλεξίῳ
318 1235 366 1261 καὶ
379 1231 458 1265 οὗτος
473 1234 523 1268 τὴν
538 1233 629 1266 δεξιὰν
643 1234 683 1267 τῷ
698 1233 852 1268 βατραχείῳ
868 1233 976 1265 ἐπιδοὺς

191 1280 318 1316 χρώματι
351 1279 402 1314 τὴν
438 1279 486 1305 τοῦ
518 1287 528 1304 ι
560 1279 736 1314 ἐτηρήθησαν
765 1279 977 1314 »ὲπισημασίαν

192 1326 384 1362 βραδεύσειεν.
400 1323 488 1359 τΗγεν
513 1324 560 1351 οὖν
576 1325 614 1356 ὡς
630 1326 723 1360 ᾑρεῖτο
737 1325 826 1351 πάντα
841 1326 888 1351 καὶ
907 1334 976 1360 μετ-

194 1371 358 1402 επέπτιυεν,
377 1370 426 1397 καὶ
455 1370 529 1406 ἅπερ
558 1371 582 1397 οἱ
605 1371 636 1396 ὲκ
660 1371 812 1406 Κομνηνῶν
842 1371 977 1405 πρότερον

191 1417 313 1452 βασιλεῖς
329 1416 422 1450 ἱδρῶσι
437 1416 556 1448 πολλοῖς,
571 1416 643 1442 εἴπω
659 1415 687 1442 δὲ
700 1416 746 1442 καὶ
773 1415 835 1446 τοὺς
854 1416 974 1452 πένητας

193 1463 401 1497 καλαμώμενοι,
426 1461 628 1496 συλλογιμαιως
650 1461 876 1496 ἀπεθησαύρισαν
910 1462 977 1496 χρή-

193 1515 279 1541 ματα,
293 1506 381 1532 ταῦτα
392 1506 431 1541 τῷ
450 1506 671 1542 πρωτοσεσαστῴ
697 1508 745 1533 καὶ
771 1508 805 1541 τῇ
826 1506 969 1541 βασιλίσσῃ

192 1551 262 1586 πρὸς
276 1551 455 1586 ἀποχέτευσιν
468 1550 631 1586 προῦκειτο,
648 1551 697 1577 καὶ
708 1551 738 1577 τὸ
751 1551 799 1578 τοῦ
820 1551 976 1587 Ἀρχιλόχου

191 1597 325 1632 ἄντικρυς
340 1598 512 1633 ἐπεραίνετο,
529 1598 542 1623 ὃ
554 1605 649 1632 φησιν,
676 1598 716 1629 εἰς
746 1597 856 1632 ἔντερον
874 1598 977 1631 πόρνης

190 1642 325 1674 πολλάκις
350 1642 603 1678 μεταρρυἲσκεσθαι
625 1642 661 1668 τὰ
696 1643 786 1677 χρόνῳ
825 1641 870 1668 καὶ
904 1642 976 1676 πόνῳ

191 1688 358 1722 συλλεγέντα
373 1688 483 1723 μακρῷ.
507 1686 650 1714 Ἐντεῦθεν
668 1688 684 1722 ἡ
702 1688 778 1714 πᾶσα
806 1686 883 1718 πόλις
908 1687 977 1722 πρὸς

197 1733 366 1768 ’Δνδρόνικον
384 1733 494 1765 ἔϐλεπε,
508 1733 555 1760 καὶ
572 1733 589 1767 ή
607 1733 714 1759 ἐκείνου
743 1731 835 1767 ἄφιξις
870 1732 907 1763 ὡς
948 1733 976 1758 ἐν

193 1779 352 1814 σκοτομήνῃ
363 1779 495 1813 λαμπτὴρ
510 1778 558 1805 καὶ
571 1778 661 1812 ἀστὴρ
678 1777 809 1813 ἀρίζηλος
822 1777 975 1810 ἐδοξάζετο.

191 1825 237 1860 Τῷ
249 1834 291 1852 τοι
312 1825 360 1852 καὶ
377 1825 474 1860 ὲνῆγον
497 1825 541 1852 διὰ
568 1825 742 1860 γραμμάτων
768 1824 890 1859 κρύϐδην
907 1832 978 1858 πεμ-

191 1871 319 1905 πομένων
332 1872 356 1897 οἱ
370 1871 511 1906 μέγατὸτε
523 1870 669 1905 δυνάμενοι
698 1870 890 1905 καταταχήσαι
927 1870 976 1904 τὴν

190 1918 306 1949 εἴσοδον,
320 1917 358 1948 ὠς
370 1916 589 1951 ἀντιταξομένων
600 1916 727 1949 οὐδένων,
746 1916 808 1942 οὔτε
839 1916 893 1951 μὴν
909 1915 976 1949 πρὸς

189 1963 221 1989 τὸ
235 1962 360 1989 ἀντωπὸν
391 1962 442 1997 τῆς
471 1962 578 1989 ἐκείνου
599 1961 775 1997 στησομένων
801 1962 890 1991 σκιᾶς.
918 1961 976 1987 ἀλλ’

190 2009 303 2040 ὑπτίαις
316 2008 385 2035 ὅλων
400 2008 623 2043 προσδεξομένων
635 2008 713 2043 χερσὶ
725 2007 772 2034 καὶ
788 2006 975 2033 ἀναπετασόν-

188 2063 243 2080 των
255 2054 384 2089 ἁσμένως
407 2054 458 2084 τὰς
466 2054 515 2088 τῆς
529 2053 645 2088 καρδίας
676 2053 860 2087 περιπτυχὰς.
876 2053 975 2085 Διαφε-

192 2100 293 2135 ρόντως
303 2100 330 2125 δὲ
347 2099 428 2126 αὐτὸν
445 2099 614 2134 παρεκρότει
634 2100 683 2125 καὶ
711 2099 869 2134 θαρραλέως
889 2106 975 2132 προσ-

192 2141 261 2167 ιέναι
292 2140 430 2166 διένυττεν
447 2141 464 2175 ἡ
480 2140 737 2175 πορφυρογέννητος
756 2139 850 2174 Μαρία
885 2140 900 2173 ὴ
926 2137 974 2164 τοῦ

193 2185 327 2220 βασιλέως
347 2185 468 2218 Ἀλεξίου
487 2185 653 2220 ἑτεροθαλὴς
668 2185 781 2219 ἀδελφὴ,
800 2185 847 2210 καὶ
876 2185 890 2211 ὁ
904 2193 975 2219 παρ-

192 2231 277 2257 ιαύων
293 2230 380 2265 ταύτῃ
407 2231 516 2265 Καῖσαρ
533 2230 563 2264 ἐξ
593 2230 703 2257 Ἰταλῶν
712 2230 882 2265 ὁρμώμενος.
898 2230 972 2265 Λῦτη

189 2278 243 2312 γὰρ
258 2276 466 2311 ἀποπνιγομένη
476 2275 575 2311 μικροῦ
599 2276 638 2311 τῷ
659 2276 710 2311 τὴν
742 2275 869 2311 πατρῴαν
894 2277 973 2311 βασι-

188 2321 265 2348 λείαν
277 2322 330 2348 ὑπὸ
346 2321 395 2348 τοῦ
411 2321 641 2356 πρωτοσεὸαστοῦ
657 2322 800 2354 συλᾶσθαι,
820 2322 869 2348 καὶ
883 2322 972 2354 ἄλλως

187 2368 216 2394 δὲ
235 2368 421 2403 θερμουργίαν
436 2367 616 2402 ἀσπαζομένη
636 2369 683 2394 καὶ
714 2367 830 2402 ἀνδρικὴ
853 2368 884 2394 τὸ
907 2370 972 2403 φρό-

187 2423 262 2448 νημα
273 2413 353 2445 οὖσα,
378 2414 581 2448 προσκτωμένη
610 2413 639 2439 δὲ
667 2413 715 2439 καὶ
738 2413 768 2439 τὸ
798 2413 876 2447 φύσει
903 2414 971 2448 πρὸς

187 2461 237 2494 τὴν
251 2460 386 2495 μητρυιὰν
422 2458 588 2494 βαρὺζηλον,
608 2459 668 2493 οὐχὶ
706 2458 840 2491 στέγουσα
872 2458 900 2483 δὲ
922 2460 968 2484 καὶ

187 2506 218 2532 τὸ
261 2504 523 2540 παρευδοκιμείσθαι
560 2504 608 2530 καὶ
653 2498 691 2534 ὡξ
717 2504 968 2538 ἁντικαϐισταμένη

185 2559 228 2582 τις
256 2550 468 2582 ὑποϐλέπεσθαι,
496 2549 542 2576 τὸν
576 2549 744 2583 Ἀνδρόνικον
783 2550 838 2580 τοῖς
873 2549 964 2583 γράμ-

188 2604 269 2631 μασιν
297 2594 454 2630 ὲμυώπιξεν
473 2594 510 2626 ὡς
523 2594 604 2620 ἵππον
623 2593 666 2628 ἐφ’
686 2593 843 2629 ὕσπληγγος
862 2594 969 2620 ἑστῶτα

185 2643 233 2668 καὶ
248 2641 348 2676 δρόμον
366 2640 528 2674 καμπτῆρος
544 2640 670 2672 πνέοντα,
687 2634 730 2666 ἐὸν
742 2640 825 2666 κακὸν
838 2640 969 2674 ἀμφαγα-

187 2687 267 2713 πῶσα
284 2686 392 2713 καὶτὸν
424 2686 522 2711 οἰκεῖον
552 2684 662 2720 ὄλεθρον
683 2684 898 2719 ἐπισπέρχουσα.
914 2685 968 2719 Τὴν

184 2730 212 2757 δὲ
229 2730 296 2764 πρὸς
308 2731 354 2756 τὸν
372 2728 594 2764 πρωτοτεὸαστδν
607 2729 656 2764 οὐχ
667 2729 711 2755 οἵα
735 2737 765 2754 τε
794 2726 861 2755 οὖσα
889 2737 967 2763 περι-

185 2776 304 2802 στέλλειν
321 2775 470 2810 ἀπέχθειαν
486 2775 525 2806 εἰς
537 2774 691 2808 τούμφανὲς
707 2773 782 2809 αὐτῷ
791 2774 966 2809 ἀντεφέρετο,

185 2821 235 2848 xz‘.
259 2821 313 2847 οὐδ’
342 2819 464 2848 ὁπωσοῦν
485 2819 656 2853 διελελοίπει,
674 2819 723 2845 ὅσα
737 2819 762 2845 0".
780 2818 850 2854 πρὸς
865 2819 964 2854 λύμην,

1029 1191 1057 1213 et
1082 1193 1150 1220 quas
1178 1185 1307 1220 pecunias
1336 1186 1477 1213 Comneuii
1515 1187 1692 1221 imperatores
1721 1187 1812 1214 niultis

1028 1231 1177 1258 sudoribus
1193 1235 1275 1266 atque
1292 1232 1373 1258 etiam
1401 1231 1579 1266 deglubendis
1598 1233 1763 1268 pauperibus
1785 1233 1812 1260 in

1031 1277 1173 1303 thesauros
1201 1276 1366 1309 retulerant,
1389 1284 1436 1304 eas
1460 1277 1487 1304 in
1508 1285 1538 1304 se
1560 1282 1588 1305 et
1613 1278 1812 1312 imperatricem

1029 1321 1181 1353 derivabat,
1214 1327 1244 1353 ut
1268 1323 1348 1356 plane
1374 1322 1400 1348 id
1427 1321 1504 1350 fieret
1529 1323 1602 1358 quod
1631 1323 1813 1351 Archilochus

1029 1368 1134 1400 scribit,
1150 1375 1181 1394 ea
1197 1375 1266 1402 sarpe
1283 1369 1310 1394 in
1324 1368 1409 1395 scorti
1425 1368 1553 1403 pudenda
1579 1369 1727 1402 conﬂuere,
1752 1378 1813 1404 qua:

1029 1413 1109 1447 longo
1133 1413 1226 1440 labore
1244 1417 1272 1440 et
1289 1417 1410 1448 tempore
1427 1414 1482 1440 sint
1502 1419 1640 1449 congesta.
1666 1415 1735 1442 Hinc
1756 1420 1811 1442 tota

1030 1459 1126 1486 civitas
1153 1458 1341 1485 Andronicum
1368 1460 1602 1495 spectabat:ejus
1626 1461 1759 1488 adventus
1783 1466 1813 1488 ut

1029 1505 1073 1531 fax
1096 1505 1123 1531 in
1148 1505 1270 1531 tenebris
1294 1509 1323 1532 et
1347 1505 1424 1532 stella
1455 1505 1566 1533 radians
1591 1508 1812 1541 exspectabatur.

1029 1549 1161 1576 Proceres
1171 1558 1233 1576 eum
1244 1550 1312 1577 clam
1324 1559 1372 1585 per
1383 1551 1487 1578 litteras
1496 1552 1528 1578 ad
1543 1551 1750 1578 accelerandum
1761 1553 1813 1578 iter

1030 1596 1230 1622 hortabantur-t
1246 1597 1383 1623 neminem
1396 1597 1468 1623 enim
1485 1597 1543 1624 fore
1556 1597 1603 1632 qui
1616 1598 1640 1624 ei
1654 1598 1813 1625 adversuur

1029 1645 1076 1668 aut.
1101 1641 1204 1667 umbra:
1227 1641 1285 1676 cjus
1309 1648 1338 1668 se
1357 1646 1487 1675 opponat,
1514 1642 1562 1669 sed
1589 1651 1684 1670 omnes
1708 1644 1814 1678 supinis

1030 1687 1155 1713 manibus
1172 1694 1234 1712 eum
1260 1691 1432 1721 excepturos,
1449 1692 1477 1714 et
1494 1688 1604 1715 intimos
1628 1689 1751 1715 cordium
1769 1697 1813 1716 re-

1030 1740 1122 1760 cessus
1135 1732 1159 1759 ci
1175 1731 1290 1759 libenter
1306 1733 1483 1760 revelaturos.
1499 1733 1528 1760 In
1544 1734 1638 1767 primis
1651 1742 1714 1761 vero
1731 1736 1813 1763 Maria

1030 1779 1283 1813 Porphyrogcnita,
1307 1779 1480 1813 imperatoris
1504 1780 1590 1807 Alexii
1615 1788 1742 1815 germana
1764 1783 1812 1809 sed

1027 1831 1082 1850 non
1097 1824 1204 1850 uterina
1220 1831 1308 1856 soror,
1324 1832 1386 1851 eum
1404 1825 1594 1857 conﬁrmabat,
1608 1832 1635 1853 et
1651 1827 1739 1854 Caesar
1754 1828 1812 1862 ejus

1027 1870 1141 1896 maritus
1157 1870 1267 1896 natione
1280 1869 1371 1897 Italus.
1389 1869 1454 1902 Quae
1470 1878 1532 1897 cum
1547 1872 1688 1906 aegerrime
1703 1877 1812 1906 patere-

1027 1919 1072 1942 tur
1084 1921 1228 1950 paternum
1242 1916 1386 1950 imperium
1402 1916 1614 1944 sebastocratori
1629 1918 1725 1952 praedae
1736 1926 1808 1950 esse;

1025 1965 1053 1987 et
1067 1960 1169 1994 alioqui
1189 1960 1320 1987 iracunda
1332 1961 1431 1987 mulier
1444 1965 1470 1987 et
1485 1961 1587 1995 virago,
1598 1962 1714 1989 naturali
1727 1963 1808 1990 etiam

1025 2003 1054 2029 in
1076 2010 1221 2029 nove-ream
1249 2004 1312 2030 odio
1339 2004 1468 2037 incitata,
1500 2010 1631 2038 prmterea
1660 2008 1809 2041 superioris

1026 2048 1170 2084 impatiens
1191 2053 1219 2075 et
1241 2056 1270 2076 se
1295 2053 1324 2075 ut
1349 2049 1428 2083 301
1453 2049 1634 2077 adversariam
1656 2057 1809 2086 suspectam

1024 2102 1084 2122 esse
1100 2102 1169 2129 aegre
1193 2094 1293 2126 ferens,
1314 2094 1414 2122 litteris
1431 2095 1630 2128 Andronicum,
1647 2102 1678 2123 ut
1708 2105 1808 2132 equum

1025 2141 1052 2167 in
1077 2140 1233 2167 carceribus
1257 2144 1371 2167 stantem
1396 2146 1423 2168 et
1443 2140 1476 2168 ad
1502 2147 1599 2168 metam
1625 2143 1808 2177 aspirantem,

1024 2186 1107 2212 veluti
1130 2185 1243 2220 ﬂagellis
1269 2185 1418 2219 incitabat;
1439 2187 1521 2222 idque
1534 2195 1583 2214 suo
1599 2188 1681 2220 malo,
1705 2189 1809 2215 accele-

1024 2237 1082 2259 rato
1106 2232 1157 2259 sibi
1180 2233 1302 2259 interitu.
1321 2233 1354 2259 Et
1374 2233 1438 2267 quia
1464 2234 1691 2261 sebastocratoris
1715 2235 1807 2261 odium

1023 2277 1194 2304 dissimulare
1218 2285 1272 2304 non
1292 2284 1419 2312 paterat.
1443 2284 1535 2312 aperte
1558 2280 1582 2306 ei
1601 2280 1806 2312 adversabatur,

1022 2328 1048 2349 et
1061 2322 1128 2349 nihil
1145 2331 1197 2349 non
1211 2322 1236 2349 in
1248 2323 1306 2357 ejus
1321 2323 1466 2357 perniciem
1482 2324 1642 2357 conabatur,
1657 2326 1807 2352 conciliatis

1022 2367 1101 2394 etiam
1119 2367 1239 2401 cognatis
1259 2368 1327 2399 suis,
1341 2376 1408 2402 quos
1424 2369 1515 2396 favere
1541 2376 1621 2397 norat
1637 2371 1806 2401 Androniru,

1021 2417 1048 2438 et
1065 2411 1253 2445 promet-basio
1275 2412 1401 2439 inimicos
1423 2421 1492 2439 esse.
1511 2413 1542 2440 lli
1562 2420 1639 2441 erant
1652 2415 1808 2441 Comncnus

1021 2456 1143 2488 Alexius,
1162 2457 1263 2483 nothus
1288 2457 1419 2485 Manus-lis
1440 2459 1510 2486 illius
1526 2468 1557 2486 ex
1572 2466 1651 2494 nepte
1665 2460 1807 2488 Tlicodora

1021 2507 1180 2535 susceptus,
1207 2502 1379 2530 Andronicus
1410 2503 1556 2537 Lapardas,
1579 2505 1633 2531 duo
1656 2504 1806 2531 Andronici

1020 2547 1079 2580 ﬁlii,
1100 2547 1218 2574 Joannes
1236 2553 1262 2574 et
1280 2548 1398 2581 Manucl,
1425 2549 1567 2582 pnrl‘cctus
1593 2551 1667 2577 urbis
1690 2551 1809 2578 Joanms

1020 2594 1188 2624 Camaterus,
1213 2599 1241 2621 et
1258 2594 1303 2621 alii
1328 2595 1491 2628 complures.
1515 2595 1552 2621 lta
1577 2603 1624 2622 sua
1649 2596 1675 2622 in
1696 2597 1808 2623 lratrcin

1020 2644 1047 2666 ct
1062 2639 1255 2674 imperatorem
1278 2640 1330 2666 ﬁde
1345 2648 1394 2674 per
1409 2641 1626 2675 coniurationem
1651 2641 1766 2670 ﬁrmata.
1780 2647 1808 2669 ct

1022 2690 1109 2712 morte
1150 2686 1328 2720 protosebasti
1365 2686 1516 2717 destinata,
1544 2686 1603 2721 ejus
1631 2686 1807 2724 aggrediendi

1023 2735 1129 2766 tempus
1145 2731 1242 2765 cupide
1258 2731 1429 2759 observabat.
1454 2731 1539 2764 Quam
1553 2732 1586 2760 ad
1602 2740 1657 2759 rem
1673 2740 1734 2759 cum
1747 2732 1808 2766 ejus

1020 2775 1048 2803 in
1064 2777 1226 2810 prolundum
1242 2777 1380 2812 Rhyacem
1407 2785 1547 2811 egressum
1564 2785 1626 2804 cum
1643 2778 1700 2812 imp
1717 2782 1809 2805 rature

1019 2821 1054 2848 ad
1073 2822 1264 2854 celebrandam
1283 2823 1421 2852 Theodori
1438 2823 1563 2859 martyris
1588 2823 1746 2852 memoriam
1763 2829 1811 2865 se:
