1951 3084
184 177 238 208 583

791 173 942 203 NlCETE
963 174 1168 204 CHONlAT/E

1751 171 1806 203 585

183 231 272 266 ptimo
291 228 372 264 primi
386 228 551 263 jejuniorum
575 229 758 260 opportunum
777 225 834 252 fore
851 231 967 260 putaret.

1022 226 1270 261 βυσσοδομεύουσα.
1303 226 1409 262 Ἀμέλει
1423 228 1470 254 καὶ
1494 225 1721 262 ύποποιησαμένη
1748 225 1805 252 τῶν

184 274 292 301 facinus
309 273 446 302 instruxit,
474 275 502 298 et
524 277 701 305 percussores
725 271 895 303 subornavit,
921 271 967 305 qni

184 319 286 346 ferrum
303 318 328 344 in
344 318 402 352 ejus
417 315 549 350 sanguine
575 315 721 349 tingerenl.
735 315 814 349 302
831 315 882 342 Sed
905 323 968 343 casu

183 364 301 398 quodam
327 370 360 389 eo
385 362 499 389 consilio
531 360 660 388 frustrata
687 365 739 387 cst.
769 361 834 386 Nam
862 361 970 388 insidiis

183 410 263 444 paulo
278 413 339 443 post
352 408 530 442 deprehensis
554 407 643 434 caeteri
661 406 693 432 ad
711 406 830 433 tribunal
851 406 968 441 impera-

184 455 251 480 toris
263 454 373 480 adducti
389 457 462 483 sunt.
478 457 507 479 ut
519 452 654 479 sententia
666 452 699 478 dc
712 459 744 478 eo
760 453 862 479 scelere
880 453 968 480 l‘errc-

184 505 245 530 tur;
265 500 346 533 idque
373 499 464 533 specie
490 499 630 529 duntaxat,
657 505 709 524 non
737 505 840 524 revera.
870 497 966 524 Statim

183 545 255 571 enim
273 545 464 571 condemnatio
481 543 663 578 sequebatur;
687 542 766 569 etilli
783 547 812 569 ut
829 544 897 569 muti
913 543 970 577 pis-

184 599 239 622 ces,
257 599 310 617 non
335 591 396 616 data
421 589 585 616 defendendi
597 589 640 615 sui
658 592 801 623 potestate,
817 588 845 614 in
859 588 967 615 vincula

184 636 401 663 abducebantur.

1021 273 1088 308 πρὸς
1116 273 1208 307 γένους
1227 273 1318 308 ἐκείνῃ
1335 273 1423 305 τινὰς,
1437 272 1553 304 ὁπόσους
1565 273 1664 308 δηλαδὴ
1680 272 1720 307 τῷ
1744 271 1803 298 ’Δγ-

1019 318 1136 352 δρονίκῳ
1151 318 1209 352 ᾔδει
1225 318 1468 352 προστιθεμένους,
1485 317 1700 353 φιλεχθροῦντας
1717 317 1746 344 δὲ
1763 317 1803 351 τῷ

1020 363 1239 398 πρωτοσεὸαστῷ
1256 362 1336 398 (ἦσαν
1348 360 1445 390 δὀὗτοι
1460 364 1474 389 δ
1502 363 1646 398 Κομνηνδς
1670 363 1802 395 Ἀλέξιος,

1018 408 1047 439 ὃς
1064 409 1094 434 ἐκ
1110 408 1214 440 νοθείας
1229 409 1365 444 ἁπετέχθη
1380 409 1418 443 τῷ
1434 409 1537 443 βασιλεῖ
1558 408 1696 444 Μανουὴλ,
1712 406 1734 435 δ’
1745 409 1802 434 Λα-

1020 453 1306 488 παρδᾶςἈνδρόνικος,
1329 456 1355 480 οἱ
1374 455 1420 481 δύο
1442 455 1490 481 τοῦ
1513 454 1684 489 Ἀνδρονίκου
1711 454 1764 480 υἱοὶ
1786 455 1801 479 ὃ

1018 507 1048 524 τε
1064 499 1191 534 Ἰωάννης
1210 501 1257 526 καὶ
1273 502 1287 526 ὁ
1306 501 1443 536 Μανουὴλ,
1458 502 1473 527 ὁ
1491 503 1541 536 τῆς
1565 501 1668 532 πόλεως
1681 501 1802 534 ἔπαρχος

1025 543 1152 578 Ἰωάννης
1166 545 1179 570 ὸ
1198 546 1367 580 Καματηρὸς
1382 547 1432 572 καὶ
1444 547 1536 581 συχνοὶ
1562 547 1661 581 ἕτεροι)
1672 565 1679 577 ,
1692 546 1738 572 καὶ
1757 545 1804 571 διὰ

1019 590 1190 623 συνωμοσίας
1216 591 1265 623 τὴν
1288 591 1338 625 μὲν
1367 593 1396 623 ὲς
1425 592 1471 618 τὸν
1495 592 1608 626 ἀδελφὸν
1624 592 1671 617 καὶ
1690 591 1803 626 βασιλέα

1019 634 1110 660 πίστιν
1125 637 1330 671 κρατυναμένη,
1341 638 1386 663 τὸν
1399 637 1426 664 δὲ
1441 638 1486 664 τοῦ
1507 632 1730 673 πρωτοσεῦαστοῧ
1755 646 1804 664 κη-

185 682 295 716 ρώσασα
309 681 433 713 θάνατον,
455 679 665 714 ἑκαιροφυλάκει
694 678 742 712 τὴν
775 677 870 704 τούτου
899 677 1070 715 καθαίρεσιν.
1106 681 1240 716 Εὔκαιρον
1260 682 1288 708 δὲ
1317 684 1382 718 πρὸς
1414 684 1462 719 τὴν
1485 684 1676 719 μελετωμένην
1702 684 1803 718 πρᾶξιν

183 727 330 760 εὑρηκέναι
348 726 443 759 καιρὸν
456 725 577 757 etwa?“
587 724 634 758 τὴν
650 723 691 754 είς
706 724 750 749 τὸν
762 723 850 749 Βαθὺν
879 723 981 750 Ῥύακα
1006 725 1074 759 μετὰ
1097 727 1143 752 τοῦ
1171 727 1303 762 βασιλέως
1330 729 1467 760 ὲξέλευσιν
1491 729 1538 756 τοῦ
1573 728 1802 764 πρωτοσεόαστοῦ

183 773 231 799 ἐπὶ
253 772 291 806 τῷ
307 770 582 806 τελεσθῆναιτὰὸσια
594 768 725 804 Θεοδώρῳ
759 769 797 804 τῷ
827 771 1045 806 χριστομάρτυρι
1074 773 1147 799 κατὰ
1178 773 1228 809 τὴν
1254 775 1372 810 ἑϐδόμην
1385 776 1435 810 τῆς
1463 776 1558 811 πρώτη
1584 776 1639 803 τῶν
1659 777 1800 810 νηστειῶν,

183 819 233 853 τὴν
252 818 301 852 μὲν
320 818 476 853 ἐγχείρησιν
499 816 668 851 ἡτοιμάσατο
694 816 740 842 καὶ
766 816 829 847 τοὺς
863 817 986 850 σφαγέας
1005 818 1052 844 τοῦ
1069 820 1218 847 ἀντιπάλου
1237 822 1356 856 ἐπήγετο
1371 821 1402 848 τὸ
1426 821 1578 856 φονουρτδν
1592 822 1804 856 παραγυμνοῦν-

183 875 234 897 τας
258 865 389 900 σιδήριον,
403 866 433 890 ὲκ
443 864 470 890 δέ
485 872 556 895 τινος
571 863 747 896 περιπετείας
771 862 818 889 τοῦ
850 864 951 889 οἰκείου
980 866 1141 900 ἐκκρούεται
1160 868 1326 902 σκέμματος.
1348 869 1403 894 Καὶ
1416 861 1466 903 τῆς
1481 868 1580 904 βουλῆς
1594 868 1663 904 όμοῦ
1687 869 1735 895 καλ
1750 870 1802 903 τῆς

185 911 329 945 ἐπιϐουλῆς
351 909 441 944 μικρῷ
459 910 570 943 ὕστερον
588 909 762 943 φωραθείσης
780 910 842 941 τοῦς
857 910 907 944 μὲν
925 910 1037 943 λοιποὺς
1058 912 1105 938 τοῦ
1124 913 1334 948 συστρέμματος
1349 913 1405 949 εἶχε
1424 914 1500 950 βῆμα
1515 915 1664 950 βασιλικὸν,
1680 915 1728 941 καὶ
1740 915 1805 941 σκέ-

183 959 230 992 ψις
256 957 302 983 τοῦ
341 956 515 990 ἀτοπήματος
547 954 692 989 προῦκειτο
718 955 839 990 σχήμασι
866 957 978 990 μόνοις,
995 952 1054 985 ἀλλ’
1081 959 1142 995 οὐχὶ
1169 961 1344 995 πράγμασιν·
1363 961 1522 996 ἑφωμάρτει
1553 962 1607 996 γὰρ
1623 963 1640 997 ἡ
1666 962 1801 996 καταδίκη

184 1004 275 1035 εὐθὺς,
304 1003 515 1034 καίὠςᾶςρωνοι
535 1000 626 1035 ἰχθύες
640 1000 665 1026 οἱ
694 1001 869 1036 συσχεθέντες
899 1002 1059 1037 ἀπήγοντο,
1077 1005 1138 1040 μηδ’
1159 1004 1227 1036 ὅλως
1257 1005 1401 1040 δεξάμενοι
1433 1006 1464 1033 τὸ
1476 1006 1617 1042 ἐνδόσιμον
1644 1007 1684 1038 είς
1710 1007 1741 1033 τὺ
1766 1008 1803 1036 τὰ

182 1051 313 1078 δοκοῦντά
327 1057 417 1083 σφισιν
435 1046 667 1081 ἀπολογήσασθαι.

219 1097 246 1123 5.
263 1096 323 1130 lpsa
339 1103 402 1121 vero
424 1093 657 1128 Porphyrogenita
679 1100 741 1118 cum
769 1093 875 1122 Caesare
905 1103 963 1122 ma-

1051 1095 1081 1124 s'.
1097 1097 1169 1129 Αὐτὴ
1183 1096 1209 1122 δὲ
1234 1097 1249 1130 ἡ
1265 1095 1518 1131 Πορφυρογέννητος
1533 1096 1581 1123 σὺν
1597 1096 1635 1131 τῷ
1661 1097 1737 1132 ἀνδρὶ
1764 1098 1804 1134 τῷ

183 1143 236 1170 rito
252 1141 285 1168 ad
299 1142 444 1168 tnaximum
457 1139 587 1173 templum
603 1139 736 1174 confugit,
753 1139 850 1166 iratam
866 1148 966 1168 nover-

183 1187 352 1221 cametejus
376 1185 540 1212 accrrimmn
562 1183 734 1211 defensorem
762 1190 789 1212 et
815 1191 965 1213 amatorem

183 1240 212 1260 se
227 1233 320 1266 fugere
333 1231 493 1258 \ocil'erans.
507 1228 566 1255 Non
592 1229 675 1263 igitur
703 1229 858 1263 patriarcha
876 1231 965 1257 solum

182 1282 212 1304 et
226 1278 368 1311 collegium
390 1275 563 1302 sacerdotum
598 1276 658 1307 ejus
690 1280 752 1301 sunt
776 1275 892 1308 miserti,
918 1277 966 1304 sed

184 1324 291 1358 plebem
309 1329 419 1357 quoque
436 1321 632 1356 promiscuam,
646 1328 706 1354 qua:
725 1329 758 1347 eo
783 1321 964 1355 conﬂuxerat,

183 1369 220 1396 ita
234 1368 383 1395 commovit
395 1372 423 1393 ut
439 1367 484 1392 vix
499 1374 514 1392 a
541 1366 669 1400 lacrymis
689 1370 884 1400 temperarent.
907 1368 967 1400 Quo

184 1414 277 1449 populi
292 1413 391 1440 affectu
418 1412 496 1443 freta.
526 1416 554 1438 et
578 1419 697 1446 paupere
726 1411 805 1438 turba
831 1419 966 1439 agreorum

181 1466 316 1488 staterum
337 1458 482 1492 largitione
499 1457 532 1484 ad
549 1457 714 1484 seditionem
729 1458 878 1490 concitata,
897 1465 966 1484 con-

184 1506 357 1533 suetudinem
376 1504 529 1538 supplicum
540 1503 703 1537 contempsit
719 1511 726 1536 ;
741 1507 769 1530 et
791 1504 877 1530 venia:
893 1511 968 1531 men—

185 1552 300 1581 tionem,
315 1558 375 1584 quae
398 1550 423 1576 ei
438 1549 617 1582 oll'erebatur,
633 1549 728 1575 audire
749 1549 855 1581 nolens,
870 1554 966 1584 postu-

180 1596 259 1624 labat
274 1601 306 1623 ut
319 1595 468 1629 coniuratis
480 1602 590 1622 carcere
622 1594 729 1622 eductis
758 1594 850 1622 denuo
877 1603 967 1622 causa:

184 1642 270 1668 dictio
291 1642 404 1668 daretur
421 1650 428 1673 ;
447 1648 535 1674 neque
550 1641 605 1667 ullo
621 1640 703 1667 modo
719 1640 824 1667 terebat
841 1645 872 1667 ut
888 1642 968 1668 seba—

183 1691 319 1714 stocrator
335 1695 390 1714 rem
404 1686 539 1721 publicam
555 1686 783 1713 administraret:
814 1693 877 1713 eum
891 1687 966 1713 enim

184 1733 286 1760 limites
309 1732 444 1759 transilire
467 1737 493 1758 ct
508 1732 535 1758 in
550 1732 651 1759 multas
673 1739 716 1758 res
729 1732 847 1759 nefarias
869 1732 967 1766 impin-

1019 1143 1137 1177 Καίσαρι
1148 1142 1187 1176 τῷ
1204 1143 1323 1177 μεγίστῳ
1334 1142 1389 1177 ναῷ
1406 1143 1580 1177 προσρύεται,
1593 1143 1804 1179 βαρυμηνιῶσαν

1019 1189 1079 1215 κατ’
1097 1188 1181 1222 αὐτῆς
1209 1188 1395 1223 ὲκδιδράσκειν
1424 1188 1565 1222 φάσκουσα
1595 1191 1727 1225 μητρυιὰν
1756 1191 1804 1217 καὶ

1018 1234 1064 1260 τὸν
1075 1235 1176 1269 ταύτης
1190 1235 1331 1269 καρταμον
1343 1235 1470 1269 ἐραστήν.
1482 1233 1577 1261 Οἷκτον
1591 1234 1637 1262 οὖν
1652 1236 1682 1262 οὑ
1693 1237 1732 1271 τῷ
1747 1245 1803 1262 πασ-

1019 1279 1138 1314 τριάρχῃ
1152 1279 1231 1313 μόνον
1248 1280 1429 1314 ἐμπεποιήκει
1444 1281 1491 1306 καὶ
1508 1282 1564 1311 τοῖς
1585 1281 1641 1307 ὅσοι
1657 1281 1706 1316 τῆς
1727 1281 1803 1316 ἱερᾶς

1021 1324 1158 1358 κιγκλίδος
1189 1325 1276 1357 ἐντὸς,
1302 1325 1370 1351 ἀλλὰ
1392 1326 1439 1351 καὶ
1467 1326 1608 1358 πλείστους
1632 1327 1687 1354 τῶν
1705 1328 1737 1354 ὲκ
1755 1329 1802 1354 τοῦ

1020 1369 1167 1402 ξύγκλυδος
1182 1369 1269 1404 δήμου
1296 1370 1343 1397 καὶ
1375 1370 1516 1405 σύρφακος
1543 1371 1613 1397 οὕτω
1641 1372 1803 1407 κατέκαμψε

1021 1415 1068 1441 καὶ
1101 1416 1251 1450 μετέφερεν
1280 1415 1317 1446 ὡς
1346 1416 1445 1450 μικροῦ
1470 1416 1516 1442 καὶ
1551 1417 1728 1452 δακρυῤῥοεῖν
1758 1417 1803 1444 ἐπ’

1021 1460 1102 1495 αὐτῇ.
1120 1460 1216 1487 Ἔνθεν
1229 1469 1270 1487 τοι
1281 1463 1329 1487 καὶ
1347 1463 1408 1493 ταῖς
1428 1462 1481 1488 τῶν
1497 1461 1602 1488 πολλῶν
1632 1463 1804 1497 ἁναθερμαν-

1021 1504 1098 1530 θεῖσα
1116 1504 1318 1539 περιπαθείαις,
1332 1505 1360 1530 ὲν
1380 1504 1419 1539 τῷ
1439 1505 1516 1538 μέρει
1533 1504 1561 1531 δὲ
1585 1505 1630 1531 καὶ
1642 1505 1710 1540 αὑτὴ
1719 1505 1805 1532 διαδό-

1021 1559 1080 1577 σεσι
1096 1551 1238 1585 στατήρων
1254 1550 1376 1584 χαλκέων
1399 1550 1467 1584 πρὸς
1486 1550 1656 1576 ἀποστασίαν
1685 1553 1714 1576 τὸ
1729 1559 1803 1576 πτω-

1020 1597 1100 1632 χεῦον
1129 1595 1230 1630 πλῆθος
1255 1596 1476 1630 ἐξαγριαίνουσα,
1506 1595 1539 1622 τὰ
1571 1598 1626 1627 τοῖς
1655 1597 1804 1631 πρόσφυξιν

1020 1642 1110 1677 ἠδόξει
1130 1641 1319 1677 βραόευόμενα
1332 1641 1427 1676 ἔθιμα,
1440 1643 1486 1668 καὶ
1497 1642 1707 1677 προτεινομένης
1716 1643 1804 1677 ἀμνη-

1021 1689 1098 1718 στίας
1123 1685 1161 1713 ὧν
1189 1687 1261 1714 ἑάλω
1288 1687 1379 1721 δρῶσα
1404 1687 1496 1718 κακῶς
1525 1687 1580 1714 οὐδ’
1594 1688 1700 1714 ἐπαΐειν
1734 1688 1803 1719 ὅλως

1020 1733 1162 1768 ἠνείχετο,
1198 1732 1256 1760 ἀλλ’
1288 1733 1386 1767 ἀπῄτει
1423 1733 1592 1759 παλινδικίαν
1618 1733 1671 1760 τῶν
1701 1733 1804 1767 ταύτης

184 1785 248 1811 gere
261 1782 290 1804 et
305 1777 432 1804 tenebras
447 1777 505 1804 suis
522 1777 669 1812 majoribus
699 1777 842 1804 oﬂ‘undere
861 1785 965 1812 qurere-

1020 1778 1183 1812 συνωμοτῶν
1216 1778 1263 1804 καὶ
1291 1778 1384 1805 ἄνεσιν
1407 1778 1462 1804 τῶν
1491 1777 1669 1812 καθείρξεων.
1698 1777 1749 1804 Τόν
1772 1786 1802 1804 τε

184 1825 275 1852 batur.
290 1824 343 1852 Nec
358 1824 401 1851 his
413 1828 540 1851 contenta
551 1829 580 1849 ut
595 1823 697 1858 palatio
705 1824 872 1858 exigeretur,
886 1824 965 1858 303

184 1871 351 1905 postulabat,
366 1876 393 1897 et
406 1865 490 1897 veluti
503 1877 609 1896 ramutn
625 1869 813 1896 adulterinum
825 1877 858 1896 ex
882 1870 968 1896 nobili

183 1917 269 1950 stirpe
283 1915 377 1942 revelli
391 1920 419 1942 et
442 1916 519 1950 perdi
534 1924 542 1948 ;
559 1915 605 1949 qui
618 1914 640 1941 si
657 1922 710 1941 tnta
739 1914 970 1942 adolescerctim-

183 1969 338 1998 perutorem
351 1963 537 1990 suﬂocaturus
545 1968 629 1989 esset.
645 1962 779 1990 Carterum
788 1969 819 1989 ea
830 1961 968 1989 desidera-

183 2010 230 2036 bat
247 2010 344 2036 mulier
356 2014 554 2044 quzeewntura
577 2016 632 2035 non
647 2013 727 2035 erant
745 2017 752 2041 ;
775 2017 838 2035 nam
862 2008 905 2035 vir
921 2008 970 2034 im-

182 2056 329 2090 peratricis
341 2056 462 2082 thalamo
473 2059 502 2082 ut
516 2055 632 2090 polypus
644 2054 728 2089 petris
742 2053 894 2084 adhazrens.
906 2062 969 2081 ace-

182 2100 284 2128 tabulis
297 2101 398 2135 passim
414 2100 554 2134 expansis,
574 2107 746 2134 nequaquam
771 2099 834 2126 inde
844 2099 895 2126 sibi
911 2099 968 2125 dis-

182 2146 337 2172 cedendum
370 2146 495 2179 putabat.
523 2145 658 2172 Cteterum
686 2146 852 2179 imperatore
880 2144 967 2171 sorori

183 2190 336 2218 (Desarissae
347 2190 526 2220 comminato,
544 2190 598 2216 nisi
613 2189 686 2216 ultro
701 2190 801 2223 templo
811 2190 967 2220 excederet,

183 2236 211 2262 vi
224 2236 392 2262 abstractum
406 2235 517 2270 iri(cum
533 2234 727 2268 imperatorem
753 2235 826 2265 dico,
842 2239 967 2268 protose-

184 2281 256 2308 basti
267 2288 293 2307 et
305 2281 402 2307 matris
416 2280 589 2315 imperatoris
598 2280 688 2307 edicta
702 2280 785 2315 dico),
797 2280 842 2307 illa
853 2288 882 2307 se
895 2281 969 2308 ultro

180 2334 358 2354 excessuram
373 2331 504 2361 pernegat
521 2335 528 2358 ;
545 2331 572 2353 et
587 2326 675 2353 verita
690 2334 724 2352 ne
751 2326 969 2359 comprehende-

183 2377 276 2405 retur,
292 2372 422 2399 custodes
435 2373 463 2398 in
479 2371 564 2406 portis
573 2372 690 2399 collocat
702 2376 731 2398 et
759 2379 857 2398 onmes
878 2371 969 2397 aditus

186 2419 286 2451 munit,
309 2418 391 2445 domo
416 2418 582 2452 precationis
598 2419 624 2444 in
652 2418 810 2452 speluncam
827 2417 966 2443 latronum

182 2469 234 2492 aut
245 2464 387 2491 castellum
406 2463 620 2490 munitissimum
635 2468 664 2490 et
677 2463 889 2497 inexpugnabile
902 2471 969 2489 con-

183 2519 275 2539 versa.
289 2510 327 2537 Ita
340 2510 457 2537 subinde
471 2517 613 2544 progressa
640 2508 668 2535 in
692 2508 816 2536 deterius
832 2513 860 2535 et
883 2516 926 2535 res
939 2508 971 2534 il-

184 2559 311 2587 laudatas
329 2564 455 2592 aggressa
472 2548 565 2591 copias
582 2556 727 2582 auxiliares
758 2555 920 2587 conscribit,
943 2560 971 2582 ct

183 2606 282 2641 templi
297 2605 431 2632 ambitum
444 2608 534 2631 castra
549 2603 626 2630 facit.
640 2603 706 2629 Nam
731 2606 759 2629 et
787 2601 895 2629 ltalicos
913 2602 970 2635 gla-

183 2652 307 2679 diatores
320 2651 421 2686 coegit,
437 2656 465 2677 et
478 2649 665 2684 magnanimos
695 2649 787 2675 lbet-es
807 2656 840 2675 ex
862 2647 971 2675 Oriente

179 2696 362 2731 «conscripsit,
378 2696 424 2730 qui
441 2694 597 2730 negotiandi
629 2701 710 2721 causa
727 2693 754 2720 in
771 2693 839 2720 urbe
868 2697 946 2719 erant
960 2700 968 2725 ;

180 2745 215 2766 et
231 2747 362 2767 armatam
378 2741 564 2768 Romanorum
595 2739 755 2774 phalangem
779 2737 887 2770 ascivit,
901 2745 968 2764 con-

184 2786 298 2819 temptis
313 2787 445 2813 omnibus
460 2787 507 2821 qui
522 2786 557 2813 ad
584 2793 679 2821 pacem
695 2785 887 2815 hortabantur,
919 2791 969 2810 nec

179 2829 276 2864 ipsum
293 2832 475 2865 putriarcham
491 2831 572 2867 304
585 2831 681 2862 verita,
695 2831 741 2865 qui
760 2830 861 2857 acriter
882 2829 968 2856 insta-

181 2873 241 2908 bat,
262 2880 289 2902 et
304 2878 424 2910 graviter
442 2878 571 2904 monebat
590 2876 656 2911 quid
672 2876 806 2912 agendum
835 2879 915 2906 esset,
942 2879 969 2900 ct

1021 1824 1247 1859 πρωτοσεὸαστδν
1261 1824 1310 1858 τῆς
1322 1824 1376 1850 τῶν
1402 1823 1500 1850 κοινῶν
1517 1823 1627 1858 ἔχεσθαι
1641 1824 1802 1858 διοικήσεως

1019 1871 1143 1905 οὐδαμῶς
1158 1872 1279 1905 φέρουσα
1290 1869 1335 1905 ἦν,
1351 1870 1409 1898 ἀλλ’
1425 1871 1672 1906 ἀποφλαυρίζουσι
1698 1872 1802 1897 τουτονὶ

1019 1918 1086 1947 πόδα
1097 1918 1285 1952 ὐπερῦάθμιον
1296 1917 1394 1944 τείνειν
1409 1917 1513 1951 ἔφασκε
1528 1918 1584 1948 τοῖς
1604 1917 1654 1943 οὐκ
1679 1918 1802 1951 ἔφικτοῖς

1019 1964 1066 1989 καὶ
1097 1963 1313 1990 κατολισθαίνειν
1338 1964 1377 1994 εἰς
1390 1963 1504 1998 πράξεις
1536 1963 1649 1998 μηδαμῇ
1676 1962 1800 1996 θεμιτὲς,

1019 2009 1066 2035 καὶ
1098 2009 1129 2035 τὸ
1170 2010 1249 2043 γένος
1276 2009 1301 2035 οί
1328 2008 1454 2035 ἐντεῦθεν
1482 2008 1635 2035 ὲπιθολοῦν.
1679 2008 1747 2042 Ὀδῴ
1772 2008 1800 2034 δὲ

1019 2053 1151 2088 προϊοῦσα
1181 2055 1227 2079 καὶ
1255 2052 1310 2079 τῶν
1348 2053 1490 2087 βασιλείων
1531 2052 1800 2087 ἀποσκορακισθῆναι

1018 2099 1113 2126 τοῦτον
1136 2098 1259 2124 ἐνέκειτο
1275 2099 1429 2131 ὲξαιτοῦσα,
1457 2100 1504 2125 καὶ
1526 2096 1571 2124 οἷά
1598 2106 1624 2124 τι
1647 2099 1805 2133 παρεκφυὲν

1019 2145 1137 2177 ζιζάνιον
1176 2145 1225 2179 τῆς
1263 2144 1392 2178 εὐγενοῦς
1432 2145 1638 2179 ἀποσπασθῆναι
1672 2144 1803 2178 φυταλιᾶς

1019 2191 1066 2216 καὶ
1092 2190 1262 2225 ζημιωθῆναι
1286 2190 1407 2225 ὀλέθρῳ,
1433 2189 1626 2216 συναναὸαῖνον
1655 2189 1701 2215 καὶ
1731 2198 1801 2223 συμ-

1019 2236 1112 2269 πνῖγον
1132 2236 1169 2267 ὡς
1196 2237 1268 2262 σῖτον
1299 2237 1345 2262 τὸν
1374 2236 1575 2270 αὐτοκράτορι.
1603 2233 1656 2261 Ἦν
1683 2235 1712 2261 δὲ
1723 2235 1796 2261 ἄντι-

1020 2290 1087 2316 κρυς
1104 2281 1276 2316 ὀριγνωμένη
1290 2281 1308 2308 ἃ.
1337 2281 1375 2317 μὴ
1388 2281 1529 2307 τελέεσθαι
1542 2281 1672 2316 Ἐμελλεν.
1702 2282 1729 2307 '0
1748 2282 1802 2316 γὰρ

1019 2328 1089 2362 ἀνὴρ
1107 2324 1184 2358 οὗτος
1194 2328 1248 2358 τοῖς
1258 2327 1448 2362 ἀνακτορικοῖς
1465 2327 1598 2361 θαλάμοις
1612 2327 1649 2357 ὡς
1664 2327 1800 2358 πολύπους

1019 2374 1080 2404 ταῖς
1095 2372 1209 2407 πέτραις
1236 2372 1363 2404 καθάπαξ
1380 2372 1469 2406 ἐμφὺς
1487 2374 1535 2398 καὶ
1560 2374 1609 2404 τὰς
1627 2372 1802 2407 κοτυληδόνας

1021 2417 1112 2453 κύκλῳ
1125 2419 1231 2451 διαφεὶς
1248 2418 1303 2444 οὐδ’
1313 2418 1381 2449 ὅλως
1399 2417 1574 2456 μεταϐαίνειν
1591 2418 1695 2444 ἐκεῖθεν
1719 2417 1803 2452 ἠϐού-

1021 2463 1092 2490 λετο.
1109 2465 1164 2490 Καὶ
1190 2464 1290 2499 δήποτε
1307 2463 1355 2490 τοῦ
1381 2463 1513 2498 βασιλέως
1543 2465 1590 2490 κα)⁴
1616 2462 1731 2496 ἁδελφοῦ
1763 2463 1801 2488 δι-

1020 2509 1200 2544 ηπειληκότος
1217 2511 1250 2544 τῇ
1261 2510 1419 2544 κασιγνήτῳ
1443 2509 1614 2544 Καισαρίσσῃ
1627 2509 1676 2544 τὴν
1694 2509 1725 2534 ἐκ
1755 2508 1801 2534 τοῦ

1021 2555 1073 2582 νεὼ
1088 2555 1233 2590 ἀφαίρεσιν
1241 2555 1288 2581 καὶ
1300 2556 1481 2587 κατάσπασιν,
1493 2557 1517 2582 εί
1531 2555 1568 2590 μὴ
1578 2555 1689 2590 ἐκσταίη
1703 2554 1800 2580 ἑκοῦσα

1021 2601 1068 2628 τοῦ
1084 2601 1157 2636 ἱεροῦ
1173 2601 1295 2636 (βασιλέα
1320 2602 1347 2628 δὲ
1361 2602 1447 2635 λέγων
1461 2603 1495 2628 τὰ
1511 2601 1556 2628 τοῦ
1576 2599 1800 2636 πρωτοσεΰαστοῡ

1023 2656 1094 2682 φημι
1107 2647 1149 2684 [Ρ.
1164 2648 1227 2682 152]
1240 2648 1413 2682 ἐπιτάγματα
1427 2648 1474 2674 καὶ
1485 2647 1535 2682 τῆς
1548 2647 1595 2674 τοῦ
1606 2646 1736 2682 βασιλέως
1754 2646 1803 2680 μή·

1022 2695 1108 2728 τρδς),
1129 2694 1160 2720 τὸ
1178 2694 1279 2720 ἑκοῦσα
1302 2691 1372 2720 εἶναι
1412 2694 1547 2728 μηδαμῶς
1571 2692 1714 2727 προελθεῖν
1740 2693 1802 2718 ἀντ-

1022 2740 1182 2774 ηπείλησεν.
1202 2739 1299 2766 Ἔνθεν
1311 2748 1352 2766 τοι
1368 2740 1415 2766 καὶ
1428 2739 1562 2766 δεδοικυῖα
1574 2739 1611 2773 μὴ
1625 2737 1800 2772 συλληφθείη,

1023 2785 1082 2815 ταῖς
1093 2792 1122 2809 τε
1139 2782 1238 2815 πύλαις
1256 2783 1306 2810 τσῦ
1323 2784 1375 2811 νεὼ
1388 2784 1514 2818 ἐφίστησι
1531 2783 1655 2818 φύλακας
1675 2782 1722 2809 καὶ
1749 2782 1803 2807 πά-

1024 2836 1072 2859 ca:
1097 2829 1144 2860 τὰς
1161 2829 1282 2860 εἰσόδους
1312 2829 1489 2864 διαλαμϐάνει
1516 2829 1658 2863 φρουραῖς,
1679 2827 1724 2852 τὸν
1755 2826 1802 2859 τῆς

1024 2875 1178 2908 προσευχῆς
1194 2869 1268 2902 οἷκον
1284 2874 1500 2906 διασκευάζουσα
1524 2874 1592 2909 πρὸς
1617 2873 1762 2908 λῃστήριον
1788 2872 1802 2905 ἦ
