1931 3080
187 83 236 114 587

805 80 952 112 NICETIE
973 83 1178 114 CHONIAT/E

1806 78 1869 111 583

187 146 250 170 runt
269 147 408 175 :quorum
425 138 530 166 utilitas
556 145 617 165 cum
644 137 756 173 publice
778 146 922 174 permanet
936 141 969 169 ad

1023 144 1175 178 προτάτους
1189 143 1366 170 κατέσπασαν
1384 140 1432 169 καὶ
1445 141 1479 168 τὰ
1490 141 1567 174 ιντδς
1606 140 1744 168 τούτων
1775 140 1863 176 διήρ-

186 195 281 214 omnes
296 191 343 213 aut
358 185 501 221 plurimos,
518 184 623 219 privata
640 191 735 212 eorum
751 187 889 221 possessio
907 191 968 215 tan-

187 239 240 259 tam
255 231 412 266 cupiditatis
425 230 498 257 sitim
509 229 583 256 nullo
591 230 673 257 modo
688 231 966 268 possitexstinguere.

186 278 395 306 Protosebastus
414 275 499 310 igitur
516 282 579 302 cum
601 275 702 303 malum
714 276 831 305 subinde
844 285 968 306 crescere

187 324 298 354 \iJeret,
324 321 467 349 consilium
503 321 638 348 tumultus
673 322 745 350 illius
768 323 967 357 comprimendi

186 371 233 396 init
252 378 259 402 ;
276 373 304 395 et
317 367 380 402 quia
398 366 510 393 Mariam
527 366 700 394 Cwsarissam
724 368 759 394 ab
773 367 898 395 instituto
912 377 968 396 non

185 422 354 442 rcccssuram
372 420 461 447 neque
486 412 520 439 de
537 413 732 448 arrogantibus
761 418 789 443 et
808 414 966 441 immodicis

186 463 245 490 istis
263 458 495 495 postulationibus
504 458 653 493 quidquam
671 459 849 488 remissuram
873 459 967 494 provi-

183 508 274 540 debat,
291 505 363 533 bello
378 504 595 532 contr0versiam
617 503 747 531 dirimere
770 505 864 531 statuit
889 513 967 532 eam-

182 561 234 589 que
246 560 324 581 sacra
343 551 400 579 rede
416 550 491 578 velut
505 550 584 587 307
597 558 659 578 arce
683 550 792 586 ejicere.
813 551 907 586 Itaque
935 559 966 578 ex

182 599 369 628 Orientalibus
384 597 472 632 copiis
502 596 623 624 exercitu
647 605 701 624 non
725 598 825 630 exiguo
835 597 966 630 collecto,

181 651 209 674 et
222 647 249 673 in
262 652 390 680 maguum
404 643 535 679 palatium
559 648 589 671 ut
614 652 665 672 una
691 648 779 673 castra
805 649 966 677 convocato,

181 691 258 718 locus
274 690 392 717 idoneus
411 688 585 723 quaerebatur
598 695 631 715 cx
645 696 699 722 quo
727 688 859 723 templum
890 689 967 716 inva-

182 737 291 764 derent.
311 735 369 763 Jam
388 735 463 762 cnim
492 734 575 762 etiam
603 733 747 762 Caesarissa
778 736 811 761 ad
827 734 882 761 vim
896 734 968 762 bello

181 780 394 818 propulsandam
410 788 439 809 se
453 779 578 815 parabat,
603 783 631 807 et
645 779 718 807 aedes
733 780 852 807 maximo
865 780 967 815 templo

1019 197 1122 222 πασαν,
1134 187 1175 221 οἷς
1188 188 1372 224 διαφερόντως
1397 187 1512 215 ἔϐλεπον
1525 188 1651 223 ἥμερον
1680 188 1699 214 ὃ
1721 196 1758 214 τε
1774 195 1864 222 πρω-

1019 235 1182 267 τοσεΰαστδς
1195 235 1242 262 καὶ
1257 234 1413 270 ὴδέσποινα
1424 241 1431 249 ·
1446 233 1495 261 σὺν
1509 231 1549 266 οἷς
1563 235 1624 260 καὶ
1644 233 1684 259 τὺ
1704 232 1763 260 τοῦ
1780 233 1864 260 Παν-

1019 282 1102 316 τεχνῆ
1121 281 1261 316 Θεοδώρου
1276 279 1442 316 cepimus;
1455 280 1570 314 οἴκημα,
1599 280 1756 314 ἐπάρχου
1779 279 1870 310 ὄντος

1018 327 1068 361 τῆς
1086 326 1191 357 πόλεως
1205 327 1253 352 καὶ
1271 326 1301 352 τὸ
1318 325 1373 352 τῶν
1388 325 1536 352 οἰκειακῶν
1553 325 1732 356 διέποντος
1751 324 1867 360 σέκρε-

1019 380 1066 398 τον
1093 372 1132 407 τῷ
1164 371 1354 405 δικαιοδοτικῷ
1380 379 1410 397 τε
1434 371 1521 406 θρόνῳ
1539 371 1786 406 ὲμπρέποντος.
1803 371 1869 396 Καὶ

1018 418 1100 449 αὺτὶς
1116 418 1166 452 μὲν
1183 417 1295 452 ἑξήλυξε
1310 416 1426 452 δρασμῷ
1442 416 1473 442 τὸ
1495 417 1593 442 πεσεῖν
1615 424 1623 430 ·
1645 415 1690 442 τὰ
1701 415 1730 442 δ’
1755 415 1867 443 ἐνόντα

1018 463 1237 498 διαρπασάμενοι
1269 462 1324 489 οὐδ’
1348 462 1441 490 αὐτῶν
1464 462 1518 488 τῶν
1546 462 1719 496 δημοσίων
1754 462 1864 495 τὸμων

1019 509 1181 543 ἀπέσχοντο,
1201 509 1226 535 οἳ
1252 508 1286 535 τὰ
1311 508 1403 535 δίκαια
1435 508 1486 542 τῆς
1516 507 1678 539 πολιτείας
1695 507 1786 542 παρὰ
1801 507 1864 534 τῶν

1020 554 1117 589 πρώην
1139 553 1274 589 βασιλέων
1301 553 1411 588 ἔχουσιν
1436 552 1714 587 ὺπογεγραμμένοι
1743 553 1800 578 καὶ
1827 553 1862 578 ἰδ

1020 601 1070 635 μὲν
1090 601 1225 635 χρήσιμον
1241 600 1318 635 κοινῇ
1339 599 1478 626 διαϐαῖνον
1493 598 1561 633 πρὸς
1579 598 1736 630 ἅπαντας
1755 598 1774 632 ἢ
1789 598 1860 629 τοὺς

1018 646 1156 677 πλείονας,
1172 645 1296 680 ἀφαυρὸν
1311 645 1339 670 δὲ
1350 644 1380 671 τὸ
1397 645 1429 670 ἐκ
1443 643 1489 671 τοῦ
1510 644 1692 670 ἰδιώσασθαι
1727 643 1853 678 κέρδος,

1019 693 1065 718 καὶ
1080 691 1141 726 μηδ’
1158 691 1221 717 ὅσον
1234 690 1280 718 τὸν
1295 691 1409 717 ἐκείνων
1427 689 1530 718 ὲδίανεν
1540 689 1573 716 διν
1597 689 1853 722 οἰνοποτάζοντα

1019 738 1158 772 φάρυγγα.
1172 737 1204 763 οι
1222 736 1287 771 περὶ
1296 735 1341 762 τὸν
1355 735 1583 770 πρωτοσεϐαστὺν
1601 735 1715 762 τοίνυν
1750 735 1851 770 ὁρῶν-

1019 792 1065 813 τες
1083 783 1126 809 ἀεὶ
1139 782 1173 809 τὰ
1194 782 1279 817 χείρω
1296 781 1499 816 ςροϐαίνοντα,
1512 780 1704 808 σκέπτονται
1736 781 1853 817 βουλὴν

179 829 257 864 juxta
276 828 482 862 Augusteoncm
494 826 638 861 contiguas
655 825 728 855 illius
758 826 860 853 milites
888 833 968 853 ever-

1023 811 1219 863 καθιξήσαντες
1239 811 1335 859 iactos
1355 827 1406 862 τὴν
1427 811 1517 861 λύμην
1545 827 1685 861 στήσωσι
1704 811 1847 861 ταυτηνί.

183 879 274 902 terunt
290 882 297 900 :
313 877 340 900 et
356 872 473 900 maximo
487 871 602 903 fornice,
624 871 670 906 qui
684 875 726 899 est
748 872 775 899 in
788 871 873 904 Milio,
902 879 969 898 con-

182 926 278 946 scenso
293 918 325 945 ad
347 917 545 954 propulsandus
559 916 750 951 imperatorias
764 923 793 943 se
823 916 968 951 parabant.

181 964 241 992 Divi
257 971 364 999 quoque
375 962 461 989 Alexii
479 962 576 994 edem,
592 961 776 997 Augusteonis
804 962 875 989 atrio
902 962 967 997 jun-

182 1016 265 1041 ctam,
296 1008 495 1036 custodierunt.
539 1007 639 1034 Verum
666 1006 840 1041 imperatoris
865 1006 968 1034 milites

182 1056 284 1084 mensis
299 1054 361 1082 Maii
395 1054 439 1081 die
450 1061 499 1086 vn,
525 1052 675 1080 indictione
691 1060 734 1084 xv,
755 1052 878 1079 diluculo
894 1052 968 1086 pala-

181 1102 220 1129 tio
248 1100 359 1137 egressi,
385 1099 499 1126 Joannis
520 1097 650 1133 Theologi
673 1097 759 1124 aedem
785 1101 967 1131 cognomento

181 1149 320 1184 Diippum,
335 1147 465 1174 Sabbatio
476 1145 607 1173 Armenio
621 1145 691 1172 duce
716 1148 862 1179 occupant,
878 1151 966 1178 eaque

181 1193 484 1223 conscensaconfusum
495 1192 644 1219 clamorem
674 1190 782 1217 tollunt.
813 1189 884 1218 ﬂora
912 1190 966 1217 diei

183 1241 263 1270 tertia
288 1248 350 1267 cum
372 1246 461 1274 pugna
487 1242 561 1265 esset
593 1235 772 1271 auspicanda,
792 1235 852 1262 foro
886 1235 967 1269 pleno

182 1287 352 1318 hominibus,
368 1284 521 1312 Gtt-sarissae
535 1282 646 1314 milites,
675 1282 723 1316 qui
739 1290 753 1309 e
768 1281 834 1310 Μίιιί
863 1281 967 1308 fornice

182 1339 210 1362 et
226 1332 312 1361 Alesii
342 1330 399 1358 atde
424 1329 592 1364 pugnabant,
619 1327 680 1354 telis
703 1335 718 1354 e
735 1327 879 1361 superiore
906 1327 967 1354 loco

183 1385 313 1413 tanquam
323 1376 483 1404 fulminibus
504 1373 635 1409 conjectis
652 1380 706 1399 non
728 1372 967 1399 medioi:riterlae—

183 1428 288 1454 serunt.
304 1423 471 1451 Cuuiautem
498 1420 557 1446 alia:
587 1426 697 1454 quoque
729 1418 859 1446 cohortes
882 1419 967 1446 armis

185 1468 402 1499 instructissima:
419 1465 520 1502 palatio
532 1465 728 1496 educerentur,
738 1468 766 1490 et
778 1470 874 1490 omnes
885 1463 968 1498 308

182 1509 270 1548 vicos,
286 1522 382 1544 omnes
402 1513 526 1548 angulos,
538 1519 633 1539 omnes
649 1511 819 1545 angiportus,
846 1517 900 1544 qua
931 1509 966 1536 ad

183 1565 314 1597 templum
333 1562 398 1593 itur,
418 1562 596 1594 occuparent,
625 1557 717 1592 populi
734 1556 769 1583 ad
793 1555 966 1584 Cmsarissam

183 1615 336 1637 concursus
349 1611 525 1640 compressus
536 1608 588 1630 est.
605 1602 777 1629 Caesarianos
789 1609 900 1637 quoque
917 1601 968 1628 nii-

182 1655 245 1681 lites
259 1649 362 1679 relicto
372 1650 474 1684 templo
487 1653 515 1675 et
539 1647 725 1683 Augusteonis
746 1647 884 1674 vestibulo
905 1654 974 1676 cum.

185 1697 368 1736 imperatoriis
382 1695 550 1723 exercitibus
561 1694 590 1721 in
601 1693 670 1720 vicis
698 1700 874 1728 congressos,
900 1701 969 1728 pau-

183 1753 230 1773 ('03
250 1752 312 1772 eum
326 1743 434 1773 multis,
447 1740 554 1775 fatigari
565 1745 594 1766 et
619 1739 749 1774 paulatim
778 1739 968 1766 remollescere

185 1789 343 1826 apparebat.
362 1789 400 1814 Ita
418 1785 563 1814 manifeste
574 1784 610 1812 ad
621 1792 718 1812 manus
729 1789 842 1812 ventum
859 1788 911 1817 est,
940 1787 969 1811 et

184 1843 274 1871 pugna
290 1840 387 1868 magna
402 1831 428 1858 vi
442 1830 599 1862 conmissa,
618 1829 729 1857 eminus
748 1829 853 1864 sagittis
877 1833 906 1856 et
923 1837 970 1856 co-

185 1881 278 1907 minus
292 1886 387 1905 manu.
400 1876 525 1904 Gemitus
550 1874 709 1902 cadentium
722 1878 749 1901 et
763 1873 969 1901 cohortationes

185 1923 373 1952 occidentium
389 1921 520 1956 utrinque
535 1920 699 1952 audiuntur,
714 1919 826 1954 ancipiti
840 1919 866 1946 iu
879 1919 968 1953 ipsum

185 1965 421 2003 usquemeridiem
436 1965 562 1992 victoria.
591 1964 639 1991 Die
655 1972 718 1990 vero
728 1964 785 1999 jam
807 1963 968 1995 inclinante,

186 2013 358 2050 imperatorii
378 2011 452 2039 haud
480 2011 598 2038 obscure
625 2010 784 2045 superiores
813 2013 969 2041 evaserunt,

185 2060 391 2089 Caesarianisex
405 2057 485 2085 biviis
520 2057 546 2083 in
573 2056 777 2091 Augusteonem
807 2055 969 2090 compulsis.

185 2106 388 2140 Deindeetiam
405 2104 425 2131 ii
438 2104 485 2138 qui
511 2104 538 2130 in
551 2102 655 2129 fornice
683 2102 748 2129 Milii
778 2101 971 2128 stabantetex

1019 873 1075 900 Kal
1088 874 1150 899 ἐπεὶ
1160 874 1222 910 κατ’
1233 872 1329 901 οὐδένα
1342 872 1442 907 τρόπον
1451 871 1545 906 ὲὼρων
1556 871 1612 907 τὴν
1626 873 1714 899 Καισ
1720 873 1850 907 ἁρισσαν

1018 920 1129 955 Μαρίαν
1140 919 1194 945 τῶν
1212 919 1320 945 οἰκείων
1333 918 1526 953 βουλευμάτων
1558 917 1797 952 μεθισταμένην
1825 918 1844 953 ἦ

1019 965 1105 1001 βραχύ
1120 974 1146 992 τι
1166 965 1232 999 γοῦν
1251 964 1444 991 ὑπενδιδοῦσαν
1462 963 1515 990 τῶν
1531 963 1718 998 ὑπερόγκων
1749 963 1846 998 Cncn.-

1020 1013 1114 1048 μάτων
1128 1011 1146 1039 ἃ
1161 1011 1350 1047 προῦτείνετο,
1370 1010 1456 1045 ἔγνων
1471 1009 1514 1036 διὰ
1527 1009 1663 1043 πολέμου
1684 1010 1736 1036 ἐπ’
1763 1008 1843 1036 ὲκεί-

1018 1067 1067 1094 νην
1080 1059 1180 1094 χωρεῖν
1200 1058 1248 1084 καὶ
1280 1057 1317 1088 ὡς
1337 1056 1392 1084 ἀπό
1414 1064 1486 1088 τινος
1504 1055 1655 1090 ἐρύματος
1685 1055 1741 1082 τοῦ
1762 1055 1842 1082 θείου

1019 1105 1147 1138 ἐξελάσαι
1161 1103 1265 1138 ταύτην
1279 1102 1342 1130 νεώ.
1357 1102 1538 1135 Συλλεγὲντος
1550 1100 1654 1128 τοίνυν
1663 1101 1722 1128 οὐκ
1736 1101 1838 1136 ὀλίγου

1019 1151 1227 1186 στρατεύματος
1243 1151 1275 1176 ὲκ
1293 1149 1347 1176 τῶν
1362 1148 1438 1184 ἑῴων
1455 1156 1486 1174 τε
1505 1147 1553 1174 καὶ
1573 1147 1733 1182 ἑσπερίων
1767 1156 1837 1181 ταγ-

1020 1199 1113 1234 μάτων
1128 1199 1176 1224 καὶ
1193 1196 1302 1222 πάντων
1312 1196 1349 1227 ὡς
1361 1196 1401 1226 εἱς
1416 1194 1444 1221 ἒν
1460 1193 1729 1229 συναθροισθέντων
1743 1202 1833 1228 στρα-

1018 1243 1132 1270 τόπεδον
1153 1242 1183 1270 τδ
1213 1243 1286 1277 μέγα
1319 1241 1463 1273 παλάτιον,
1488 1241 1502 1267 ὀ
1529 1240 1704 1274 ἐπιτήδειος
1740 1239 1834 1274 χῶρος

1017 1289 1162 1323 ὰνεδιφᾶτο
1188 1288 1250 1315 καθ’
1268 1288 1297 1314 ὃν
1312 1287 1346 1314 ἂν
1366 1287 1423 1317 τοῖς
1439 1287 1485 1312 ἐπὶ
1505 1285 1552 1312 τοῦ
1564 1285 1624 1312 νεὼ
1653 1285 1829 1312 ἐπίθωνται.

1020 1336 1091 1369 Ἤδη
1115 1334 1170 1368 γὰρ
1195 1334 1243 1361 καὶ
1259 1335 1276 1369 ἡ
1301 1332 1477 1367 Καισάρισσα
1505 1331 1573 1366 πρὸς
1589 1330 1647 1366 τὴν
1681 1331 1831 1363 ἀντίταξιν

1018 1379 1201 1416 ἡτοιμάσατο,
1231 1378 1405 1414 διακριθῆναι
1433 1376 1544 1411 πολέμῳ
1570 1377 1608 1403 τὰ
1640 1376 1710 1403 καθ’
1738 1376 1828 1410 αὐτὴν

1018 1425 1162 1452 ἐθέλουσα.
1192 1424 1297 1451 Οὐκοῦν
1328 1424 1388 1450 ὅσαι
1420 1422 1460 1457 τῷ
1480 1422 1607 1457 μεγίστῳ
1641 1422 1715 1457 ιερῷ
1738 1423 1827 1449 οἰκίαι

980 1480 1002 1511 C
1019 1472 1092 1500 κατὰ
1107 1472 1153 1498 τὸν
1181 1469 1380 1504 Αὑγουστεῶνα
1395 1469 1575 1504 συνήπτοντο,
1599 1468 1685 1502 παρὰ
1696 1468 1754 1494 τῶν
1772 1468 1826 1494 ὑπ’

1020 1517 1106 1553 αὐτὴν
1121 1516 1331 1552 ἀπερράγησαν,
1348 1515 1459 1548 καὶτῆς
1476 1514 1614 1549 μεγίστης
1632 1514 1736 1549 ἁψῖδος
1752 1514 1824 1540 ἂνω-

1020 1564 1075 1596 θεν,
1105 1564 1165 1599 ἣτις
1187 1562 1258 1590 κατὰ
1286 1561 1316 1588 eo
1331 1561 1430 1588 Μίλιον
1446 1561 1567 1593 ἵσταται,
1600 1561 1628 1586 οῖ
1668 1560 1712 1586 ἀπ
1733 1559 1823 1593 αὐτῆς

1019 1609 1170 1644 ἀνήλῦοσαν
1184 1609 1241 1639 τοῖς
1256 1606 1408 1642 βασιλικοῖς
1424 1605 1705 1639 ἀντιπλακησόμενοι
1735 1613 1821 1639 στρα-

1018 1655 1150 1690 τεύμασι.
1165 1654 1220 1680 Καὶ
1232 1653 1279 1679 τὸν
1293 1651 1361 1678 νεὼν
1381 1651 1411 1678 δὲ
1436 1651 1465 1682 ὃς
1484 1650 1532 1677 τοῦ
1557 1649 1690 1683 Ἀλεξίου
1704 1658 1818 1677 κατονο-

1021 1701 1149 1736 μάζεται,
1168 1701 1202 1734 τῇ
1220 1699 1248 1725 δὲ
1260 1697 1308 1725 τοῦ
1336 1697 1550 1731 Αὐγουστεῶνος
1575 1695 1686 1732 αὐλαίᾳ
1714 1695 1821 1731 προσή-

1019 1755 1114 1778 νωται,
1138 1744 1302 1780 στρατιῶται
1324 1743 1456 1773 εἰσιόντες
1470 1741 1637 1776 ἐφύλαττον.
1656 1741 1743 1768 Αὐτοὶ
1755 1740 1820 1775 μέν-

1019 1801 1060 1819 τοι
1075 1792 1100 1818 οἱ
1135 1789 1269 1826 βασιλικοὶ
1296 1788 1357 1816 καθ’
1388 1788 1498 1823 ἡμέραν
1526 1787 1663 1822 ἑϐδόμην,
1681 1786 1817 1821 δευτέραν

1019 1838 1067 1865 τοῦ
1080 1837 1170 1865 Μαΐου
1185 1835 1281 1871 μηνὸς,
1318 1834 1368 1870 τῆς
1392 1833 1648 1868 πεντεκαιδεκάτης
1680 1832 1816 1860 ίνδικτιῶο

1020 1890 1075 1915 νος,
1095 1882 1128 1908 ἐκ
1150 1880 1197 1907 τοῦ
1213 1878 1331 1915 μεγάλου
1350 1877 1484 1904 παλατίου
1501 1877 1573 1904 κατὰ
1586 1877 1619 1904 τδ
1639 1875 1810 1911 περὶορθρον

1021 1927 1180 1962 ὲκθορὸντες
1208 1925 1311 1952 εἰσίασι
1337 1924 1372 1951 τὰ
1404 1923 1501 1958 πρῶτα
1527 1921 1572 1948 τὸν
1603 1922 1653 1948 τοῦ
1675 1921 1809 1954 Θεολὸγου

1027 1973 1152 2000 Ἰωάννου
1179 1971 1256 2003 ναὸν,
1267 1967 1289 2004 ᾧ
1299 1970 1328 1996 τὺ
1344 1969 1458 2003 ἐπίκλην
1472 1969 1630 2001 Διίππειον,
1659 1967 1810 2002 στρατίαρ-

1020 2028 1067 2056 χον
1087 2018 1194 2054 ἔχοντές
1204 2026 1265 2044 τινα
1280 2015 1430 2043 Σαῦϐάτιον
1452 2014 1608 2049 Ἀρμένιον.
1635 2011 1811 2040 Ἔπειτατοῦ

1021 2065 1152 2100 τεμένους
1166 2062 1210 2099 [Ρ.
1229 2061 1290 2096 154]
1304 2061 1411 2087 ἄνωθεν
1422 2059 1566 2094 γενόμενοι
1583 2059 1712 2093 ἀσήμους
1728 2056 1811 2083 λαλα‹

1022 2111 1075 2145 γὰς
1101 2109 1230 2144 ἠφίεσαν.
1252 2108 1297 2138 Ὠς
1308 2106 1331 2133 δ’
1352 2105 1504 2140 ἐνειστήκει
1533 2105 1631 2139 καιρὸς
1657 2102 1707 2130 τοῦ
1724 2102 1810 2136 μάχε-

187 2153 244 2181 mde
256 2151 343 2179 Alexii
364 2150 534 2185 pugnabant,
549 2149 639 2183 fugam
669 2151 838 2183 spectarunt.
866 2147 969 2179 Quibus

1024 2155 1096 2187 σθαι,
1115 2153 1181 2189 περὶ
1195 2153 1290 2188 τρίτην
1303 2151 1377 2186 ὥραν
1389 2150 1472 2185 οὔσης
1488 2150 1537 2184 τῆς
1553 2149 1661 2183 ἡμέρας
1676 2148 1724 2174 καὶ
1740 2147 1808 2180 πλη-

189 2199 257 2226 locis
269 2197 412 2231 occupatis
427 2195 621 2229 imperatorias
633 2191 773 2223 exercitus
799 2193 895 2220 vexilla
909 2201 971 2219 cum

189 2230 356 2278 imaginibus
375 2242 403 2268 iu
431 2239 582 2268 fornicibus
608 2230 705 2273 erexit,
723 2244 751 2267 et
778 2239 851 2266 fores
879 2238 972 2273 Augu-

189 2290 293 2317 sicouis
301 2287 445 2315 securibus
455 2291 483 2314 et
494 2287 598 2313 malleis
606 2286 740 2321 perrupit.
751 2284 896 2312 Cmsariani
909 2292 973 2311 vero

189 2335 253 2370 quia
269 2334 398 2360 rcsismre
411 2339 465 2359 non
480 2335 618 2366 poterant,
648 2338 710 2357 cum
723 2335 752 2357 et
770 2337 804 2356 ex
821 2328 973 2356 fornicibus

190 2386 310 2415 superne
322 2382 350 2406 ct
363 2378 489 2405 cominus
514 2378 542 2403 in
567 2377 742 2412 Augusteune
770 2383 785 2402 a
817 2374 898 2410 globo
926 2374 974 2401 mi-

190 2427 270 2454 litum
291 2425 409 2460 pessime
423 2427 617 2456 tractarentur,
627 2422 757 2457 paulatim
769 2421 973 2451 dilabebantur,

190 2472 271 2508 309
289 2479 383 2506 parum
409 2470 495 2505 adjuti
519 2469 553 2496 ab
568 2469 602 2496 iis
625 2469 670 2503 qui
689 2476 723 2495 ex
755 2467 901 2498 Macronis,
928 2465 975 2493 ubi

189 2517 388 2548 Cutccliumeni
405 2517 598 2548 instituuntur,
616 2520 643 2542 et
659 2513 811 2541 Thomaitte
826 2512 975 2548 superiori-

189 2567 241 2594 bus
254 2566 323 2593 locis
334 2569 435 2592 saxuct
453 2563 505 2590 tela
521 2561 726 2598 iaculabantur.
743 2558 866 2586 Tandem
892 2558 975 2585 armis

191 2612 312 2647 undique
325 2609 507 2639 circumvenit
519 2613 547 2635 et
572 2607 748 2642 AugUSteone
770 2605 798 2631 in
818 2605 910 2640 templi
930 2612 976 2631 ve-

191 2659 322 2686 stibulum
333 2657 452 2687 irruunt,
465 2654 509 2682 ubi
520 2653 648 2688 princeps
659 2656 687 2679 et
697 2651 884 2680 maximusDei
897 2658 976 2685 appa-

192 2704 235 2729 rin
247 2710 272 2736 r,
288 2702 470 2738 arciiangelus
493 2699 607 2728 Michael
620 2699 715 2726 stricto
727 2698 817 2734 gladio
846 2706 896 2732 pro
909 2701 976 2724 tem—

191 2748 230 2782 pli
255 2747 368 2775 custode
383 2753 502 2775 statuam
514 2746 598 2773 habet
627 2744 758 2772 tenuibus
769 2743 975 2771 calculisinter-

193 2798 334 2828 punctaiu.
350 2793 389 2821 Ex
403 2801 436 2820 co
459 2801 547 2828 neque
573 2790 743 2827 imperatorii
771 2789 887 2817 ulterius
911 2796 976 2824 pro-

1024 2201 1123 2235 θοὺσης
1141 2200 1259 2234 μάλιστα
1279 2197 1329 2232 τῆς
1360 2196 1475 2230 ἀγορᾶς⁷
1492 2195 1522 2221 οὐ
1543 2194 1665 2230 μετρίως
1689 2193 1753 2224 τοὺς
1777 2192 1808 2216 ὲκ

1022 2248 1071 2281 τῆς
1089 2246 1182 2281 ἁψῖδος
1197 2245 1244 2271 τοῦ
1258 2243 1354 2271 Μιλίου
1371 2243 1417 2268 κᾶὶ
1446 2241 1509 2273 τοὺς
1531 2240 1586 2266 ἀπὸ
1613 2239 1662 2265 τοῦ
1687 2237 1740 2264 νεὼ
1762 2235 1806 2262 τοῦ
1841 2256 1842 2259 η

1030 2280 1148 2323 ’Ᾰλεξέου
1170 2289 1338 2325 μαχομένους
1354 2286 1466 2318 ὁπλίτας
1483 2285 1533 2320 τῆς
1544 2284 1737 2319 Καισαρίσσης
1754 2280 1808 2307 ὲσί-

1028 2346 1106 2364 νοντο
1128 2332 1213 2367 οὗτοι,
1237 2334 1267 2367 ἐξ
1285 2333 1450 2369 ὑπερδεξίων
1468 2331 1623 2367 μαχόμενοι
1648 2329 1695 2356 καὶ
1708 2329 1744 2359 ὡς
1758 2326 1802 2361 ἀφ’

1025 2382 1108 2417 ὕψους
1138 2380 1278 2415 σκηπτοὺς
1311 2378 1476 2413 ὲπαφιέντες
1505 2377 1581 2404 κάτω
1614 2376 1649 2402 τὰ
1678 2374 1804 2410 βέλεμνα.

1031 2426 1111 2454 Ἀλλὰ
1127 2425 1175 2452 καὶ
1188 2425 1290 2460 ἑτέρων
1306 2423 1468 2456 καταλόγων
1484 2421 1673 2448 εὐοπλοτάτων
1684 2418 1730 2445 τοῦ
1754 2425 1803 2443 πα-

1024 2471 1116 2498 λατίου
1132 2470 1258 2502 ἐξιόντων
1273 2470 1320 2496 καὶ
1343 2469 1391 2500 τὰς
1406 2468 1511 2498 διόδους
1526 2466 1731 2502 πληρωσάντων
1757 2461 1801 2489 καὶ

1024 2517 1087 2547 τοὺς
1103 2516 1257 2546 στενωποὺς
1271 2514 1448 2549 διειληφότων
1463 2513 1558 2539 ὁπόσοι
1582 2511 1651 2547 πρὸς
1677 2509 1706 2536 τὸ
1735 2507 1801 2543 μέγα

1025 2564 1138 2597 τέμενος
1169 2562 1310 2596 φέρουσιν,
1332 2560 1346 2586 ὃ
1366 2568 1395 2586 τε
1413 2560 1499 2593 δῆμος
1522 2557 1570 2584 τοῦ
1595 2554 1747 2590 ἐπιϐοηθεῖν
1769 2552 1800 2585 τῇ

1027 2607 1201 2643 Καισαρίσσῃ
1234 2605 1374 2632 επαύσατο
1406 2604 1450 2631 διὰ
1472 2603 1503 2629 τὸ
1531 2603 1615 2630 πᾶσιν
1644 2599 1734 2635 ἔφεδον
1748 2597 1799 2626 τοῖς

1025 2651 1118 2682 ὅπλοις
1134 2650 1385 2686 ἀποταφρεύεσοαι,
1400 2649 1446 2676 καὶ
1454 2649 1478 2674 οι
1492 2649 1523 2675 ὲκ
1535 2647 1582 2675 τοῦ
1597 2645 1670 2684 ίεροῦ
1685 2642 1800 2676 ὲπεξιόν⁶

1026 2706 1070 2728 τες
1086 2697 1134 2723 καὶ
1148 2696 1198 2731 τὴν
1211 2695 1326 2722 αὐλαίαν
1343 2695 1390 2721 τοῦ
1405 2694 1615 2728 Αὑγουστεῶνος
1630 2688 1797 2726 ὑπερϐαίνον-

1025 2751 1071 2773 τες
1090 2742 1139 2768 καὶ
1162 2742 1219 2772 τοῖς
1235 2741 1385 2776 βασιλικοῖς
1402 2741 1531 2775 στρατοῖς
1551 2739 1620 2766 κατὰ
1630 2738 1677 2768 τὰς
1705 2732 1795 2768 ἀγυιὰς

1027 2787 1257 2824 συμπλεκόμενοι,
1276 2787 1362 2822 ὀλίγοι
1376 2786 1443 2823 πρὸς
1457 2786 1567 2817 πλείους
1585 2780 1792 2820 διαμιλλώμενοι,
