1931 3080
84 163 140 195 597

631 165 741 196 ALEXI
749 167 795 196 US
815 165 1009 195 MANUELIS
1030 166 1166 196 FILIUS.

1659 163 1710 195 598

82 218 135 244 τοῦ
159 217 291 253 βασιλέως
323 221 405 255 μητρὶ
421 219 501 256 (αὕτη
519 221 572 256 γὰρ
596 220 634 256 τῷ
652 221 702 255 τῆς
721 221 783 249 θέας
802 221 872 255 λαμ-

926 224 1063 254 ctantem;
1082 229 1169 256 neque
1188 228 1303 255 persona
1327 220 1382 251 illa,
1399 227 1452 255 qua
1476 227 1506 247 se
1525 219 1548 246 is
1562 219 1669 246 velabat
1683 224 1712 245 ut

84 263 151 298 ττρῷ
166 264 214 290 καῖ
223 263 260 298 τῷ
275 265 322 299 τῆς
333 265 420 299 ὅψεως
437 267 609 302 μαργαρὼδει
621 267 667 294 καὶ
683 267 722 302 τῷ
733 267 778 294 τοῦ
793 267 874 302 ἤθους

83 307 184 343 ὁμαλῷ
198 309 244 335 καὶ
257 310 295 343 τῷ
309 310 355 336 τοῦ
380 312 555 346 φρονήματος
576 312 747 348 ἀσυμπλὸκῳ
763 304 816 340 καὶ,
835 313 875 349 τῷ

84 354 226 390 ἐπαγωγῷ
239 355 285 381 τοῦ
301 354 342 391 [Ρ.
359 357 422 393 159]
440 357 599 392 φθέγματος
613 358 650 390 ὡς
663 358 717 385 ἀπὸ
741 359 875 394 μηρίνθου

85 399 193 431 πάντας
210 401 370 437 ἐφείλκετο),
398 402 431 429 τὰ
446 403 559 430 πλεῖστα
578 404 671 438 μέντοι
691 406 746 437 τοῖς
763 406 876 441 χρήμα-

86 451 131 469 σιν
162 444 334 479 ὑπαγόμενος
361 448 409 473 καὶ
434 449 468 483 τῇ
496 448 646 485 φιλοδωρίᾳ
670 450 876 485 κατακοιμίζων

84 489 151 520 τοὺς
167 490 195 515 ἐν
208 490 286 525 δεινῴ
297 491 457 526 τιθεμένους
476 493 581 521 ἐκείνου
596 496 690 529 φέρειν
707 497 739 522 τὰ
750 495 824 522 δεύτε
831 504 874 531 ρα.

87 534 173 560 Ὀθεν
187 535 274 568 οὐδεὶς
284 537 354 570 ξτῶν
369 539 571 574 ἐπιταχθέντων
600 541 795 573 ἀντιτάξασθαι
818 542 876 568 Ἂν·

85 578 204 614 δρονῖκῳ
222 581 289 615 πρὸς
311 581 481 616 Ἀνδρόνικον
498 585 668 618 μετετάξατο
677 586 724 613 τὸν
741 587 792 622 ἤδη
804 588 877 622 λαμ-

84 624 165 658 πρῶς
198 626 247 659 τῆς
267 628 424 662 τυραννίδος
447 630 622 665 ἀπτόμενον,
647 632 808 665 ἀποπτύσας
830 633 876 660 τὸν

84 671 315 703 πρωτοσεϐαστδν
335 674 381 700 καὶ
404 673 443 710 τῷ
460 677 626 712 προσωπείῳ
648 678 695 704 τοῦ
712 679 877 714 μισοτυράν-

84 723 131 741 νου
151 716 330 751 Ἀνδρονίκου
356 720 521 754 δελεασθείς.
541 723 577 749 Ἢ
604 732 633 750 τε
659 724 706 751 οὖν
732 725 876 760 προκαθη-

85 761 158 796 μένη
183 763 235 789 τῶν
262 764 383 792 Βιθυνῶν
403 767 521 802 μεγίστη
552 769 665 806 πόλιςή
693 770 795 797 Νίκαια
820 771 876 798 οὐδ’

83 806 334 852 ὃλωςγᾋνδρονίκῳ
347 812 506 847 προσέθετο,
525 814 573 841 καὶ
588 816 601 842 ὁ
612 815 661 851 τὴν
675 817 777 852 ταύτης
794 817 877 852 ἐμπισ

84 851 211 884 «tuest;
220 855 343 891 φυλακὴν
365 856 492 893 Ἰωάννης
509 859 522 884 ὁ
535 859 642 891 Δούκας
656 862 713 892 τοῖς
742 851 876 896 Ἀνδρονί-

84 905 135 943 κου
165 898 313 934 γράμμασι
344 902 500 937 μεμένηκεν
532 905 743 940 ἀπυφέλικτος,
773 908 875 943 καίπερ

83 942 133 974 τὰς
147 943 259 978 γνώμας
271 945 435 980 πλήττουσιν
449 949 600 977 ἐλεπόλεων
615 952 813 988 ἀκριὸἐστερον
827 955 874 982 καὶ

84 990 279 1023 τειχομαχείου
305 991 463 1026 ξύμπαντος
492 995 677 1029 ἰσχυρότερον.
699 997 780 1024 Ἀλλὰ
796 1000 844 1025 καὶ
860 999 875 1025 ὸ

86 1033 176 1079 μέγας
196 1034 359 1076 δομέστικοςη
372 1037 501 1074 Ἰωάννης
525 1040 538 1066 ὁ
557 1040 699 1076 Κομνηνὸς
712 1043 762 1078 τὴν
787 1044 873 1079 ἐπαρ.

85 1078 148 1112 χίαν
159 1079 262 1107 διέπων
281 1082 336 1108 τῶν
349 1082 512 1119 Θρᾳκησίων
527 1086 558 1112 οὺ
582 1087 663 1121 μόνον
680 1087 742 1114 ἐὸυε
755 1088 791 1116 τὰ
817 1078 874 1118 ὦτα

85 1122 155 1156 πρδς
169 1124 203 1150 τὰ
217 1124 264 1151 τοῦ
280 1126 453 1162 Ἀνδρονίκου
466 1130 626 1165 ἐπᾴσματα,
637 1131 704 1159 ἀλλὰ
716 1133 762 1160 καὶ
773 1134 811 1166 ὡς
825 1135 874 1162 τύ-

87 1175 185 1202 ραννον
203 1169 379 1206 διετώθαζεν,
405 1172 449 1201 οἷα
465 1177 613 1212 κατόπτρῳ
637 1179 694 1210 τοῖς
715 1179 874 1215 λεγομένοις

85 1214 273 1247 προσκύπτων
290 1217 355 1253 λείῳ
383 1221 430 1246 καὶ
446 1221 647 1257 ἀποστίλὸοντι,
670 1225 718 1251 καὶ
733 1214 874 1260 διαφαινό-

87 1265 169 1292 μενον
184 1260 213 1286 ὲν
233 1263 339 1294 τούτοις
358 1263 430 1299 ὀρῶν
443 1265 489 1291 τὸν
507 1267 682 1302 πολύμορφον
699 1270 813 1304 Πρωτέα
827 1272 874 1298 καὶ

84 1308 248 1340 τυραννικὸν
280 1311 326 1336 τὸν
356 1311 457 1346 τρόπον
487 1314 667 1349 Ἀνδρόνικον.
694 1316 772 1343 Ἐπεὶ
798 1319 827 1345 δὲ
840 1322 873 1356 τῇ

85 1351 194 1389 Ταρσίᾳ
209 1355 223 1381 ό
244 1355 412 1391 Ἀνδρόνικος
425 1359 521 1394 ἤγγιζε
539 1361 584 1387 καὶ
601 1361 656 1387 τῶν
679 1363 743 1397 περὶ
758 1363 807 1399 τὴν
824 1351 874 1391 Νιῖ

85 1400 223 1434 κομήδους
253 1402 330 1429 πόλιν
355 1404 380 1430 ot
406 1404 527 1436 πλείονες
563 1407 637 1441 αὐτῴ
669 1409 871 1444 προσεχώρουν,

86 1446 226 1474 στέλλεται
241 1448 302 1474 κατ’
317 1449 400 1476 αὑτοῦ
414 1451 483 1485 μετὰ
494 1452 638 1487 δυνάμεως
654 1454 747 1489 ἱκανῆς
769 1456 876 1492 Ἀνδρόο

86 1499 162 1523 νικος
177 1493 191 1518 ὁ
206 1493 350 1527 Ἄγγελος,
365 1493 451 1531 οὗπερ
462 1498 486 1523 οἱ
502 1498 571 1530 υἱεῖς
595 1499 624 1530 ἐς
651 1499 763 1535 ὕστερον
784 1501 874 1529 Ἰσαά-

85 1537 188 1596 ἒτιόςτε
201 1539 389 1596 κῖὶὶζΑλέξιος
408 1542 655 1596 μετζῖὶνδρόνικον
670 1547 754 1582 ἐπέϐη
761 1556 809 1574 σαν
823 1549 873 1584 τῆς
887 1568 908 1596 c

85 1582 183 1616 ἀρχῆς.
209 1583 237 1610 ’0
252 1584 281 1610 δὲ
300 1586 365 1620 περὶ
390 1587 436 1614 τὸν
461 1588 578 1624 Χάρακα
591 1590 622 1616 τὸ
637 1591 737 1626 χωρίον
754 1582 873 1629 πόλεμον

86 1630 277 1665 συγκροτήσας
289 1632 403 1666 ἡττᾶται
420 1633 565 1669 λαμπρῶς,
591 1637 693 1673 καίπερ
709 1639 759 1665 οὐκ
775 1641 873 1668 ίσοπα-

84 1673 128 1722 λεῖ
139 1676 313 1722 συμπλακεὶς
328 1681 444 1715 στρατιᾷ
460 1680 476 1716 ἢ
494 1681 540 1708 τὸν
561 1682 767 1720 ἀνταγωνιστὴν
784 1686 874 1722 εὑρὼν

85 1720 236 1757 ἀξιόμαχον
251 1743 258 1755 ,
287 1724 345 1751 ἀλλ’
370 1726 487 1763 ἐκτομίᾳ
514 1729 568 1755 τινὶ
593 1730 732 1764 συμμίξας
748 1720 874 1766 ἀχρείους

86 1769 336 1804 στρατολογήσαντι
361 1774 501 1808 γεωργοὺς
518 1775 566 1801 καὶ
594 1777 692 1812 μοῖραν
720 1786 873 1812 συνεπαγο-

87 1813 164 1848 μένῳ
178 1815 365 1851 Παφλαγόνων
375 1820 563 1853 στρατιωτῶν.
582 1822 628 1854 Et;
652 1822 703 1858 τὴν
719 1824 796 1852 πόλιν
819 1826 875 1851 τοι·

85 1868 133 1885 νυν
145 1860 227 1892 εὐθὺς
241 1862 311 1896 μετὰ
333 1863 382 1901 τὴν
396 1862 482 1900 ἧτταν
495 1865 588 1893 είσιὼν
609 1867 718 1900 ἀκλεῶς
741 1870 875 1905 ἀπῃτεῖτο

84 1906 298 1934 καταθέσθαιτά
314 1909 457 1944 χρήματα,
480 1911 530 1938 ὅσα
545 1912 570 1938 οι
592 1914 660 1947 πρὸς
671 1913 720 1944 τὰς
736 1915 808 1941 κατὰ
825 1915 874 1942 πό-

85 1955 168 1985 λεμον
193 1952 314 1986 δαπάνας
338 1954 512 1990 βεὸράὃευτο.
544 1957 573 1983 '0
602 1957 629 1984 δὲ
657 1958 875 1996 βασανιζομένην

85 1998 157 2032 ὁρῶν
171 1998 222 2034 τὴν
237 2000 319 2026 αὐτοῦ
348 2002 523 2038 κατάσχεσιν,
551 2004 593 2030 ὅτι
620 2005 695 2039 φίλια
713 2007 820 2041 φρονῶν
834 2008 874 2043 τῷ

92 2044 254 2078 νΔνδρονίκῳ
282 2047 317 2072 τὰ
332 2048 484 2083 πράγματα
512 2050 643 2085 χειρόνως
671 2051 776 2078 διέθετο
800 2052 873 2088 ἅπερ

85 2088 248 2124 εὐμαρίσειν
273 2092 440 2124 ἀπέσταλτο,
457 2094 620 2129 ἐναγὸμενος
637 2096 710 2131 παρὰ
725 2096 779 2122 τῶν
792 2097 872 2125 υἱέων

85 2133 116 2165 ἒξ
143 2134 229 2161 ὄντων
257 2137 303 2162 καὶ
323 2138 432 2165 πάντων
456 2139 615 2175 ὁπλοτέρων
635 2141 683 2172 τὰς
699 2140 801 2175 φρένας
825 2142 873 2169 καὶ

85 2180 156 2207 κατὰ
171 2182 252 2216 χεῖρα
268 2184 414 2217 γενναίων,
436 2184 583 2211 ἐπεϐάλετο
597 2185 646 2220 μὲν
659 2185 705 2212 τὸν
718 2187 818 2213 οἰκεῖον
830 2185 871 2213 ol-

927 265 1033 293 ltostem
1052 266 1215 300 tyrannidis.
1231 270 1273 293 est
1287 265 1427 301 deceptus.
1444 265 1533 293 Nicaea
1544 265 1617 292 enim
1634 265 1711 299 prin-

926 320 991 347 ceps
1011 320 1043 340 ac
1068 313 1184 340 maxima
1206 313 1340 348 Bithyniae
1361 313 1428 340 urbs
1453 313 1534 347 plane
1555 312 1717 346 repudiavit

927 357 1134 391 Andronicum;
1159 366 1211 386 nec
1237 359 1297 394 ejus
1320 358 1397 385 urbis
1422 357 1568 392 praefectus
1593 358 1713 385 Joannes

927 403 1016 430 Ducas
1029 403 1131 431 litteris
1146 404 1219 432 illius
1235 412 1264 431 se
1291 403 1324 431 de
1345 403 1430 438 gradu
1446 403 1528 438 dejiei
1545 411 1641 437 passus
1657 408 1711 432 est.

927 449 989 476 licet
1005 449 1098 476 acrius
1125 449 1290 477 ferientibus
1307 456 1389 484 quam
1419 449 1519 476 muenia
1537 449 1584 475 ttlli
1611 449 1714 475 arietes

928 495 1021 522 aliaeve
1054 495 1197 522 machinae.
1226 496 1362 522 Praeterea
1397 503 1510 529 magnus
1542 494 1712 522 domesticus

927 540 1046 568 Joannes
1058 541 1226 571 Comnenus.
1242 541 1364 568 Thraciae
1382 541 1537 575 praefectus,
1549 549 1604 568 non
1623 541 1710 568 solum

927 594 1008 613 aures
1023 591 1119 614 contra
1147 586 1297 614 Andronici
1319 587 1401 621 319
1423 586 1544 614 carmina
1565 587 1713 616 obturarit,

927 639 1023 658 verum
1039 632 1121 658 etiam
1139 635 1168 658 ut
1183 635 1327 667 tyrannum
1345 631 1494 657 insectatus
1503 634 1556 662 est,
1571 633 1714 664 perspecto

929 676 956 703 in
975 677 1036 710 ejus
1051 676 1151 704 litteris
1169 676 1332 704 multiformi
1355 676 1468 707 Proteo,
1492 675 1636 711 tyrannico
1662 675 1714 700 An.

928 722 1035 749 dronici
1055 722 1165 757 ingenio
1185 723 1260 750 velut
1283 723 1310 750 in
1328 723 1402 750 claro
1425 722 1537 757 speculo
1562 721 1713 748 relucente.

928 766 978 800 Qui
988 775 1049 794 eutn
1061 767 1163 795 Tarsia:
1178 767 1448 802 appropinquaretet
1460 765 1713 794 Nicomediensitnn

928 814 1073 839 maximam
1088 818 1191 848 partem
1209 813 1260 842 sibi
1276 814 1454 849 adjunxissct,
1471 811 1645 840 Andronicus
1658 813 1715 837 An-

928 859 1013 893 gelus,
1031 859 1108 893 cujus
1137 859 1187 887 lilii
1211 860 1330 887 lsaacius
1345 864 1373 887 et
1386 859 1498 887 Alexius
1516 863 1578 893 post
1603 858 1636 884 ad
1664 858 1715 883 im-

929 906 998 940 perii
1026 905 1164 941 fastigium
1194 906 1390 937 ascenderunt,
1415 913 1480 932 cum
1515 904 1598 939 justis
1627 902 1714 937 copiis

929 955 1023 978 contra
1045 959 1108 978 eum
1125 951 1243 979 mittitur
1260 957 1288 979 et
1310 951 1384 979 circa
1396 951 1546 978 Characcm
1570 949 1712 976 castellum

928 997 1073 1024 commisso
1089 998 1180 1031 prtelio
1191 997 1356 1030 succumbit,
1368 988 1525 1032 quanquam
1545 1003 1634 1029 neque
1651 1002 1712 1021 cum

928 1042 986 1078 pari
1000 1043 1122 1070 exercitu
1138 1051 1227 1078 neque
1242 1051 1304 1071 eum
1326 1043 1395 1070 duce
1417 1042 1560 1073 bellicoso,
1580 1040 1626 1069 scd
1649 1048 1711 1066 cum

927 1088 1049 1123 spadone
1067 1089 1186 1123 quodam
1200 1096 1374 1124 congressus,
1393 1088 1441 1123 qui
1465 1087 1584 1114 rusticos
1600 1085 1713 1112 inutiles

927 1133 1088 1160 etcobortes
1094 1133 1196 1167 aliquot
1205 1132 1322 1160 militum
1333 1129 1538 1166 Paphlagonum
1549 1130 1710 1157 adduxerat.

928 1178 992 1205 Post
1011 1182 1150 1213 acceptam
1171 1178 1276 1205 cladem
1302 1185 1365 1205 cum
1390 1177 1484 1204 statim
1501 1176 1529 1204 in
1552 1175 1647 1202 urbem
1665 1181 1712 1200 ve-

927 1223 1023 1255 nisset,
1040 1223 1154 1257 repetita
1171 1228 1211 1251 est
1224 1223 1257 1250 ab
1270 1230 1303 1250 eo
1321 1221 1437 1256 pecunia
1452 1228 1533 1256 quam
1554 1220 1588 1247 ad
1609 1218 1710 1246 bellum

928 1268 1176 1296 administrandum
1206 1272 1360 1304 acceperat.
1382 1268 1485 1296 Videns
1505 1267 1588 1302 igitur
1617 1272 1710 1292 casum

928 1322 990 1342 eum
1006 1313 1046 1341 sic
1063 1315 1149 1349 accipi
1166 1315 1243 1349 quasi
1275 1321 1310 1341 ex
1334 1314 1454 1341 amicitia
1479 1311 1629 1340 Andronici
1653 1318 1711 1337 rem

928 1359 962 1387 de
977 1360 1112 1387 industria
1127 1362 1204 1396 pejus
1222 1360 1363 1395 gessisset,
1385 1368 1399 1387 a
1419 1367 1466 1387 sex
1479 1359 1544 1393 ﬁliis
1565 1357 1711 1392 impulsus.

928 1405 974 1439 qui
1005 1412 1102 1432 omnes
1126 1406 1230 1433 cordati
1256 1411 1283 1433 et
1309 1413 1391 1433 manu
1404 1405 1510 1432 strenui
1540 1404 1590 1430 \iri
1621 1408 1711 1435 erant,

928 1450 1040 1478 domum
1060 1458 1137 1478 suam
1165 1451 1192 1478 in
1209 1452 1347 1478 exteriore
1371 1450 1468 1478 Cionio
1496 1450 1574 1476 sitam
1604 1449 1712 1475 [innare

927 1496 1063 1531 prmsidiis
1086 1497 1214 1529 instituit,
1237 1497 1342 1531 aliquot
1373 1503 1407 1524 ex
1432 1493 1511 1531 plebe
1536 1494 1711 1529 adiutoribus

927 1543 1031 1571 ascitis.
1051 1542 1102 1570 Sed
1119 1551 1180 1570 cum
1201 1551 1245 1570 res
1261 1550 1326 1570 suas
1350 1550 1384 1570 eo
1400 1549 1512 1576 vergere
1528 1546 1666 1570 cerneret,
1683 1544 1712 1566 ut

925 1589 959 1616 ab
982 1589 1148 1624 imperatore
1163 1595 1371 1625 oppugnaretur
1390 1589 1472 1624 320
1494 1593 1521 1616 et
1545 1588 1712 1615 adversariis

925 1635 1055 1663 resistere
1067 1643 1121 1663 non
1137 1640 1240 1671 posset,
1253 1640 1359 1662 mutato
1372 1635 1500 1666 consilio,
1525 1641 1572 1662 sex
1599 1634 1663 1661 ﬁliis
1684 1638 1713 1660 et

926 1689 1010 1708 uxore
1024 1681 1052 1708 in
1063 1688 1160 1708 navem
1174 1676 1320 1716 impositis,
1337 1680 1370 1708 ad
1381 1680 1569 1707 Andronicum
1581 1679 1648 1706 abit.
1659 1677 1711 1711 Qui

924 1734 958 1754 eo
976 1727 1036 1754 viso
1053 1727 1155 1755 dixisse
1178 1727 1286 1754 fertur:
1315 1736 1324 1752 ι
1343 1727 1415 1754 Ecce
1442 1725 1549 1752 mittam
1578 1725 1711 1759 Angelum

925 1780 1016 1800 meum
1031 1763 1094 1800 ante
1106 1773 1202 1800 faciem
1220 1777 1304 1805 tuam,
1320 1773 1367 1807 qui
1382 1772 1454 1799 viam
1469 1771 1519 1798 tibi
1536 1774 1681 1806 praeparet.
1699 1779 1709 1796 ι

925 1819 1076 1854 Resumpta
1095 1819 1178 1853 igitur
1191 1827 1224 1846 ex
1239 1818 1386 1853 przesentia
1410 1817 1570 1845 consobrini
1598 1816 1709 1847 ﬁducia,

925 1870 953 1892 et
969 1872 1098 1892 successu
1120 1865 1228 1892 consilii
1240 1865 1283 1892 sui
1307 1864 1496 1895 confirmatus,
1517 1863 1626 1890 itineris
1648 1869 1710 1889 am-

925 1910 1043 1945 bagibus
1065 1910 1174 1939 omissis
1197 1915 1225 1938 et
1252 1910 1367 1938 urbibus
1391 1910 1481 1937 Nicaea
1506 1914 1534 1937 et
1550 1907 1709 1936 Nicomedia

924 1956 1097 1991 eontcntptis,
1114 1961 1188 1983 recta
1201 1956 1306 1991 Cpolim
1322 1956 1421 1990 pergit.
1437 1955 1471 1981 Et
1489 1955 1597 1982 Peuciis
1615 1954 1708 1980 diver-

925 2005 1000 2027 satus
1018 2001 1105 2035 (locus
1124 2001 1147 2027 is
1166 2007 1207 2028 est
1228 2008 1309 2035 supra
1325 1999 1551 2033 Cbalcedonem).
1572 2003 1600 2025 et
1615 1997 1709 2024 multis

923 2046 998 2081 pyris
1013 2046 1142 2078 incensis,
1163 2053 1218 2073 non
1229 2053 1278 2080 pro
1295 2044 1484 2080 magnitudine
1499 2044 1647 2075 exercitus,
1662 2043 1709 2070 sed

924 2096 954 2118 ut
970 2092 1089 2127 majores
1104 2092 1199 2126 copias
1216 2091 1318 2119 habere
1330 2092 1480 2122 videretur,
1494 2098 1592 2118 omnes
1609 2090 1711 2125 Byzan-

924 2137 996 2164 tinos
1014 2144 1165 2172 suspensos
1180 2137 1313 2169 reddidit,
1329 2142 1358 2163 ut
1374 2136 1432 2164 suis
1450 2136 1583 2171 operibus
1598 2135 1710 2162 omissis

923 2181 1000 2209 littus
1024 2182 1179 2217 oppositum
1206 2182 1392 2212 intuerentur,
1414 2186 1441 2208 et
1463 2180 1581 2208 collibus
1609 2189 1640 2208 ac
1665 2185 1709 2207 tn-

87 2234 134 2251 κον
147 2227 339 2261 διακρατύνειν
352 2229 400 2255 καὶ
415 2230 632 2262 κατασκευάζειν
657 2228 869 2266 ἐπιτειχίσματα
886 2240 909 2268 D
925 2227 1006 2254 ηιυῘῘΒ
1029 2227 1189 2256 (ιοιιεοθηῧῖε
1218 2227 1409 2255 Αηάΐοῐιίθιιῐη
1435 2227 1526 2254 adhuc
1552 2227 1650 2262 ΡΓοῦιιι
1676 2227 1709 2255 ab

83 2271 153 2296 κατὰ
171 2271 203 2297 τὸ
216 2271 268 2303 ἔξω
296 2273 404 2299 Κιόνιον
417 2273 588 2309 διακείμενον
601 2293 608 2307 ,
637 2274 684 2301 καὶ
699 2274 754 2301 τῶν
771 2277 803 2301 ἐκ
823 2275 870 2302 τοῦ

83 2316 167 2350 δήμου
181 2318 256 2349 τινὰς
272 2318 448 2346 ἐπεσπάσατο
463 2320 530 2354 προς
555 2320 651 2347 ἑαυτόν
663 2329 670 2335 ·
686 2320 757 2355 ὁρῶν
781 2321 809 2347 δὲ
832 2321 870 2353 ὡς

926 2274 992 2301 urbe
1006 2278 1143 2300 remotum
1167 2274 1280 2301 nutibus
1302 2274 1387 2301 veluti
1411 2273 1592 2300 attraherent.
1613 2273 1651 2300 lta
1666 2281 1709 2300 res

923 2320 1082 2347 recalvastri
1095 2325 1122 2348 et
1138 2321 1200 2348 cani
1215 2321 1366 2348 Andronici
1386 2320 1581 2355 procedebant.

82 2360 131 2385 οὐκ
142 2362 262 2395 ἁκμαῖός
278 2364 336 2390 ἐστι
359 2365 427 2399 πρὸς
441 2365 576 2400 βασίλειον
611 2366 827 2394 πλεονεκτοῦσαν
858 2368 1018 2395 ἁνθόπλισιν
1048 2367 1094 2393 καὶ
1124 2367 1161 2398 ὡς
1169 2367 1218 2393 οὐκ
1236 2367 1268 2393 ἂν
1280 2367 1355 2403 σχοίη
1375 2366 1566 2403 περιγενέσθαι
1580 2367 1634 2394 τῶν
1653 2371 1710 2394 σια-

83 2407 185 2442 φόρων,
198 2410 266 2444 πρὸς
279 2411 367 2447 φυγὴν
383 2412 596 2447 μεθαρμόζεται,
611 2413 658 2439 καὶ
670 2414 732 2445 τοὺς
750 2414 780 2446 ἐξ
793 2415 867 2446 υἱοὺς
888 2413 1065 2450 παραλαϐὼν,
1079 2414 1128 2441 τὴν
1156 2414 1179 2440 δ’
1194 2413 1359 2449 ὁμόλεκτρον
1374 2414 1420 2441 τοῦ
1433 2414 1514 2450 δόμου
1546 2413 1707 2447 ἀπαγαγὼν,

83 2457 144 2492 νηὸς
161 2458 259 2490 ἐπιϐὰς
275 2459 326 2494 τῆς
343 2461 372 2492 ἐς
390 2461 560 2496 Ἀνδρόνικον
577 2462 704 2488 ἅπτεται.
725 2461 754 2489 '0
768 2462 797 2488 δὲ
811 2463 872 2489 ίδὼν
891 2463 1038 2498 προσιόντα
1049 2463 1093 2489 τὸν
1111 2462 1242 2497 ’Ἄγγελον
1258 2462 1365 2496 λέγεται
1381 2463 1483 2489 εἰπεῖν’·
1494 2472 1503 2489 ι
1533 2463 1609 2494 Ἰδου,
1640 2463 1708 2488 ἁπο-

86 2504 169 2530 στελῶ
183 2504 229 2531 τὸν
246 2505 362 2540 ἄγγελόν
388 2516 438 2542 μου
454 2507 507 2542 πρὸ
532 2508 680 2542 προσώπου
707 2517 766 2541 σου,
794 2509 823 2541 ὃς
856 2510 1057 2537 κατασκευάσει
1091 2508 1140 2545 τὴν
1161 2510 1220 2536 ὁδόν
1253 2518 1301 2536 σου
1321 2509 1477 2544 ἔμπροσθέν
1493 2517 1550 2535 σου.
1566 2518 1581 2534 ι.
1602 2509 1708 2543 Θάρσος

85 2548 128 2577 οὖν
143 2551 188 2577 ἐπὶ
199 2552 231 2586 τῇ
249 2551 297 2578 τοῦ
315 2552 459 2588 ὲξαδέλφου
474 2553 613 2590 παρουσία
626 2553 715 2581 ).αεὼν
750 2554 921 2589 Ἀνδρόνικος
955 2555 1002 2581 καὶ
1034 2554 1068 2582 τὰ
1096 2555 1156 2581 κατ’
1168 2554 1261 2590 ἔφεσιν
1278 2555 1349 2589 ὀρῶν
1370 2556 1562 2592 προϐαίνοντα,
1578 2554 1632 2580 τῶν
1647 2554 1706 2580 ἐνο⁴

85 2595 146 2623 δίων
162 2596 305 2632 ἐκτροπῶν
316 2598 452 2632 ἀφέμενος
463 2600 509 2626 καὶ
524 2600 632 2634 χαίρειν
652 2599 737 2632 ἐάσας
773 2600 822 2632 τὰς
851 2601 943 2632 πόλεις
984 2600 1103 2627 Νίκαιάν
1123 2609 1154 2627 τε
1190 2601 1239 2627 καὶ
1266 2601 1450 2636 Νικομήδειαν
1481 2601 1528 2628 καὶ
1553 2600 1583 2626 τὸ
1609 2597 1705 2633 τῇδεῆ

84 2641 172 2669 ἐκεῖσε
187 2643 434 2679 μεταστρέφεσθαι,
455 2645 523 2680 πρὸς
539 2645 587 2681 τὴν
619 2647 824 2673 Κωνσταντίνου
852 2647 897 2674 τὸν
917 2647 1018 2682 δρόμον
1042 2647 1147 2674 ἀκλινεί
1170 2648 1307 2675 συνέτεινε
1334 2648 1469 2683 νεύματι,
1496 2647 1533 2678 ὡς
1550 2646 1610 2672 ὁδοῦ
1633 2645 1707 2671 Φιλι-

85 2690 174 2724 στιεὶμ
188 2690 238 2724 τῆς
253 2691 282 2722 ἐς
293 2691 378 2727 αὐτὴν
390 2692 525 2727 φερούσης
535 2693 674 2728 ἐχόμενος.
683 2695 739 2722 Καὶ
770 2695 801 2730 δὴ
833 2695 903 2722 κατὰ
921 2695 956 2721 τὰ
975 2695 1078 2722 Humi:
1106 2696 1319 2730 ἐναυλισάμενος
1334 2696 1427 2731 (τόπος
1441 2694 1469 2721 δέ
1495 2694 1553 2720 ἐστι
1575 2692 1661 2720 ταῦτα
1676 2694 1704 2719 ἐν

85 2737 137 2767 τοῖς
151 2735 208 2762 ἄνω
228 2736 400 2771 Χαλκηδόνος
414 2738 587 2773 διακείμενος
608 2739 703 2775 μέρεσι
721 2741 768 2766 καὶ
799 2740 886 2773 οὕτως
905 2741 1117 2776 ὀνομαζόμενος)
1151 2740 1192 2777 [Ρ.
1207 2741 1269 2777 160]
1288 2741 1334 2768 καὶ
1350 2742 1425 2776 πυρὰ
1439 2739 1524 2767 πολλὰ
1538 2737 1641 2770 καύσας
1655 2737 1704 2773 τὴν

85 2781 168 2809 νύκτα
193 2782 258 2817 ὃλην
273 2783 382 2818 ἐκείνην
392 2804 399 2816 ,
417 2784 454 2820 μὴ
478 2786 549 2811 κατὰ
564 2784 642 2820 λόγον
654 2785 705 2821 τῆς
731 2787 865 2822 συνούσης
885 2787 960 2822 αὖτῷ
995 2788 1141 2823 στρατιᾶς,
1159 2787 1218 2814 ἀλλ’
1233 2788 1261 2819 ἐς
1276 2787 1388 2823 δόκησιν
1399 2786 1602 2822 στρατεόματος
1615 2786 1704 2813 πλείο-

86 2836 136 2863 νος,
148 2830 296 2866 ὲκκρεμεῖς
311 2830 409 2858 ἑαυτοῦ
430 2832 493 2864 τοὺς
504 2831 668 2866 Βυζαντίους
700 2834 776 2861 ἔθετο
797 2834 836 2866 ὡς
865 2835 901 2862 τὰ
918 2834 969 2863 ἀνὰ
984 2836 1078 2872 χεῖρας
1096 2835 1264 2871 προεμένους
1276 2834 1344 2870 ἔργα
1359 2836 1399 2866 είς
1412 2834 1461 2870 τὴν
1478 2834 1594 2869 περαίαν
1608 2833 1702 2862 τείνειῐ
