1944 3077
79 140 134 171 611

630 137 798 167 ALEXlUS
816 136 1013 167 MANUELIS
1036 135 1176 166 FILIUS.

1644 132 1699 162 ΕΞΒ

81 196 199 230 καρδίας
222 193 386 229 αίσθητικῆς
405 193 590 228 ίσχυρότερον,
610 193 699 228 αἴρειν
719 193 801 220 αὑτὸν
821 193 868 219 ἐπὶ

921 191 1004 218 animi
1025 192 1134 218 levitate
1149 191 1373 218 criminarentur.
1396 187 1513 216 Proinde
1537 189 1627 223 magni
1653 190 1701 215 do—

81 242 213 270 κλινιδὶου
253 239 421 268 αύτοσκεύου
462 239 660 274 προτρέπεται,
691 239 740 266 καὶ
769 239 867 274 στῆσαι

81 291 217 324 φέροντας
233 288 262 314 ἐν
276 287 397 322 γηλόφῳ,
408 286 469 312 ὅθεν
481 286 566 320 ὁρατά
577 286 601 311 οἱ
615 286 650 312 τά
660 285 731 312 κατὰ
748 284 867 319 πόλεμον

82 335 183 361 ἑσοιτο.
201 331 240 361 Οὗ
258 334 290 368 δὴ
307 333 461 367 γεγονότος,
481 331 529 358 καὶ
546 331 608 361 τοῦς
625 331 694 361 υἱεῖς
718 330 801 356 αὐτοῦ
819 329 868 364 τὴν

83 381 219 416 στρατιὰν
242 379 315 406 κατὰ
340 380 385 404 τδν
411 377 542 404 δοκοῦντά
568 377 592 403 οί
625 376 726 412 τρόπον
755 377 867 408 ἐκτάξαι

83 426 278 457 κελεύσαντος,
304 425 321 459 ὴ
346 423 410 457 νίκη
436 422 596 457 περιφανῶς
620 421 688 456 πρὸς
705 421 736 447 τὸ
762 421 867 447 ἐκείνου

84 471 188 506 μτέῦη
216 469 390 503 στράτευμα·
415 468 447 494 τὸ
470 467 498 494 δὲ
523 466 570 493 τοῦ
596 466 730 500 Λαπαρδᾶ
748 466 781 492 τὰ
796 465 868 492 νῶτα

86 515 241 550 μεταϐαλὸν
261 515 310 540 ἐπὶ
334 514 461 539 πλεῖστον
475 510 509 547 ἧν
527 512 624 547 χρόνον
638 510 802 546 διωκόμενον
822 510 868 536 καὶ

85 562 270 595 κτεινόμενον.
298 560 376 586 Μετὰ
403 558 533 594 βραχείας
559 557 581 583 δ’
607 557 715 592 ἡμέρας
740 556 785 582 τὸν
812 556 868 591 βίον

85 606 328 642 καταστρέψαντος
351 603 398 630 τοῦ
423 603 558 637 Βατάτζη,
582 603 606 628 οἱ
624 602 797 635 Φιλαδελφεῐς
823 609 868 626 πι-

86 652 161 686 κρῶς
175 651 219 676 ἐπ’
236 650 310 684 αὐτῷ
327 650 373 676 καὶ
390 649 481 683 βύθιον
496 647 672 679 ὁλολύξαντες
697 646 868 681 προσχωρεῖν

85 697 253 730 ἐγνὼκιισαν
278 695 449 730 Ἀνδρονίκῳ,
460 694 497 724 ὡς
519 693 555 727 μὴ
569 690 639 718 εἶναι
656 691 729 722 ὅστις
743 691 804 724 οὐχὶ
815 691 868 716 τῶν

85 743 226 768 ἁπάντων.
238 741 271 767 Οί
282 741 310 766 δὲ
325 741 372 767 καὶ
385 741 412 771 ἐς
422 739 506 774 αὐτὴν
523 738 572 772 τὴν
584 737 778 771 βασιλεύουσαν
791 735 868 762 πόλιν

85 787 116 812 τό
134 787 185 820 τῆς
207 784 361 820 προθυμίας
387 783 486 817 πτερὸν
506 782 593 813 ἔλυον,
620 780 668 806 καὶ
697 779 867 814 ’Λνδρόνικον

85 830 284 866 θεραπεύοντες
305 830 377 856 κατὰ
400 828 446 854 τοῦ
469 826 590 857 άετιδοῦς
613 825 719 861 ὄρνιθος
746 824 794 850 τοῦ
817 823 867 850 Βα-

919 236 1024 264 mestici
1043 236 1102 268 ﬁlii,
1117 240 1270 263 metuentes
1286 243 1320 262 nc
1332 234 1524 269 comprehensi
1543 234 1700 261 Andronico

919 281 1112 316 proderentur,
1128 281 1162 308 ad
1177 281 1345 308 lconiensem
1367 280 1506 307 sultanum
1521 280 1698 313 confugiunt;

918 333 1035 361 quorum
1053 326 1207 354 calamitate
1227 326 1394 353 declaratum
1410 330 1451 353 est
1465 325 1578 360 laqueos
1593 330 1621 353 et
1633 326 1702 352 retia

919 372 1017 399 divina:
1032 372 1214 399 Providentia:
1233 372 1371 399 neminem
1392 379 1471 406 posse
1485 372 1611 398 evadere.
1634 372 1702 398 Nam

918 425 980 444 cum
996 417 1097 444 sultani
1111 418 1291 445 cessationem
1307 418 1334 444 in
1350 418 1470 444 ferendis
1486 422 1582 444 contra
1596 417 1702 445 ίιοειι-ιη

919 463 1029 490 auxiliis
1044 462 1158 490 moleste
1174 463 1287 494 ferrent,
1303 463 1381 489 ahire
1405 463 1432 489 in
1460 462 1580 490 Siciliam
1608 463 1703 489 decre-

918 513 1034 540 verunt;
1051 513 1078 536 et
1093 509 1155 535 navi
1169 515 1328 539 conscensa.
1345 508 1478 542 principio
1493 516 1624 543 prospero
1638 508 1702 535 ﬂatu

918 553 1017 581 Cretici
1035 554 1124 588 pelagi
1139 561 1216 581 oram
1227 555 1330 588 legunt.
1346 554 1384 580 lbi
1409 562 1474 581 vero
1487 555 1601 581 adverso
1622 559 1703 580 vento

918 603 1012 626 coorto
1035 599 1067 626 ad
1089 599 1198 626 Cretam
1226 599 1361 634 appellere
1380 599 1479 629 coacti,
1499 604 1527 626 ct
1548 608 1562 626 ιι
1585 600 1702 634 quodam

919 645 1087 678 praesidiario
1109 645 1196 676 Gallo,
1225 653 1258 672 ex
1281 653 1377 672 eorum
1403 645 1500 672 ordine
1524 646 1571 676 qui
1593 653 1704 672 secures

918 694 1037 724 gestant,
1058 690 1158 725 cogniti
1180 690 1464 724 comprehenduntur,
1479 694 1507 716 et
1531 689 1603 724 apud
1618 689 1704 716 Creta:

920 740 1084 769 qurestorem
1105 735 1275 763 deferuntur.
1304 736 1354 768 Qui
1368 743 1429 763 cum
1445 743 1493 762 eos
1508 735 1661 762 incolumes
1676 740 1704 762 ct

922 786 1081 808 commeatu
1095 782 1242 809 instructos
1254 790 1286 809 ex
1299 782 1378 817 343
1403 782 1490 809 insula
1516 781 1654 808 dimittere
1675 780 1703 807 in

920 827 1011 854 animo
1025 827 1148 859 haberet,
1164 836 1215 855 nec
1230 832 1318 855 tamen
1333 835 1411 855 suum
1431 828 1544 862 exsequi
1558 827 1703 854 consilium

85 877 172 912 τάτζη
186 876 299 902 καὶτῶν
315 875 419 901 ἐκείνου
432 873 547 899 νεοττῶν
563 871 684 906 ἔκρωζον
696 870 733 900 ὡς
749 870 867 904 κορῶναι

923 872 976 899 illis
992 873 1046 908 jam
1068 873 1169 907 agnitis
1193 879 1303 908 posset,
1327 881 1384 900 rem
1408 873 1565 900 Andronico
1590 873 1703 899 indicat.

85 921 248 956 λακέρυζαι,
279 920 295 955 ἢ
325 920 391 953 γοῦν
431 919 469 949 ὡς
507 917 630 951 κηφῆνες
666 915 868 950 περιεῦόμὸουν

85 968 187 1002 ἀγυιὰς
204 968 252 994 καὶ
271 966 420 1000 ἀνάκτορα,
431 965 521 991 ὁποῖον
537 963 570 997 δὴ
585 963 637 988 τῶν
651 961 824 996 κακοσχόλων
839 962 869 987 τὸ

922 917 974 950 Qui
990 923 1019 944 ut
1033 918 1104 946 lucis
1119 918 1248 946 inimicus
1259 923 1287 946 et
1301 919 1389 946 oculis
1404 918 1608 949 iniestissimus.
1620 918 1703 944 mise-

923 971 968 990 ros
984 964 1046 991 illos
1061 965 1215 992 Comnenos
1229 969 1355 992 excaecat.

87 1016 255 1051 ἐπιτήδευμα
266 1016 312 1041 καὶ
328 1014 381 1040 τῶν
393 1013 502 1048 δικρόαν
514 1011 669 1046 τρεφόντων
686 1009 807 1043 γλῶτταν
822 1010 867 1035 ἐπὶ
891 1011 936 1036 τοῦ
963 1012 1107 1046 στόματος.
1130 1012 1162 1038 Ol
1186 1011 1215 1038 δὲ
1235 1012 1282 1038 τοῦ
1305 1011 1424 1046 μεγάλου
1451 1011 1610 1045 δομεστίκου
1638 1010 1703 1041 viai,

86 1064 225 1095 δείσαντες
237 1063 275 1098 μὴ
288 1061 444 1097 συσχεθεῖεν
459 1060 504 1086 καὶ
518 1058 744 1093 καταπροδοθεῖεν
773 1057 948 1093 Ἀνδρονίκῳ,
977 1058 1153 1092 μεθίστανται
1183 1059 1288 1086 ἐκεῖθεν
1302 1059 1349 1085 καὶ
1375 1059 1415 1094 τῷ
1445 1059 1550 1085 Ἰκονιεῖ
1567 1057 1704 1091 σουλτάνῳ

87 1111 287 1146 προσρύονται*
306 1110 330 1136 οἳ
356 1111 402 1136 καί
418 1109 541 1142 ὓστερον,
563 1107 591 1140 ἐξ
611 1104 647 1133 ὧν
670 1106 783 1137 ἔπαθον,
812 1105 953 1140 προδήλως
975 1107 1118 1137 ὑπέδειξαν
1152 1108 1189 1142 μὴ
1206 1107 1305 1139 ἐξεῖναί
1334 1116 1386 1133 τινι
1407 1108 1455 1137 τὰς
1484 1105 1574 1139 πάγας
1602 1106 1705 1140 ὑπερα-

87 1158 180 1184 λέσθαι
204 1158 221 1192 ή
248 1158 277 1184 τὸ
303 1156 510 1192 ἀμφίϐληστρον
534 1153 672 1180 διεκδῦναι
698 1152 712 1178 ὃ
732 1152 867 1187 ήᾶνωθεν
886 1152 1003 1184 ἐξέτεινε
1028 1153 1160 1188 Πρόνοια.
1188 1153 1409 1189 Δυσχεράναντες
1435 1153 1489 1186 γὰρ
1514 1153 1559 1178 ἐπὶ
1576 1153 1609 1186 τῇ
1634 1151 1703 1186 μετὰ

87 1205 133 1232 τοῦ
151 1205 297 1231 σουλτάνου
312 1204 407 1239 χρονίᾳ
418 1202 552 1237 διατριϐῇ,
568 1200 605 1232 ὡς
616 1201 665 1227 οὐκ
680 1199 795 1233 ἀμύνειν
815 1201 884 1239 ,τοὺς
911 1200 1025 1235 ἐχθροὺς
1046 1201 1161 1232 ἐκείνοις
1184 1201 1332 1234 ἐθέλοντος,
1350 1201 1390 1232 είς
1426 1200 1551 1226 Σικελίαν
1576 1199 1704 1234 ἀπαίρειν

89 1253 250 1288 κεκρίκασι,
276 1251 323 1276 καὶ.
345 1249 377 1284 δή
403 1249 466 1284 νηὸς
493 1247 638 1277 ἐπιϐάντες
662 1245 710 1272 καὶ
733 1238 820 1280 cupidi
835 1245 869 1271 τὰ
896 1246 991 1280 πρῶτα
1022 1247 1159 1281 πνεύματι
1187 1247 1322 1282 χρώμενοι
1336 1247 1367 1273 τὸ
1381 1247 1520 1281 Κρητικὸν
1531 1245 1704 1277 διαπλωῖζον-

87 1311 131 1329 ται
151 1301 280 1334 πέλαγος.
298 1298 377 1325 Κατὰ
399 1297 427 1324 δὲ
452 1296 531 1322 τοῦτο
566 1294 614 1321 τοῦ
640 1293 794 1329 πνεύματος
832 1294 1006 1325 ἀντιστάντος
1045 1295 1225 1328 ἀναγκαστῶς
1249 1296 1281 1329 τῇ
1312 1295 1407 1330 Κρήτῃ
1440 1294 1630 1328 προσίσχουσι,
1657 1297 1705 1322 καὶ

87 1345 255 1376 γνωσθέντες
271 1343 346 1376 παρά
358 1351 430 1373 τινος
452 1342 542 1368 ἐκεῖσε
556 1339 741 1374 φυλάσσοντος
769 1339 877 1374 (γένους
893 1337 970 1371 οὗτος
995 1340 1042 1366 τοῦ
1068 1340 1256 1375 πελεκυφόρου
1277 1341 1323 1366 καὶ
1341 1339 1485 1373 Κελτικοῦ)
1502 1339 1705 1374 συλλαμϐάνον-

87 1371 196 1421 ﬁt
212 1371 253 1426 ui;
267 1371 317 1425 τῆς
333 1371 445 1424 Κρήτης
464 1371 623 1422 δασμολόγῳ
637 1371 872 1420 καταμηνύονταιι
890 1386 920 1412 '0
943 1386 972 1412 δὲ
998 1386 1090 1420 ᾑρεῖτο
1117 1386 1165 1419 μὲν
1179 1371 1241 1417 τοῦς
1256 1385 1355 1420 ἄνδρας
1372 1371 1491 1412 ἐκσῶσαι
1504 1386 1548 1412 καὶ
1559 1371 1608 1420 της
1621 1387 1705 1420 νήσου

89 1450 102 1466 α
108 1438 228 1474 ρτεμέας
242 1436 395 1470 ἐκπέμψαι.
418 1434 519 1468 ἄλφιτα
539 1432 631 1463 αὐτοῖς
647 1432 867 1465 ἐπισιτισάμενος
886 1434 933 1459 κα¹ι
955 1430 1026 1458 οἶνον
1049 1432 1250 1467 ὑδρευσάμενος
1275 1432 1322 1458 καὶ
1333 1432 1418 1458 τᾶλλα
1433 1433 1466 1458 τὰ
1479 1432 1547 1466 πρὸς
1559 1434 1604 1459 τὸν
1619 1433 1704 1458 πλοῦν

87 1485 228 1519 ἐπιτήδεια
244 1483 412 1518 χορηγήσας,
429 1481 480 1507 οὐκ
496 1480 565 1515 ἔχων
579 1480 602 1506 δ’
616 1480 690 1511 ὅπως
704 1481 819 1514 περανεί
850 1480 884 1505 τὰ
911 1480 982 1506 κατα
999 1480 1100 1506 σκοπὸν
1125 1480 1300 1515 (καταφανεῖς
1313 1481 1366 1515 γὰρ
1381 1482 1430 1516 ἤδη
1450 1483 1505 1513 τοῖς
1519 1481 1621 1507 ἅπασιν
1641 1481 1706 1513 ἐγε‹

88 1531 223 1564 γόνεισαν)
235 1528 302 1563 δῆλα
318 1527 425 1562 τίθησιν
447 1526 608 1560 Ἀνδρονίκῳ
625 1525 659 1552 τὰ
689 1526 760 1552 κατὰ
775 1526 886 1556 τούτους
904 1527 965 1557 τοὺς
988 1526 1106 1557 τάλανας
1128 1526 1296 1561 Κομνηνούς.
1333 1527 1387 1553 Καὶ
1412 1525 1488 1558 οὗτος
1512 1529 1647 1563 μισοφαὴς
1666 1529 1704 1555 ὢν

88 1579 135 1605 καὶ
153 1578 214 1607 ταῖς
232 1577 287 1602 τὼν
302 1574 409 1610 ἀνδρῶν
432 1575 527 1609 κόραις
545 1573 703 1609 ἁκορέστως
719 1573 933 1608 ἁντικαθήμενος
948 1573 993 1600 τοῦ
1007 1574 1094 1608 φωτὸς
1108 1574 1219 1605 τούτους
1235 1575 1390 1610 ἀποστερεῖ.

123 1635 167 1667 ιζ’.
185 1634 252 1659 Τότε
268 1633 291 1659 δ’
309 1632 356 1658 οὖν
375 1632 545 1667 Ἀνδρόνικος
560 1631 635 1658 θείαν
652 1631 807 1666 ἐπισκοπὴν
823 1631 869 1657 τὸν
884 1634 906 1665 C

88 1680 135 1705 τοῦ
153 1678 282 1712 Βατάτζη
298 1677 414 1703 θάνατον
435 1677 622 1712 ἡγησάμενος,
643 1677 689 1702 καὶ
712 1675 871 1711 προστιθεὶς

86 1726 147 1756 ταῖς
172 1724 280 1754 λοιπαῖς
295 1722 393 1749 ἐαυτοῦ
414 1721 623 1756 δολοφροσύναις
638 1722 684 1748 καὶ
709 1721 802 1756 ἕτερον
822 1721 870 1748 τοῦ

89 1770 192 1804 τρόπου
215 1769 412 1803 προκάλυμμα,
437 1767 587 1801 στεφθῆναι
612 1768 801 1802 αὐτοκράτορα
815 1768 872 1793 είσ-

91 1817 201 1850 ηγείται
216 1813 384 1848 τὸνβασιλέα
400 1812 529 1845 Ἀλέξων.
543 1813 598 1839 Καὶ
607 1812 638 1846 δὴ
655 1813 700 1838 ἐπὶ
715 1813 769 1839 τῶν
789 1812 871 1847 ὤμων

87 1861 158 1895 ἄρας
174 1859 255 1886 αὑτὸν
271 1859 317 1884 καὶ
337 1858 407 1892 μετὰ
426 1857 552 1891 δακρύων
576 1857 686 1892 θερμῶν
703 1859 741 1888 είς
761 1858 806 1884 τὸν
821 1858 871 1892 τῆς

87 1906 218 1941 Μεγάλης
234 1905 384 1939 ἐκκλησίας
392 1903 560 1937 ἀνακομίσας
570 1903 689 1929 ἀνάσταθ
694 1911 743 1937 μον
751 1903 797 1928 ἐπὶ
806 1903 872 1937 μάρ-

86 1960 150 1978 τυσι
166 1951 282 1986 μυριάσι
300 1951 411 1981 πολλαῖς
429 1949 549 1984 πλήθους
560 1948 679 1975 ἀστυκοῦ
692 1949 739 1974 καὶ
752 1948 871 1979 ἀλλοίου,

88 1998 135 2023 καὶ
148 1997 229 2024 πάλιν
244 1996 345 2030 ὁμοίως
370 1996 475 2021 ἐκεῖθεν
496 1993 679 2027 κατενεγκὼν,
703 1993 775 2025 ἔδοξε
797 1994 871 2028 φιλο-

89 2042 267 2076 στοργότερος
284 2039 355 2067 εἶναι
375 2040 479 2074 πατρὸς
501 2041 549 2066 καὶ
568 2040 628 2074 χεὶρ
645 2039 718 2071 δεξιὰ
730 2039 870 2073 ἐπιστῆναι

87 2089 127 2123 τῷ
139 2088 228 2122 νεαρῷ
242 2089 292 2122 τῆς
304 2087 443 2121 βασιλεὺς
460 2087 573 2122 ὅρπηκι.
594 2086 622 2111 ’0
638 2085 666 2111 δέ
680 2085 710 2111 τὸ
726 2085 772 2110 τοῦ
790 2085 871 2111 Δαὸὶδ

88 2133 218 2167 ἄντικρυς
227 2132 315 2162 διξοὺς
326 2132 438 2166 πέρατι,
448 2131 461 2157 ὅ
470 2140 562 2165 φησιν,
577 2130 712 2165 ιῈπάρας
720 2129 871 2164 κατὲῥρπξὲ

89 2187 135 2214 με,
149 2188 158 2204 ι
176 2178 304 2204 διενοεῖτο
315 2177 402 2204 ταῦτα
418 2177 462 2212 [Ρ.
480 2176 542 2212 ﬁl]
559 2178 605 2202 καὶ
618 2176 753 2202 ἐπετέλει.
771 2176 816 2209 Τῷ
830 2183 871 2201 τοι

88 2226 136 2251 καὶ
159 2225 263 2254 πάντας
279 2223 400 2249 ἐκποδὼν
416 2223 510 2248 θέσθαι
536 2221 723 2256 προθυμηθεὶς
746 2220 870 2255 διεξῆγεν

88 2271 125 2302 ὡς
141 2271 235 2306 ᾑρεῖτο
257 2268 292 2295 τὰ
313 2269 385 2295 κατὰ
407 2269 457 2302 τὴν
475 2267 614 2302 βασιλείαν
629 2267 794 2300 πράγματα.
817 2266 870 2292 τῶν

87 2316 157 2342 ὅλων
182 2314 276 2349 κύριος
300 2312 453 2344 καθεστώς.
481 2314 536 2339 Καὶ
560 2313 657 2347 πρῶτα
686 2311 738 2345 μὲν
759 2311 808 2345 τὴν
821 2311 868 2337 τοῦ

87 2360 220 2395 βασιλέως
239 2360 344 2394 μητέρα
359 2358 406 2384 τοῦ
422 2357 482 2384 υἱοῦ
498 2359 545 2384 καὶ
563 2358 697 2392 βασιλέως
714 2357 869 2390 ἀποστῆσαι

87 2405 259 2440 βουλόμενος,
272 2404 322 2430 οὐκ
337 2404 434 2438 ἔληγεν
445 2403 529 2438 αὐτῆς
542 2402 752 2437 καταὸοώμενος
764 2402 811 2428 καὶ
824 2403 870 2428 τὸν

85 2452 290 2479 απονοστοῦντα
311 2451 509 2485 πλαττόμενος,
537 2450 651 2483 φάσκων
676 2447 869 2474 ἀντικαθίστα-

86 2498 149 2524 σθαι
161 2499 185 2524 at
195 2498 310 2532 ταυτηνὶ
322 2495 510 2530 προδηλότατα
520 2496 567 2520 καὶ
580 2494 647 2528 πρὸς
662 2493 752 2519 πᾶσαν
768 2491 869 2527 πρᾶξιν

86 2543 134 2570 καὶ
150 2545 276 2578 μηχανὴν
287 2541 326 2576 τῷ
342 2541 424 2575 κοινῷ
437 2541 486 2574 τῆς
501 2540 639 2570 πολιτείας
652 2540 698 2565 καὶ
711 2538 750 2573 τῷ
765 2538 871 2572 βασιλεῖ

85 2588 262 2614 αυνοὶσουσαν
275 2584 536 2615 ἀντιπολιτεύεσθαι,
551 2583 596 2610 καὶ
609 2584 654 2609 τὸν
669 2584 755 2617 δῆμον
766 2584 805 2613 εἰς
820 2582 869 2614 τὰς

85 2633 146 2658 κατ’
162 2632 246 2665 αὐτῆς
264 2630 442 2665 ὲξεκύμαινεν
460 2628 566 2663 ὕϐρεις,
585 2628 622 2658 ὡς
638 2627 768 2658 πολλάκις
785 2627 822 2657 εἰς
839 2626 868 2652 τὸ

85 2678 158 2712 ἱερὸν
189 2678 301 2711 ἀρχεῖον
328 2674 600 2709 ἐκδημαγωγηθέντσ.
629 2671 866 2707 συναθροισθῆναι,

83 2723 216 2757 καὶπρὸς
240 2722 289 2757 τὴν
313 2721 382 2747 κατά
399 2718 448 2755 τῆς
471 2719 615 2753 δεσποίνης
642 2717 738 2753 σκέψιν
762 2725 792 2744 τε
818 2718 867 2744 καὶ

85 2769 286 2805 προίούλευσιν
296 2766 448 2801 ἐξαρπάσαι
458 2765 505 2791 καὶ
520 2764 557 2800 μὴ
568 2764 664 2790 ἑκόντα
676 2764 721 2790 τὸν
731 2763 867 2798 πατριάρ-

85 2823 134 2849 χην
151 2821 198 2839 τον
221 2812 293 2837 πάνυ
318 2811 364 2836 τὸν
391 2809 542 2841 Θεοδόσιον,
565 2808 613 2835 καὶ
640 2808 865 2836 παοαειάσασθαι

247 2876 383 2907 Parnm.
406 2875 465 2906 Gn.
490 2875 655 2907 CXXXIX.

958 1632 1001 1660 l7.
1023 1633 1061 1660 Ac
1076 1632 1195 1660 Batatzis
1207 1633 1312 1660 obitum
1335 1634 1457 1661 divinum
1479 1635 1642 1663 beneﬁcium
1665 1637 1706 1664 ili-

924 1681 1108 1711 terpretatus,
1133 1679 1238 1705 czeteris
1261 1679 1332 1706 dolis
1346 1679 1427 1706 etiam
1450 1680 1523 1707 hunc
1548 1682 1647 1716 adjecit
1663 1683 1707 1709 in-

922 1722 995 1756 genii
1011 1723 1053 1749 sui
1070 1723 1259 1751 dissimulandi
1277 1732 1368 1752 causa.
1381 1725 1484 1752 Auctor
1498 1731 1540 1752 est
1555 1728 1704 1754 coronandi

921 1767 1024 1799 Alexii,
1040 1775 1159 1802 eumque
1178 1769 1206 1796 in
1224 1769 1354 1797 humeros
1378 1771 1479 1797 elatum
1505 1771 1656 1807 lacrymans
1677 1774 1704 1800 in

921 1812 1023 1845 Magnae
1048 1813 1171 1841 ecclesiae
1197 1815 1341 1842 ambonem
1368 1816 1498 1850 pertulit;
1533 1822 1613 1852 atque
1641 1818 1705 1845 inde

922 1858 1032 1890 retulit,
1060 1864 1090 1886 ut
1112 1863 1218 1894 patrem
1239 1861 1339 1894 pietate
1362 1870 1492 1896 superare
1512 1863 1653 1890 videretur
1677 1868 1706 1891 et

922 1903 1102 1932 adolescentis
1115 1905 1287 1939 imperatoris
1298 1907 1454 1941 praesidium
1469 1908 1627 1941 haberetur,
1641 1917 1704 1937 cum

923 1950 980 1983 ipse
994 1950 1067 1977 aliud
1093 1950 1120 1977 in
1136 1951 1227 1978 animo
1248 1952 1372 1983 haberet,
1397 1960 1428 1979 ac
1452 1953 1610 1980 Davidicum
1638 1954 1704 1982 illud

921 1997 1048 2030 agitaret,
1070 2006 1078 2021 ι
1095 1986 1201 2024 Elatum
1215 2005 1258 2024 me
1268 1998 1361 2025 allisit.
1378 2007 1387 2023 ο
1398 1998 1487 2030 Quare
1499 2000 1705 2027 omnibusaula:

921 2042 1083 2075 proceribus
1102 2042 1201 2070 amotis
1212 2063 1219 2074 ,
1235 2050 1395 2078 summaque
1414 2052 1504 2071 rerum
1524 2045 1550 2071 in
1566 2053 1594 2072 se
1611 2051 1702 2073 trans-

922 2087 987 2118 lata,
1014 2088 1157 2121 imperium
1171 2095 1220 2115 suo
1232 2089 1365 2116 arbitratu
1380 2090 1508 2124 gerebat;
1522 2099 1553 2118 ac
1566 2092 1702 2126 principio

922 2137 1037 2158 matrem
1062 2132 1246 2166 imperatoris,
1261 2138 1292 2173 ut:
1307 2138 1399 2168 aperte
1415 2134 1466 2161 sibi
1487 2140 1515 2162 et
1530 2136 1704 2170 imperatoris

921 2183 954 2203 ac
967 2177 1007 2203 rei
1027 2177 1144 2211 publica:
1158 2178 1311 2205 commodis
1334 2179 1535 2213 adversantem,
1561 2181 1702 2209 criminari

922 2229 975 2248 non
991 2220 1107 2253 destitit,
1123 2230 1206 2257 seque
1225 2223 1410 2251 discessurum
1427 2225 1525 2252 iterum
1541 2226 1679 2254 simulavit
1694 2236 1702 2259 ;

921 2272 949 2293 et
966 2267 1065 2301 populo
1082 2267 1116 2294 a'd
1131 2275 1191 2295 eam
1209 2269 1341 2296 conviciis
1359 2270 1530 2298 lacerandam
1553 2272 1702 2305 concitato,

922 2311 980 2338 suis
995 2312 1102 2340 artibus
1118 2313 1210 2340 effecit
1225 2318 1254 2341 ut
1270 2315 1297 2341 in
1316 2322 1393 2342 sacro
1407 2316 1508 2351 palatio
1522 2319 1701 2351 conveniret,

920 2361 948 2383 et
963 2357 1144 2391 patriarcham
1157 2358 1238 2395 344
1249 2359 1433 2388 Theodosium
1449 2362 1613 2397 importunis
1621 2365 1705 2400 ﬂagi—

922 2402 1071 2437 tationibus
1092 2409 1120 2430 et
1139 2405 1244 2431 crebris
1271 2407 1404 2434 conviciis
1427 2409 1590 2443 perpelleret
1615 2415 1645 2437 ut
1675 2411 1704 2438 iu

921 2448 1103 2482 imperatricis
1136 2449 1297 2484 eiectionem
1334 2459 1349 2478 e
1385 2453 1487 2486 palatio
1522 2455 1702 2482 consentiret.

921 2493 1007 2520 Tanta
1024 2495 1095 2521 enim
1111 2495 1337 2524 circumforaneae
1359 2499 1444 2526 turba:
1468 2500 1593 2527 vecordia
1623 2505 1702 2533 erat,

921 2545 950 2566 ut
965 2541 1114 2568 timendum
1135 2548 1208 2569 esset
1227 2551 1260 2570 ne
1275 2544 1302 2570 in
1324 2544 1436 2571 barbam
1459 2546 1520 2580 ejus
1536 2546 1702 2579 involaront,

921 2585 990 2612 nihil
1014 2587 1169 2613 elucentem
1192 2588 1219 2614 in
1236 2596 1269 2615 eo
1296 2590 1503 2617 sanctimoniam
1528 2591 1657 2623 reveriti,
1674 2591 1703 2618 ni

919 2631 1067 2658 Andronici
1094 2633 1249 2666 postulatis,
1270 2639 1300 2660 ut
1324 2636 1358 2661 ab
1385 2635 1483 2669 injuria
1506 2641 1578 2662 esset
1601 2636 1702 2668 tutior,

921 2677 1070 2704 annuisset.
1084 2677 1140 2704 Beli
1154 2686 1263 2714 quoque
1277 2680 1393 2714 judices.
1411 2679 1619 2708 Monasteriotcs
1633 2681 1702 2714 Leo,

922 2722 1068 2750 Tornicius
1092 2724 1248 2752 Demetrius
1274 2730 1302 2752 et
1323 2725 1521 2753 Constantinus
1549 2727 1701 2760 Patrenus,

920 2766 1042 2793 nondum
1065 2768 1092 2794 in
1109 2769 1202 2796 album
1221 2777 1316 2796 eorum
1335 2770 1459 2805 inscripti
1474 2771 1521 2806 qui
1543 2771 1702 2800 Andronico

922 2812 1088 2844 studebant,
1123 2822 1172 2840 nec
1204 2815 1375 2848 apertissime
1405 2815 1478 2842 illius
1506 2816 1702 2851 cupiditatibus

1487 2877 1554 2917 σοι
