1951 3084
217 133 271 165 619

218 188 381 223 mancipati,
396 189 458 216 vita:
474 189 626 223 periculum
648 188 787 215 adierunt.
803 186 870 213 Nam
892 186 928 212 de

217 236 352 268 peratrice
374 234 524 262 sententias
543 234 630 268 rogati
649 233 849 267 responderunt
864 239 898 258 se
928 238 942 265 p
973 225 1030 253 Γὶυδ

218 280 287 307 velle
306 287 482 314 cognoscere.
498 287 532 306 an
559 279 585 306 id
603 279 749 306 concilium
773 277 807 305 de
829 277 951 311 imperat
975 271 1030 297 πίε

218 323 353 350 sententia
377 327 501 350 coactum
529 329 612 350 esset.
635 323 693 355 Qua
718 313 845 349 oratione
864 326 959 354 .tanqu
986 323 1028 342 itm

218 369 330 397 stimulo
343 369 505 396 vulneratus
516 368 708 395 Andronicus:
725 376 733 392 ε
750 367 794 393 Isti
811 366 969 399 ευιιι,λίη‹μι
996 360 1027 393 il.

219 416 266 450 qui
293 415 514 450 protosebastum
545 414 577 441 ad
607 414 654 440 illa
678 413 799 439 facinora
825 411 972 445 impellunt
1018 414 1024 431 ε

217 459 443 494 comprehendite
465 467 523 486 eos.
543 468 553 485 ι
571 458 669 486 Statim
691 457 773 492 igitur
797 456 930 484 satellites
946 455 987 489 gla
1015 465 1026 470 -

218 504 279 531 dios
295 512 364 539 quos
380 504 461 539 345
482 503 605 530 humeris
626 502 798 530 sustinebant
827 501 854 528 in
878 501 939 527 illos
961 499 995 526 \"i-
1017 509 1026 514 -

218 551 344 582 brarunt;
362 555 389 577 et
403 550 519 584 populus
536 548 730 583 chlamydibus
743 555 838 574 eorum
849 545 1001 581 apprchen-

218 597 257 624 sis
274 596 347 622 viros
371 603 419 630 per
443 595 635 622 contumeliam
656 594 709 621 huc
729 598 757 620 et
779 593 845 619 illuc
863 591 955 620 traxit.
975 593 1006 618 ut

218 647 335 669 mortem
355 649 425 676 aegre
440 641 604 675 ctl'ugerent.
625 639 672 667 llis
692 639 810 674 peractis
829 637 1005 665 Andronicus

219 694 346 722 proceres
360 687 473 719 invasit;
489 686 535 720 qui
554 693 615 712 cum
632 693 663 712 ea
681 684 801 712 facinora
821 682 934 710 ferenda
948 689 1006 708 non

219 733 364 764 ducerent,
377 736 404 759 et
417 731 572 766 Cyclopiam
586 738 692 758 caenam
716 735 779 756 ante
801 729 896 756 oculos
918 727 1006 754 habe-

220 781 290 809 rent,
310 777 391 804 ﬁdem
417 777 488 804 inter
510 784 570 803 sese
590 776 726 802 dederunt
742 779 770 801 ct
782 776 1004 808 acceperunt,-et

220 823 396 851 concordiam
417 822 590 849 sanctissimo
610 820 788 856 iureiurando
814 819 1002 849 ﬁrmaverunt,

219 871 293 906 pacti
308 878 337 898 se
354 877 406 897 nec
422 869 510 897 oculis
527 876 654 896 somnum
670 869 777 895 visuros
794 874 845 893 nec
866 865 1004 900 capitibus

220 916 340 952 quietem
368 915 500 947 daturos,
519 915 546 941 ni
570 914 647 948 prius
667 912 872 943 Andronicum,
896 910 919 938 si
944 909 1005 936 ﬁeri

221 966 324 996 posset,
339 960 525 992 sustulissent.
538 964 568 987 ut
581 963 679 994 suopte
694 959 786 994 potius
797 964 880 992 quam
892 955 1006 983 concha:

221 1007 353 1042 sanguine
373 1008 440 1041 (qua
461 1010 564 1033 vestem
579 1012 655 1032 suam
674 1004 780 1038 tingere
793 1002 926 1037 cupiens,
946 1007 1006 1027 om—

221 1060 284 1080 nem
310 1051 512 1086 imperatoriam
537 1051 651 1084 stirpem
677 1049 795 1076 evcllere
817 1052 846 1075 et
875 1052 1006 1080 tanquam

221 1097 348 1124 immanis
373 1096 462 1124 bellua
475 1096 608 1123 devorare
631 1094 796 1127 conaretur)
821 1098 1006 1128 purpurasce-

222 1148 273 1171 ret.
288 1143 428 1178 Conjurati
442 1146 522 1169 erant
534 1141 708 1169 Andronicus
723 1139 818 1174 Angeli
832 1137 1007 1166 Constantini

222 1189 309 1222 titius,
340 1196 455 1223 magnus
478 1188 533 1215 dux
556 1186 729 1214 Andronicus
746 1184 1005 1218 Contostephanus,

220 1240 249 1262 ct
263 1236 362 1262 horum
377 1234 425 1261 ﬁlii
442 1233 562 1261 sedecim
572 1253 579 1265 ,
596 1240 690 1260 omnes
704 1231 756 1258 viri
770 1230 876 1258 robusti
899 1234 927 1256 et
950 1229 1010 1255 bel-

220 1280 322 1312 licosi;
350 1279 499 1314 Logotheta
523 1278 613 1305 dromi
639 1277 799 1305 Camaterus
823 1275 958 1306 Basilius,
981 1278 1009 1301 et

221 1327 267 1354 alii
296 1325 452 1359 complures
476 1323 563 1358 juncti
589 1330 689 1357 genere
711 1322 771 1353 eis.
799 1321 848 1348 viri
876 1321 1008 1347 illustres.

221 1372 275 1400 Sed
291 1378 322 1398 ea
345 1369 512 1404 conspiratio
528 1369 635 1403 prodita
653 1376 708 1395 non
731 1367 779 1394 diu
802 1367 882 1394 latuit
898 1366 1009 1393 Andro—
1026 1368 1035 1384 1

222 1417 331 1449 nicum;
356 1415 403 1450 qui
428 1415 531 1449 impetu
552 1414 624 1441 facto
649 1414 676 1441 in
698 1414 886 1441 Andronicum
911 1411 1007 1446 Angeli

223 1461 308 1488 ﬁlium
320 1480 327 1492 ,
346 1465 401 1487 tum
415 1459 497 1495 346
513 1467 567 1486 non
591 1459 685 1493 procul
705 1467 720 1486 a
743 1459 923 1486 terrestribus
941 1464 1010 1484 mce-

222 1508 304 1535 nibus
320 1507 499 1536 habitantem,
517 1505 594 1532 illum
616 1512 678 1532 cum
695 1509 814 1539 quatuor
834 1504 897 1531 ﬁliis
918 1504 945 1530 in
961 1511 1009 1530 ex-
1021 1510 1052 1552 θ’

222 1554 314 1582 silium
350 1553 406 1587 agit
432 1561 438 1578 ε
465 1559 527 1578 nam
554 1558 654 1585 sagena
676 1550 824 1577 satellitmn
858 1549 1007 1576 Andronici

222 1599 401 1634 cupidissime
419 1598 530 1630 evitata,
546 1603 752 1630 conscensaque
771 1603 832 1622 cum
848 1595 910 1621 ﬁliis
928 1595 1006 1621 navi-

222 1646 294 1676 cula.
321 1644 415 1671 vacuis
446 1643 586 1677 amphoris
610 1650 671 1677 qua:
694 1642 721 1669 in
744 1650 776 1669 ea
805 1647 882 1669 erant
900 1641 1006 1676 ejectis,

223 1690 373 1726 periculum
392 1689 436 1715 vix
451 1688 573 1715 evitavit.
597 1687 836 1721 Contostcphanus
853 1695 914 1713 cum
938 1694 1007 1721 qua-

220 1743 285 1763 tuor
316 1734 379 1761 ﬁliis
406 1738 435 1760 et
465 1734 625 1761 Camaterus
661 1732 776 1758 Basilius
813 1731 1007 1766 comprehensi

223 1790 318 1810 omnes
332 1784 512 1808 excaecantur.
529 1780 595 1806 ltem
611 1779 656 1806 alii
673 1787 727 1806 non
740 1779 867 1809 convicti.
880 1786 913 1805 ex
936 1778 1006 1804 tanta

223 1829 355 1854 duntaxat
382 1833 468 1860 eaque
493 1826 619 1859 ambigua
651 1824 869 1859 conjurationis,
896 1824 1007 1850 easdem

223 1881 317 1908 poenas
333 1873 479 1899 dederunt.
504 1870 544 1897 Ad
567 1870 640 1897 hunc
667 1869 777 1896 modum
803 1869 837 1896 iis
851 1877 920 1902 quos
942 1869 1006 1895 olim

223 1918 436 1953 comprehensos
458 1916 597 1951 cupiebat,
615 1923 664 1949 per
691 1915 862 1941 occasionem
887 1914 914 1941 in
931 1918 1009 1948 pote-

222 1970 320 1991 statem
345 1963 473 1994 redactis,
502 1966 529 1988 et
556 1961 617 1988 aliis
642 1961 669 1988 in
698 1967 837 1987 carcerem
862 1960 1005 1995 conjectis,

222 2009 282 2036 aliis
299 2009 325 2035 in
344 2008 470 2035 exsiliunt
489 2006 573 2037 actis,
596 2005 658 2033 aliis
681 2004 761 2032 aliter
785 2004 916 2035 multatis,
944 2010 1007 2030 cunt

223 2062 324 2090 paucos
358 2052 504 2080 admodum
537 2051 657 2086 reliquos
695 2057 754 2078 esse
789 2053 926 2081 cerneret,
959 2048 1008 2083 qui

222 2101 322 2127 omissa
350 2098 522 2133 pertinacia,
548 2097 699 2124 errantium
738 2095 878 2122 stellarum
909 2103 1005 2126 more,

222 2154 305 2174 cursu
329 2146 356 2172 in
384 2145 551 2172 contrarium
577 2148 682 2170 mutato
703 2143 754 2170 sibi
773 2142 926 2174 studerent,
955 2141 1006 2169 do«

834 129 924 160 me);
951 124 1009 154 ’r/E
1031 124 1236 156 CHONIATIE

979 181 1029 207 im-
1043 184 1068 210 Α
1083 179 1210 207 κάκεῖνον
1224 181 1368 218 εὑδοκῆσαι
1393 185 1428 213 δι’
1455 187 1652 224 ὑπομνήματος
1669 189 1718 223 τὴν
1735 191 1767 216 ἐκ
1783 191 1868 224 μέσου

1815 136 1869 166 620

1081 226 1182 261 ταύτης
1200 229 1366 261 μετάστασιν
1380 231 1428 257 καὶ
1442 233 1493 268 τὴν
1508 234 1540 260 ἐκ
1554 236 1608 261 τῶν
1624 235 1766 269 βασιλείων
1777 238 1869 269 ἄποιο-

1082 280 1134 299 σιν.
1152 272 1227 307 Τάχα
1241 274 1264 300 δ’
1293 275 1326 301 ἂν
1340 277 1454 303 καὶτῶν
1477 281 1589 312 γενείων
1602 281 1686 308 αὑτοῦ
1703 268 1868 309 ἐπελάϐοντο

1080 317 1134 342 τῶν
1159 318 1297 353 ἀγοραίων
1323 321 1349 346 ot
1375 323 1594 358 κυνογνώμονες,
1623 327 1687 361 παρ’
1716 328 1792 353 οὐδὲν
1817 329 1869 362 τὴν

1080 362 1276 396 ἐμπρέπουσαν
1291 365 1388 400 ἐκείνῳ
1407 367 1516 401 θέμενοι
1535 370 1672 404 ὁσιότητα,
1689 371 1714 398 εἰ
1732 372 1768 408 μὴ
1785 373 1868 399 κατέ-

1079 416 1156 433 νευσε
1177 409 1245 443 πρὸς
1261 411 1297 437 τὰ
1319 413 1385 446 παρ’
1408 413 1579 448 Ἀνδρονίκου
1597 417 1756 451 αἰτούμενα,
1775 418 1820 443 ἐπὶ
1835 417 1868 443 τὸ

1079 453 1109 498 εὖ
1124 453 1253 486 διατιθεὶς
1268 456 1318 491 τὴν
1340 457 1387 483 τοῦ
1408 459 1532 486 κινδύνου
1549 462 1728 495 σφοδρότητα.
1756 463 1866 498 Μικροῦ

1078 497 1106 523 δὲ
1131 499 1227 533 ἐδέησε
1257 501 1430 528 κινδυνεῦσαι
1455 505 1521 539 περὶ
1545 505 1575 531 τὸ
1599 505 1649 540 ζῇν
1664 508 1718 533 κάκ
1736 508 1790 533 τῶν
1810 509 1860 534 τοῦ

1078 543 1167 578 Βήλου
1196 546 1298 580 κριτῶν
1314 547 1359 573 τὸν
1374 548 1508 584 Τορνίκην
1518 550 1690 585 -Δημήτριον,
1712 552 1757 578 τὸν
1772 554 1865 580 Μονα-

1078 590 1232 625 στηριὼτην
1245 591 1348 618 Λέοντα
1363 595 1409 619 καὶ
1425 595 1629 623 Κωνσταντῖνον
1645 597 1692 623 τον
1710 599 1865 633 Πατρηνὸν,

1077 634 1106 660 οὔ
1115 644 1155 661 πω
1165 636 1204 670 τῷ
1217 636 1308 672 κύκλῳ
1322 640 1510 674 ἐγγραφέντας
1519 633 1576 668 τῶν
1598 643 1763 678 Ἀνδρονίκῳ
1777 653 1864 678 προσ-

1057 680 1208 715 ’θεμένων,
1233 684 1300 718 μηδὲ
1328 686 1396 719 πρὸς
1415 686 1470 712 πᾶν
1494 687 1627 722 ἐράσμιον
1648 690 1746 724 ἐκείνῳ
1769 690 1863 716 δουλο-

1077 727 1271 761 γραφηθέντας
1287 730 1450 764 τρανότερον
1466 732 1512 758 καὶ
1527 733 1556 758 τὸ
1580 734 1645 767 γόνυ
1669 734 1773 768 βαθέως
1790 737 1863 770 κάμ-

1072 770 1188 805 ψαντας.
1205 773 1237 799 Ol
1256 774 1307 808 μὲν
1321 775 1375 809 γὰρ
1391 777 1590 812 ἀπαιτούμενοι
1610 781 1640 805 τὺ
1657 782 1864 815 παριστάμενον

1072 818 1163 844 εἰπεῖν
1187 818 1256 853 πρὸς
1282 820 1316 846 τὰ
1346 821 1416 848 κατὰ
1444 823 1493 857 τῆς
1523 823 1667 860 δεσποίνης
1694 827 1862 861 εἰσαγόμενα

1074 862 1180 889 ἐθέλειν
1196 866 1312 898 πρώτως
1324 866 1427 900 ἔφασαν
1440 869 1536 903 μαθεῖν
1549 871 1572 896 ει
1586 871 1600 896 ὀ
1615 871 1744 903 σύλλογος
1757 873 1861 903 ἐκεῖνος

1064 909 1122 934 -καὶ
1138 908 1157 942 ἡ
1173 909 1330 941 συνέλευσις
1346 912 1392 938 καὶ
1407 913 1423 947 ἡ
1438 913 1502 947 περὶ
1519 914 1572 940 τῶν
1591 917 1782 950 προκειμένων
1798 917 1860 949 ὲξέ-

1064 963 1150 987 «tam;
1178 955 1253 983 κατὰ
1281 955 1393 992 γνώμην
1419 958 1525 991 γίνεται
1549 960 1595 985 τοῦ
1620 963 1785 995 κρατοῦντος
1811 963 1860 988 καὶ

1063 1001 1207 1036 ⁴ὁρισμόν⁸
1229 1001 1244 1027 ὁ
1263 1001 1285 1028 δ’
1307 1003 1476 1037 ’Λνδρόνικος
1498 1005 1535 1036 ὡς
1554 1005 1708 1042 βουκέντρῳ
1725 1008 1765 1043 τῷ
1786 1008 1861 1043 λόγῳ

1063 1046 1159 1080 τούτῳ
1172 1046 1301 1080 τρωθεὶς,
1311 1057 1320 1073 ι
1335 1045 1502 1082 Οὗτοίείσιν,
1514 1060 1523 1075 ι
1537 1051 1649 1084 ἔφησεν,
1665 1061 1673 1078 ι
1689 1054 1712 1078 oi
1726 1054 1770 1079 τὸν
1784 1062 1863 1088 πρω-

1064 1091 1237 1118 confiunt»;
1254 1093 1398 1127 ἐνάγοντες
1416 1094 1456 1125 εις
1473 1096 1504 1120 τὸ
1514 1096 1547 1121 τὰ
1562 1097 1650 1123 ἄτοπα
1663 1097 1729 1132 δρᾷν
1739 1107 1746 1114 ο
1761 1099 1858 1126 συλλά-

1039 1167 1041 1169 η
1063 1137 1134 1163 ιῦετε
1149 1137 1258 1168 αὐτούς,
1279 1148 1288 1164 ι
1308 1139 1362 1165 Καὶ
1373 1139 1402 1166 τὸ
1413 1141 1465 1166 ἀπὶ·
1477 1142 1552 1167 τοῦδε
1563 1143 1586 1168 οἱ
1603 1143 1652 1177 μὲν
1666 1144 1810 1180 δορυφόροι
1823 1146 1860 1173 τὰ

1069 1182 1119 1207 ἐπὶ
1147 1182 1203 1208 τῶν
1227 1181 1309 1217 ὤμων
1342 1184 1509 1219 ἑτερόθηκτα
1537 1187 1601 1222 ξίφη
1624 1189 1660 1219 ὡς
1685 1190 1859 1224 καθιξόμενος

1066 1228 1244 1261 κατήνεγκαν
1254 1235 1262 1243 θ
1276 1229 1290 1253 ὁ
1300 1228 1328 1255 δὲ
1343 1229 1429 1263 δῆμος
1440 1231 1501 1265 τῇδέ
1515 1239 1543 1257 τε
1559 1234 1669 1259 κάκεῖσε
1684 1235 1736 1260 τῶν
1750 1236 1856 1269 χιαμύ‹

1062 1272 1124 1298 -δων
1139 1272 1285 1307 λαϐόμενοι
1297 1275 1461 1309 περιέφερον
1474 1277 1538 1308 τοὺς
1553 1278 1652 1313 ἄνδρας
1666 1279 1728 1313 μεθ’
1739 1279 1857 1312 ὕϐρεως.

1067 1317 1108 1348 ὡς
1126 1318 1202 1352 μόλις
1216 1319 1347 1352 ἐκφυγεῖν
1365 1320 1394 1345 τὸ
1411 1321 1513 1348 θανεῖν.
1530 1322 1614 1348 Τοῦτο
1638 1323 1661 1349 δ’
1677 1323 1776 1355 ἀνύσας
1795 1324 1858 1350 Ἀνα

1061 1363 1194 1397 «δρόνικος
1208 1365 1266 1395 τοῖς
1282 1367 1428 1399 μεγιστᾱσι
1450 1367 1599 1401 μετέπειτα
1620 1358 1765 1402 ὲπειρύετο.
1783 1370 1813 1395 Οἱ
1825 1370 1856 1395 δὲ

1065 1409 1106 1440 ὼς
1123 1409 1176 1435 οὐκ
1189 1410 1292 1436 ἀνεκτὰ
1302 1411 1337 1436 τὰ
1347 1412 1460 1438 τοιαῦτα
1473 1413 1541 1446 ἔργα
1557 1413 1729 1449 ὑφορώμενοι
1744 1416 1790 1441 καὶ
1804 1416 1858 1449 τὴν

1066 1455 1251 1482 Κυκλώπειον
1266 1457 1395 1492 ἄντικρυς
1411 1459 1465 1493 πρὸ
1479 1459 1628 1493 ὀφθαλμῶν
1643 1460 1750 1494 ἔχοντες
1768 1470 1857 1488 κατα-

1064 1501 1201 1537 θοίνησιν,
1217 1503 1344 1537 ἀλλήλοις
1364 1504 1470 1535 πίστεις
1495 1505 1585 1536 δόντες
1600 1514 1629 1532 τε
1653 1507 1699 1533 καὶ
1713 1506 1856 1540 λαϐόντες,

1062 1550 1112 1576 καὶ
1127 1548 1177 1583 τὴν
1199 1549 1328 1582 ὁμόνοιαν
1343 1551 1547 1585 κρατυνάμενοι
1563 1551 1609 1578 καὶ
1628 1552 1721 1585 ὅρκοις
1740 1553 1771 1578 τὸ
1788 1554 1857 1587 ὀμό-

1063 1603 1150 1620 πνουν
1185 1595 1352 1629 φρικώδεσιν
1389 1597 1609 1630 ὲμπεδώσαντες,
1644 1599 1786 1625 συνέθεντο
1816 1600 1856 1635 μὴ

1062 1641 1156 1667 δοῦναι
1171 1641 1258 1667 ὕπνον
1281 1643 1337 1672 τοῖς
1353 1642 1515 1676 ὀφθαλμοῖς,
1532 1643 1600 1677 μηδὲ
1616 1646 1671 1674 τοῖς
1692 1646 1856 1678 κροτάφοις,

1063 1687 1087 1711 εἰ
1099 1686 1226 1716 δυνατὸν,
1240 1687 1432 1720 παρασχέσθαι
1443 1687 1611 1719 ἀνάπαυσιν,
1624 1687 1676 1719 ἓως
1690 1686 1720 1714 οὗ
1731 1689 1855 1715 θανεῖται

1069 1731 1239 1767 Ἀνδρόνικος
1253 1734 1299 1757 καὶ
1316 1732 1346 1757 τὸ
1362 1733 1456 1758 τούτου
1469 1731 1538 1766 αἷμα
1552 1733 1604 1767 πρὸ
1617 1734 1663 1759 τοῦ
1683 1734 1732 1766 τῆς
1749 1735 1854 1769 κόγχης

1061 1780 1196 1813 χρώσειεν
1218 1777 1310 1808 αὐτὸν,
1337 1777 1367 1808 ἐξ
1393 1775 1426 1813 ἧς
1443 1777 1527 1812 βάψαι
1552 1778 1602 1813 τὴν
1624 1779 1727 1804 οἰκείαν
1753 1779 1852 1813 στολὴν

1062 1824 1238 1858 ἱμειρόμενος
1260 1823 1353 1848 πᾶσαν
1377 1823 1426 1856 τὴν
1451 1823 1587 1856 βασίλειον
1601 1824 1733 1858 φυταλιὰν
1747 1825 1856 1859 ἐκριζοί

1061 1872 1107 1896 καὶ
1117 1870 1155 1901 ὡς
1169 1871 1262 1904 μονιδς
1276 1867 1484 1902 διαλυμαίνεται
1497 1869 1604 1903 ἄγριος.
1625 1868 1715 1896 Ἦσαν
1735 1870 1763 1896 δὲ
1779 1870 1854 1896 οὖτω

1061 1915 1282 1950 συνομοσάμενοι
1313 1914 1484 1948 ’Λνδρόνικος
1511 1915 1525 1940 ὁ
1552 1915 1608 1946 υἱὸς
1637 1915 1684 1941 τοῦ
1719 1916 1852 1949 ’Δγγέλου

1060 1961 1279 1992 Κωνσταντίνου,
1293 1960 1309 1985 ὁ
1329 1960 1419 1993 μέγας
1435 1960 1499 1992 belli
1525 1961 1692 1994 Ἀνδρόνικος
1711 1962 1724 1986 ό
1749 1963 1850 1988 Κοντοο

1060 2006 1203 2040 στέφανος,
1219 2007 1266 2031 καί
1279 2006 1303 2032 οἱ
1321 2005 1426 2031 τούτων
1438 2006 1507 2037 υίεῖς
1521 2006 1666 2032 ἑκκαίδεκα
1678 2007 1764 2037 ὄντες,
1780 2009 1850 2033 πὰν-

1059 2062 1104 2085 τες
1125 2054 1239 2088 ἀκμαῖοι
1260 2053 1307 2078 καὶ
1329 2053 1471 2086 ῥομφαίαν
1487 2054 1657 2089 ἐσπασμένοι
1680 2055 1748 2088 πρὸς
1768 2055 1851 2081 πόλε-

1062 2108 1121 2134 μον,
1136 2099 1149 2125 ὁ
1167 2098 1215 2125 τοῦ
1233 2097 1274 2134 [Ρ.
1296 2097 1361 2134 172]
1376 2098 1479 2133 δρόμου
1493 2099 1639 2133 λογοθέτης
1653 2101 1666 2125 ὀ
1682 2101 1851 2136 Καματηρος

1059 2145 1212 2176 Βασίλειος,
1241 2144 1288 2170 καὶ
1316 2144 1412 2177 συχνοὶ
1439 2143 1528 2177 ἕτεροι
1554 2145 1625 2173 κατὰ
1650 2145 1728 2178 γένος
1756 2147 1848 2177 αυτοῖς

224 2193 303 2219 minae
321 2191 471 2226 perniciem
486 2190 613 2222 molitur;
629 2197 661 2216 ac
676 2193 739 2223 post
759 2189 850 2215 varias
878 2188 1007 2215 crimina-

1066 2189 1260 2224 συναπτόμεναι
1276 2189 1324 2215 καὶ
1339 2189 1429 2219 ἄλλως
1441 2188 1473 2214 τὸ
1485 2190 1624 2223 ἐπίσημον
1637 2189 1757 2224 ἔχοντες.
1775 2191 1849 2217 Ἀλλ’

224 2239 312 2266 tiones
341 2237 469 2264 miseram
500 2235 641 2262 mulierem
671 2234 787 2261 concilio
818 2242 953 2267 suorum,
980 2238 1008 2261 et

223 2292 319 2320 eorum
337 2283 461 2318 judicum
484 2286 556 2309 coetu
584 2285 696 2312 coacto,
717 2280 763 2315 qui
790 2288 845 2307 non
859 2280 1009 2316 judicaturi

223 2330 303 2367 3&7
331 2329 379 2357 sed
406 2327 561 2355 damnaturi
577 2331 667 2358 erant,
683 2326 848 2361 proditionis
875 2330 1007 2353 accusat:

224 2384 285 2404 eam
302 2375 336 2403 ad
351 2375 442 2401 Belam
457 2373 602 2406 Hungarire
618 2379 720 2407 regem.
743 2371 846 2399 sororis
869 2371 1008 2401 maritum.

225 2421 337 2449 crebras
351 2419 459 2447 dedisse
475 2419 591 2449 litteras,
611 2421 638 2444 ct
651 2417 754 2452 magnis
768 2416 1010 2450 pollicitationibus

224 2475 288 2495 eum
309 2465 450 2500 impulisse
462 2468 492 2490 ut
506 2462 683 2490 Branizobam
705 2466 734 2488 et
756 2461 939 2495 Belligradum
963 2468 1011 2487 va-

225 2518 320 2541 staret.
341 2512 435 2546 ltaque
462 2510 488 2536 in
516 2508 740 2546 angustissimum
764 2515 902 2534 carcerem
926 2515 1010 2542 prope

226 2561 255 2589 S.
269 2559 409 2588 Diomedis
428 2556 623 2584 monasterium
650 2555 830 2589 ignominioso
853 2554 1009 2582 abducitur.

228 2607 278 2635 Ubi
294 2611 322 2634 et
336 2604 482 2632 custodum
497 2600 624 2628 ludibriis
647 2608 679 2627 ac
696 2600 874 2627 contumeliis
890 2606 917 2627 et
940 2601 1010 2628 fame

226 2651 327 2685 sitique
344 2649 452 2679 aﬁlicta,
473 2646 615 2674 saevissimi
633 2645 769 2672 carniﬁcis
792 2653 902 2672 manum
921 2647 1011 2674 conti-

228 2702 327 2724 nenter
341 2686 530 2730 exspectabat.
553 2692 727 2719 Andronicus
739 2699 806 2719 vero
830 2692 898 2719 nihil
923 2693 1013 2720 immi-

228 2748 296 2769 nuta
313 2740 421 2767 feritate
434 2759 441 2770 ,
463 2737 532 2765 nihil
547 2737 600 2766 nisi
618 2740 697 2763 atrox
713 2741 741 2763 et
755 2736 867 2763 crudele
890 2737 1013 2772 cogitans

229 2794 257 2815 ct
281 2788 374 2814 vivere
400 2785 473 2812 illam
499 2783 621 2818 graviter
640 2781 743 2813 ferens,
765 2789 818 2809 non
840 2782 926 2808 multo
951 2787 1013 2816 post

230 2833 391 2868 injuriarum
407 2831 548 2858 ministros
563 2827 672 2863 judices
687 2833 834 2859 cenvoeat,
852 2835 912 2862 qua!
933 2835 1012 2862 poena

1060 2236 1111 2263 οὐκ
1131 2236 1210 2262 ἔλαθε
1226 2235 1255 2261 τὸ
1276 2235 1443 2269 σύστρεμμα
1465 2234 1512 2261 τὸν
1540 2235 1718 2271 Ἀνδρόνικον,
1740 2237 1791 2262 οὐκ
1808 2239 1849 2269 εἰς

1059 2282 1134 2312 τέλος
1154 2279 1306 2315 ἄφθεγκτον
1333 2280 1381 2306 καὶ
1409 2280 1527 2314 κρύφιον
1548 2280 1702 2316 διαμεῖναν.
1734 2282 1780 2307 Διὸ
1801 2285 1850 2309 καὶ

1060 2328 1160 2354 αὐτίκα
1184 2327 1231 2359 ὅγε
1250 2326 1319 2352 κατὰ
1335 2325 1382 2351 τοῦ
1404 2325 1463 2351 υἱοῦ
1490 2325 1537 2352 τοῦ
1563 2326 1693 2360 ’Λγγέλου
1710 2327 1848 2363 ὁρμήσας,

1062 2372 1160 2407 μικρὸν
1171 2370 1272 2397 ἄποθεν
1283 2369 1462 2403 αὐλιζομένου
1475 2370 1530 2396 τῶν
1544 2371 1680 2406 χερσαίων
1692 2371 1783 2397 πυλῶν
1798 2373 1850 2407 τῆς

1061 2417 1165 2447 πόλεως
1192 2415 1354 2450 τηνικαῦτα,
1373 2415 1478 2440 ἐκεῖνον
1496 2416 1548 2449 μὲν
1571 2417 1678 2449 φυγάδα
1698 2418 1766 2451 μετὰ
1794 2418 1850 2444 τῶν

1061 2463 1142 2489 υἱέων
1163 2461 1284 2496 τίθησιν,
1305 2461 1450 2491 ἀσπασίως
1475 2461 1638 2495 διεκδρὰντα
1660 2462 1708 2496 τὴν
1726 2464 1850 2497 σαγήνην

1061 2508 1094 2542 ἣν
1115 2507 1139 2532 οἱ
1157 2507 1301 2541 ὁπλοφόροι
1330 2505 1501 2540 Ἀνδρονίκου
1522 2506 1599 2540 αὐτῴ
1623 2506 1797 2538 διεπέτασαν,
1816 2511 1848 2534 ἐκ

1061 2553 1109 2580 τοῦ
1137 2553 1213 2588 μόλις
1249 2552 1356 2586 ἀκατίῳ
1386 2553 1544 2586 περιτυχεῖν
1571 2553 1719 2587 ἀμφορέων
1748 2543 1848 2588 πλῆρει

1063 2601 1161 2629 κενῶν,
1175 2599 1222 2624 καὶ
1237 2598 1305 2624 αὐτὰ
1320 2597 1369 2631 μὲν
1385 2597 1523 2628 ὲκτινάξαι
1534 2598 1574 2627 είς
1589 2598 1726 2624 θάλασσαν
1739 2599 1789 2625 ὅσα
1802 2603 1850 2626 καὶ

1061 2645 1270 2680 ὰμφιὸλήστρου
1286 2643 1420 2675 σκύϐαλα,
1435 2644 1514 2670 αὐτὸν
1526 2643 1547 2669 δ’
1563 2645 1591 2670 ἐν
1603 2644 1693 2680 τούτῳ
1706 2645 1852 2672 διεκπλεῦ-

1064 2700 1108 2718 σαι
1128 2691 1195 2726 μετὰ
1209 2690 1263 2716 τῶν
1279 2689 1382 2715 παίδων
1400 2689 1477 2724 μόλις
1491 2689 1536 2715 τὸν
1556 2689 1694 2716 κίνδυνον
1710 2692 1755 2717 τὶν
1769 2691 1797 2717 δέ
1818 2701 1850 2725 γε

1064 2736 1285 2768 Κοντοστέφανον
1310 2735 1481 2769 συνειληφὼς
1504 2736 1551 2761 καὶ
1563 2736 1700 2770 τέσσαρας
1719 2737 1774 2762 τῶν
1787 2738 1853 2763 παις

1064 2785 1116 2811 δων
1129 2783 1177 2810 καὶ
1190 2783 1235 2808 τὸν
1254 2782 1421 2817 Καματηρον
1445 2782 1586 2808 Βασίλειον
1608 2783 1714 2814 πάντας
1727 2783 1852 2819 ὲξομμα-

1065 2828 1193 2862 τοῖ,πρδς
1207 2827 1234 2853 δε
1258 2827 1306 2853 καὶ
1327 2827 1432 2859 ἄλλους,
1458 2827 1575 2858 ὁπόσους
1599 2828 1628 2853 οὺ
1654 2828 1714 2862 μετ’
1736 2829 1852 2864 ἔλεγχον
