1951 3084
220 121 270 153 631

219 176 401 213 parricidium
426 173 532 206 ulcisci,
560 172 662 200 delicit.
687 173 722 200 Et
749 173 813 207 quia
839 174 950 202 videbat
969 175 997 201 in
1013 177 1034 204 Α

219 221 368 249 Occidente
391 220 481 247 locum
503 217 557 245 sibi
574 225 629 244 non
645 217 780 250 futurum,
799 225 850 245 nec
865 219 997 253 collegam

219 266 345 294 Alexium
367 265 481 291 Branam
501 270 646 298 passurum
671 263 774 290 moveri
791 262 873 298 360
893 264 997 298 aliquid

220 316 317 338 contra
339 309 537 342 Andronicum,
563 308 591 334 in
612 308 751 336 Orientem
776 309 861 343 magis
888 309 941 336 sibi
958 309 1000 336 fa-

219 356 353 383 miliarem
387 354 506 382 intendit
539 354 678 386 animum,
713 354 815 388 quippe
847 354 894 381 ubi
928 362 999 390 saepe

220 400 337 428 maxima
358 399 472 433 imperia
501 399 628 434 gessisset
643 418 650 430 ,
670 403 698 426 et
714 399 841 426 homines
861 399 895 426 ad
917 399 993 427 defe—

219 446 338 473 ctionem
351 452 428 479 eque
443 451 593 479 propensos
601 451 661 471 esse
681 444 776 471 sciret.
793 444 888 479 Itaque
901 445 998 472 Branaa

218 492 330 525 collegae
355 489 504 525 persuadet
525 494 554 516 ut
576 489 676 516 ibidem
692 495 860 524 perseveret,
879 490 943 517 dum
965 491 999 518 ad

219 541 360 564 recentem
380 536 575 570 imperatorem
597 535 818 569 proﬁcisceretur
835 544 842 562 :
862 536 920 570 ipse
941 541 998 564 sta-

219 585 269 611 tim
295 583 347 610 iter
370 583 520 618 ingressus,
545 581 644 608 famam
673 589 705 609 ea
724 589 835 616 quoque
861 591 922 617 quae
948 583 1000 610 sub

220 635 292 657 terra
315 629 402 656 latent
424 629 591 663 perspicere.
614 632 642 655 et
665 628 757 656 futura
775 636 846 662 saepe
869 633 999 663 tanquam

221 676 292 702 facta
312 674 484 709 promulgare
498 673 617 706 solitam,
635 674 793 701 antevertit.
809 673 861 701 Ubi
875 673 999 701 Orestia-

220 720 294 752 dem,
316 727 378 755 qua:
395 727 469 747 nunc
492 719 687 754 Adrianopolis
711 719 873 754 appellatur,
899 721 926 748 in
953 728 1002 754 pa-

222 765 302 792 triam
324 773 401 792 suam
422 765 559 800 pervenit;
584 765 723 799 paulisper
750 765 790 792 ibi
814 771 1000 793 commoratus

221 811 286 838 dum
301 818 416 838 sorores
431 811 572 843 salutaret,
588 818 643 838 non
664 810 780 838 ulterius
797 812 995 844 cunctandum,

222 856 268 883 sed
285 860 386 890 quanta
405 856 580 883 festinatione
595 861 699 891 posset,
723 857 750 885 in
770 856 910 884 Orientem
933 865 1000 884 con-
1017 845 1039 872 Β

224 901 392 929 tendendum
405 901 524 929 censuit.
536 902 594 929 Jam
607 901 680 929 enim
698 901 779 933 fama,
793 906 824 928 ut
835 902 934 937 loquax
947 908 999 934 est,

223 947 249 974 in
264 947 356 974 triviis
370 951 398 974 et
410 947 520 981 plateis.
539 947 565 973 in
589 947 704 974 summis
721 947 859 975 mmnibus
881 954 908 976 et
926 957 1001 976 cam-

222 994 275 1027 pis,
301 993 352 1020 viri
379 993 468 1027 fugam
504 992 661 1019 celebrabat
680 997 708 1020 et
729 1000 836 1020 summa
857 993 1002 1022 velocitate

222 1039 324 1073 passim
349 1039 506 1074 spargebat.
528 1039 621 1073 Itaque
639 1043 720 1066 nocte
738 1046 793 1066 una
817 1039 851 1066 ad
862 1047 937 1067 mare
956 1041 1004 1067 de-

222 1084 338 1114 scendit,
363 1085 573 1119 eonscensisque
609 1085 727 1112 navibus
752 1085 786 1112 ad
816 1085 1003 1121 Hyelocastel-

223 1130 288 1157 lium
303 1138 334 1157 ea
347 1130 381 1157 de
403 1138 485 1158 causa
501 1131 603 1165 paratis
619 1130 729 1166 trajicit.
744 1130 795 1158 Ubi
811 1139 873 1158 cum
893 1132 1002 1165 paulum

224 1177 395 1211 respirasset,
425 1185 454 1204 se
476 1177 616 1203 interitum
650 1181 678 1203 et
700 1182 829 1204 cruentas
853 1177 1004 1205 Andronici

225 1222 318 1250 fauces
340 1223 468 1258 effugisse
491 1223 614 1249 rebatur.
637 1225 771 1249 Cancrum
798 1228 911 1257 apparet
931 1223 1005 1251 hunc

224 1276 334 1302 quoque
355 1268 481 1295 lancibus
511 1268 544 1294 ad
574 1267 674 1294 Orcum
698 1268 860 1299 urgentibus
883 1269 1006 1296 aProvi-

224 1314 319 1341 dentia
342 1321 376 1341 ex
391 1314 463 1340 libro
479 1314 542 1340 vitze
564 1314 684 1340 deletum
699 1319 727 1340 et
741 1314 890 1341 Andronici
907 1315 1006 1341 crude-

224 1358 294 1385 litati
318 1358 502 1385 condonatum
522 1357 618 1385 fuisse.
638 1358 797 1393 Nam.361
812 1358 926 1386 reﬂante
944 1358 1004 1385 Nn-

226 1404 299 1431 minc
317 1404 424 1431 illorum
443 1404 570 1431 manibus
586 1404 830 1439 comprehenditur
853 1409 882 1432 et
903 1404 1008 1432 adAn-

227 1449 372 1475 dronicum
386 1449 516 1482 mittitur,
535 1457 653 1484 quorum
672 1457 723 1484 ope
738 1458 768 1477 sc
782 1457 838 1477 non
857 1451 939 1478 modo
953 1451 1006 1477 sal-

227 1502 291 1521 vum
308 1499 336 1521 et
355 1495 476 1526 beatum.
500 1495 673 1529 sedﬁsummis
689 1496 771 1522 etiam
788 1496 888 1522 studiis
898 1496 1004 1523 Antlro-
1021 1509 1042 1536 ο

228 1539 284 1566 nici
299 1539 433 1566 victorem
454 1539 514 1567 fore
532 1544 665 1574 sperarat.
683 1540 784 1567 Verum
801 1545 880 1567 erant
894 1541 938 1567 illa
951 1541 1007 1567 uti-

227 1592 281 1619 que
313 1585 430 1612 infelicis
461 1586 543 1612 animi
569 1585 696 1620 ﬁgmenta
728 1590 755 1613 et
778 1591 885 1620 spectra
915 1586 1005 1613 inania

228 1631 409 1658 somniorum.
436 1631 502 1657 Nam
529 1638 590 1657 cum
606 1631 807 1665 Adramyttittm
825 1632 1006 1665 pervenisset,

228 1685 242 1703 a
267 1676 386 1711 quodam
409 1677 539 1711 Cephala,
561 1677 618 1704 viro
641 1676 667 1704 in
693 1677 748 1704 illis
767 1677 834 1704 locis
858 1678 963 1712 potenti
975 1683 1003 1705 et

229 1722 371 1755 primario.
391 1727 420 1748 ut
436 1721 517 1748 [idem
534 1729 610 1748 suam
630 1730 694 1757 erga
717 1726 859 1756 tyrannum
881 1722 1008 1750 declara-

229 1771 281 1797 ret,
308 1766 524 1801 comprehensus
557 1767 716 1794 Andronico
742 1773 835 1802 parata
857 1768 946 1795 hostia
975 1767 1007 1794 ad

227 1812 329 1839 caedem
355 1811 479 1845 offertur,
508 1816 590 1846 atque
615 1811 722 1839 effossis
744 1813 832 1839 oculis
854 1813 881 1839 in
911 1813 1009 1839 Pante-

228 1858 303 1892 popti
320 1854 517 1885 monasterium
529 1858 685 1893 conjicitur,
703 1857 875 1892 iniquitatem
893 1858 1010 1885 fortuna:

228 1911 284 1930 suae
305 1903 453 1938 deplorans
477 1912 483 1930 :
508 1911 570 1930 cum
595 1904 630 1930 ob
655 1903 866 1938 pulcherrimam
898 1912 1008 1931 causam

229 1949 377 1976 discrimen
392 1949 556 1976 defectionis
569 1949 692 1981 adiisset,
710 1950 784 1976 illam
797 1950 927 1984 prudenti
945 1958 1010 1977 con-

229 1994 291 2021 silio
305 1999 397 2029 spreto
414 2002 445 2021 ac
460 1995 539 2029 plane
553 1994 686 2021 destituto
702 1995 787 2029 pejori
804 1995 874 2029 parti
898 1995 1008 2022 favisse.

229 2039 268 2066 Ita
297 2039 368 2066 Deus
391 2047 446 2066 non
469 2040 552 2066 vitam
570 2040 656 2066 solum
674 2040 776 2066 laboris
787 2046 814 2067 et
831 2040 949 2067 tristitia:
962 2048 1011 2066 ex-

230 2090 347 2119 pertem.
369 2086 417 2112 sed
441 2086 611 2113 imminentis
637 2086 717 2112 etiam
740 2087 816 2113 exitii
837 2091 866 2113 et
890 2092 1009 2114 tularum

230 2131 369 2156 actionum
395 2131 592 2164 praenotionem
615 2131 768 2158 abscondit.
803 2131 851 2158 Hic
877 2133 948 2159 enim
970 2132 1011 2159 vir

230 2182 302 2208 saepe
318 2175 438 2207 praeclari
455 2175 533 2202 ducis
551 2176 661 2203 functus
680 2177 786 2207 olliciis,
805 2185 867 2204 cum
883 2183 943 2211 post
961 2178 1011 2204 itu-

231 2220 366 2254 peratoris
387 2220 474 2246 Alexii
489 2221 595 2247 obitum
622 2222 780 2249 Andronico
805 2223 908 2250 servire
934 2228 1012 2257 turpe

232 2266 346 2292 duceret
361 2274 393 2293 ac
407 2271 509 2293 certam
526 2271 643 2295 mortem
663 2273 691 2294 et
709 2272 833 2295 naturam
854 2270 961 2303 tyranni
979 2270 1011 2296 ad

233 2311 334 2338 caedem
370 2313 567 2346 promptissimi
599 2314 721 2342 vitaret.
755 2314 781 2340 in
824 2315 883 2348 ejus
917 2323 1014 2342 manus

232 2357 330 2384 incidit
366 2365 447 2392 quem
483 2358 618 2392 fugiebat:
653 2363 682 2384 et
703 2367 783 2393 quem
819 2369 834 2387 a
864 2365 940 2394 tergo
969 2360 1012 2387 iu-

233 2407 306 2430 stare
331 2403 456 2437 putabat,
476 2409 491 2429 θ
513 2403 593 2438 362
616 2404 705 2431 fronte
726 2410 752 2431 ct
780 2405 968 2432 adversarium
986 2412 1014 2433 et

231 2449 365 2475 victorem
389 2448 486 2475 habuit
504 2449 626 2481 obvium,
645 2457 696 2477 nec
709 2450 795 2477 multo
812 2455 874 2485 post
887 2452 1012 2478 moritur.

231 2493 407 2521 Andronicus
426 2501 491 2521 vero
508 2495 568 2528 ejus
592 2494 746 2523 defectione
765 2496 801 2523 ita
820 2501 1013 2524 consternatus

231 2539 297 2571 fuit,
323 2544 353 2566 ut
374 2543 431 2566 toto
452 2545 574 2574 tempore
597 2540 668 2574 fugat
693 2540 766 2568 illius
792 2541 905 2569 exitium
931 2543 1012 2576 capiti

232 2592 283 2612 suo
300 2584 444 2612 imminere
469 2589 589 2619 putaret.
616 2585 755 2613 Metuebat
769 2586 842 2613 enim
861 2586 1012 2621 Lapardam

233 2635 264 2657 ut
279 2633 308 2656 et
340 2630 437 2657 ducem
461 2631 626 2657 acerrimum
641 2635 669 2658 et
686 2631 776 2658 virum
794 2633 1012 2667 magnanimum;

232 2680 260 2703 et
286 2676 350 2710 quia
372 2676 483 2704 videbat
498 2684 561 2704 eum
588 2677 779 2712 persequendo
801 2683 830 2706 et
852 2678 938 2705 armis
964 2679 1014 2706 dc-

232 2721 329 2748 bellari
346 2730 401 2750 non
418 2730 510 2758 posse.
525 2724 558 2750 ad
571 2723 725 2751 litterarum
741 2725 882 2752 solertiam
898 2733 1013 2753 convcr-

233 2767 318 2798 titur;
333 2773 361 2795 et
378 2769 555 2797 callidissimo
568 2770 686 2797 consilio
707 2770 837 2804 epistolas
859 2770 891 2797 ad
911 2771 1014 2805 prima-

234 2811 290 2839 rios
316 2812 495 2841 Orientalium
530 2815 733 2849 provinciarum
770 2816 905 2851 przesides
946 2817 1010 2843 dolo

829 116 975 148 NICETA!
995 115 1196 148 CI-IONIATA!

1779 117 1834 147 632

1050 173 1124 209 παθῆ
1136 173 1228 200 κακῶν
1241 173 1409 208 διατηρήσας
1418 192 1427 205 ,
1439 173 1462 199 si
1475 174 1508 208 τῇ
1523 173 1604 208 βουλῇ
1618 172 1704 208 ταύτῃ
1717 173 1836 206 ἐπέμενε

1049 219 1096 246 καὶ
1118 220 1156 254 μὴ
1176 218 1245 254 πρὸς
1265 217 1367 253 πρᾶξιν
1387 218 1483 251 ἑτέραν
1505 218 1733 252 μετακεκὺεευτο.
1754 218 1832 253 Ἐρα-

1050 264 1124 296 σθεὶς
1139 264 1167 290 δέ
1184 263 1276 296 κακῶς
1293 263 1403 298 δράσειν
1420 263 1590 298 Ἀνδρόνικον
1605 264 1653 289 καὶ
1669 262 1719 296 τῆς
1735 263 1774 294 είς
1789 263 1837 288 τὸν

1050 309 1144 344 κύριον
1161 310 1207 336 καὶ
1226 309 1338 344 βασιλέα
1356 309 1528 344 παρανομίας
1545 308 1719 343 ἀμύνασθαι,
1739 309 1838 344 θαρρεῖ

1049 356 1099 390 τὴν
1113 355 1273 388 ἀπόστασιν,
1289 356 1334 382 καὶ
1347 355 1395 390 τὴν
1406 354 1511 389 δυσμὴν
1525 354 1596 388 ὁρῶν
1610 355 1640 380 οὐ
1656 355 1836 388 χωρήσουσαν

1050 400 1130 427 αὑτὸν
1145 401 1214 435 μήτε
1228 401 1280 436 μὴν
1294 400 1516 435 παραδεξομένην
1527 399 1576 434 τὴν
1591 399 1649 425 κατ’
1665 399 1836 433 Ἀνδρονίκου

1051 447 1138 482 ὁρμὴν
1151 447 1194 473 διὰ
1205 448 1250 473 τὸν
1264 447 1385 481 παρόντα
1401 446 1446 472 καὶ
1461 444 1700 479 συστρατηγοῦντα
1715 445 1837 478 Βρανᾶν,

1050 493 1100 527 τὴν
1116 492 1154 519 Eu)
1174 492 1340 525 φαντάζεται
1358 493 1405 517 καὶ
1426 491 1495 525 πρὸς
1516 491 1624 525 ἐκείνην
1641 490 1755 515 ἐκτείνει
1771 489 1838 519 τοὺς

1051 537 1219 572 ὀφθαλμοὺς,
1233 538 1280 564 καὶ
1293 538 1330 568 ὡς
1343 537 1542 571 συνηθεστέραν
1558 537 1606 570 μὲν
1620 535 1709 569 ἐαυτῴ
1723 534 1838 570 ἄρξαντι

1052 583 1113 609 κατ’
1125 582 1210 618 αὐτὴν
1231 583 1360 613 πολλάκις
1379 583 1428 614 τὰς
1451 583 1581 617 μεγίστας
1605 581 1709 616 ἀρχὰς,
1730 581 1777 606 καὶ
1799 581 1838 610 ὡς

1053 628 1142 662 θερμὰ
1166 628 1194 654 δὲ
1217 628 1285 662 προς
1308 628 1484 654 άντιστασίαν
1505 627 1554 661 οὐχ
1578 623 1659 662 ἦττον
1681 626 1839 660 τρέφουσαν

1053 674 1176 708 σώματα.
1197 676 1304 708 ’Δμέλει
1321 674 1367 700 καὶ
1381 674 1418 707 τῷ
1435 673 1598 708 συνηγεμόνι
1613 673 1704 707 Βρανᾷ
1719 671 1840 699 κοινολο-

1053 721 1217 754 γησάμενος,
1230 721 1278 746 καὶ
1291 720 1386 750 πείσας
1403 720 1472 745 κατὰ
1487 720 1578 754 χώραν
1592 719 1682 753 μένειν
1693 718 1745 749 ’έως
1757 717 1840 748 αὐτὸς

1053 767 1122 802 πρὸς
1139 767 1185 793 τὸν
1204 766 1361 801 πρεσσὺτην
1381 766 1438 801 ἅμα
1458 767 1504 792 καὶ
1525 766 1680 799 πρόσφατον
1700 763 1840 799 αὐτοκρά-

1053 821 1121 846 τορα
1143 813 1338 848 παραγένοιτο,
1357 813 1392 843 ὡς
1415 811 1488 847 εἶχεν
1508 812 1588 844 εὐθὺς
1610 810 1769 846 ἐξώρμησε,
1791 810 1841 845 τὴν

1053 859 1146 893 φήμην
1167 858 1345 893 «meam,
1364 859 1380 892 ἢ
1402 859 1447 883 καὶ
1466 857 1500 883 τὰ
1520 858 1571 884 ὑπὸ
1591 857 1643 892 γῆν
1661 857 1842 893 κρυπτόμενα

1054 904 1129 938 διορᾷ
1154 905 1201 930 καὶ
1222 904 1256 930 τὰ
1280 905 1449 938 γενησόμενα
1474 903 1604 935 πολλάκις
1627 904 1665 935 ὡς
1688 904 1737 938 ἤδη
1761 911 1843 937 γεγε-

1053 959 1084 985 νη
1090 950 1157 984 μένα
1168 949 1315 984 διατρανοῖ.
1327 950 1381 976 Καὶ
1394 949 1513 982 γεγονὼς
1525 949 1596 975 κατὰ
1607 949 1657 984 τὴν
1669 949 1840 983 Ὀρεστιάδα,

1055 995 1126 1022 εῐποι
1140 994 1163 1020 δ’
1174 995 1205 1021 ἄν
1217 1003 1260 1025 τις
1273 994 1352 1025 ἄλλος
1367 993 1598 1028 Ἀδριανούπολιν.
1613 995 1659 1027 ἀφ’
1668 992 1701 1029 ἧς
1715 994 1841 1028 ὥρμητο,

1054 1042 1101 1068 καὶ
1122 1042 1206 1077 βραχύ
1223 1051 1250 1068 τι
1270 1043 1475 1077 ἐγκαρτερήσας
1491 1042 1537 1068 καὶ
1554 1041 1615 1067 ὅσον
1624 1042 1683 1071 ταῖς
1700 1041 1757 1066 ἐκεῖ
1774 1048 1843 1066 κατ-

1056 1087 1193 1117 οικούσαις
1215 1086 1341 1120 ἀδελφαῖς
1363 1086 1495 1121 ὁραθῆναί
1508 1094 1537 1112 τε
1551 1086 1597 1111 καὶ
1612 1084 1794 1116 συντάξασθαι
1808 1084 1843 1109 τὰ

1056 1132 1195 1165 ἀπόδημα,
1210 1132 1281 1166 ἐγνω
1299 1132 1336 1167 μὴ
1352 1132 1507 1167 περαιτέρω
1523 1131 1647 1162 ἐλινύειν,
1662 1130 1764 1160 ἀλλ’ὡς
1782 1129 1842 1155 ἐνὸν

1056 1170 1233 1212 ὲπῗσπέρχειν
1249 1178 1297 1212 τὴν
1314 1179 1343 1210 ἐς
1360 1178 1397 1204 ἐω
1416 1178 1567 1212 περαίωσιν
1602 1177 1652 1211 ἤδη
1671 1177 1725 1210 γὰρ
1743 1175 1843 1210 ἀθυρό-

1056 1222 1175 1256 γλωττος
1191 1219 1225 1257 ἦν
1241 1223 1257 1257 ἡ
1274 1222 1364 1257 φήμη,
1381 1222 1429 1248 καὶ
1445 1222 1491 1247 ἐπὶ
1508 1221 1620 1255 τριόδων
1639 1222 1685 1247 καὶ
1704 1220 1843 1247 πλατειῶν

1057 1269 1149 1303 ἄκρων
1162 1276 1190 1294 τε
1203 1269 1314 1303 τειχέων
1327 1268 1373 1294 καὶ
1386 1267 1476 1302 δόμων
1489 1267 1617 1301 εὐστόμει
1631 1266 1679 1301 τὴν
1692 1266 1843 1300 ἀπόδρασιν

1057 1313 1103 1339 τοῦ
1120 1313 1233 1348 ἀνδρὸς,
1250 1313 1297 1339 καὶ¹
1313 1313 1434 1347 πολλαχῆ
1451 1313 1534 1339 ἐτίθει
1549 1312 1767 1345 διατοξεύσιμον.
1784 1311 1845 1346 Μιᾷ

1057 1359 1147 1386 τοίνυν
1161 1360 1238 1385 νυκτὶ
1254 1359 1319 1392 πρὸς
1337 1359 1474 1385 θάλασσαν
1487 1358 1609 1390 κάτεισι,
1624 1358 1670 1384 καὶ
1686 1357 1780 1383 ναυσὶν
1794 1358 1841 1390 ἐμ-

1058 1404 1108 1436 ϐὰς
1123 1404 1204 1435 αὑτός
1216 1413 1245 1430 τε
1261 1404 1308 1430 καὶ
1322 1404 1347 1430 ot
1363 1404 1410 1430 σὺν
1423 1402 1498 1437 αὐτῷ
1507 1423 1513 1434 ,
1529 1403 1557 1428 αἳ
1572 1402 1643 1429 κατὰ
1654 1402 1685 1427 τὸ
1697 1401 1844 1427 ’Υελλοκα-

1059 1449 1178 1476 στέλλιον
1190 1449 1284 1476 τούτου
1298 1449 1380 1475 ἕνεκα
1391 1448 1609 1484 ἡτοιμάσθησαν,
1623 1447 1651 1478 ἐς
1664 1447 1712 1482 τὴν
1725 1446 1844 1481 περαίαν

1059 1497 1173 1530 γίνεται.
1191 1495 1346 1522 Κάντεῦθεν
1365 1495 1538 1525 άναπνεύσας
1558 1493 1644 1528 βραχὺ
1665 1493 1796 1526 ἐκφυγεῖν
1814 1491 1845 1516 τὸ

1058 1542 1194 1569 διολέσθαι
1201 1541 1269 1577 ᾤετο
1280 1543 1325 1568 καὶ
1333 1541 1363 1567 τὸ
1372 1540 1570 1576 προϐεὸλῆσθαι
1581 1540 1655 1573 θοίνη
1666 1547 1707 1569 τις
1717 1539 1812 1572 ἑτοίμη
1826 1538 1843 1572 ἢ

1058 1588 1237 1622 ἐπιτράγημα
1253 1587 1396 1622 πρόχειρον
1404 1587 1465 1617 ταῖς
1480 1586 1590 1619 γνάθοις
1599 1585 1646 1612 τοῦ
1661 1584 1846 1619 Ἀνδρονίκου.

1058 1632 1113 1660 Ἦν
1129 1634 1163 1666 δ’,
1183 1633 1226 1668 [Ρ.
1244 1633 1305 1669 180]
1324 1633 1361 1663 ῶς
1379 1632 1460 1663 ἐοικε,
1480 1633 1527 1658 καὶ
1543 1627 1621 1662 οὗτος
1638 1630 1796 1665 τῇΠρονοίᾳ
1813 1631 1847 1656 ἐκ

1058 1682 1107 1714 τῆς
1119 1680 1172 1706 τῶν
1184 1679 1293 1712 ζώντων
1312 1679 1404 1714 βίϐλου
1421 1679 1625 1714 άπηλειμμένος
1637 1678 1683 1704 καὶ
1699 1678 1738 1708 είς
1755 1677 1846 1712 θοίνην

1065 1727 1226 1761 Ἀνδρονίκῳ
1245 1726 1430 1756 δαιταλευθεὶς
1450 1725 1498 1751 καὶ
1515 1724 1564 1759 τὴν
1581 1723 1712 1750 νεύουσαν
1731 1724 1760 1754 ἐς
1780 1722 1846 1758 ᾅδου

1060 1772 1244 1807 κληρούμενος
1259 1772 1424 1805 πλάστιγγα..
1433 1769 1528 1797 Ἔνθεν
1541 1778 1582 1795 τοι
1597 1768 1702 1795 καὶτοῦ
1716 1768 1784 1794 Θεοῦ
1801 1769 1847 1794 dw-

1059 1817 1253 1848 τιπνεὺσαντος
1265 1817 1375 1842 ἐκείνων
1384 1817 1443 1847 ταῖς
1451 1814 1529 1850 χερσὶ
1538 1815 1654 1850 θηρᾶται
1665 1814 1712 1840 καὶ
1723 1813 1849 1847 ἀναπέμ-

1061 1872 1142 1890 πεται
1166 1863 1234 1898 πρὸς
1257 1863 1435 1897 Ἀνδρᾴνικον,
1461 1861 1505 1895 ὑφ’
1520 1857 1557 1887 ὧν
1581 1860 1687 1887 ἐλπίσιν
1711 1859 1848 1886 ἐθάλπετο

1061 1907 1263 1943 συντηρηθῆναι
1283 1906 1477 1940 ἀδιαλώΰητος,
1499 1902 1528 1931 εὖ
1549 1913 1576 1931 τε
1601 1905 1648 1931 καὶ
1669 1904 1707 1934 ὡς
1730 1904 1850 1938 ἀρίστως

1062 1953 1192 1987 πράξειν,
1209 1953 1255 1978 καὶ
1270 1953 1340 1986 χειρὶ
1358 1952 1405 1978 καὶ
1419 1951 1491 1986 ψυχῇ
1510 1950 1639 1977 παντοίαν
1655 1950 1785 1983 σύναρσιν
1799 1949 1849 1975 καὶ

1061 1998 1158 2032 ἄρηξιν
1172 1997 1305 2032 εὕρασθαι
1320 1998 1387 2032 πρὸς
1399 1997 1430 2023 τὸ
1444 1997 1649 2023 καταπαλαῖσαι
1665 1995 1846 2029 Ἀνδρόνικον.

1061 2042 1152 2069 Ἶισαν
1165 2043 1193 2069 δὲ
1205 2043 1291 2069 ταῦτα
1304 2043 1422 2074 διανοίας
1431 2036 1487 2069 ὀὐκ
1502 2041 1631 2076 εὐτυχοῦς
1646 2040 1849 2074 ἀναπλάσματα

1062 2088 1110 2115 καὶ
1123 2089 1265 2123 ὀνειρὼδη,
1281 2089 1317 2120 ὡς
1333 2088 1476 2120 δέδεικται,
1491 2088 1682 2122 φαντάσματα,
1699 2081 1849 2120 Γενόμενος

1062 2133 1116 2168 γάρ
1127 2133 1198 2160 κατὰ
1209 2133 1238 2159 τὺ
1251 2133 1446 2168 Ἀτραμύττιον
1459 2131 1677 2166 συλλαμϐάνεται
1690 2131 1764 2165 παρά
1776 2138 1851 2160 τινος

1027 2177 1049 2204 D
1063 2180 1186 2213 Κεφαλᾶ,
1199 2179 1295 2215 ἀνδρὸς
1312 2179 1382 2214 μέγα
1397 2179 1547 2212 δυναμένου
1560 2178 1619 2203 τότε
1634 2177 1709 2211 παρὰ
1723 2177 1756 2210 τῇ
1771 2175 1850 2210 χώρᾳ

1063 2226 1112 2253 καὶ
1134 2225 1366 2260 πρωτιστεύοντος
1385 2224 1481 2250 πιστοῦ
1498 2232 1527 2249 τε
1544 2223 1581 2257 τῷ
1598 2221 1793 2256 τυραννοῦντι,
1811 2221 1849 2251 ὼς

1064 2271 1158 2302 ἔδειξε,
1171 2271 1218 2297 καὶ
1231 2272 1480 2305 παρακατατίθεται
1492 2269 1584 2304 χερσὶν
1597 2268 1766 2302 Ἀνδρονίκου
1781 2267 1849 2299 σφά-

1065 2309 1122 2348 γιον
1139 2315 1271 2349 εὑτρεπὲς
1287 2315 1333 2340 καὶ
1353 2315 1450 2347 ἱερεῖον
1465 2312 1763 2347 ἀνακογχυλιαςόμενον
1779 2311 1848 2345 πρῖς

1065 2361 1216 2395 ἀναίρεσιν,
1233 2362 1280 2387 καὶ
1295 2360 1344 2391 τὰς
1360 2361 1443 2394 κόρας
1458 2359 1631 2389 ἐκκόπτεται,
1648 2359 1693 2384 καὶ
1708 2358 1849 2392 παραρρι-

1064 2408 1172 2433 πτεῖται
1186 2408 1218 2442 τῇ
1232 2407 1279 2433 τοῦ
1296 2406 1487 2433 Παντεπόπτου
1505 2405 1583 2438 μονῇ.
1598 2403 1647 2438 τὴν
1662 2403 1716 2429 τῶν
1730 2403 1789 2428 κατ’
1802 2403 1850 2428 αύο

1064 2453 1109 2479 τὸν
1133 2454 1304 2487 πραγμάτων
1328 2452 1413 2487 φορὰν
1436 2451 1473 2482 ὡς
1497 2451 1643 2484 ἀγνώμονα
1667 2448 1829 2484 ὀδυρόμενος
1843 2456 1849 2462 ·

1064 2499 1109 2525 τδν
1126 2499 1175 2532 μὲν
1189 2499 1243 2534 γὰρ
1259 2498 1328 2534 ὑπὲρ
1344 2498 1489 2531 καλλίστης
1504 2497 1592 2527 αίτίας
1606 2497 1651 2522 τον
1666 2497 1713 2530 τῆς
1727 2494 1851 2522 ἀποστα-

1066 2545 1126 2576 σίας
1147 2544 1296 2580 άναρρίψαι
1319 2543 1412 2575 κύϐον,
1433 2543 1481 2576 τὴν
1500 2542 1529 2568 δὲ
1549 2542 1610 2568 οὐδὲ
1629 2541 1659 2566 τὸ
1680 2539 1850 2575 βραχύτατον

1065 2590 1129 2623 γοῦν
1144 2589 1332 2624 προσσχούσαν
1347 2586 1386 2620 οἷς
1403 2587 1460 2622 μετ’
1469 2586 1609 2617 εὐϐουλίας
1622 2585 1702 2616 αὐτὸς
1716 2584 1830 2610 ἐπέϐαλε
1842 2605 1848 2615 ,

1066 2633 1233 2669 προσθέσθαι
1259 2632 1347 2668 μερίδι
1369 2633 1401 2667 τῇ
1428 2632 1537 2666 χείρονι.
1561 2629 1638 2656 Οὕτω
1653 2628 1768 2663 ζκρύψας
1793 2627 1851 2660 ἔχει

1066 2679 1132 2711 Θεὸς
1147 2679 1177 2705 οὐ
1195 2680 1274 2714 μόνον
1288 2679 1334 2705 τὸν
1348 2678 1466 2713 ᾶμοχθον
1481 2677 1528 2703 καὶ
1542 2676 1686 2710 άνὸδυρτον
1702 2674 1768 2709 βίον,
1782 2673 1850 2700 ἀλλὰ

1065 2725 1112 2751 καὶ
1125 2725 1155 2750 τὸ
1170 2723 1364 2759 προαισθέσθαι
1377 2723 1407 2749 τὸ
1424 2723 1519 2757 μέλλον
1534 2722 1618 2748 κακῖν
1634 2721 1681 2747 καὶ
1695 2720 1725 2745 τὸ
1741 2719 1852 2753 προελέ-

1065 2771 1127 2796 σθαι
1140 2770 1169 2796 ea
1182 2770 1321 2796 ἀκίνδυνον
1336 2769 1513 2803 ἐπιτήδευμα.
1528 2768 1581 2792 Καὶ
1596 2763 1672 2796 οὗτος
1687 2765 1739 2799 γὰρ
1753 2765 1767 2790 6
1783 2763 1850 2797 ἀνὴρ

1065 2816 1094 2842 ἐν
1103 2816 1209 2848 πολλοῖς
1219 2815 1311 2851 ὀφθεὶς
1323 2824 1351 2842 στ
1357 2814 1587 2850 ρατηγικώτατος,
1597 2811 1708 2847 αἰσχρὸν
1716 2810 1852 2838 δουλεύειν
