  <div class='ocr_page' id='page_1' title='image "/cluster/home/n/w/nwhite01/storage/ocr_20150623/139/njp.32101077773131/338.png"; bbox 0 0 1951 3084; ppageno 0'>
   <div class='ocr_carea' id='block_1_1' title="bbox 77 136 130 168">
    <p class='ocr_par' dir='ltr' id='par_1_1' title="bbox 77 136 130 168">
     <span class='ocr_line' id='line_1_1' title="bbox 77 136 130 168; baseline 0.057 -3"><span class='ocrx_word' id='word_1_1' title='bbox 77 136 130 168; x_wconf 73' lang='lat' dir='ltr'><strong>Ml</strong></span> 
     </span>
    </p>
   </div>
   <div class='ocr_carea' id='block_1_2' title="bbox 579 136 1200 167">
    <p class='ocr_par' dir='ltr' id='par_1_2' title="bbox 579 136 1200 167">
     <span class='ocr_line' id='line_1_2' title="bbox 579 136 1200 167; baseline 0.003 -2"><span class='ocrx_word' id='word_1_2' title='bbox 579 136 628 166; x_wconf 82' lang='lat' dir='ltr'><strong>DE</strong></span> <span class='ocrx_word' id='word_1_3' title='bbox 647 136 867 166; x_wconf 67' lang='lat' dir='ltr'><strong>ANDRONICO</strong></span> <span class='ocrx_word' id='word_1_4' title='bbox 882 136 1063 166; x_wconf 62' lang='lat' dir='ltr'><strong>CUMNENO</strong></span> <span class='ocrx_word' id='word_1_5' title='bbox 1087 137 1158 166; x_wconf 83' lang='lat' dir='ltr'><strong>LIB.</strong></span> <span class='ocrx_word' id='word_1_6' title='bbox 1176 137 1200 167; x_wconf 89' lang='grc' dir='ltr'><strong>ῐ.</strong></span> 
     </span>
    </p>
   </div>
   <div class='ocr_carea' id='block_1_3' title="bbox 1646 138 1700 169">
    <p class='ocr_par' dir='ltr' id='par_1_3' title="bbox 1646 138 1700 169">
     <span class='ocr_line' id='line_1_3' title="bbox 1646 138 1700 169; baseline 0.037 -2"><span class='ocrx_word' id='word_1_7' title='bbox 1646 138 1700 169; x_wconf 70' lang='grc'><strong>642</strong></span> 
     </span>
    </p>
   </div>
   <div class='ocr_carea' id='block_1_4' title="bbox 76 193 864 230">
    <p class='ocr_par' dir='ltr' id='par_1_4' title="bbox 76 193 863 230">
     <span class='ocr_line' id='line_1_4' title="bbox 76 193 863 230; baseline 0 -9"><span class='ocrx_word' id='word_1_8' title='bbox 76 196 106 221; x_wconf 65' lang='grc' dir='ltr'><strong>τι</strong></span> <span class='ocrx_word' id='word_1_9' title='bbox 121 195 213 230; x_wconf 77' lang='grc' dir='ltr'>τεῖχος</span> <span class='ocrx_word' id='word_1_10' title='bbox 227 194 273 221; x_wconf 83' lang='grc' dir='ltr'><strong>διὰ</strong></span> <span class='ocrx_word' id='word_1_11' title='bbox 289 194 318 221; x_wconf 77' lang='grc' dir='ltr'>τὸ</span> <span class='ocrx_word' id='word_1_12' title='bbox 332 193 379 221; x_wconf 83' lang='grc' dir='ltr'><strong>τοῦ</strong></span> <span class='ocrx_word' id='word_1_13' title='bbox 395 194 482 230; x_wconf 80' lang='grc' dir='ltr'><strong>χώρου</strong></span> <span class='ocrx_word' id='word_1_14' title='bbox 498 194 632 226; x_wconf 76' lang='grc' dir='ltr'>ἰσόπεδον,</span> <span class='ocrx_word' id='word_1_15' title='bbox 650 195 686 230; x_wconf 81' lang='grc' dir='ltr'>μὴ</span> <span class='ocrx_word' id='word_1_16' title='bbox 701 195 739 224; x_wconf 83' lang='grc' dir='ltr'>ὡς</span> <span class='ocrx_word' id='word_1_17' title='bbox 753 195 770 230; x_wconf 84' lang='grc' dir='ltr'><strong>ὴ</strong></span> <span class='ocrx_word' id='word_1_18' title='bbox 783 194 863 229; x_wconf 85' lang='grc' dir='ltr'>λοιπὴ</span> 
     </span>
    </p>
   </div>
   <div class='ocr_carea' id='block_1_5' title="bbox 915 193 1703 230">
    <p class='ocr_par' dir='ltr' id='par_1_5' title="bbox 915 193 1703 227">
     <span class='ocr_line' id='line_1_5' title="bbox 915 193 1703 227; baseline 0.005 -9"><span class='ocrx_word' id='word_1_19' title='bbox 915 200 1031 227; x_wconf 85' lang='lat' dir='ltr'><strong>quarum</strong></span> <span class='ocrx_word' id='word_1_20' title='bbox 1059 193 1116 219; x_wconf 82' lang='lat' dir='ltr'><strong>h:ec</strong></span> <span class='ocrx_word' id='word_1_21' title='bbox 1144 193 1280 220; x_wconf 84' lang='lat' dir='ltr'><strong>sententia</strong></span> <span class='ocrx_word' id='word_1_22' title='bbox 1305 197 1375 224; x_wconf 83' lang='lat' dir='ltr'><strong>erat.</strong></span> <span class='ocrx_word' id='word_1_23' title='bbox 1409 201 1437 221; x_wconf 85' lang='lat' dir='ltr'><strong>se</strong></span> <span class='ocrx_word' id='word_1_24' title='bbox 1467 195 1508 221; x_wconf 88' lang='lat' dir='ltr'><strong>eis</strong></span> <span class='ocrx_word' id='word_1_25' title='bbox 1540 195 1703 222; x_wconf 79' lang='lat' dir='ltr'><strong>defectionis</strong></span> 
     </span>
    </p>
   </div>
   <div class='ocr_carea' id='block_1_6' title="bbox 79 239 864 275">
    <p class='ocr_par' dir='ltr' id='par_1_6' title="bbox 79 239 864 275">
     <span class='ocr_line' id='line_1_6' title="bbox 79 239 864 275; baseline 0 -10"><span class='ocrx_word' id='word_1_26' title='bbox 79 239 159 271; x_wconf 86' lang='grc' dir='ltr'>πόλις</span> <span class='ocrx_word' id='word_1_27' title='bbox 172 241 212 270; x_wconf 83' lang='grc' dir='ltr'><strong>είς</strong></span> <span class='ocrx_word' id='word_1_28' title='bbox 228 240 348 275; x_wconf 79' lang='grc' dir='ltr'><strong>πετρῆεν</strong></span> <span class='ocrx_word' id='word_1_29' title='bbox 361 240 408 266; x_wconf 81' lang='grc' dir='ltr'><strong>καὶ</strong></span> <span class='ocrx_word' id='word_1_30' title='bbox 424 240 573 274; x_wconf 73' lang='grc' dir='ltr'>περιφερὲς</span> <span class='ocrx_word' id='word_1_31' title='bbox 587 240 733 275; x_wconf 72' lang='grc' dir='ltr'><strong>αἰρόμενον</strong></span> <span class='ocrx_word' id='word_1_32' title='bbox 746 239 864 274; x_wconf 82' lang='grc' dir='ltr'>γήλοφον</span> 
     </span>
    </p>
   </div>
   <div class='ocr_carea' id='block_1_7' title="bbox 79 285 864 320">
    <p class='ocr_par' dir='ltr' id='par_1_7' title="bbox 79 285 864 320">
     <span class='ocr_line' id='line_1_7' title="bbox 79 285 864 320; baseline -0.001 -8"><span class='ocrx_word' id='word_1_33' title='bbox 79 288 128 312; x_wconf 73' lang='grc' dir='ltr'>καὶ</span> <span class='ocrx_word' id='word_1_34' title='bbox 145 287 284 320; x_wconf 80' lang='grc' dir='ltr'><strong>ἀπότομον</strong></span> <span class='ocrx_word' id='word_1_35' title='bbox 309 286 541 320; x_wconf 81' lang='grc' dir='ltr'><strong>προφαινόμενον,</strong></span> <span class='ocrx_word' id='word_1_36' title='bbox 563 288 594 319; x_wconf 80' lang='grc' dir='ltr'>τῇ</span> <span class='ocrx_word' id='word_1_37' title='bbox 617 286 682 320; x_wconf 80' lang='grc' dir='ltr'><strong>ἑξῆς</strong></span> <span class='ocrx_word' id='word_1_38' title='bbox 705 286 798 320; x_wconf 72' lang='grc' dir='ltr'>ἔχεται</span> <span class='ocrx_word' id='word_1_39' title='bbox 816 285 864 312; x_wconf 83' lang='grc' dir='ltr'>τοῦ</span> 
     </span>
    </p>
   </div>
   <div class='ocr_carea' id='block_1_8' title="bbox 81 331 865 366">
    <p class='ocr_par' dir='ltr' id='par_1_8' title="bbox 81 331 865 366">
     <span class='ocr_line' id='line_1_8' title="bbox 81 331 865 366; baseline 0 -9"><span class='ocrx_word' id='word_1_40' title='bbox 81 332 253 366; x_wconf 82' lang='grc' dir='ltr'><strong>πολιορκεῖν.</strong></span> <span class='ocrx_word' id='word_1_41' title='bbox 273 332 378 358; x_wconf 74' lang='grc' dir='ltr'><strong>Καὶ-αἱ</strong></span> <span class='ocrx_word' id='word_1_42' title='bbox 396 331 444 364; x_wconf 86' lang='grc' dir='ltr'>μὲν</span> <span class='ocrx_word' id='word_1_43' title='bbox 461 331 582 366; x_wconf 71' lang='grc' dir='ltr'>μηχαναὶ</span> <span class='ocrx_word' id='word_1_44' title='bbox 600 332 646 358; x_wconf 75' lang='grc' dir='ltr'>καὶ</span> <span class='ocrx_word' id='word_1_45' title='bbox 663 332 686 357; x_wconf 78' lang='grc' dir='ltr'>οἱ</span> <span class='ocrx_word' id='word_1_46' title='bbox 701 331 796 366; x_wconf 78' lang='grc' dir='ltr'>ἄνδρες</span> <span class='ocrx_word' id='word_1_47' title='bbox 816 331 865 357; x_wconf 82' lang='grc' dir='ltr'>οὐκ</span> 
     </span>
    </p>
   </div>
   <div class='ocr_carea' id='block_1_9' title="bbox 79 374 867 411">
    <p class='ocr_par' dir='ltr' id='par_1_9' title="bbox 79 374 867 411">
     <span class='ocr_line' id='line_1_9' title="bbox 79 374 867 411; baseline 0 -9"><span class='ocrx_word' id='word_1_48' title='bbox 79 376 189 410; x_wconf 73' lang='grc' dir='ltr'>ἀεργῶς</span> <span class='ocrx_word' id='word_1_49' title='bbox 207 374 290 411; x_wconf 81' lang='grc' dir='ltr'>εἶχον,</span> <span class='ocrx_word' id='word_1_50' title='bbox 309 376 367 403; x_wconf 80' lang='grc' dir='ltr'>ἀλλ’</span> <span class='ocrx_word' id='word_1_51' title='bbox 384 376 469 410; x_wconf 77' lang='grc' dir='ltr'>ἔδρων</span> <span class='ocrx_word' id='word_1_52' title='bbox 496 376 527 402; x_wconf 74' lang='grc' dir='ltr'>τὸ</span> <span class='ocrx_word' id='word_1_53' title='bbox 551 377 706 410; x_wconf 81' lang='grc' dir='ltr'>πρόσφορον</span> <span class='ocrx_word' id='word_1_54' title='bbox 719 383 727 391; x_wconf 88' lang='grc'><strong>·</strong></span> <span class='ocrx_word' id='word_1_55' title='bbox 745 376 825 407; x_wconf 72' lang='grc' dir='ltr'>αὐτὸς</span> <span class='ocrx_word' id='word_1_56' title='bbox 842 375 867 402; x_wconf 83' lang='grc' dir='ltr'>δ’</span> 
     </span>
    </p>
   </div>
   <div class='ocr_carea' id='block_1_10' title="bbox 86 421 866 457">
    <p class='ocr_par' dir='ltr' id='par_1_10' title="bbox 86 421 866 457">
     <span class='ocr_line' id='line_1_10' title="bbox 86 421 866 457; baseline 0 -10"><span class='ocrx_word' id='word_1_57' title='bbox 86 421 259 455; x_wconf 70' lang='grc' dir='ltr'>Ἀνδρόνικος</span> <span class='ocrx_word' id='word_1_58' title='bbox 273 423 344 457; x_wconf 70' lang='grc' dir='ltr'>ῥέων</span> <span class='ocrx_word' id='word_1_59' title='bbox 357 422 387 448; x_wconf 86' lang='grc' dir='ltr'><strong>τδ</strong></span> <span class='ocrx_word' id='word_1_60' title='bbox 400 422 502 454; x_wconf 78' lang='grc' dir='ltr'>λέγειν,</span> <span class='ocrx_word' id='word_1_61' title='bbox 519 422 671 456; x_wconf 77' lang='grc' dir='ltr'><strong>ἀτράκτους</strong></span> <span class='ocrx_word' id='word_1_62' title='bbox 682 421 767 456; x_wconf 81' lang='grc' dir='ltr'>βελῶν</span> <span class='ocrx_word' id='word_1_63' title='bbox 782 430 866 447; x_wconf 83' lang='grc' dir='ltr'>πετα-</span> 
     </span>
    </p>
   </div>
   <div class='ocr_carea' id='block_1_11' title="bbox 83 467 866 503">
    <p class='ocr_par' dir='ltr' id='par_1_11' title="bbox 83 467 866 503">
     <span class='ocr_line' id='line_1_11' title="bbox 83 467 866 503; baseline 0.001 -10"><span class='ocrx_word' id='word_1_64' title='bbox 83 468 180 502; x_wconf 85' lang='grc' dir='ltr'>σίμους</span> <span class='ocrx_word' id='word_1_65' title='bbox 192 467 277 499; x_wconf 76' lang='grc' dir='ltr'>τιθεὶς</span> <span class='ocrx_word' id='word_1_66' title='bbox 293 468 384 501; x_wconf 84' lang='grc' dir='ltr'>λόγοις</span> <span class='ocrx_word' id='word_1_67' title='bbox 404 468 566 502; x_wconf 80' lang='grc' dir='ltr'>πτερόεσσιν</span> <span class='ocrx_word' id='word_1_68' title='bbox 587 469 701 503; x_wconf 79' lang='grc' dir='ltr'>ὲπηφίει</span> <span class='ocrx_word' id='word_1_69' title='bbox 725 467 797 494; x_wconf 80' lang='grc' dir='ltr'>κατὰ</span> <span class='ocrx_word' id='word_1_70' title='bbox 817 468 866 502; x_wconf 82' lang='grc' dir='ltr'>τῆς</span> 
     </span>
    </p>
   </div>
   <div class='ocr_carea' id='block_1_12' title="bbox 82 511 867 548">
    <p class='ocr_par' dir='ltr' id='par_1_12' title="bbox 82 511 867 548">
     <span class='ocr_line' id='line_1_12' title="bbox 82 511 867 548; baseline 0 -10"><span class='ocrx_word' id='word_1_71' title='bbox 82 513 199 544; x_wconf 83' lang='grc' dir='ltr'>πόλεως.</span> <span class='ocrx_word' id='word_1_72' title='bbox 225 511 316 539; x_wconf 82' lang='grc' dir='ltr'>Ἦσαν</span> <span class='ocrx_word' id='word_1_73' title='bbox 342 514 371 541; x_wconf 72' lang='grc' dir='ltr'>δὲ</span> <span class='ocrx_word' id='word_1_74' title='bbox 395 513 413 540; x_wconf 79' lang='grc' dir='ltr'>ἃ</span> <span class='ocrx_word' id='word_1_75' title='bbox 437 514 531 547; x_wconf 81' lang='grc' dir='ltr'>ἐδήλου</span> <span class='ocrx_word' id='word_1_76' title='bbox 552 514 585 540; x_wconf 84' lang='grc' dir='ltr'>τὰ</span> <span class='ocrx_word' id='word_1_77' title='bbox 612 513 750 548; x_wconf 75' lang='grc' dir='ltr'>φερόμενα</span> <span class='ocrx_word' id='word_1_78' title='bbox 774 513 867 539; x_wconf 74' lang='grc' dir='ltr'>ἐκεῖνα</span> 
     </span>
    </p>
   </div>
   <div class='ocr_carea' id='block_1_13' title="bbox 77 558 867 594">
    <p class='ocr_par' dir='ltr' id='par_1_13' title="bbox 77 558 867 594">
     <span class='ocr_line' id='line_1_13' title="bbox 77 558 867 594; baseline 0 -10"><span class='ocrx_word' id='word_1_79' title='bbox 77 558 187 593; x_wconf 71' lang='grc' dir='ltr'>διαέρια</span> <span class='ocrx_word' id='word_1_80' title='bbox 201 559 364 594; x_wconf 85' lang='grc' dir='ltr'>γράμματα,</span> <span class='ocrx_word' id='word_1_81' title='bbox 376 559 526 594; x_wconf 74' lang='grc' dir='ltr'>μεταϐολῆς</span> <span class='ocrx_word' id='word_1_82' title='bbox 540 560 706 594; x_wconf 83' lang='grc' dir='ltr'>παραίφασις</span> <span class='ocrx_word' id='word_1_83' title='bbox 719 559 766 585; x_wconf 81' lang='grc' dir='ltr'>καὶ</span> <span class='ocrx_word' id='word_1_84' title='bbox 779 559 867 594; x_wconf 82' lang='grc' dir='ltr'>ἀμνη-</span> 
     </span>
    </p>
   </div>
   <div class='ocr_carea' id='block_1_14' title="bbox 79 605 865 641">
    <p class='ocr_par' dir='ltr' id='par_1_14' title="bbox 79 605 865 641">
     <span class='ocr_line' id='line_1_14' title="bbox 79 605 865 641; baseline 0 -11"><span class='ocrx_word' id='word_1_85' title='bbox 79 605 141 630; x_wconf 83' lang='grc' dir='ltr'>στία</span> <span class='ocrx_word' id='word_1_86' title='bbox 158 605 272 637; x_wconf 80' lang='grc' dir='ltr'><strong>κακῶν,</strong></span> <span class='ocrx_word' id='word_1_87' title='bbox 291 607 315 632; x_wconf 78' lang='grc' dir='ltr'>εὶ</span> <span class='ocrx_word' id='word_1_88' title='bbox 337 606 419 632; x_wconf 71' lang='grc' dir='ltr'>αὑτὸν</span> <span class='ocrx_word' id='word_1_89' title='bbox 447 606 496 641; x_wconf 80' lang='grc' dir='ltr'>μὲν</span> <span class='ocrx_word' id='word_1_90' title='bbox 519 605 586 632; x_wconf 79' lang='grc' dir='ltr'>εἴσω</span> <span class='ocrx_word' id='word_1_91' title='bbox 602 605 796 640; x_wconf 80' lang='grc' dir='ltr'>προσδέξονται</span> <span class='ocrx_word' id='word_1_92' title='bbox 816 605 865 636; x_wconf 83' lang='grc' dir='ltr'><strong>τάς</strong></span> 
     </span>
    </p>
   </div>
   <div class='ocr_carea' id='block_1_15' title="bbox 80 650 867 685">
    <p class='ocr_par' dir='ltr' id='par_1_15' title="bbox 80 650 867 685">
     <span class='ocr_line' id='line_1_15' title="bbox 80 650 867 685; baseline 0 -9"><span class='ocrx_word' id='word_1_93' title='bbox 80 650 169 682; x_wconf 83' lang='grc' dir='ltr'><strong>πύλας</strong></span> <span class='ocrx_word' id='word_1_94' title='bbox 197 651 428 682; x_wconf 72' lang='grc' dir='ltr'><strong>ἀναπετάσαντες,</strong></span> <span class='ocrx_word' id='word_1_95' title='bbox 452 652 591 685; x_wconf 89' lang='grc' dir='ltr'>Θεόδωρον</span> <span class='ocrx_word' id='word_1_96' title='bbox 614 651 643 677; x_wconf 69' lang='grc' dir='ltr'>δὲ</span> <span class='ocrx_word' id='word_1_97' title='bbox 664 652 712 677; x_wconf 82' lang='grc' dir='ltr'>τὸν</span> <span class='ocrx_word' id='word_1_98' title='bbox 731 651 867 685; x_wconf 74' lang='grc' dir='ltr'>’Ἄγγελον</span> 
     </span>
    </p>
   </div>
   <div class='ocr_carea' id='block_1_16' title="bbox 79 696 867 732">
    <p class='ocr_par' dir='ltr' id='par_1_16' title="bbox 79 696 867 732">
     <span class='ocr_line' id='line_1_16' title="bbox 79 696 867 732; baseline -0.003 -10"><span class='ocrx_word' id='word_1_99' title='bbox 79 697 127 722; x_wconf 78' lang='grc' dir='ltr'>καὶ</span> <span class='ocrx_word' id='word_1_100' title='bbox 141 697 190 723; x_wconf 72' lang='grc' dir='ltr'><strong>τὸν</strong></span> <span class='ocrx_word' id='word_1_101' title='bbox 210 698 341 731; x_wconf 85' lang='grc' dir='ltr'>ἀγοραῖον</span> <span class='ocrx_word' id='word_1_102' title='bbox 360 698 489 732; x_wconf 84' lang='grc' dir='ltr'>Λαχανᾶν</span> <span class='ocrx_word' id='word_1_103' title='bbox 516 697 564 723; x_wconf 77' lang='grc' dir='ltr'><strong>καὶ</strong></span> <span class='ocrx_word' id='word_1_104' title='bbox 579 696 625 723; x_wconf 82' lang='grc' dir='ltr'><strong>τὸν</strong></span> <span class='ocrx_word' id='word_1_105' title='bbox 642 697 773 723; x_wconf 82' lang='grc' dir='ltr'><strong>ἀσύνετον</strong></span> <span class='ocrx_word' id='word_1_106' title='bbox 788 697 867 722; x_wconf 82' lang='grc' dir='ltr'>Συνέ-</span> 
     </span>
    </p>
   </div>
   <div class='ocr_carea' id='block_1_17' title="bbox 80 742 867 778">
    <p class='ocr_par' dir='ltr' id='par_1_17' title="bbox 80 742 867 778">
     <span class='ocr_line' id='line_1_17' title="bbox 80 742 867 778; baseline 0.003 -12"><span class='ocrx_word' id='word_1_107' title='bbox 80 750 151 774; x_wconf 85' lang='grc' dir='ltr'>σιον,</span> <span class='ocrx_word' id='word_1_108' title='bbox 172 742 215 768; x_wconf 76' lang='grc' dir='ltr'>ἵνα</span> <span class='ocrx_word' id='word_1_109' title='bbox 235 743 294 772; x_wconf 72' lang='grc' dir='ltr'>ταῖς</span> <span class='ocrx_word' id='word_1_110' title='bbox 308 743 390 768; x_wconf 79' lang='grc' dir='ltr'>αὑτοῦ</span> <span class='ocrx_word' id='word_1_111' title='bbox 409 742 517 768; x_wconf 80' lang='grc' dir='ltr'>ἐκείνου</span> <span class='ocrx_word' id='word_1_112' title='bbox 533 742 691 778; x_wconf 73' lang='grc' dir='ltr'>χρησαίμην</span> <span class='ocrx_word' id='word_1_113' title='bbox 707 742 804 774; x_wconf 80' lang='grc' dir='ltr'><strong>λέξεσι,</strong></span> <span class='ocrx_word' id='word_1_114' title='bbox 821 743 867 769; x_wconf 70' lang='grc' dir='ltr'>καὶ</span> 
     </span>
    </p>
   </div>
   <div class='ocr_carea' id='block_1_18' title="bbox 78 787 867 823">
    <p class='ocr_par' dir='ltr' id='par_1_18' title="bbox 78 787 867 823">
     <span class='ocr_line' id='line_1_18' title="bbox 78 787 867 823; baseline 0.003 -11"><span class='ocrx_word' id='word_1_115' title='bbox 78 787 103 812; x_wconf 83' lang='grc' dir='ltr'><strong>οἶ</strong></span> <span class='ocrx_word' id='word_1_116' title='bbox 122 787 232 817; x_wconf 78' lang='grc' dir='ltr'>τούτοις</span> <span class='ocrx_word' id='word_1_117' title='bbox 246 789 412 823; x_wconf 75' lang='grc' dir='ltr'>ὁμόφρονες,</span> <span class='ocrx_word' id='word_1_118' title='bbox 431 788 539 823; x_wconf 80' lang='grc' dir='ltr'>θανάτῳ</span> <span class='ocrx_word' id='word_1_119' title='bbox 555 789 800 823; x_wconf 79' lang='grc' dir='ltr'>καταπροδώσουσι</span> <span class='ocrx_word' id='word_1_120' title='bbox 817 798 867 814; x_wconf 87' lang='grc' dir='ltr'>συ-</span> 
     </span>
    </p>
   </div>
   <div class='ocr_carea' id='block_1_19' title="bbox 79 832 864 869">
    <p class='ocr_par' dir='ltr' id='par_1_19' title="bbox 79 832 864 869">
     <span class='ocr_line' id='line_1_19' title="bbox 79 832 864 869; baseline 0.004 -11"><span class='ocrx_word' id='word_1_121' title='bbox 79 832 206 865; x_wconf 78' lang='grc' dir='ltr'>σχόντες.</span> <span class='ocrx_word' id='word_1_122' title='bbox 235 834 289 859; x_wconf 75' lang='grc' dir='ltr'><strong>Καὶ</strong></span> <span class='ocrx_word' id='word_1_123' title='bbox 314 833 393 860; x_wconf 80' lang='grc' dir='ltr'>τοῦτο</span> <span class='ocrx_word' id='word_1_124' title='bbox 417 834 460 867; x_wconf 75' lang='grc' dir='ltr'><strong>ἐφ’</strong></span> <span class='ocrx_word' id='word_1_125' title='bbox 488 835 595 865; x_wconf 70' lang='grc' dir='ltr'>ἱκαναῖς</span> <span class='ocrx_word' id='word_1_126' title='bbox 623 834 710 860; x_wconf 78' lang='grc' dir='ltr'>ἐποίει</span> <span class='ocrx_word' id='word_1_127' title='bbox 737 834 864 869; x_wconf 77' lang='grc' dir='ltr'>ἡμέραις.</span> 
     </span>
    </p>
   </div>
   <div class='ocr_carea' id='block_1_20' title="bbox 79 879 863 914">
    <p class='ocr_par' dir='ltr' id='par_1_20' title="bbox 79 879 863 914">
     <span class='ocr_line' id='line_1_20' title="bbox 79 879 863 914; baseline 0.001 -10"><span class='ocrx_word' id='word_1_128' title='bbox 79 879 148 904; x_wconf 79' lang='grc' dir='ltr'>Οὐδὲ</span> <span class='ocrx_word' id='word_1_129' title='bbox 159 879 213 913; x_wconf 79' lang='grc' dir='ltr'><strong>γὰρ</strong></span> <span class='ocrx_word' id='word_1_130' title='bbox 228 880 241 905; x_wconf 75' lang='grc' dir='ltr'><strong>ὁ</strong></span> <span class='ocrx_word' id='word_1_131' title='bbox 257 879 327 905; x_wconf 86' lang='grc' dir='ltr'><strong>κατά</strong></span> <span class='ocrx_word' id='word_1_132' title='bbox 342 879 469 914; x_wconf 84' lang='grc' dir='ltr'>Προῠσαν</span> <span class='ocrx_word' id='word_1_133' title='bbox 489 879 730 914; x_wconf 83' lang='grc' dir='ltr'>συγκροτούμενος</span> <span class='ocrx_word' id='word_1_134' title='bbox 746 879 863 914; x_wconf 78' lang='grc' dir='ltr'>πόλεμος</span> 
     </span>
    </p>
   </div>
   <div class='ocr_carea' id='block_1_21' title="bbox 78 923 866 959">
    <p class='ocr_par' dir='ltr' id='par_1_21' title="bbox 78 923 866 959">
     <span class='ocr_line' id='line_1_21' title="bbox 78 923 866 959; baseline 0.001 -10"><span class='ocrx_word' id='word_1_135' title='bbox 78 923 125 949; x_wconf 80' lang='grc' dir='ltr'>τοῦ</span> <span class='ocrx_word' id='word_1_136' title='bbox 141 924 215 950; x_wconf 76' lang='grc' dir='ltr'>κατὰ</span> <span class='ocrx_word' id='word_1_137' title='bbox 228 923 348 950; x_wconf 72' lang='grc' dir='ltr'>Νίκαιαν</span> <span class='ocrx_word' id='word_1_138' title='bbox 363 924 510 955; x_wconf 76' lang='grc' dir='ltr'>συστάντος</span> <span class='ocrx_word' id='word_1_139' title='bbox 531 925 562 950; x_wconf 79' lang='grc' dir='ltr'>τὸ</span> <span class='ocrx_word' id='word_1_140' title='bbox 583 924 696 950; x_wconf 76' lang='grc' dir='ltr'>ἔλαττον</span> <span class='ocrx_word' id='word_1_141' title='bbox 710 924 866 959; x_wconf 77' lang='grc' dir='ltr'><strong>ἀπεφέρετο</strong></span> 
     </span>
    </p>
   </div>
   <div class='ocr_carea' id='block_1_22' title="bbox 77 969 865 1006">
    <p class='ocr_par' dir='ltr' id='par_1_22' title="bbox 77 969 865 1006">
     <span class='ocr_line' id='line_1_22' title="bbox 77 969 865 1006; baseline 0.001 -11"><span class='ocrx_word' id='word_1_142' title='bbox 77 969 149 996; x_wconf 80' lang='grc' dir='ltr'>κατὰ</span> <span class='ocrx_word' id='word_1_143' title='bbox 170 977 200 995; x_wconf 86' lang='grc' dir='ltr'><strong>τε</strong></span> <span class='ocrx_word' id='word_1_144' title='bbox 215 970 302 1005; x_wconf 83' lang='grc' dir='ltr'>ἀλκὴν</span> <span class='ocrx_word' id='word_1_145' title='bbox 321 970 428 1004; x_wconf 83' lang='grc' dir='ltr'>ἀνδρῶν</span> <span class='ocrx_word' id='word_1_146' title='bbox 453 969 688 1006; x_wconf 74' lang='grc' dir='ltr'><strong>συμπλεκομένων</strong></span> <span class='ocrx_word' id='word_1_147' title='bbox 709 972 765 1002; x_wconf 87' lang='grc' dir='ltr'>τοῖς</span> <span class='ocrx_word' id='word_1_148' title='bbox 787 970 865 1004; x_wconf 79' lang='grc' dir='ltr'>βασι-</span> 
     </span>
    </p>
   </div>
   <div class='ocr_carea' id='block_1_23' title="bbox 79 1015 865 1050">
    <p class='ocr_par' dir='ltr' id='par_1_23' title="bbox 79 1015 865 1050">
     <span class='ocr_line' id='line_1_23' title="bbox 79 1015 865 1050; baseline 0.001 -9"><span class='ocrx_word' id='word_1_149' title='bbox 79 1015 165 1046; x_wconf 82' lang='grc' dir='ltr'>λείοις</span> <span class='ocrx_word' id='word_1_150' title='bbox 182 1015 308 1049; x_wconf 79' lang='grc' dir='ltr'>τὰγμασι</span> <span class='ocrx_word' id='word_1_151' title='bbox 326 1017 373 1041; x_wconf 79' lang='grc' dir='ltr'><strong>καὶ</strong></span> <span class='ocrx_word' id='word_1_152' title='bbox 396 1017 473 1050; x_wconf 83' lang='grc' dir='ltr'>μῖσος</span> <span class='ocrx_word' id='word_1_153' title='bbox 490 1016 521 1042; x_wconf 78' lang='grc' dir='ltr'>τὸ</span> <span class='ocrx_word' id='word_1_154' title='bbox 536 1017 565 1047; x_wconf 75' lang='grc' dir='ltr'>ἐς</span> <span class='ocrx_word' id='word_1_155' title='bbox 584 1016 771 1050; x_wconf 77' lang='grc' dir='ltr'>’Λνδρόνικον,</span> <span class='ocrx_word' id='word_1_156' title='bbox 787 1016 801 1042; x_wconf 83' lang='grc' dir='ltr'><strong>ὃ</strong></span> <span class='ocrx_word' id='word_1_157' title='bbox 819 1017 865 1042; x_wconf 75' lang='grc' dir='ltr'><strong>καὶ</strong></span> 
     </span>
    </p>
   </div>
   <div class='ocr_carea' id='block_1_24' title="bbox 32 1058 863 1096">
    <p class='ocr_par' dir='ltr' id='par_1_24' title="bbox 32 1058 863 1096">
     <span class='ocr_line' id='line_1_24' title="bbox 32 1058 863 1096; baseline 0.001 -10"><span class='ocrx_word' id='word_1_158' title='bbox 32 1058 37 1066; x_wconf 74' lang='grc'><strong><em>³</em></strong></span> <span class='ocrx_word' id='word_1_159' title='bbox 78 1060 126 1086; x_wconf 83' lang='grc' dir='ltr'>τοῦ</span> <span class='ocrx_word' id='word_1_160' title='bbox 153 1060 274 1094; x_wconf 86' lang='grc' dir='ltr'>πολέμου</span> <span class='ocrx_word' id='word_1_161' title='bbox 298 1059 386 1087; x_wconf 74' lang='grc' dir='ltr'>αἴτιον</span> <span class='ocrx_word' id='word_1_162' title='bbox 409 1058 453 1095; x_wconf 73' lang='grc' dir='ltr'><strong>ἦν.</strong></span> <span class='ocrx_word' id='word_1_163' title='bbox 487 1060 542 1087; x_wconf 76' lang='grc' dir='ltr'><strong>Καὶ</strong></span> <span class='ocrx_word' id='word_1_164' title='bbox 572 1061 641 1095; x_wconf 82' lang='grc' dir='ltr'>αὑτὴ</span> <span class='ocrx_word' id='word_1_165' title='bbox 667 1061 694 1087; x_wconf 78' lang='grc' dir='ltr'>δὲ</span> <span class='ocrx_word' id='word_1_166' title='bbox 717 1061 733 1096; x_wconf 77' lang='grc' dir='ltr'>ἡ</span> <span class='ocrx_word' id='word_1_167' title='bbox 757 1061 832 1092; x_wconf 77' lang='grc' dir='ltr'>πόλις</span> <span class='ocrx_word' id='word_1_168' title='bbox 847 1062 863 1094; x_wconf 81' lang='grc' dir='ltr'>ἡ</span> 
     </span>
    </p>
   </div>
   <div class='ocr_carea' id='block_1_25' title="bbox 80 1107 865 1142">
    <p class='ocr_par' dir='ltr' id='par_1_25' title="bbox 80 1107 865 1142">
     <span class='ocr_line' id='line_1_25' title="bbox 80 1107 865 1142; baseline 0.001 -10"><span class='ocrx_word' id='word_1_169' title='bbox 80 1107 193 1142; x_wconf 83' lang='grc' dir='ltr'>Προῦσα</span> <span class='ocrx_word' id='word_1_170' title='bbox 208 1108 283 1133; x_wconf 83' lang='grc' dir='ltr'>πᾶσα</span> <span class='ocrx_word' id='word_1_171' title='bbox 301 1107 488 1141; x_wconf 84' lang='grc' dir='ltr'>καλλίπυργός</span> <span class='ocrx_word' id='word_1_172' title='bbox 511 1108 571 1133; x_wconf 86' lang='grc' dir='ltr'>ὲστι</span> <span class='ocrx_word' id='word_1_173' title='bbox 595 1108 642 1134; x_wconf 76' lang='grc' dir='ltr'>καὶ</span> <span class='ocrx_word' id='word_1_174' title='bbox 660 1108 770 1142; x_wconf 66' lang='grc' dir='ltr'>ἰσχυρὸν</span> <span class='ocrx_word' id='word_1_175' title='bbox 789 1116 865 1142; x_wconf 79' lang='grc' dir='ltr'>περι·</span> 
     </span>
    </p>
   </div>
   <div class='ocr_carea' id='block_1_26' title="bbox 80 1152 865 1188">
    <p class='ocr_par' dir='ltr' id='par_1_26' title="bbox 80 1152 865 1188">
     <span class='ocr_line' id='line_1_26' title="bbox 80 1152 865 1188; baseline 0.003 -10"><span class='ocrx_word' id='word_1_176' title='bbox 80 1152 238 1187; x_wconf 76' lang='grc' dir='ltr'>ὁεὸλημένη</span> <span class='ocrx_word' id='word_1_177' title='bbox 258 1153 422 1187; x_wconf 75' lang='grc' dir='ltr'>περίϐολον,</span> <span class='ocrx_word' id='word_1_178' title='bbox 440 1153 487 1179; x_wconf 87' lang='grc' dir='ltr'>καὶ</span> <span class='ocrx_word' id='word_1_179' title='bbox 502 1153 596 1179; x_wconf 76' lang='grc' dir='ltr'>τοῦτον</span> <span class='ocrx_word' id='word_1_180' title='bbox 620 1153 777 1188; x_wconf 54' lang='grc' dir='ltr'>ἀμφίδυμοι)</span> <span class='ocrx_word' id='word_1_181' title='bbox 795 1154 865 1180; x_wconf 75' lang='grc' dir='ltr'>κατὰ</span> 
     </span>
    </p>
   </div>
   <div class='ocr_carea' id='block_1_27' title="bbox 80 1196 865 1234">
    <p class='ocr_par' dir='ltr' id='par_1_27' title="bbox 80 1196 865 1234">
     <span class='ocr_line' id='line_1_27' title="bbox 80 1196 865 1234; baseline 0.001 -10"><span class='ocrx_word' id='word_1_182' title='bbox 80 1199 110 1224; x_wconf 75' lang='grc' dir='ltr'>τὸ</span> <span class='ocrx_word' id='word_1_183' title='bbox 125 1199 216 1232; x_wconf 80' lang='grc' dir='ltr'>κλίμα</span> <span class='ocrx_word' id='word_1_184' title='bbox 232 1199 262 1225; x_wconf 80' lang='grc' dir='ltr'>τὸ</span> <span class='ocrx_word' id='word_1_185' title='bbox 281 1200 378 1225; x_wconf 87' lang='grc' dir='ltr'>νότιον.</span> <span class='ocrx_word' id='word_1_186' title='bbox 408 1200 453 1225; x_wconf 77' lang='grc' dir='ltr'>Ἐν</span> <span class='ocrx_word' id='word_1_187' title='bbox 473 1196 494 1233; x_wconf 75' lang='grc' dir='ltr'>ᾧ</span> <span class='ocrx_word' id='word_1_188' title='bbox 512 1198 558 1226; x_wconf 79' lang='grc' dir='ltr'>καὶ</span> <span class='ocrx_word' id='word_1_189' title='bbox 573 1199 708 1234; x_wconf 72' lang='grc' dir='ltr'>ἐκδρομαὶ</span> <span class='ocrx_word' id='word_1_190' title='bbox 734 1199 865 1229; x_wconf 69' lang='grc' dir='ltr'>πολλάκις</span> 
     </span>
    </p>
   </div>
   <div class='ocr_carea' id='block_1_28' title="bbox 80 1245 866 1280">
    <p class='ocr_par' dir='ltr' id='par_1_28' title="bbox 80 1245 866 1280">
     <span class='ocr_line' id='line_1_28' title="bbox 80 1245 866 1280; baseline 0.001 -10"><span class='ocrx_word' id='word_1_191' title='bbox 80 1245 130 1279; x_wconf 77' lang='grc' dir='ltr'>τῆς</span> <span class='ocrx_word' id='word_1_192' title='bbox 157 1245 266 1280; x_wconf 78' lang='grc' dir='ltr'>ἡμέρας</span> <span class='ocrx_word' id='word_1_193' title='bbox 289 1246 434 1280; x_wconf 83' lang='grc' dir='ltr'>γινόμεναι</span> <span class='ocrx_word' id='word_1_194' title='bbox 451 1245 588 1280; x_wconf 80' lang='grc' dir='ltr'>συνῆπτον</span> <span class='ocrx_word' id='word_1_195' title='bbox 609 1245 678 1279; x_wconf 82' lang='grc' dir='ltr'>πρὸς</span> <span class='ocrx_word' id='word_1_196' title='bbox 702 1245 805 1279; x_wconf 81' lang='grc' dir='ltr'>ἄλληλα</span> <span class='ocrx_word' id='word_1_197' title='bbox 831 1248 866 1271; x_wconf 69' lang='grc' dir='ltr'>τὰ</span> 
     </span>
    </p>
   </div>
   <div class='ocr_carea' id='block_1_29' title="bbox 82 1291 864 1326">
    <p class='ocr_par' dir='ltr' id='par_1_29' title="bbox 82 1291 864 1326">
     <span class='ocr_line' id='line_1_29' title="bbox 82 1291 864 1326; baseline 0.003 -10"><span class='ocrx_word' id='word_1_198' title='bbox 82 1291 290 1325; x_wconf 77' lang='grc' dir='ltr'>στρατεύματα,</span> <span class='ocrx_word' id='word_1_199' title='bbox 317 1292 364 1318; x_wconf 79' lang='grc' dir='ltr'>καὶ</span> <span class='ocrx_word' id='word_1_200' title='bbox 391 1291 506 1318; x_wconf 73' lang='grc' dir='ltr'>ἔπιπτον</span> <span class='ocrx_word' id='word_1_201' title='bbox 521 1291 552 1324; x_wconf 76' lang='grc' dir='ltr'><strong>ἐξ</strong></span> <span class='ocrx_word' id='word_1_202' title='bbox 571 1292 736 1326; x_wconf 77' lang='grc' dir='ltr'>ἀμφοτέρων</span> <span class='ocrx_word' id='word_1_203' title='bbox 762 1291 864 1325; x_wconf 72' lang='grc' dir='ltr'>συχνοί.</span> 
     </span>
    </p>
   </div>
   <div class='ocr_carea' id='block_1_30' title="bbox 86 1336 865 1372">
    <p class='ocr_par' dir='ltr' id='par_1_30' title="bbox 86 1336 865 1372">
     <span class='ocr_line' id='line_1_30' title="bbox 86 1336 865 1372; baseline -0.003 -8"><span class='ocrx_word' id='word_1_204' title='bbox 86 1336 165 1364; x_wconf 76' lang='grc' dir='ltr'>Ἐπεὶ</span> <span class='ocrx_word' id='word_1_205' title='bbox 188 1337 217 1364; x_wconf 80' lang='grc' dir='ltr'>δὲ</span> <span class='ocrx_word' id='word_1_206' title='bbox 245 1337 297 1364; x_wconf 72' lang='grc' dir='ltr'>ἔδει</span> <span class='ocrx_word' id='word_1_207' title='bbox 316 1338 362 1364; x_wconf 68' lang='grc' dir='ltr'>καὶ</span> <span class='ocrx_word' id='word_1_208' title='bbox 378 1338 428 1372; x_wconf 82' lang='grc' dir='ltr'>τὴν</span> <span class='ocrx_word' id='word_1_209' title='bbox 446 1338 524 1364; x_wconf 86' lang='grc' dir='ltr'>πόλιν</span> <span class='ocrx_word' id='word_1_210' title='bbox 548 1338 649 1372; x_wconf 78' lang='grc' dir='ltr'>ταύτην</span> <span class='ocrx_word' id='word_1_211' title='bbox 670 1337 808 1372; x_wconf 64' lang='grc' dir='ltr'>ὑποκύψαι</span> <span class='ocrx_word' id='word_1_212' title='bbox 829 1336 865 1372; x_wconf 83' lang='grc' dir='ltr'>τῷ</span> 
     </span>
    </p>
   </div>
   <div class='ocr_carea' id='block_1_31' title="bbox 86 1383 866 1419">
    <p class='ocr_par' dir='ltr' id='par_1_31' title="bbox 86 1383 866 1419">
     <span class='ocr_line' id='line_1_31' title="bbox 86 1383 866 1419; baseline -0.001 -9"><span class='ocrx_word' id='word_1_213' title='bbox 86 1383 251 1419; x_wconf 73' lang='grc' dir='ltr'>’Δνδρονίκῳ</span> <span class='ocrx_word' id='word_1_214' title='bbox 265 1385 385 1415; x_wconf 72' lang='grc' dir='ltr'>καὶτοὺς</span> <span class='ocrx_word' id='word_1_215' title='bbox 402 1383 544 1415; x_wconf 82' lang='grc' dir='ltr'>πλείστους</span> <span class='ocrx_word' id='word_1_216' title='bbox 556 1384 611 1410; x_wconf 84' lang='grc' dir='ltr'>τῶν</span> <span class='ocrx_word' id='word_1_217' title='bbox 628 1385 657 1410; x_wconf 83' lang='grc' dir='ltr'>ὲν</span> <span class='ocrx_word' id='word_1_218' title='bbox 679 1384 746 1419; x_wconf 82' lang='grc' dir='ltr'>αὐτῇ</span> <span class='ocrx_word' id='word_1_219' title='bbox 770 1391 866 1418; x_wconf 76' lang='grc' dir='ltr'>χειρω-</span> 
     </span>
    </p>
   </div>
   <div class='ocr_carea' id='block_1_32' title="bbox 81 1429 864 1465">
    <p class='ocr_par' dir='ltr' id='par_1_32' title="bbox 81 1429 864 1465">
     <span class='ocr_line' id='line_1_32' title="bbox 81 1429 864 1465; baseline -0.003 -9"><span class='ocrx_word' id='word_1_220' title='bbox 81 1429 179 1461; x_wconf 75' lang='grc' dir='ltr'>θέντας</span> <span class='ocrx_word' id='word_1_221' title='bbox 202 1429 299 1456; x_wconf 82' lang='grc' dir='ltr'>παθεῖν</span> <span class='ocrx_word' id='word_1_222' title='bbox 321 1431 354 1456; x_wconf 78' lang='grc' dir='ltr'>τὰ</span> <span class='ocrx_word' id='word_1_223' title='bbox 379 1430 529 1465; x_wconf 77' lang='grc' dir='ltr'>ἀνήκεστα,</span> <span class='ocrx_word' id='word_1_224' title='bbox 551 1429 598 1455; x_wconf 81' lang='grc' dir='ltr'>τοῦ</span> <span class='ocrx_word' id='word_1_225' title='bbox 619 1430 728 1464; x_wconf 77' lang='grc' dir='ltr'>τείχους</span> <span class='ocrx_word' id='word_1_226' title='bbox 751 1438 777 1455; x_wconf 84' lang='grc' dir='ltr'><strong>τι</strong></span> <span class='ocrx_word' id='word_1_227' title='bbox 796 1431 864 1455; x_wconf 83' lang='grc' dir='ltr'>ἁπε-</span> 
     </span>
    </p>
   </div>
   <div class='ocr_carea' id='block_1_33' title="bbox 81 1475 864 1510">
    <p class='ocr_par' dir='ltr' id='par_1_33' title="bbox 81 1475 864 1510">
     <span class='ocr_line' id='line_1_33' title="bbox 81 1475 864 1510; baseline 0.001 -9"><span class='ocrx_word' id='word_1_228' title='bbox 81 1475 198 1508; x_wconf 79' lang='grc' dir='ltr'>λεπίσθη</span> <span class='ocrx_word' id='word_1_229' title='bbox 214 1477 245 1509; x_wconf 76' lang='grc' dir='ltr'>τῇ</span> <span class='ocrx_word' id='word_1_230' title='bbox 265 1475 390 1502; x_wconf 73' lang='grc' dir='ltr'>ἑλεπόλει</span> <span class='ocrx_word' id='word_1_231' title='bbox 408 1475 527 1510; x_wconf 76' lang='grc' dir='ltr'>συνεχῶς</span> <span class='ocrx_word' id='word_1_232' title='bbox 539 1476 739 1510; x_wconf 80' lang='grc' dir='ltr'>δρυπτόμενον.</span> <span class='ocrx_word' id='word_1_233' title='bbox 754 1476 824 1509; x_wconf 82' lang='grc' dir='ltr'>Πρὸς</span> <span class='ocrx_word' id='word_1_234' title='bbox 836 1476 864 1502; x_wconf 79' lang='grc' dir='ltr'>δὲ</span> 
     </span>
    </p>
   </div>
   <div class='ocr_carea' id='block_1_34' title="bbox 81 1519 900 1556">
    <p class='ocr_par' dir='ltr' id='par_1_34' title="bbox 81 1519 900 1556">
     <span class='ocr_line' id='line_1_34' title="bbox 81 1519 900 1556; baseline 0.002 -11"><span class='ocrx_word' id='word_1_235' title='bbox 81 1519 170 1554; x_wconf 84' lang='grc' dir='ltr'>τούτῳ</span> <span class='ocrx_word' id='word_1_236' title='bbox 186 1521 233 1546; x_wconf 75' lang='grc' dir='ltr'><strong>καὶ</strong></span> <span class='ocrx_word' id='word_1_237' title='bbox 256 1520 286 1546; x_wconf 75' lang='grc' dir='ltr'>τὸ</span> <span class='ocrx_word' id='word_1_238' title='bbox 305 1521 364 1546; x_wconf 84' lang='grc' dir='ltr'>κατ’</span> <span class='ocrx_word' id='word_1_239' title='bbox 386 1522 475 1547; x_wconf 77' lang='grc' dir='ltr'>ἐκεῖνο</span> <span class='ocrx_word' id='word_1_240' title='bbox 495 1520 525 1546; x_wconf 82' lang='grc' dir='ltr'>τὸ</span> <span class='ocrx_word' id='word_1_241' title='bbox 545 1521 626 1555; x_wconf 81' lang='grc' dir='ltr'>μέρος</span> <span class='ocrx_word' id='word_1_242' title='bbox 641 1521 865 1556; x_wconf 77' lang='grc' dir='ltr'>προσεπίκτισμα</span> <span class='ocrx_word' id='word_1_243' title='bbox 879 1525 900 1554; x_wconf 87' lang='lat' dir='ltr'><strong>c</strong></span> 
     </span>
    </p>
   </div>
   <div class='ocr_carea' id='block_1_35' title="bbox 81 1565 863 1600">
    <p class='ocr_par' dir='ltr' id='par_1_35' title="bbox 81 1565 863 1600">
     <span class='ocr_line' id='line_1_35' title="bbox 81 1565 863 1600; baseline 0.004 -10"><span class='ocrx_word' id='word_1_244' title='bbox 81 1566 129 1591; x_wconf 71' lang='grc' dir='ltr'><strong>καὶ</strong></span> <span class='ocrx_word' id='word_1_245' title='bbox 144 1565 292 1599; x_wconf 83' lang='grc' dir='ltr'>ἱμάντωμα</span> <span class='ocrx_word' id='word_1_246' title='bbox 312 1566 359 1592; x_wconf 83' lang='grc' dir='ltr'>τοῦ</span> <span class='ocrx_word' id='word_1_247' title='bbox 386 1565 502 1592; x_wconf 80' lang='grc' dir='ltr'>παλαιοῦ</span> <span class='ocrx_word' id='word_1_248' title='bbox 526 1566 672 1600; x_wconf 78' lang='grc' dir='ltr'>περιϐόλου</span> <span class='ocrx_word' id='word_1_249' title='bbox 693 1566 863 1600; x_wconf 73' lang='grc' dir='ltr'>καταϐληθὲν</span> 
     </span>
    </p>
   </div>
   <div class='ocr_carea' id='block_1_36' title="bbox 81 1610 864 1646">
    <p class='ocr_par' dir='ltr' id='par_1_36' title="bbox 81 1610 864 1646">
     <span class='ocr_line' id='line_1_36' title="bbox 81 1610 864 1646; baseline 0.004 -11"><span class='ocrx_word' id='word_1_250' title='bbox 81 1610 236 1643; x_wconf 74' lang='grc' dir='ltr'>φαντασίαν</span> <span class='ocrx_word' id='word_1_251' title='bbox 268 1612 323 1642; x_wconf 82' lang='grc' dir='ltr'>τοῖς</span> <span class='ocrx_word' id='word_1_252' title='bbox 353 1611 427 1637; x_wconf 75' lang='grc' dir='ltr'>ἔνδον</span> <span class='ocrx_word' id='word_1_253' title='bbox 457 1611 610 1646; x_wconf 72' lang='grc' dir='ltr'>παρέσχετο</span> <span class='ocrx_word' id='word_1_254' title='bbox 640 1611 686 1638; x_wconf 78' lang='grc' dir='ltr'>τοῦ</span> <span class='ocrx_word' id='word_1_255' title='bbox 713 1612 742 1638; x_wconf 84' lang='grc' dir='ltr'>τὸ</span> <span class='ocrx_word' id='word_1_256' title='bbox 776 1614 864 1646; x_wconf 70' lang='grc' dir='ltr'>τεῖχος</span> 
     </span>
    </p>
   </div>
   <div class='ocr_carea' id='block_1_37' title="bbox 81 1656 863 1691">
    <p class='ocr_par' dir='ltr' id='par_1_37' title="bbox 81 1656 863 1691">
     <span class='ocr_line' id='line_1_37' title="bbox 81 1656 863 1691; baseline 0.004 -10"><span class='ocrx_word' id='word_1_257' title='bbox 81 1656 165 1686; x_wconf 78' lang='grc' dir='ltr'>ἅπαν,</span> <span class='ocrx_word' id='word_1_258' title='bbox 185 1656 283 1682; x_wconf 81' lang='grc' dir='ltr'>ὁπόσον</span> <span class='ocrx_word' id='word_1_259' title='bbox 297 1657 312 1690; x_wconf 80' lang='grc' dir='ltr'>ἡ</span> <span class='ocrx_word' id='word_1_260' title='bbox 328 1656 452 1688; x_wconf 79' lang='grc' dir='ltr'>ἑλέπολις</span> <span class='ocrx_word' id='word_1_261' title='bbox 464 1657 587 1689; x_wconf 81' lang='grc' dir='ltr'>ἔτυπτεν,</span> <span class='ocrx_word' id='word_1_262' title='bbox 604 1658 650 1683; x_wconf 75' lang='grc' dir='ltr'><strong>ἐπὶ</strong></span> <span class='ocrx_word' id='word_1_263' title='bbox 664 1659 726 1690; x_wconf 78' lang='grc' dir='ltr'>γόνυ</span> <span class='ocrx_word' id='word_1_264' title='bbox 738 1658 863 1691; x_wconf 78' lang='grc' dir='ltr'>κλιθῆναι</span> 
     </span>
    </p>
   </div>
   <div class='ocr_carea' id='block_1_38' title="bbox 80 1701 864 1738">
    <p class='ocr_par' dir='ltr' id='par_1_38' title="bbox 80 1701 864 1738">
     <span class='ocr_line' id='line_1_38' title="bbox 80 1701 864 1738; baseline 0.003 -10"><span class='ocrx_word' id='word_1_265' title='bbox 80 1702 273 1729; x_wconf 76' lang='grc' dir='ltr'>κατασειοοέν.</span> <span class='ocrx_word' id='word_1_266' title='bbox 303 1703 390 1735; x_wconf 67' lang='grc' dir='ltr'>Θροῦς</span> <span class='ocrx_word' id='word_1_267' title='bbox 412 1701 458 1729; x_wconf 84' lang='grc' dir='ltr'>οὖν</span> <span class='ocrx_word' id='word_1_268' title='bbox 486 1703 532 1730; x_wconf 74' lang='grc' dir='ltr'><strong>ἐπὶ</strong></span> <span class='ocrx_word' id='word_1_269' title='bbox 557 1702 595 1738; x_wconf 85' lang='grc' dir='ltr'>τῷ</span> <span class='ocrx_word' id='word_1_270' title='bbox 615 1704 752 1738; x_wconf 85' lang='grc' dir='ltr'>γενομένῳ</span> <span class='ocrx_word' id='word_1_271' title='bbox 777 1704 864 1738; x_wconf 80' lang='grc' dir='ltr'>τούτῳ</span> 
     </span>
    </p>
   </div>
   <div class='ocr_carea' id='block_1_39' title="bbox 77 1748 866 1782">
    <p class='ocr_par' dir='ltr' id='par_1_39' title="bbox 77 1748 866 1782">
     <span class='ocr_line' id='line_1_39' title="bbox 77 1748 866 1782; baseline 0 -7"><span class='ocrx_word' id='word_1_272' title='bbox 77 1749 185 1782; x_wconf 78' lang='grc' dir='ltr'>ἄσημος</span> <span class='ocrx_word' id='word_1_273' title='bbox 211 1748 328 1782; x_wconf 77' lang='grc' dir='ltr'>αἴρεται,</span> <span class='ocrx_word' id='word_1_274' title='bbox 356 1750 404 1774; x_wconf 80' lang='grc' dir='ltr'>καὶ</span> <span class='ocrx_word' id='word_1_275' title='bbox 436 1749 495 1780; x_wconf 78' lang='grc' dir='ltr'>δέος</span> <span class='ocrx_word' id='word_1_276' title='bbox 530 1749 579 1780; x_wconf 82' lang='grc' dir='ltr'>τὰς</span> <span class='ocrx_word' id='word_1_277' title='bbox 612 1749 741 1775; x_wconf 78' lang='grc' dir='ltr'>ἁπάντων</span> <span class='ocrx_word' id='word_1_278' title='bbox 783 1750 866 1776; x_wconf 79' lang='grc' dir='ltr'>ἑκτα-</span> 
     </span>
    </p>
   </div>
   <div class='ocr_carea' id='block_1_40' title="bbox 81 1793 864 1829">
    <p class='ocr_par' dir='ltr' id='par_1_40' title="bbox 81 1793 864 1829">
     <span class='ocr_line' id='line_1_40' title="bbox 81 1793 864 1829; baseline 0.003 -10"><span class='ocrx_word' id='word_1_279' title='bbox 81 1794 177 1827; x_wconf 78' lang='grc' dir='ltr'>ράττει</span> <span class='ocrx_word' id='word_1_280' title='bbox 191 1793 314 1825; x_wconf 70' lang='grc' dir='ltr'>καρδίας.</span> <span class='ocrx_word' id='word_1_281' title='bbox 334 1794 413 1820; x_wconf 81' lang='grc' dir='ltr'>Ὅθεν</span> <span class='ocrx_word' id='word_1_282' title='bbox 430 1793 467 1828; x_wconf 86' lang='grc' dir='ltr'>μὴ</span> <span class='ocrx_word' id='word_1_283' title='bbox 486 1794 734 1829; x_wconf 81' lang='grc' dir='ltr'>περιεργασοέντος</span> <span class='ocrx_word' id='word_1_284' title='bbox 751 1794 798 1820; x_wconf 84' lang='grc' dir='ltr'>τοῦ</span> <span class='ocrx_word' id='word_1_285' title='bbox 816 1804 864 1821; x_wconf 78' lang='grc' dir='ltr'>κα-</span> 
     </span>
    </p>
   </div>
   <div class='ocr_carea' id='block_1_41' title="bbox 81 1837 864 1874">
    <p class='ocr_par' dir='ltr' id='par_1_41' title="bbox 81 1837 864 1874">
     <span class='ocr_line' id='line_1_41' title="bbox 81 1837 864 1874; baseline 0.003 -10"><span class='ocrx_word' id='word_1_286' title='bbox 81 1838 141 1869; x_wconf 81' lang='grc' dir='ltr'>κοῦ,</span> <span class='ocrx_word' id='word_1_287' title='bbox 159 1837 218 1863; x_wconf 80' lang='grc' dir='ltr'>ἀλλ’</span> <span class='ocrx_word' id='word_1_288' title='bbox 232 1838 301 1865; x_wconf 80' lang='grc' dir='ltr'>ὅλων</span> <span class='ocrx_word' id='word_1_289' title='bbox 322 1839 369 1865; x_wconf 74' lang='grc' dir='ltr'>καὶ</span> <span class='ocrx_word' id='word_1_290' title='bbox 385 1839 453 1874; x_wconf 80' lang='grc' dir='ltr'>πρὸς</span> <span class='ocrx_word' id='word_1_291' title='bbox 468 1840 550 1873; x_wconf 82' lang='grc' dir='ltr'>μόνον</span> <span class='ocrx_word' id='word_1_292' title='bbox 570 1839 624 1866; x_wconf 84' lang='grc' dir='ltr'>τῶν</span> <span class='ocrx_word' id='word_1_293' title='bbox 646 1839 864 1874; x_wconf 77' lang='grc' dir='ltr'>ἐκτιναχθέντων</span> 
     </span>
    </p>
   </div>
   <div class='ocr_carea' id='block_1_42' title="bbox 79 1883 862 1919">
    <p class='ocr_par' dir='ltr' id='par_1_42' title="bbox 79 1883 862 1919">
     <span class='ocr_line' id='line_1_42' title="bbox 79 1883 862 1919; baseline 0.003 -10"><span class='ocrx_word' id='word_1_294' title='bbox 79 1883 163 1910; x_wconf 81' lang='grc' dir='ltr'>λίθων</span> <span class='ocrx_word' id='word_1_295' title='bbox 182 1883 227 1909; x_wconf 79' lang='grc' dir='ltr'><strong>τὸν</strong></span> <span class='ocrx_word' id='word_1_296' title='bbox 249 1884 348 1910; x_wconf 80' lang='grc' dir='ltr'>δοῦπον</span> <span class='ocrx_word' id='word_1_297' title='bbox 371 1884 603 1918; x_wconf 64' lang='grc' dir='ltr'>ἐπαποψυξάντων</span> <span class='ocrx_word' id='word_1_298' title='bbox 621 1885 659 1919; x_wconf 79' lang='grc' dir='ltr'>τῷ</span> <span class='ocrx_word' id='word_1_299' title='bbox 673 1885 726 1911; x_wconf 75' lang='grc' dir='ltr'>δέει</span> <span class='ocrx_word' id='word_1_300' title='bbox 752 1885 862 1919; x_wconf 78' lang='grc' dir='ltr'>μικροῦ,</span> 
     </span>
    </p>
   </div>
   <div class='ocr_carea' id='block_1_43' title="bbox 80 1927 864 1962">
    <p class='ocr_par' dir='ltr' id='par_1_43' title="bbox 80 1927 864 1962">
     <span class='ocr_line' id='line_1_43' title="bbox 80 1927 864 1962; baseline 0.003 -10"><span class='ocrx_word' id='word_1_301' title='bbox 80 1927 173 1961; x_wconf 76' lang='grc' dir='ltr'>ἔρημα</span> <span class='ocrx_word' id='word_1_302' title='bbox 200 1927 250 1961; x_wconf 85' lang='grc' dir='ltr'>μὲν</span> <span class='ocrx_word' id='word_1_303' title='bbox 273 1928 307 1953; x_wconf 75' lang='grc' dir='ltr'><strong>τὰ</strong></span> <span class='ocrx_word' id='word_1_304' title='bbox 329 1928 406 1962; x_wconf 81' lang='grc' dir='ltr'>τείχη</span> <span class='ocrx_word' id='word_1_305' title='bbox 422 1929 477 1953; x_wconf 71' lang='grc' dir='ltr'>τῶν</span> <span class='ocrx_word' id='word_1_306' title='bbox 500 1927 544 1953; x_wconf 74' lang='grc' dir='ltr'><strong>ἐπ’</strong></span> <span class='ocrx_word' id='word_1_307' title='bbox 568 1927 658 1954; x_wconf 83' lang='grc' dir='ltr'>αὐτῶν</span> <span class='ocrx_word' id='word_1_308' title='bbox 685 1928 864 1962; x_wconf 82' lang='grc' dir='ltr'>ἀμυνομένων</span> 
     </span>
    </p>
   </div>
   <div class='ocr_carea' id='block_1_44' title="bbox 80 1969 863 2006">
    <p class='ocr_par' dir='ltr' id='par_1_44' title="bbox 80 1969 863 2006">
     <span class='ocr_line' id='line_1_44' title="bbox 80 1969 863 2006; baseline 0.004 -11"><span class='ocrx_word' id='word_1_309' title='bbox 80 1969 225 2004; x_wconf 76' lang='grc' dir='ltr'>εἰάθησαν,</span> <span class='ocrx_word' id='word_1_310' title='bbox 255 1970 283 1997; x_wconf 82' lang='grc' dir='ltr'>αἱ</span> <span class='ocrx_word' id='word_1_311' title='bbox 304 1970 325 1996; x_wconf 86' lang='grc' dir='ltr'>δ’</span> <span class='ocrx_word' id='word_1_312' title='bbox 339 1971 434 2004; x_wconf 71' lang='grc' dir='ltr'>ἀγυιαὶ</span> <span class='ocrx_word' id='word_1_313' title='bbox 459 1969 532 2006; x_wconf 75' lang='grc' dir='ltr'>εἶχον</span> <span class='ocrx_word' id='word_1_314' title='bbox 554 1971 734 2006; x_wconf 80' lang='grc' dir='ltr'>ἁλιζομένους</span> <span class='ocrx_word' id='word_1_315' title='bbox 761 1972 797 2003; x_wconf 84' lang='grc' dir='ltr'>ὼς</span> <span class='ocrx_word' id='word_1_316' title='bbox 820 1973 863 1998; x_wconf 71' lang='grc' dir='ltr'><strong>ἐπ’</strong></span> 
     </span>
    </p>
   </div>
   <div class='ocr_carea' id='block_1_45' title="bbox 78 2016 864 2051">
    <p class='ocr_par' dir='ltr' id='par_1_45' title="bbox 78 2016 864 2051">
     <span class='ocr_line' id='line_1_45' title="bbox 78 2016 864 2051; baseline 0.004 -11"><span class='ocrx_word' id='word_1_317' title='bbox 78 2016 232 2050; x_wconf 68' lang='grc' dir='ltr'>ἀμηχάνοις</span> <span class='ocrx_word' id='word_1_318' title='bbox 248 2016 311 2046; x_wconf 76' lang='grc' dir='ltr'>τοὺς</span> <span class='ocrx_word' id='word_1_319' title='bbox 327 2016 554 2047; x_wconf 75' lang='grc' dir='ltr'>ὑποκαταϐάντας</span> <span class='ocrx_word' id='word_1_320' title='bbox 570 2018 602 2043; x_wconf 81' lang='grc' dir='ltr'>ὲκ</span> <span class='ocrx_word' id='word_1_321' title='bbox 616 2017 670 2043; x_wconf 86' lang='grc' dir='ltr'>τῶν</span> <span class='ocrx_word' id='word_1_322' title='bbox 685 2017 792 2051; x_wconf 81' lang='grc' dir='ltr'>τειχῶν.</span> <span class='ocrx_word' id='word_1_323' title='bbox 810 2018 864 2044; x_wconf 73' lang='grc' dir='ltr'><strong>Καὶ</strong></span> 
     </span>
    </p>
   </div>
   <div class='ocr_carea' id='block_1_46' title="bbox 78 2060 862 2097">
    <p class='ocr_par' dir='ltr' id='par_1_46' title="bbox 78 2060 862 2097">
     <span class='ocr_line' id='line_1_46' title="bbox 78 2060 862 2097; baseline 0.004 -11"><span class='ocrx_word' id='word_1_324' title='bbox 78 2061 109 2086; x_wconf 70' lang='grc' dir='ltr'>τὸ</span> <span class='ocrx_word' id='word_1_325' title='bbox 131 2060 258 2087; x_wconf 73' lang='grc' dir='ltr'>ἐντεῦθεν</span> <span class='ocrx_word' id='word_1_326' title='bbox 271 2062 367 2093; x_wconf 77' lang='grc' dir='ltr'>ἄνετος</span> <span class='ocrx_word' id='word_1_327' title='bbox 387 2062 436 2096; x_wconf 71' lang='grc' dir='ltr'>μὲν</span> <span class='ocrx_word' id='word_1_328' title='bbox 452 2063 508 2093; x_wconf 90' lang='grc' dir='ltr'>τοῖς</span> <span class='ocrx_word' id='word_1_329' title='bbox 526 2062 667 2097; x_wconf 87' lang='grc' dir='ltr'>πολεμίοις</span> <span class='ocrx_word' id='word_1_330' title='bbox 682 2063 698 2097; x_wconf 81' lang='grc' dir='ltr'>ἡ</span> <span class='ocrx_word' id='word_1_331' title='bbox 713 2062 756 2089; x_wconf 84' lang='grc' dir='ltr'>διὰ</span> <span class='ocrx_word' id='word_1_332' title='bbox 771 2063 862 2089; x_wconf 80' lang='grc' dir='ltr'>πυλῶν</span> 
     </span>
    </p>
   </div>
   <div class='ocr_carea' id='block_1_47' title="bbox 79 2106 863 2144">
    <p class='ocr_par' dir='ltr' id='par_1_47' title="bbox 79 2106 863 2144">
     <span class='ocr_line' id='line_1_47' title="bbox 79 2106 863 2144; baseline 0.005 -12"><span class='ocrx_word' id='word_1_333' title='bbox 79 2106 126 2133; x_wconf 79' lang='grc' dir='ltr'><strong>καὶ</strong></span> <span class='ocrx_word' id='word_1_334' title='bbox 146 2107 253 2140; x_wconf 86' lang='grc' dir='ltr'>τείχους</span> <span class='ocrx_word' id='word_1_335' title='bbox 269 2107 412 2140; x_wconf 80' lang='grc' dir='ltr'>κλιμάκων</span> <span class='ocrx_word' id='word_1_336' title='bbox 427 2108 652 2142; x_wconf 73' lang='grc' dir='ltr'>ἐπενηνεγμένων</span> <span class='ocrx_word' id='word_1_337' title='bbox 667 2110 706 2139; x_wconf 75' lang='grc' dir='ltr'><strong>εἰς</strong></span> <span class='ocrx_word' id='word_1_338' title='bbox 724 2109 773 2144; x_wconf 87' lang='grc' dir='ltr'>τὴν</span> <span class='ocrx_word' id='word_1_339' title='bbox 786 2109 863 2136; x_wconf 88' lang='grc' dir='ltr'>πόλιν</span> 
     </span>
    </p>
   </div>
   <div class='ocr_carea' id='block_1_48' title="bbox 78 2150 860 2190">
    <p class='ocr_par' dir='ltr' id='par_1_48' title="bbox 78 2150 860 2190">
     <span class='ocr_line' id='line_1_48' title="bbox 78 2150 860 2190; baseline 0.006 -13"><span class='ocrx_word' id='word_1_340' title='bbox 78 2152 182 2183; x_wconf 82' lang='grc' dir='ltr'>εἰσοδος</span> <span class='ocrx_word' id='word_1_341' title='bbox 197 2150 243 2187; x_wconf 83' lang='grc' dir='ltr'>ἦν,</span> <span class='ocrx_word' id='word_1_342' title='bbox 260 2152 351 2183; x_wconf 84' lang='grc' dir='ltr'>αὐτοῖς</span> <span class='ocrx_word' id='word_1_343' title='bbox 367 2153 395 2178; x_wconf 79' lang='grc' dir='ltr'>δὲ</span> <span class='ocrx_word' id='word_1_344' title='bbox 416 2155 473 2184; x_wconf 80' lang='grc' dir='ltr'>τοῖς</span> <span class='ocrx_word' id='word_1_345' title='bbox 495 2154 666 2188; x_wconf 87' lang='grc' dir='ltr'>Προυσαεῦσι</span> <span class='ocrx_word' id='word_1_346' title='bbox 683 2155 860 2190; x_wconf 72' lang='grc' dir='ltr'>καταλαμϐα·</span> 
     </span>
    </p>
   </div>
   <div class='ocr_carea' id='block_1_49' title="bbox 916 237 1702 274">
    <p class='ocr_par' dir='ltr' id='par_1_49' title="bbox 916 237 1702 274">
     <span class='ocr_line' id='line_1_49' title="bbox 916 237 1702 274; baseline 0.004 -10"><span class='ocrx_word' id='word_1_347' title='bbox 916 237 997 272; x_wconf 75' lang='lat'><strong>372</strong></span> <span class='ocrx_word' id='word_1_348' title='bbox 1019 239 1086 265; x_wconf 85' lang='lat' dir='ltr'><strong>dare</strong></span> <span class='ocrx_word' id='word_1_349' title='bbox 1106 239 1223 270; x_wconf 85' lang='lat' dir='ltr'><strong>veniam,</strong></span> <span class='ocrx_word' id='word_1_350' title='bbox 1243 239 1265 266; x_wconf 90' lang='lat' dir='ltr'><strong>si</strong></span> <span class='ocrx_word' id='word_1_351' title='bbox 1281 239 1384 273; x_wconf 82' lang='lat' dir='ltr'><strong>apertis</strong></span> <span class='ocrx_word' id='word_1_352' title='bbox 1409 240 1496 273; x_wconf 88' lang='lat' dir='ltr'><strong>portis</strong></span> <span class='ocrx_word' id='word_1_353' title='bbox 1523 240 1702 274; x_wconf 84' lang='lat' dir='ltr'><strong>reciperetur.</strong></span> 
     </span>
    </p>
   </div>
   <div class='ocr_carea' id='block_1_50' title="bbox 917 283 1702 317">
    <p class='ocr_par' dir='ltr' id='par_1_50' title="bbox 917 283 1702 317">
     <span class='ocr_line' id='line_1_50' title="bbox 917 283 1702 317; baseline 0.001 -6"><span class='ocrx_word' id='word_1_354' title='bbox 917 288 947 311; x_wconf 86' lang='lat' dir='ltr'><strong>et</strong></span> <span class='ocrx_word' id='word_1_355' title='bbox 964 283 1129 310; x_wconf 87' lang='lat' dir='ltr'><strong>Theodorus</strong></span> <span class='ocrx_word' id='word_1_356' title='bbox 1144 283 1265 317; x_wconf 81' lang='lat' dir='ltr'><strong>Angelus</strong></span> <span class='ocrx_word' id='word_1_357' title='bbox 1291 288 1318 310; x_wconf 83' lang='lat' dir='ltr'><strong>ct</strong></span> <span class='ocrx_word' id='word_1_358' title='bbox 1335 284 1570 312; x_wconf 79' lang='lat' dir='ltr'><strong>circumforaneus</strong></span> <span class='ocrx_word' id='word_1_359' title='bbox 1597 285 1702 312; x_wconf 80' lang='lat' dir='ltr'><strong>Lacha-</strong></span> 
     </span>
    </p>
   </div>
   <div class='ocr_carea' id='block_1_51' title="bbox 917 329 1702 364">
    <p class='ocr_par' dir='ltr' id='par_1_51' title="bbox 917 329 1702 364">
     <span class='ocr_line' id='line_1_51' title="bbox 917 329 1702 364; baseline 0.004 -8"><span class='ocrx_word' id='word_1_360' title='bbox 917 337 966 356; x_wconf 87' lang='lat' dir='ltr'><strong>nas</strong></span> <span class='ocrx_word' id='word_1_361' title='bbox 981 334 1009 356; x_wconf 89' lang='lat' dir='ltr'><strong>et</strong></span> <span class='ocrx_word' id='word_1_362' title='bbox 1036 330 1199 356; x_wconf 81' lang='lat' dir='ltr'><strong>temerarius</strong></span> <span class='ocrx_word' id='word_1_363' title='bbox 1218 329 1348 364; x_wconf 81' lang='lat' dir='ltr'><strong>Synesius</strong></span> <span class='ocrx_word' id='word_1_364' title='bbox 1367 330 1422 364; x_wconf 89' lang='lat' dir='ltr'><strong>(his</strong></span> <span class='ocrx_word' id='word_1_365' title='bbox 1447 331 1520 357; x_wconf 91' lang='lat' dir='ltr'><strong>enim</strong></span> <span class='ocrx_word' id='word_1_366' title='bbox 1548 331 1634 358; x_wconf 88' lang='lat' dir='ltr'><strong>titulis</strong></span> <span class='ocrx_word' id='word_1_367' title='bbox 1655 339 1702 359; x_wconf 87' lang='lat' dir='ltr'><strong>eos</strong></span> 
     </span>
    </p>
   </div>
   <div class='ocr_carea' id='block_1_52' title="bbox 916 374 1701 410">
    <p class='ocr_par' dir='ltr' id='par_1_52' title="bbox 916 374 1701 410">
     <span class='ocr_line' id='line_1_52' title="bbox 916 374 1701 410; baseline 0.005 -10"><span class='ocrx_word' id='word_1_368' title='bbox 916 374 1050 407; x_wconf 84' lang='lat' dir='ltr'><strong>ornabat)</strong></span> <span class='ocrx_word' id='word_1_369' title='bbox 1081 381 1231 408; x_wconf 85' lang='lat' dir='ltr'><strong>eorumque</strong></span> <span class='ocrx_word' id='word_1_370' title='bbox 1257 376 1391 410; x_wconf 85' lang='lat' dir='ltr'><strong>eonjurati</strong></span> <span class='ocrx_word' id='word_1_371' title='bbox 1427 376 1478 402; x_wconf 80' lang='lat' dir='ltr'><strong>sibi</strong></span> <span class='ocrx_word' id='word_1_372' title='bbox 1513 377 1701 404; x_wconf 80' lang='lat' dir='ltr'><strong>traderentur.</strong></span> 
     </span>
    </p>
   </div>
   <div class='ocr_carea' id='block_1_53' title="bbox 917 419 1702 455">
    <p class='ocr_par' dir='ltr' id='par_1_53' title="bbox 917 419 1702 455">
     <span class='ocr_line' id='line_1_53' title="bbox 917 419 1702 455; baseline 0.005 -9"><span class='ocrx_word' id='word_1_373' title='bbox 917 419 1001 454; x_wconf 80' lang='lat' dir='ltr'><strong>idque</strong></span> <span class='ocrx_word' id='word_1_374' title='bbox 1017 420 1113 446; x_wconf 85' lang='lat' dir='ltr'><strong>diebus</strong></span> <span class='ocrx_word' id='word_1_375' title='bbox 1129 419 1316 454; x_wconf 84' lang='lat' dir='ltr'><strong>compluribus</strong></span> <span class='ocrx_word' id='word_1_376' title='bbox 1334 422 1476 455; x_wconf 85' lang='lat' dir='ltr'><strong>repetitum</strong></span> <span class='ocrx_word' id='word_1_377' title='bbox 1490 427 1540 449; x_wconf 93' lang='lat' dir='ltr'><strong>est.</strong></span> <span class='ocrx_word' id='word_1_378' title='bbox 1552 423 1618 450; x_wconf 83' lang='lat' dir='ltr'><strong>Nam</strong></span> <span class='ocrx_word' id='word_1_379' title='bbox 1635 424 1702 450; x_wconf 77' lang='lat' dir='ltr'><strong>Pru-</strong></span> 
     </span>
    </p>
   </div>
   <div class='ocr_carea' id='block_1_54' title="bbox 917 465 1700 503">
    <p class='ocr_par' dir='ltr' id='par_1_54' title="bbox 917 465 1700 503">
     <span class='ocr_line' id='line_1_54' title="bbox 917 465 1700 503; baseline 0.006 -12"><span class='ocrx_word' id='word_1_380' title='bbox 917 472 1015 492; x_wconf 84' lang='lat' dir='ltr'><strong>saense</strong></span> <span class='ocrx_word' id='word_1_381' title='bbox 1031 465 1130 492; x_wconf 87' lang='lat' dir='ltr'><strong>bellum</strong></span> <span class='ocrx_word' id='word_1_382' title='bbox 1147 465 1237 492; x_wconf 70' lang='lat' dir='ltr'><strong>Nicteo</strong></span> <span class='ocrx_word' id='word_1_383' title='bbox 1252 473 1302 493; x_wconf 83' lang='lat' dir='ltr'><strong>nec</strong></span> <span class='ocrx_word' id='word_1_384' title='bbox 1311 466 1470 493; x_wconf 90' lang='lat' dir='ltr'><strong>fortitudine</strong></span> <span class='ocrx_word' id='word_1_385' title='bbox 1483 468 1598 495; x_wconf 83' lang='lat' dir='ltr'><strong>militum</strong></span> <span class='ocrx_word' id='word_1_386' title='bbox 1614 469 1700 503; x_wconf 88' lang='lat' dir='ltr'><strong>impe-</strong></span> 
     </span>
    </p>
   </div>
   <div class='ocr_carea' id='block_1_55' title="bbox 919 510 1700 545">
    <p class='ocr_par' dir='ltr' id='par_1_55' title="bbox 919 510 1700 545">
     <span class='ocr_line' id='line_1_55' title="bbox 919 510 1700 545; baseline 0.006 -9"><span class='ocrx_word' id='word_1_387' title='bbox 919 511 1039 537; x_wconf 80' lang='lat' dir='ltr'><strong>ratorios</strong></span> <span class='ocrx_word' id='word_1_388' title='bbox 1060 510 1259 542; x_wconf 82' lang='lat' dir='ltr'><strong>invadentium,</strong></span> <span class='ocrx_word' id='word_1_389' title='bbox 1276 519 1327 538; x_wconf 85' lang='lat' dir='ltr'><strong>nec</strong></span> <span class='ocrx_word' id='word_1_390' title='bbox 1352 513 1423 539; x_wconf 89' lang='lat' dir='ltr'><strong>odiis</strong></span> <span class='ocrx_word' id='word_1_391' title='bbox 1448 513 1475 539; x_wconf 94' lang='lat' dir='ltr'><strong>in</strong></span> <span class='ocrx_word' id='word_1_392' title='bbox 1503 514 1700 545; x_wconf 83' lang='lat' dir='ltr'><strong>Andronicum,</strong></span> 
     </span>
    </p>
   </div>
   <div class='ocr_carea' id='block_1_56' title="bbox 917 555 1699 591">
    <p class='ocr_par' dir='ltr' id='par_1_56' title="bbox 917 555 1699 591">
     <span class='ocr_line' id='line_1_56' title="bbox 917 555 1699 591; baseline 0.006 -10"><span class='ocrx_word' id='word_1_393' title='bbox 917 563 978 589; x_wconf 68' lang='lat' dir='ltr'><strong>quae</strong></span> <span class='ocrx_word' id='word_1_394' title='bbox 995 561 1021 581; x_wconf 88' lang='lat' dir='ltr'><strong>et</strong></span> <span class='ocrx_word' id='word_1_395' title='bbox 1038 555 1100 582; x_wconf 88' lang='lat' dir='ltr'><strong>belli</strong></span> <span class='ocrx_word' id='word_1_396' title='bbox 1116 564 1198 583; x_wconf 70' lang='lat' dir='ltr'><strong>causa</strong></span> <span class='ocrx_word' id='word_1_397' title='bbox 1217 560 1308 587; x_wconf 84' lang='lat' dir='ltr'><strong>erant,</strong></span> <span class='ocrx_word' id='word_1_398' title='bbox 1339 557 1489 591; x_wconf 82' lang='lat' dir='ltr'><strong>quidquam</strong></span> <span class='ocrx_word' id='word_1_399' title='bbox 1515 560 1699 591; x_wconf 78' lang='lat' dir='ltr'><strong>concedebat;</strong></span> 
     </span>
    </p>
   </div>
   <div class='ocr_carea' id='block_1_57' title="bbox 917 602 1701 636">
    <p class='ocr_par' dir='ltr' id='par_1_57' title="bbox 917 602 1701 636">
     <span class='ocr_line' id='line_1_57' title="bbox 917 602 1701 636; baseline 0.009 -9"><span class='ocrx_word' id='word_1_400' title='bbox 917 606 945 628; x_wconf 89' lang='lat' dir='ltr'><strong>et</strong></span> <span class='ocrx_word' id='word_1_401' title='bbox 966 602 1023 634; x_wconf 85' lang='lat' dir='ltr'><strong>ipsa</strong></span> <span class='ocrx_word' id='word_1_402' title='bbox 1042 602 1108 628; x_wconf 83' lang='lat' dir='ltr'><strong>urbs</strong></span> <span class='ocrx_word' id='word_1_403' title='bbox 1134 602 1254 636; x_wconf 81' lang='lat' dir='ltr'><strong>undique</strong></span> <span class='ocrx_word' id='word_1_404' title='bbox 1270 603 1393 636; x_wconf 80' lang='lat' dir='ltr'><strong>pulchris</strong></span> <span class='ocrx_word' id='word_1_405' title='bbox 1419 604 1540 631; x_wconf 86' lang='lat' dir='ltr'><strong>turribus</strong></span> <span class='ocrx_word' id='word_1_406' title='bbox 1570 605 1701 634; x_wconf 77' lang='lat' dir='ltr'><strong>adornata</strong></span> 
     </span>
    </p>
   </div>
   <div class='ocr_carea' id='block_1_58' title="bbox 917 647 1700 682">
    <p class='ocr_par' dir='ltr' id='par_1_58' title="bbox 917 647 1700 682">
     <span class='ocr_line' id='line_1_58' title="bbox 917 647 1700 682; baseline 0.006 -9"><span class='ocrx_word' id='word_1_407' title='bbox 917 651 944 673; x_wconf 88' lang='lat' dir='ltr'><strong>et</strong></span> <span class='ocrx_word' id='word_1_408' title='bbox 963 647 1084 674; x_wconf 85' lang='lat' dir='ltr'><strong>robustis</strong></span> <span class='ocrx_word' id='word_1_409' title='bbox 1106 647 1254 679; x_wconf 71' lang='lat' dir='ltr'><strong>Inmnibus,</strong></span> <span class='ocrx_word' id='word_1_410' title='bbox 1275 648 1363 682; x_wconf 85' lang='lat' dir='ltr'><strong>iisque</strong></span> <span class='ocrx_word' id='word_1_411' title='bbox 1379 656 1474 675; x_wconf 87' lang='lat' dir='ltr'><strong>versus</strong></span> <span class='ocrx_word' id='word_1_412' title='bbox 1489 649 1617 676; x_wconf 85' lang='lat' dir='ltr'><strong>Austrum</strong></span> <span class='ocrx_word' id='word_1_413' title='bbox 1635 659 1700 678; x_wconf 87' lang='lat' dir='ltr'><strong>con-</strong></span> 
     </span>
    </p>
   </div>
   <div class='ocr_carea' id='block_1_59' title="bbox 916 692 1701 726">
    <p class='ocr_par' dir='ltr' id='par_1_59' title="bbox 916 692 1701 726">
     <span class='ocr_line' id='line_1_59' title="bbox 916 692 1701 726; baseline 0.005 -8"><span class='ocrx_word' id='word_1_414' title='bbox 916 692 1073 726; x_wconf 79' lang='lat' dir='ltr'><strong>duplicutis,</strong></span> <span class='ocrx_word' id='word_1_415' title='bbox 1099 693 1204 720; x_wconf 81' lang='lat' dir='ltr'><strong>firmata</strong></span> <span class='ocrx_word' id='word_1_416' title='bbox 1229 698 1287 725; x_wconf 67' lang='lat' dir='ltr'><strong>est.</strong></span> <span class='ocrx_word' id='word_1_417' title='bbox 1324 694 1400 721; x_wconf 87' lang='lat' dir='ltr'><strong>Unde</strong></span> <span class='ocrx_word' id='word_1_418' title='bbox 1429 702 1491 721; x_wconf 88' lang='lat' dir='ltr'><strong>cum</strong></span> <span class='ocrx_word' id='word_1_419' title='bbox 1523 696 1701 723; x_wconf 79' lang='lat' dir='ltr'><strong>excursiones</strong></span> 
     </span>
    </p>
   </div>
   <div class='ocr_carea' id='block_1_60' title="bbox 920 737 1702 773">
    <p class='ocr_par' dir='ltr' id='par_1_60' title="bbox 920 737 1702 773">
     <span class='ocr_line' id='line_1_60' title="bbox 920 737 1702 773; baseline 0.008 -10"><span class='ocrx_word' id='word_1_420' title='bbox 920 737 1027 769; x_wconf 85' lang='lat' dir='ltr'><strong>ﬁerent,</strong></span> <span class='ocrx_word' id='word_1_421' title='bbox 1056 738 1133 765; x_wconf 88' lang='lat' dir='ltr'><strong>multi</strong></span> <span class='ocrx_word' id='word_1_422' title='bbox 1151 739 1280 773; x_wconf 88' lang='lat' dir='ltr'><strong>utrinque</strong></span> <span class='ocrx_word' id='word_1_423' title='bbox 1307 740 1450 767; x_wconf 85' lang='lat' dir='ltr'><strong>cadebant.</strong></span> <span class='ocrx_word' id='word_1_424' title='bbox 1469 741 1522 768; x_wconf 87' lang='lat' dir='ltr'><strong>Sed</strong></span> <span class='ocrx_word' id='word_1_425' title='bbox 1540 750 1602 768; x_wconf 89' lang='lat' dir='ltr'><strong>cum</strong></span> <span class='ocrx_word' id='word_1_426' title='bbox 1632 742 1702 769; x_wconf 91' lang='lat' dir='ltr'><strong>hanc</strong></span> 
     </span>
    </p>
   </div>
   <div class='ocr_carea' id='block_1_61' title="bbox 918 784 1702 820">
    <p class='ocr_par' dir='ltr' id='par_1_61' title="bbox 918 784 1702 820">
     <span class='ocr_line' id='line_1_61' title="bbox 918 784 1702 820; baseline 0.006 -11"><span class='ocrx_word' id='word_1_427' title='bbox 918 791 1027 818; x_wconf 83' lang='lat' dir='ltr'><strong>qunque</strong></span> <span class='ocrx_word' id='word_1_428' title='bbox 1041 784 1137 811; x_wconf 87' lang='lat' dir='ltr'><strong>urbem</strong></span> <span class='ocrx_word' id='word_1_429' title='bbox 1161 784 1318 812; x_wconf 80' lang='lat' dir='ltr'><strong>Androaico</strong></span> <span class='ocrx_word' id='word_1_430' title='bbox 1341 786 1402 813; x_wconf 83' lang='lat' dir='ltr'><strong>dedi</strong></span> <span class='ocrx_word' id='word_1_431' title='bbox 1425 792 1574 820; x_wconf 75' lang='lat' dir='ltr'><strong>oporteret,</strong></span> <span class='ocrx_word' id='word_1_432' title='bbox 1589 794 1616 816; x_wconf 85' lang='lat' dir='ltr'><strong>et</strong></span> <span class='ocrx_word' id='word_1_433' title='bbox 1631 789 1702 814; x_wconf 88' lang='lat' dir='ltr'><strong>mul—</strong></span> 
     </span>
    </p>
   </div>
   <div class='ocr_carea' id='block_1_62' title="bbox 919 828 1703 868">
    <p class='ocr_par' dir='ltr' id='par_1_62' title="bbox 919 828 1703 868">
     <span class='ocr_line' id='line_1_62' title="bbox 919 828 1703 868; baseline 0.008 -14"><span class='ocrx_word' id='word_1_434' title='bbox 919 833 961 855; x_wconf 91' lang='lat' dir='ltr'><strong>tos</strong></span> <span class='ocrx_word' id='word_1_435' title='bbox 976 828 1023 862; x_wconf 78' lang='lat' dir='ltr'><strong>qui</strong></span> <span class='ocrx_word' id='word_1_436' title='bbox 1039 829 1066 855; x_wconf 91' lang='lat' dir='ltr'><strong>in</strong></span> <span class='ocrx_word' id='word_1_437' title='bbox 1078 837 1110 855; x_wconf 85' lang='lat' dir='ltr'><strong>ea</strong></span> <span class='ocrx_word' id='word_1_438' title='bbox 1122 835 1200 856; x_wconf 79' lang='lat' dir='ltr'><strong>erant</strong></span> <span class='ocrx_word' id='word_1_439' title='bbox 1213 832 1340 858; x_wconf 81' lang='lat' dir='ltr'><strong>subactos</strong></span> <span class='ocrx_word' id='word_1_440' title='bbox 1357 832 1384 858; x_wconf 91' lang='lat' dir='ltr'><strong>in</strong></span> <span class='ocrx_word' id='word_1_441' title='bbox 1401 834 1553 859; x_wconf 85' lang='lat' dir='ltr'><strong>cruciatum</strong></span> <span class='ocrx_word' id='word_1_442' title='bbox 1567 833 1620 868; x_wconf 78' lang='lat' dir='ltr'><strong>agi,</strong></span> <span class='ocrx_word' id='word_1_443' title='bbox 1639 842 1703 868; x_wconf 83' lang='lat' dir='ltr'><strong>pars</strong></span> 
     </span>
    </p>
   </div>
   <div class='ocr_carea' id='block_1_63' title="bbox 918 874 1701 910">
    <p class='ocr_par' dir='ltr' id='par_1_63' title="bbox 918 874 1701 910">
     <span class='ocr_line' id='line_1_63' title="bbox 918 874 1701 910; baseline 0.009 -11"><span class='ocrx_word' id='word_1_444' title='bbox 918 874 988 900; x_wconf 91' lang='lat' dir='ltr'><strong>muri</strong></span> <span class='ocrx_word' id='word_1_445' title='bbox 1001 875 1126 908; x_wconf 64' lang='lat' dir='ltr'><strong>quaedam</strong></span> <span class='ocrx_word' id='word_1_446' title='bbox 1141 876 1245 903; x_wconf 85' lang='lat' dir='ltr'><strong>crebris</strong></span> <span class='ocrx_word' id='word_1_447' title='bbox 1263 877 1380 904; x_wconf 86' lang='lat' dir='ltr'><strong>arietum</strong></span> <span class='ocrx_word' id='word_1_448' title='bbox 1405 878 1506 905; x_wconf 79' lang='lat' dir='ltr'><strong>ictibus</strong></span> <span class='ocrx_word' id='word_1_449' title='bbox 1530 879 1701 910; x_wconf 73' lang='lat' dir='ltr'><strong>labefactata.</strong></span> 
     </span>
    </p>
   </div>
   <div class='ocr_carea' id='block_1_64' title="bbox 915 921 1702 958">
    <p class='ocr_par' dir='ltr' id='par_1_64' title="bbox 915 921 1702 958">
     <span class='ocr_line' id='line_1_64' title="bbox 915 921 1702 958; baseline 0.006 -12"><span class='ocrx_word' id='word_1_450' title='bbox 915 924 943 946; x_wconf 81' lang='lat' dir='ltr'><strong>et</strong></span> <span class='ocrx_word' id='word_1_451' title='bbox 958 927 1038 946; x_wconf 89' lang='lat' dir='ltr'><strong>muro</strong></span> <span class='ocrx_word' id='word_1_452' title='bbox 1053 921 1138 948; x_wconf 80' lang='lat' dir='ltr'><strong>veteri</strong></span> <span class='ocrx_word' id='word_1_453' title='bbox 1154 922 1282 956; x_wconf 77' lang='lat' dir='ltr'><strong>adjuncta</strong></span> <span class='ocrx_word' id='word_1_454' title='bbox 1298 923 1410 957; x_wconf 78' lang='lat' dir='ltr'><strong>crepido</strong></span> <span class='ocrx_word' id='word_1_455' title='bbox 1431 929 1578 958; x_wconf 85' lang='lat' dir='ltr'><strong>prostrata,</strong></span> <span class='ocrx_word' id='word_1_456' title='bbox 1593 925 1702 958; x_wconf 71' lang='lat' dir='ltr'><strong>opinio-</strong></span> 
     </span>
    </p>
   </div>
   <div class='ocr_carea' id='block_1_65' title="bbox 917 965 1702 1004">
    <p class='ocr_par' dir='ltr' id='par_1_65' title="bbox 917 965 1702 1004">
     <span class='ocr_line' id='line_1_65' title="bbox 917 965 1702 1004; baseline 0.009 -13"><span class='ocrx_word' id='word_1_457' title='bbox 917 973 977 992; x_wconf 88' lang='lat' dir='ltr'><strong>ucm</strong></span> <span class='ocrx_word' id='word_1_458' title='bbox 993 965 1113 993; x_wconf 86' lang='lat' dir='ltr'><strong>obsessis</strong></span> <span class='ocrx_word' id='word_1_459' title='bbox 1127 968 1217 994; x_wconf 85' lang='lat' dir='ltr'><strong>attulit</strong></span> <span class='ocrx_word' id='word_1_460' title='bbox 1232 976 1341 995; x_wconf 90' lang='lat' dir='ltr'><strong>murum</strong></span> <span class='ocrx_word' id='word_1_461' title='bbox 1357 969 1528 1001; x_wconf 79' lang='lat' dir='ltr'><strong>universum,</strong></span> <span class='ocrx_word' id='word_1_462' title='bbox 1542 978 1623 1004; x_wconf 85' lang='lat' dir='ltr'><strong>quem</strong></span> <span class='ocrx_word' id='word_1_463' title='bbox 1643 979 1702 998; x_wconf 84' lang='lat' dir='ltr'><strong>ma-</strong></span> 
     </span>
    </p>
   </div>
   <div class='ocr_carea' id='block_1_66' title="bbox 916 1011 1702 1050">
    <p class='ocr_par' dir='ltr' id='par_1_66' title="bbox 916 1011 1702 1050">
     <span class='ocr_line' id='line_1_66' title="bbox 916 1011 1702 1050; baseline 0.009 -14"><span class='ocrx_word' id='word_1_464' title='bbox 916 1011 996 1038; x_wconf 87' lang='lat' dir='ltr'><strong>china</strong></span> <span class='ocrx_word' id='word_1_465' title='bbox 1019 1012 1146 1044; x_wconf 70' lang='lat' dir='ltr'><strong>feriebat,</strong></span> <span class='ocrx_word' id='word_1_466' title='bbox 1174 1014 1322 1040; x_wconf 85' lang='lat' dir='ltr'><strong>corruisse.</strong></span> <span class='ocrx_word' id='word_1_467' title='bbox 1350 1015 1454 1042; x_wconf 81' lang='lat' dir='ltr'><strong>Rumor</strong></span> <span class='ocrx_word' id='word_1_468' title='bbox 1476 1016 1559 1050; x_wconf 77' lang='lat' dir='ltr'><strong>igitur</strong></span> <span class='ocrx_word' id='word_1_469' title='bbox 1571 1017 1702 1043; x_wconf 86' lang='lat' dir='ltr'><strong>confusus</strong></span> 
     </span>
    </p>
   </div>
   <div class='ocr_carea' id='block_1_67' title="bbox 918 1056 1700 1091">
    <p class='ocr_par' dir='ltr' id='par_1_67' title="bbox 918 1056 1700 1091">
     <span class='ocr_line' id='line_1_67' title="bbox 918 1056 1700 1091; baseline 0.012 -11"><span class='ocrx_word' id='word_1_470' title='bbox 918 1056 1032 1083; x_wconf 75' lang='lat' dir='ltr'><strong>tollitur.</strong></span> <span class='ocrx_word' id='word_1_471' title='bbox 1051 1056 1130 1091; x_wconf 83' lang='lat'><strong>373</strong></span> <span class='ocrx_word' id='word_1_472' title='bbox 1151 1059 1279 1085; x_wconf 82' lang='lat' dir='ltr'><strong>omnibus</strong></span> <span class='ocrx_word' id='word_1_473' title='bbox 1295 1060 1398 1086; x_wconf 83' lang='lat' dir='ltr'><strong>territis</strong></span> <span class='ocrx_word' id='word_1_474' title='bbox 1411 1068 1461 1088; x_wconf 88' lang='lat' dir='ltr'><strong>nec</strong></span> <span class='ocrx_word' id='word_1_475' title='bbox 1481 1061 1580 1088; x_wconf 79' lang='lat' dir='ltr'><strong>malum</strong></span> <span class='ocrx_word' id='word_1_476' title='bbox 1607 1062 1700 1089; x_wconf 85' lang='lat' dir='ltr'><strong>datum</strong></span> 
     </span>
    </p>
   </div>
   <div class='ocr_carea' id='block_1_68' title="bbox 917 1102 1701 1136">
    <p class='ocr_par' dir='ltr' id='par_1_68' title="bbox 917 1102 1701 1136">
     <span class='ocr_line' id='line_1_68' title="bbox 917 1102 1701 1136; baseline 0.013 -11"><span class='ocrx_word' id='word_1_477' title='bbox 917 1102 1072 1128; x_wconf 68' lang='lat' dir='ltr'><strong>accuratius</strong></span> <span class='ocrx_word' id='word_1_478' title='bbox 1089 1103 1305 1136; x_wconf 83' lang='lat' dir='ltr'><strong>cxplorantibus.</strong></span> <span class='ocrx_word' id='word_1_479' title='bbox 1324 1106 1370 1132; x_wconf 86' lang='lat' dir='ltr'><strong>sed</strong></span> <span class='ocrx_word' id='word_1_480' title='bbox 1383 1106 1415 1132; x_wconf 86' lang='lat' dir='ltr'><strong>ad</strong></span> <span class='ocrx_word' id='word_1_481' title='bbox 1431 1107 1551 1134; x_wconf 85' lang='lat' dir='ltr'><strong>sonitum</strong></span> <span class='ocrx_word' id='word_1_482' title='bbox 1567 1108 1701 1135; x_wconf 75' lang='lat' dir='ltr'><strong>duntaxat</strong></span> 
     </span>
    </p>
   </div>
   <div class='ocr_carea' id='block_1_69' title="bbox 916 1151 1701 1185">
    <p class='ocr_par' dir='ltr' id='par_1_69' title="bbox 916 1151 1701 1185">
     <span class='ocr_line' id='line_1_69' title="bbox 916 1151 1701 1185; baseline 0.013 -15"><span class='ocrx_word' id='word_1_483' title='bbox 916 1153 1093 1173; x_wconf 73' lang='lat' dir='ltr'><strong>c-xcnssorum</strong></span> <span class='ocrx_word' id='word_1_484' title='bbox 1108 1156 1235 1175; x_wconf 81' lang='lat' dir='ltr'><strong>saxorum</strong></span> <span class='ocrx_word' id='word_1_485' title='bbox 1265 1155 1337 1176; x_wconf 89' lang='lat' dir='ltr'><strong>metu</strong></span> <span class='ocrx_word' id='word_1_486' title='bbox 1357 1159 1425 1185; x_wconf 89' lang='lat' dir='ltr'><strong>pene</strong></span> <span class='ocrx_word' id='word_1_487' title='bbox 1442 1151 1613 1180; x_wconf 61' lang='lat' dir='ltr'><strong>exaniinatis,</strong></span> <span class='ocrx_word' id='word_1_488' title='bbox 1632 1153 1701 1180; x_wconf 73' lang='grc' dir='ltr'>Μαι-</span> 
     </span>
    </p>
   </div>
   <div class='ocr_carea' id='block_1_70' title="bbox 917 1191 1701 1227">
    <p class='ocr_par' dir='ltr' id='par_1_70' title="bbox 917 1191 1701 1227">
     <span class='ocr_line' id='line_1_70' title="bbox 917 1191 1701 1227; baseline 0.011 -11"><span class='ocrx_word' id='word_1_489' title='bbox 917 1191 960 1216; x_wconf 75' lang='lat' dir='ltr'><strong>uia</strong></span> <span class='ocrx_word' id='word_1_490' title='bbox 977 1191 1108 1219; x_wconf 80' lang='lat' dir='ltr'><strong>destituta</strong></span> <span class='ocrx_word' id='word_1_491' title='bbox 1130 1198 1194 1220; x_wconf 82' lang='lat' dir='ltr'><strong>sunt</strong></span> <span class='ocrx_word' id='word_1_492' title='bbox 1222 1201 1237 1221; x_wconf 74' lang='grc' dir='ltr'><strong>ιι</strong></span> <span class='ocrx_word' id='word_1_493' title='bbox 1264 1194 1465 1227; x_wconf 86' lang='lat' dir='ltr'><strong>defensoribus.</strong></span> <span class='ocrx_word' id='word_1_494' title='bbox 1484 1202 1512 1224; x_wconf 85' lang='lat' dir='ltr'><strong>et</strong></span> <span class='ocrx_word' id='word_1_495' title='bbox 1544 1198 1595 1224; x_wconf 68' lang='lat' dir='ltr'><strong>viri</strong></span> <span class='ocrx_word' id='word_1_496' title='bbox 1625 1199 1701 1225; x_wconf 80' lang='lat' dir='ltr'><strong>urbis</strong></span> 
     </span>
    </p>
   </div>
   <div class='ocr_carea' id='block_1_71' title="bbox 917 1237 1702 1277">
    <p class='ocr_par' dir='ltr' id='par_1_71' title="bbox 917 1237 1702 1277">
     <span class='ocr_line' id='line_1_71' title="bbox 917 1237 1702 1277; baseline 0.011 -15"><span class='ocrx_word' id='word_1_497' title='bbox 917 1237 1031 1271; x_wconf 81' lang='lat' dir='ltr'><strong>trepidis</strong></span> <span class='ocrx_word' id='word_1_498' title='bbox 1047 1246 1143 1264; x_wconf 90' lang='lat' dir='ltr'><strong>eorum</strong></span> <span class='ocrx_word' id='word_1_499' title='bbox 1170 1239 1416 1269; x_wconf 82' lang='lat' dir='ltr'><strong>discursationibus</strong></span> <span class='ocrx_word' id='word_1_500' title='bbox 1430 1243 1534 1277; x_wconf 79' lang='lat' dir='ltr'><strong>repleti.</strong></span> <span class='ocrx_word' id='word_1_501' title='bbox 1557 1243 1621 1270; x_wconf 88' lang='lat' dir='ltr'><strong>lude</strong></span> <span class='ocrx_word' id='word_1_502' title='bbox 1642 1251 1702 1271; x_wconf 85' lang='lat' dir='ltr'><strong>sca—</strong></span> 
     </span>
    </p>
   </div>
   <div class='ocr_carea' id='block_1_72' title="bbox 917 1282 1701 1322">
    <p class='ocr_par' dir='ltr' id='par_1_72' title="bbox 917 1282 1701 1322">
     <span class='ocr_line' id='line_1_72' title="bbox 917 1282 1701 1322; baseline 0.013 -16"><span class='ocrx_word' id='word_1_503' title='bbox 917 1282 951 1307; x_wconf 81' lang='lat' dir='ltr'><strong>lis</strong></span> <span class='ocrx_word' id='word_1_504' title='bbox 968 1284 1075 1316; x_wconf 81' lang='lat' dir='ltr'><strong>apposit</strong></span> <span class='ocrx_word' id='word_1_505' title='bbox 1088 1291 1101 1310; x_wconf 93' lang='lat' dir='ltr'><strong>s</strong></span> <span class='ocrx_word' id='word_1_506' title='bbox 1116 1292 1249 1319; x_wconf 89' lang='lat' dir='ltr'><strong>muroque</strong></span> <span class='ocrx_word' id='word_1_507' title='bbox 1270 1292 1407 1320; x_wconf 76' lang='lat' dir='ltr'><strong>superato,</strong></span> <span class='ocrx_word' id='word_1_508' title='bbox 1421 1289 1508 1321; x_wconf 84' lang='lat' dir='ltr'><strong>portis</strong></span> <span class='ocrx_word' id='word_1_509' title='bbox 1520 1289 1621 1322; x_wconf 85' lang='lat' dir='ltr'><strong>apertis</strong></span> <span class='ocrx_word' id='word_1_510' title='bbox 1632 1289 1701 1316; x_wconf 82' lang='lat' dir='ltr'><strong>liber</strong></span> 
     </span>
    </p>
   </div>
   <div class='ocr_carea' id='block_1_73' title="bbox 918 1326 1700 1368">
    <p class='ocr_par' dir='ltr' id='par_1_73' title="bbox 918 1326 1700 1368">
     <span class='ocr_line' id='line_1_73' title="bbox 918 1326 1700 1368; baseline 0.013 -17"><span class='ocrx_word' id='word_1_511' title='bbox 918 1326 994 1352; x_wconf 75' lang='lat' dir='ltr'><strong>urbis</strong></span> <span class='ocrx_word' id='word_1_512' title='bbox 1018 1327 1155 1362; x_wconf 76' lang='lat' dir='ltr'><strong>ingressus</strong></span> <span class='ocrx_word' id='word_1_513' title='bbox 1183 1329 1253 1356; x_wconf 88' lang='lat' dir='ltr'><strong>hosti</strong></span> <span class='ocrx_word' id='word_1_514' title='bbox 1285 1331 1382 1364; x_wconf 88' lang='lat' dir='ltr'><strong>patuit.</strong></span> <span class='ocrx_word' id='word_1_515' title='bbox 1397 1332 1563 1360; x_wconf 30' lang='lat' dir='ltr'><strong>Prusaenst-s</strong></span> <span class='ocrx_word' id='word_1_516' title='bbox 1585 1334 1700 1368; x_wconf 80' lang='lat' dir='ltr'><strong>direptis</strong></span> 
     </span>
    </p>
   </div>
   <div class='ocr_carea' id='block_1_74' title="bbox 915 1371 1699 1411">
    <p class='ocr_par' dir='ltr' id='par_1_74' title="bbox 915 1371 1699 1411">
     <span class='ocr_line' id='line_1_74' title="bbox 915 1371 1699 1411; baseline 0.013 -16"><span class='ocrx_word' id='word_1_517' title='bbox 915 1371 1019 1398; x_wconf 67' lang='lat' dir='ltr'><strong>aedibus</strong></span> <span class='ocrx_word' id='word_1_518' title='bbox 1038 1373 1186 1401; x_wconf 84' lang='lat' dir='ltr'><strong>crudeliter</strong></span> <span class='ocrx_word' id='word_1_519' title='bbox 1204 1375 1351 1407; x_wconf 83' lang='lat' dir='ltr'><strong>interfecti,</strong></span> <span class='ocrx_word' id='word_1_520' title='bbox 1380 1381 1407 1403; x_wconf 90' lang='lat' dir='ltr'><strong>et</strong></span> <span class='ocrx_word' id='word_1_521' title='bbox 1429 1378 1549 1411; x_wconf 78' lang='lat' dir='ltr'><strong>pecudes</strong></span> <span class='ocrx_word' id='word_1_522' title='bbox 1566 1384 1699 1411; x_wconf 76' lang='lat' dir='ltr'><strong>mactatze,</strong></span> 
     </span>
    </p>
   </div>
   <div class='ocr_carea' id='block_1_75' title="bbox 916 1422 1699 1456">
    <p class='ocr_par' dir='ltr' id='par_1_75' title="bbox 916 1422 1699 1456">
     <span class='ocr_line' id='line_1_75' title="bbox 916 1422 1699 1456; baseline 0.013 -15"><span class='ocrx_word' id='word_1_523' title='bbox 916 1423 1030 1449; x_wconf 79' lang='lat' dir='ltr'><strong>quarum</strong></span> <span class='ocrx_word' id='word_1_524' title='bbox 1045 1426 1140 1453; x_wconf 74' lang='lat' dir='ltr'><strong>greges</strong></span> <span class='ocrx_word' id='word_1_525' title='bbox 1154 1424 1181 1446; x_wconf 85' lang='lat' dir='ltr'><strong>et</strong></span> <span class='ocrx_word' id='word_1_526' title='bbox 1196 1425 1320 1448; x_wconf 85' lang='lat' dir='ltr'><strong>armenta</strong></span> <span class='ocrx_word' id='word_1_527' title='bbox 1348 1422 1374 1448; x_wconf 93' lang='lat' dir='ltr'><strong>in</strong></span> <span class='ocrx_word' id='word_1_528' title='bbox 1392 1423 1487 1450; x_wconf 86' lang='lat' dir='ltr'><strong>urbem</strong></span> <span class='ocrx_word' id='word_1_529' title='bbox 1503 1429 1596 1451; x_wconf 87' lang='lat' dir='ltr'><strong>coacta</strong></span> <span class='ocrx_word' id='word_1_530' title='bbox 1613 1429 1699 1456; x_wconf 88' lang='lat' dir='ltr'><strong>erant,</strong></span> 
     </span>
    </p>
   </div>
   <div class='ocr_carea' id='block_1_76' title="bbox 917 1461 1700 1502">
    <p class='ocr_par' dir='ltr' id='par_1_76' title="bbox 917 1461 1700 1502">
     <span class='ocr_line' id='line_1_76' title="bbox 917 1461 1700 1502; baseline 0.014 -16"><span class='ocrx_word' id='word_1_531' title='bbox 917 1465 946 1486; x_wconf 88' lang='lat' dir='ltr'><strong>ut</strong></span> <span class='ocrx_word' id='word_1_532' title='bbox 961 1461 1042 1488; x_wconf 87' lang='lat' dir='ltr'><strong>ducta</strong></span> <span class='ocrx_word' id='word_1_533' title='bbox 1068 1464 1212 1491; x_wconf 86' lang='lat' dir='ltr'><strong>obsidione</strong></span> <span class='ocrx_word' id='word_1_534' title='bbox 1229 1466 1362 1494; x_wconf 87' lang='lat' dir='ltr'><strong>haberent</strong></span> <span class='ocrx_word' id='word_1_535' title='bbox 1385 1468 1457 1495; x_wconf 88' lang='lat' dir='ltr'><strong>unde</strong></span> <span class='ocrx_word' id='word_1_536' title='bbox 1484 1469 1619 1496; x_wconf 79' lang='lat' dir='ltr'><strong>viverent.</strong></span> <span class='ocrx_word' id='word_1_537' title='bbox 1635 1470 1700 1502; x_wconf 68' lang='lat' dir='ltr'><strong>Qum</strong></span> 
     </span>
    </p>
   </div>
   <div class='ocr_carea' id='block_1_77' title="bbox 917 1505 1700 1547">
    <p class='ocr_par' dir='ltr' id='par_1_77' title="bbox 917 1505 1700 1547">
     <span class='ocr_line' id='line_1_77' title="bbox 917 1505 1700 1547; baseline 0.015 -16"><span class='ocrx_word' id='word_1_538' title='bbox 917 1505 981 1532; x_wconf 89' lang='lat' dir='ltr'><strong>dum</strong></span> <span class='ocrx_word' id='word_1_539' title='bbox 1000 1507 1110 1541; x_wconf 83' lang='lat' dir='ltr'><strong>fiebant,</strong></span> <span class='ocrx_word' id='word_1_540' title='bbox 1135 1511 1229 1537; x_wconf 87' lang='lat' dir='ltr'><strong>urbem</strong></span> <span class='ocrx_word' id='word_1_541' title='bbox 1251 1512 1388 1546; x_wconf 74' lang='lat' dir='ltr'><strong>ingressus</strong></span> <span class='ocrx_word' id='word_1_542' title='bbox 1404 1514 1586 1547; x_wconf 83' lang='lat' dir='ltr'><strong>Andronicus,</strong></span> <span class='ocrx_word' id='word_1_543' title='bbox 1601 1524 1655 1542; x_wconf 91' lang='lat' dir='ltr'><strong>non</strong></span> <span class='ocrx_word' id='word_1_544' title='bbox 1670 1521 1700 1543; x_wconf 87' lang='lat' dir='ltr'><strong>ut</strong></span> 
     </span>
    </p>
   </div>
   <div class='ocr_carea' id='block_1_78' title="bbox 916 1552 1699 1593">
    <p class='ocr_par' dir='ltr' id='par_1_78' title="bbox 916 1552 1699 1593">
     <span class='ocr_line' id='line_1_78' title="bbox 916 1552 1699 1593; baseline 0.015 -16"><span class='ocrx_word' id='word_1_545' title='bbox 916 1552 1037 1580; x_wconf 85' lang='lat' dir='ltr'><strong>clemens</strong></span> <span class='ocrx_word' id='word_1_546' title='bbox 1055 1555 1203 1589; x_wconf 79' lang='lat' dir='ltr'><strong>imperator</strong></span> <span class='ocrx_word' id='word_1_547' title='bbox 1229 1562 1256 1584; x_wconf 89' lang='lat' dir='ltr'><strong>et</strong></span> <span class='ocrx_word' id='word_1_548' title='bbox 1286 1566 1380 1585; x_wconf 88' lang='lat' dir='ltr'><strong>corum</strong></span> <span class='ocrx_word' id='word_1_549' title='bbox 1402 1560 1448 1593; x_wconf 89' lang='lat' dir='ltr'><strong>qui</strong></span> <span class='ocrx_word' id='word_1_550' title='bbox 1473 1564 1501 1587; x_wconf 87' lang='lat' dir='ltr'><strong>et</strong></span> <span class='ocrx_word' id='word_1_551' title='bbox 1517 1561 1581 1587; x_wconf 89' lang='lat' dir='ltr'><strong>olim</strong></span> <span class='ocrx_word' id='word_1_552' title='bbox 1597 1562 1699 1589; x_wconf 90' lang='lat' dir='ltr'><strong>subditi</strong></span> 
     </span>
    </p>
   </div>
   <div class='ocr_carea' id='block_1_79' title="bbox 915 1596 1700 1642">
    <p class='ocr_par' dir='ltr' id='par_1_79' title="bbox 915 1596 1700 1642">
     <span class='ocr_line' id='line_1_79' title="bbox 915 1596 1700 1642; baseline 0.015 -19"><span class='ocrx_word' id='word_1_553' title='bbox 915 1596 1024 1625; x_wconf 82' lang='lat' dir='ltr'><strong>fuerant</strong></span> <span class='ocrx_word' id='word_1_554' title='bbox 1041 1605 1069 1626; x_wconf 88' lang='lat' dir='ltr'><strong>et</strong></span> <span class='ocrx_word' id='word_1_555' title='bbox 1086 1608 1180 1628; x_wconf 86' lang='lat' dir='ltr'><strong>rursus</strong></span> <span class='ocrx_word' id='word_1_556' title='bbox 1194 1602 1279 1629; x_wconf 88' lang='lat' dir='ltr'><strong>futuri</strong></span> <span class='ocrx_word' id='word_1_557' title='bbox 1300 1610 1389 1636; x_wconf 83' lang='lat' dir='ltr'><strong>erant,</strong></span> <span class='ocrx_word' id='word_1_558' title='bbox 1401 1606 1526 1639; x_wconf 85' lang='lat' dir='ltr'><strong>quamvis</strong></span> <span class='ocrx_word' id='word_1_559' title='bbox 1547 1607 1579 1634; x_wconf 87' lang='lat' dir='ltr'><strong>ad</strong></span> <span class='ocrx_word' id='word_1_560' title='bbox 1593 1612 1700 1642; x_wconf 70' lang='lat' dir='ltr'><strong>tempus</strong></span> 
     </span>
    </p>
   </div>
   <div class='ocr_carea' id='block_1_80' title="bbox 915 1643 1699 1684">
    <p class='ocr_par' dir='ltr' id='par_1_80' title="bbox 915 1643 1699 1684">
     <span class='ocr_line' id='line_1_80' title="bbox 915 1643 1699 1684; baseline 0.015 -15"><span class='ocrx_word' id='word_1_561' title='bbox 915 1643 1090 1684; x_wconf 76' lang='lat' dir='ltr'><strong>defecissent,</strong></span> <span class='ocrx_word' id='word_1_562' title='bbox 1107 1653 1294 1680; x_wconf 78' lang='lat' dir='ltr'><strong>conservator.</strong></span> <span class='ocrx_word' id='word_1_563' title='bbox 1313 1650 1478 1678; x_wconf 83' lang='lat' dir='ltr'><strong>Prusaenscs</strong></span> <span class='ocrx_word' id='word_1_564' title='bbox 1495 1653 1629 1684; x_wconf 69' lang='lat' dir='ltr'><strong>tractavit,</strong></span> <span class='ocrx_word' id='word_1_565' title='bbox 1647 1662 1699 1681; x_wconf 85' lang='lat' dir='ltr'><strong>nec</strong></span> 
     </span>
    </p>
   </div>
   <div class='ocr_carea' id='block_1_81' title="bbox 917 1690 1701 1727">
    <p class='ocr_par' dir='ltr' id='par_1_81' title="bbox 917 1690 1701 1727">
     <span class='ocr_line' id='line_1_81' title="bbox 917 1690 1701 1727; baseline 0.014 -12"><span class='ocrx_word' id='word_1_566' title='bbox 917 1695 946 1716; x_wconf 91' lang='lat' dir='ltr'><strong>ut</strong></span> <span class='ocrx_word' id='word_1_567' title='bbox 961 1690 1102 1718; x_wconf 88' lang='lat' dir='ltr'><strong>hominum</strong></span> <span class='ocrx_word' id='word_1_568' title='bbox 1121 1694 1167 1727; x_wconf 93' lang='lat' dir='ltr'><strong>qui</strong></span> <span class='ocrx_word' id='word_1_569' title='bbox 1185 1694 1280 1721; x_wconf 67' lang='lat' dir='ltr'><strong>iisdem</strong></span> <span class='ocrx_word' id='word_1_570' title='bbox 1305 1695 1450 1723; x_wconf 86' lang='lat' dir='ltr'><strong>elementis</strong></span> <span class='ocrx_word' id='word_1_571' title='bbox 1465 1702 1592 1724; x_wconf 82' lang='lat' dir='ltr'><strong>constent</strong></span> <span class='ocrx_word' id='word_1_572' title='bbox 1617 1699 1701 1726; x_wconf 84' lang='lat' dir='ltr'><strong>ratio-</strong></span> 
     </span>
    </p>
   </div>
   <div class='ocr_carea' id='block_1_82' title="bbox 917 1738 1700 1776">
    <p class='ocr_par' dir='ltr' id='par_1_82' title="bbox 917 1738 1700 1776">
     <span class='ocr_line' id='line_1_82' title="bbox 917 1738 1700 1776; baseline 0.013 -14"><span class='ocrx_word' id='word_1_573' title='bbox 917 1743 978 1763; x_wconf 87' lang='lat' dir='ltr'><strong>nem</strong></span> <span class='ocrx_word' id='word_1_574' title='bbox 1006 1738 1128 1766; x_wconf 72' lang='lat' dir='ltr'><strong>habuit:</strong></span> <span class='ocrx_word' id='word_1_575' title='bbox 1160 1741 1207 1767; x_wconf 88' lang='lat' dir='ltr'><strong>sed</strong></span> <span class='ocrx_word' id='word_1_576' title='bbox 1232 1746 1261 1767; x_wconf 94' lang='lat' dir='ltr'><strong>ut</strong></span> <span class='ocrx_word' id='word_1_577' title='bbox 1286 1741 1428 1769; x_wconf 74' lang='lat' dir='ltr'><strong>famelicus</strong></span> <span class='ocrx_word' id='word_1_578' title='bbox 1449 1743 1491 1776; x_wconf 78' lang='lat' dir='ltr'><strong>lco</strong></span> <span class='ocrx_word' id='word_1_579' title='bbox 1519 1744 1700 1773; x_wconf 85' lang='lat' dir='ltr'><strong>incustoditos</strong></span> 
     </span>
    </p>
   </div>
   <div class='ocr_carea' id='block_1_83' title="bbox 914 1783 1689 1821">
    <p class='ocr_par' dir='ltr' id='par_1_83' title="bbox 914 1783 1689 1821">
     <span class='ocr_line' id='line_1_83' title="bbox 914 1783 1689 1821; baseline 0.012 -14"><span class='ocrx_word' id='word_1_580' title='bbox 914 1788 1008 1816; x_wconf 77' lang='lat' dir='ltr'><strong>greges</strong></span> <span class='ocrx_word' id='word_1_581' title='bbox 1024 1783 1137 1810; x_wconf 82' lang='lat' dir='ltr'><strong>adortus</strong></span> <span class='ocrx_word' id='word_1_582' title='bbox 1156 1785 1216 1812; x_wconf 84' lang='lat' dir='ltr'><strong>aliis</strong></span> <span class='ocrx_word' id='word_1_583' title='bbox 1233 1786 1300 1812; x_wconf 89' lang='lat' dir='ltr'><strong>colla</strong></span> <span class='ocrx_word' id='word_1_584' title='bbox 1327 1786 1436 1821; x_wconf 81' lang='lat' dir='ltr'><strong>frangit.</strong></span> <span class='ocrx_word' id='word_1_585' title='bbox 1452 1788 1566 1815; x_wconf 78' lang='lat' dir='ltr'><strong>aliarum</strong></span> <span class='ocrx_word' id='word_1_586' title='bbox 1583 1790 1689 1816; x_wconf 76' lang='lat' dir='ltr'><strong>viscera</strong></span> 
     </span>
    </p>
   </div>
   <div class='ocr_carea' id='block_1_84' title="bbox 915 1824 1700 1868">
    <p class='ocr_par' dir='ltr' id='par_1_84' title="bbox 915 1824 1700 1868">
     <span class='ocr_line' id='line_1_84' title="bbox 915 1824 1700 1868; baseline 0.015 -18"><span class='ocrx_word' id='word_1_587' title='bbox 915 1824 1037 1858; x_wconf 81' lang='lat' dir='ltr'><strong>devorat,</strong></span> <span class='ocrx_word' id='word_1_588' title='bbox 1063 1828 1131 1854; x_wconf 78' lang='lat' dir='ltr'><strong>alias</strong></span> <span class='ocrx_word' id='word_1_589' title='bbox 1149 1829 1230 1856; x_wconf 76' lang='lat' dir='ltr'><strong>aliter</strong></span> <span class='ocrx_word' id='word_1_590' title='bbox 1250 1831 1403 1858; x_wconf 83' lang='lat' dir='ltr'><strong>miserrimc</strong></span> <span class='ocrx_word' id='word_1_591' title='bbox 1431 1832 1552 1866; x_wconf 80' lang='lat' dir='ltr'><strong>coniicit,</strong></span> <span class='ocrx_word' id='word_1_592' title='bbox 1581 1835 1700 1868; x_wconf 73' lang='lat' dir='ltr'><strong>reliquas</strong></span> 
     </span>
    </p>
   </div>
   <div class='ocr_carea' id='block_1_85' title="bbox 915 1871 1697 1912">
    <p class='ocr_par' dir='ltr' id='par_1_85' title="bbox 915 1871 1697 1912">
     <span class='ocr_line' id='line_1_85' title="bbox 915 1871 1697 1912; baseline 0.013 -15"><span class='ocrx_word' id='word_1_593' title='bbox 915 1871 942 1897; x_wconf 94' lang='lat' dir='ltr'><strong>in</strong></span> <span class='ocrx_word' id='word_1_594' title='bbox 957 1877 1062 1900; x_wconf 86' lang='lat' dir='ltr'><strong>montes</strong></span> <span class='ocrx_word' id='word_1_595' title='bbox 1076 1879 1104 1900; x_wconf 86' lang='lat' dir='ltr'><strong>et</strong></span> <span class='ocrx_word' id='word_1_596' title='bbox 1118 1875 1268 1908; x_wconf 75' lang='lat' dir='ltr'><strong>prtecipitia</strong></span> <span class='ocrx_word' id='word_1_597' title='bbox 1290 1877 1355 1910; x_wconf 76' lang='lat' dir='ltr'><strong>agit.</strong></span> <span class='ocrx_word' id='word_1_598' title='bbox 1382 1877 1417 1904; x_wconf 84' lang='lat' dir='ltr'><strong>ita</strong></span> <span class='ocrx_word' id='word_1_599' title='bbox 1432 1882 1488 1904; x_wconf 90' lang='lat' dir='ltr'><strong>tum</strong></span> <span class='ocrx_word' id='word_1_600' title='bbox 1511 1879 1697 1912; x_wconf 87' lang='lat' dir='ltr'><strong>Andronicus,</strong></span> 
     </span>
    </p>
   </div>
   <div class='ocr_carea' id='block_1_86' title="bbox 914 1917 1696 1959">
    <p class='ocr_par' dir='ltr' id='par_1_86' title="bbox 914 1917 1696 1959">
     <span class='ocr_line' id='line_1_86' title="bbox 914 1917 1696 1959; baseline 0.013 -18"><span class='ocrx_word' id='word_1_601' title='bbox 914 1917 986 1950; x_wconf 90' lang='lat' dir='ltr'><strong>quod</strong></span> <span class='ocrx_word' id='word_1_602' title='bbox 1003 1917 1087 1945; x_wconf 81' lang='lat' dir='ltr'><strong>Prusa</strong></span> <span class='ocrx_word' id='word_1_603' title='bbox 1113 1927 1167 1946; x_wconf 90' lang='lat' dir='ltr'><strong>non</strong></span> <span class='ocrx_word' id='word_1_604' title='bbox 1184 1920 1336 1952; x_wconf 80' lang='lat' dir='ltr'><strong>deditione.</strong></span> <span class='ocrx_word' id='word_1_605' title='bbox 1363 1922 1444 1957; x_wconf 68' lang='grc'><strong>374.</strong></span> <span class='ocrx_word' id='word_1_606' title='bbox 1473 1924 1520 1950; x_wconf 86' lang='lat' dir='ltr'><strong>sed</strong></span> <span class='ocrx_word' id='word_1_607' title='bbox 1548 1924 1573 1950; x_wconf 86' lang='lat' dir='ltr'><strong>vi</strong></span> <span class='ocrx_word' id='word_1_608' title='bbox 1597 1926 1696 1959; x_wconf 82' lang='lat' dir='ltr'><strong>potitus</strong></span> 
     </span>
    </p>
   </div>
   <div class='ocr_carea' id='block_1_87' title="bbox 914 1963 1698 2004">
    <p class='ocr_par' dir='ltr' id='par_1_87' title="bbox 914 1963 1698 2004">
     <span class='ocr_line' id='line_1_87' title="bbox 914 1963 1698 2004; baseline 0.013 -17"><span class='ocrx_word' id='word_1_609' title='bbox 914 1967 983 1992; x_wconf 83' lang='lat' dir='ltr'><strong>erat.</strong></span> <span class='ocrx_word' id='word_1_610' title='bbox 1003 1963 1137 1997; x_wconf 88' lang='lat' dir='ltr'><strong>plurimos</strong></span> <span class='ocrx_word' id='word_1_611' title='bbox 1156 1967 1275 2000; x_wconf 84' lang='lat' dir='ltr'><strong>pessimo</strong></span> <span class='ocrx_word' id='word_1_612' title='bbox 1289 1969 1374 1995; x_wconf 86' lang='lat' dir='ltr'><strong>exitio</strong></span> <span class='ocrx_word' id='word_1_613' title='bbox 1390 1970 1520 2002; x_wconf 61' lang='lat' dir='ltr'><strong>perdidit,</strong></span> <span class='ocrx_word' id='word_1_614' title='bbox 1534 1971 1698 2004; x_wconf 84' lang='lat' dir='ltr'><strong>multiplices</strong></span> 
     </span>
    </p>
   </div>
   <div class='ocr_carea' id='block_1_88' title="bbox 915 2010 1698 2051">
    <p class='ocr_par' dir='ltr' id='par_1_88' title="bbox 915 2010 1698 2051">
     <span class='ocr_line' id='line_1_88' title="bbox 915 2010 1698 2051; baseline 0.009 -15"><span class='ocrx_word' id='word_1_615' title='bbox 915 2010 1054 2038; x_wconf 80' lang='lat' dir='ltr'><strong>cruciatus</strong></span> <span class='ocrx_word' id='word_1_616' title='bbox 1070 2017 1097 2038; x_wconf 91' lang='lat' dir='ltr'><strong>et</strong></span> <span class='ocrx_word' id='word_1_617' title='bbox 1117 2013 1190 2039; x_wconf 83' lang='lat' dir='ltr'><strong>varia</strong></span> <span class='ocrx_word' id='word_1_618' title='bbox 1206 2017 1340 2041; x_wconf 86' lang='lat' dir='ltr'><strong>tormenta</strong></span> <span class='ocrx_word' id='word_1_619' title='bbox 1357 2020 1540 2041; x_wconf 83' lang='lat' dir='ltr'><strong>commentus.</strong></span> <span class='ocrx_word' id='word_1_620' title='bbox 1565 2015 1698 2051; x_wconf 72' lang='lat' dir='ltr'><strong>Angelum</strong></span> 
     </span>
    </p>
   </div>
   <div class='ocr_carea' id='block_1_89' title="bbox 915 2057 1697 2095">
    <p class='ocr_par' dir='ltr' id='par_1_89' title="bbox 915 2057 1697 2095">
     <span class='ocr_line' id='line_1_89' title="bbox 915 2057 1697 2095; baseline 0.009 -12"><span class='ocrx_word' id='word_1_621' title='bbox 915 2057 1103 2090; x_wconf 85' lang='lat' dir='ltr'><strong>Theodorum,</strong></span> <span class='ocrx_word' id='word_1_622' title='bbox 1122 2059 1324 2087; x_wconf 79' lang='lat' dir='ltr'><strong>adolescentem</strong></span> <span class='ocrx_word' id='word_1_623' title='bbox 1344 2069 1414 2095; x_wconf 84' lang='lat' dir='ltr'><strong>pene</strong></span> <span class='ocrx_word' id='word_1_624' title='bbox 1429 2062 1520 2089; x_wconf 84' lang='lat' dir='ltr'><strong>adhuc</strong></span> <span class='ocrx_word' id='word_1_625' title='bbox 1536 2061 1697 2095; x_wconf 86' lang='lat' dir='ltr'><strong>imberbem,</strong></span> 
     </span>
    </p>
   </div>
   <div class='ocr_carea' id='block_1_90' title="bbox 914 2102 1700 2144">
    <p class='ocr_par' dir='ltr' id='par_1_90' title="bbox 914 2102 1700 2144">
     <span class='ocr_line' id='line_1_90' title="bbox 914 2102 1700 2144; baseline 0.009 -14"><span class='ocrx_word' id='word_1_626' title='bbox 914 2104 1022 2131; x_wconf 81' lang='lat' dir='ltr'><strong>eﬂ‘ossis</strong></span> <span class='ocrx_word' id='word_1_627' title='bbox 1048 2105 1136 2132; x_wconf 87' lang='lat' dir='ltr'><strong>oculis</strong></span> <span class='ocrx_word' id='word_1_628' title='bbox 1157 2105 1234 2132; x_wconf 85' lang='lat' dir='ltr'><strong>asino</strong></span> <span class='ocrx_word' id='word_1_629' title='bbox 1263 2106 1422 2140; x_wconf 87' lang='lat' dir='ltr'><strong>impositum</strong></span> <span class='ocrx_word' id='word_1_630' title='bbox 1449 2112 1478 2144; x_wconf 81' lang='lat' dir='ltr'><strong>et</strong></span> <span class='ocrx_word' id='word_1_631' title='bbox 1499 2108 1569 2135; x_wconf 88' lang='lat' dir='ltr'><strong>ultra</strong></span> <span class='ocrx_word' id='word_1_632' title='bbox 1598 2102 1700 2137; x_wconf 74' lang='lat' dir='ltr'><strong>limites</strong></span> 
     </span>
    </p>
   </div>
   <div class='ocr_carea' id='block_1_91' title="bbox 914 2150 1699 2190">
    <p class='ocr_par' dir='ltr' id='par_1_91' title="bbox 914 2150 1699 2190">
     <span class='ocr_line' id='line_1_91' title="bbox 914 2150 1699 2190; baseline 0.009 -14"><span class='ocrx_word' id='word_1_633' title='bbox 914 2150 1100 2177; x_wconf 84' lang='lat' dir='ltr'><strong>Romanorum</strong></span> <span class='ocrx_word' id='word_1_634' title='bbox 1115 2151 1243 2178; x_wconf 88' lang='lat' dir='ltr'><strong>eductum</strong></span> <span class='ocrx_word' id='word_1_635' title='bbox 1259 2152 1360 2178; x_wconf 87' lang='lat' dir='ltr'><strong>dimitti</strong></span> <span class='ocrx_word' id='word_1_636' title='bbox 1375 2153 1462 2187; x_wconf 85' lang='lat' dir='ltr'><strong>jubet,</strong></span> <span class='ocrx_word' id='word_1_637' title='bbox 1480 2158 1509 2180; x_wconf 83' lang='lat' dir='ltr'><strong>ut</strong></span> <span class='ocrx_word' id='word_1_638' title='bbox 1535 2163 1699 2190; x_wconf 84' lang='lat' dir='ltr'><strong>quocunque</strong></span> 
     </span>
    </p>
   </div>
   <div class='ocr_carea' id='block_1_92' title="bbox 79 2193 864 2236">
    <p class='ocr_par' dir='ltr' id='par_1_92' title="bbox 79 2198 861 2236">
     <span class='ocr_line' id='line_1_92' title="bbox 79 2198 861 2236; baseline 0.005 -13"><span class='ocrx_word' id='word_1_639' title='bbox 79 2198 204 2231; x_wconf 84' lang='grc' dir='ltr'>νομένοις</span> <span class='ocrx_word' id='word_1_640' title='bbox 232 2198 350 2234; x_wconf 77' lang='grc' dir='ltr'>ἀνηλεής</span> <span class='ocrx_word' id='word_1_641' title='bbox 379 2198 520 2232; x_wconf 81' lang='grc' dir='ltr'>ἀναίρεσις</span> <span class='ocrx_word' id='word_1_642' title='bbox 550 2199 598 2226; x_wconf 78' lang='grc' dir='ltr'><strong>καὶ</strong></span> <span class='ocrx_word' id='word_1_643' title='bbox 626 2200 680 2226; x_wconf 84' lang='grc' dir='ltr'>τῶν</span> <span class='ocrx_word' id='word_1_644' title='bbox 705 2201 861 2236; x_wconf 82' lang='grc' dir='ltr'>προσόντων</span> 
     </span>
    </p>
   </div>
   <div class='ocr_carea' id='block_1_93' title="bbox 915 2193 1699 2236">
    <p class='ocr_par' dir='ltr' id='par_1_93' title="bbox 915 2195 1699 2230">
     <span class='ocr_line' id='line_1_93' title="bbox 915 2195 1699 2230; baseline 0.009 -9"><span class='ocrx_word' id='word_1_645' title='bbox 915 2195 1034 2228; x_wconf 88' lang='lat' dir='ltr'><strong>impetus</strong></span> <span class='ocrx_word' id='word_1_646' title='bbox 1045 2196 1199 2230; x_wconf 84' lang='lat' dir='ltr'><strong>jumenlum</strong></span> <span class='ocrx_word' id='word_1_647' title='bbox 1215 2197 1333 2230; x_wconf 82' lang='lat' dir='ltr'><strong>tulisset,</strong></span> <span class='ocrx_word' id='word_1_648' title='bbox 1346 2198 1383 2224; x_wconf 90' lang='lat' dir='ltr'><strong>ibi</strong></span> <span class='ocrx_word' id='word_1_649' title='bbox 1398 2199 1473 2226; x_wconf 88' lang='lat' dir='ltr'><strong>solus</strong></span> <span class='ocrx_word' id='word_1_650' title='bbox 1494 2199 1646 2227; x_wconf 86' lang='lat' dir='ltr'><strong>oberraret.</strong></span> <span class='ocrx_word' id='word_1_651' title='bbox 1661 2202 1699 2228; x_wconf 86' lang='lat' dir='ltr'><strong>Ac</strong></span> 
     </span>
    </p>
   </div>
   <div class='ocr_carea' id='block_1_94' title="bbox 77 2244 863 2282">
    <p class='ocr_par' dir='ltr' id='par_1_94' title="bbox 77 2244 863 2282">
     <span class='ocr_line' id='line_1_94' title="bbox 77 2244 863 2282; baseline 0.005 -13"><span class='ocrx_word' id='word_1_652' title='bbox 77 2244 219 2279; x_wconf 85' lang='grc' dir='ltr'>διαρπαγὴ</span> <span class='ocrx_word' id='word_1_653' title='bbox 244 2245 292 2270; x_wconf 63' lang='grc' dir='ltr'><strong>καὶΙ</strong></span> <span class='ocrx_word' id='word_1_654' title='bbox 321 2244 377 2270; x_wconf 85' lang='grc' dir='ltr'>τῶν</span> <span class='ocrx_word' id='word_1_655' title='bbox 402 2245 583 2279; x_wconf 83' lang='grc' dir='ltr'>βοσκημάτων</span> <span class='ocrx_word' id='word_1_656' title='bbox 611 2246 766 2281; x_wconf 82' lang='grc' dir='ltr'>κατακοπὴ,</span> <span class='ocrx_word' id='word_1_657' title='bbox 791 2246 809 2273; x_wconf 68' lang='grc' dir='ltr'>ἃ</span> <span class='ocrx_word' id='word_1_658' title='bbox 831 2247 863 2282; x_wconf 80' lang='grc' dir='ltr'>δὴ</span> 
     </span>
    </p>
   </div>
   <div class='ocr_carea' id='block_1_95' title="bbox 76 2289 863 2326">
    <p class='ocr_par' dir='ltr' id='par_1_95' title="bbox 76 2289 863 2326">
     <span class='ocr_line' id='line_1_95' title="bbox 76 2289 863 2326; baseline 0.008 -12"><span class='ocrx_word' id='word_1_659' title='bbox 76 2289 150 2315; x_wconf 76' lang='grc' dir='ltr'>κατὰ</span> <span class='ocrx_word' id='word_1_660' title='bbox 180 2289 257 2315; x_wconf 83' lang='grc' dir='ltr'>πώεα</span> <span class='ocrx_word' id='word_1_661' title='bbox 284 2290 331 2316; x_wconf 76' lang='grc' dir='ltr'>καὶ</span> <span class='ocrx_word' id='word_1_662' title='bbox 364 2290 413 2316; x_wconf 86' lang='grc' dir='ltr'>ὅλα</span> <span class='ocrx_word' id='word_1_663' title='bbox 440 2290 566 2325; x_wconf 79' lang='grc' dir='ltr'>βουκόλια</span> <span class='ocrx_word' id='word_1_664' title='bbox 597 2293 796 2326; x_wconf 78' lang='grc' dir='ltr'>εἰσηλάοησαν,</span> <span class='ocrx_word' id='word_1_665' title='bbox 826 2293 863 2325; x_wconf 82' lang='grc' dir='ltr'>ὡς</span> 
     </span>
    </p>
   </div>
   <div class='ocr_carea' id='block_1_96' title="bbox 76 2331 863 2373">
    <p class='ocr_par' dir='ltr' id='par_1_96' title="bbox 76 2331 863 2373">
     <span class='ocr_line' id='line_1_96' title="bbox 76 2331 863 2373; baseline 0.006 -13"><span class='ocrx_word' id='word_1_666' title='bbox 76 2336 165 2368; x_wconf 72' lang='grc' dir='ltr'>ἔχοιεν</span> <span class='ocrx_word' id='word_1_667' title='bbox 188 2331 210 2368; x_wconf 83' lang='grc' dir='ltr'>ᾧ</span> <span class='ocrx_word' id='word_1_668' title='bbox 232 2336 421 2370; x_wconf 74' lang='grc' dir='ltr'>τραφήσονται</span> <span class='ocrx_word' id='word_1_669' title='bbox 444 2337 468 2362; x_wconf 82' lang='lat' dir='ltr'><strong>oi</strong></span> <span class='ocrx_word' id='word_1_670' title='bbox 484 2337 560 2367; x_wconf 74' lang='grc' dir='ltr'>ἐντὸς</span> <span class='ocrx_word' id='word_1_671' title='bbox 588 2338 795 2372; x_wconf 77' lang='grc' dir='ltr'>ὲπιτεινοιιένης</span> <span class='ocrx_word' id='word_1_672' title='bbox 814 2339 863 2373; x_wconf 81' lang='grc' dir='ltr'>τῆς</span> 
     </span>
    </p>
   </div>
   <div class='ocr_carea' id='block_1_97' title="bbox 77 2378 863 2415">
    <p class='ocr_par' dir='ltr' id='par_1_97' title="bbox 77 2378 863 2415">
     <span class='ocr_line' id='line_1_97' title="bbox 77 2378 863 2415; baseline 0.005 -11"><span class='ocrx_word' id='word_1_673' title='bbox 77 2378 251 2412; x_wconf 57' lang='grc' dir='ltr'>πολιορκίας.</span> <span class='ocrx_word' id='word_1_674' title='bbox 271 2379 325 2404; x_wconf 82' lang='grc' dir='ltr'><strong>Καὶ</strong></span> <span class='ocrx_word' id='word_1_675' title='bbox 341 2379 403 2405; x_wconf 85' lang='grc' dir='ltr'>τότε</span> <span class='ocrx_word' id='word_1_676' title='bbox 422 2380 473 2414; x_wconf 77' lang='grc' dir='ltr'>μὲν</span> <span class='ocrx_word' id='word_1_677' title='bbox 492 2381 520 2406; x_wconf 79' lang='grc' dir='ltr'>ἐν</span> <span class='ocrx_word' id='word_1_678' title='bbox 535 2380 667 2412; x_wconf 80' lang='grc' dir='ltr'>τοιούτοις</span> <span class='ocrx_word' id='word_1_679' title='bbox 683 2380 754 2415; x_wconf 81' lang='grc' dir='ltr'>ἦσαν</span> <span class='ocrx_word' id='word_1_680' title='bbox 765 2382 863 2414; x_wconf 80' lang='grc' dir='ltr'>δεινοῖς</span> 
     </span>
    </p>
   </div>
   <div class='ocr_carea' id='block_1_98' title="bbox 76 2424 863 2462">
    <p class='ocr_par' dir='ltr' id='par_1_98' title="bbox 76 2424 863 2462">
     <span class='ocr_line' id='line_1_98' title="bbox 76 2424 863 2462; baseline 0.005 -13"><span class='ocrx_word' id='word_1_681' title='bbox 76 2424 111 2450; x_wconf 83' lang='grc' dir='ltr'><strong>τὰ</strong></span> <span class='ocrx_word' id='word_1_682' title='bbox 127 2424 280 2461; x_wconf 63' lang='grc' dir='ltr'>τελούμενα</span> <span class='ocrx_word' id='word_1_683' title='bbox 294 2431 302 2440; x_wconf 79' lang='grc'><strong><em>⁸</em></strong></span> <span class='ocrx_word' id='word_1_684' title='bbox 319 2425 381 2451; x_wconf 79' lang='grc' dir='ltr'>ἐπεὶ</span> <span class='ocrx_word' id='word_1_685' title='bbox 399 2425 427 2452; x_wconf 76' lang='grc' dir='ltr'>δὲ</span> <span class='ocrx_word' id='word_1_686' title='bbox 447 2426 494 2452; x_wconf 84' lang='grc' dir='ltr'>καὶ</span> <span class='ocrx_word' id='word_1_687' title='bbox 516 2427 530 2452; x_wconf 90' lang='grc' dir='ltr'><strong>ό</strong></span> <span class='ocrx_word' id='word_1_688' title='bbox 546 2425 672 2460; x_wconf 83' lang='grc' dir='ltr'>βασιλεὺς</span> <span class='ocrx_word' id='word_1_689' title='bbox 694 2426 863 2462; x_wconf 82' lang='grc' dir='ltr'>’Λνδρόνικος</span> 
     </span>
    </p>
   </div>
   <div class='ocr_carea' id='block_1_99' title="bbox 77 2470 864 2506">
    <p class='ocr_par' dir='ltr' id='par_1_99' title="bbox 77 2470 864 2506">
     <span class='ocr_line' id='line_1_99' title="bbox 77 2470 864 2506; baseline 0.001 -9"><span class='ocrx_word' id='word_1_690' title='bbox 77 2470 249 2506; x_wconf 74' lang='grc' dir='ltr'>εἰσεληλύθει</span> <span class='ocrx_word' id='word_1_691' title='bbox 265 2470 295 2496; x_wconf 69' lang='grc' dir='ltr'><strong>τὸ</strong></span> <span class='ocrx_word' id='word_1_692' title='bbox 310 2471 430 2504; x_wconf 81' lang='grc' dir='ltr'>πόλισμα</span> <span class='ocrx_word' id='word_1_693' title='bbox 445 2473 492 2497; x_wconf 72' lang='grc' dir='ltr'>καὶ</span> <span class='ocrx_word' id='word_1_694' title='bbox 507 2471 668 2506; x_wconf 66' lang='grc' dir='ltr'>ἐνηυλίσατο</span> <span class='ocrx_word' id='word_1_695' title='bbox 678 2472 792 2504; x_wconf 75' lang='grc' dir='ltr'>ἔνδοθεν,</span> <span class='ocrx_word' id='word_1_696' title='bbox 807 2472 864 2498; x_wconf 73' lang='grc' dir='ltr'>οὔθ’</span> 
     </span>
    </p>
   </div>
   <div class='ocr_carea' id='block_1_100' title="bbox 77 2516 863 2551">
    <p class='ocr_par' dir='ltr' id='par_1_100' title="bbox 77 2516 863 2551">
     <span class='ocr_line' id='line_1_100' title="bbox 77 2516 863 2551; baseline 0.001 -9"><span class='ocrx_word' id='word_1_697' title='bbox 77 2516 115 2547; x_wconf 78' lang='grc' dir='ltr'>ὡς</span> <span class='ocrx_word' id='word_1_698' title='bbox 134 2516 261 2550; x_wconf 76' lang='grc' dir='ltr'>βασιλεὺς</span> <span class='ocrx_word' id='word_1_699' title='bbox 276 2516 366 2551; x_wconf 86' lang='grc' dir='ltr'>πραῢς</span> <span class='ocrx_word' id='word_1_700' title='bbox 386 2517 431 2543; x_wconf 74' lang='grc' dir='ltr'>καὶ</span> <span class='ocrx_word' id='word_1_701' title='bbox 450 2517 544 2548; x_wconf 73' lang='grc' dir='ltr'>σώζων</span> <span class='ocrx_word' id='word_1_702' title='bbox 561 2517 690 2550; x_wconf 74' lang='grc' dir='ltr'>ὑπηκόοις</span> <span class='ocrx_word' id='word_1_703' title='bbox 703 2517 762 2543; x_wconf 80' lang='grc' dir='ltr'>οὖσι</span> <span class='ocrx_word' id='word_1_704' title='bbox 780 2516 863 2544; x_wconf 80' lang='grc' dir='ltr'>πάλαι</span> 
     </span>
    </p>
   </div>
   <div class='ocr_carea' id='block_1_101' title="bbox 79 2559 861 2597">
    <p class='ocr_par' dir='ltr' id='par_1_101' title="bbox 79 2559 861 2597">
     <span class='ocr_line' id='line_1_101' title="bbox 79 2559 861 2597; baseline 0.003 -11"><span class='ocrx_word' id='word_1_705' title='bbox 79 2562 127 2587; x_wconf 74' lang='grc' dir='ltr'>καὶ</span> <span class='ocrx_word' id='word_1_706' title='bbox 148 2559 226 2591; x_wconf 79' lang='grc' dir='ltr'>αὖθις</span> <span class='ocrx_word' id='word_1_707' title='bbox 243 2561 384 2595; x_wconf 79' lang='grc' dir='ltr'>ἐσομένοις</span> <span class='ocrx_word' id='word_1_708' title='bbox 398 2581 406 2594; x_wconf 95' lang='grc'><strong>,</strong></span> <span class='ocrx_word' id='word_1_709' title='bbox 423 2561 474 2588; x_wconf 82' lang='grc' dir='ltr'>κᾶν</span> <span class='ocrx_word' id='word_1_710' title='bbox 490 2563 558 2597; x_wconf 69' lang='grc' dir='ltr'>προς</span> <span class='ocrx_word' id='word_1_711' title='bbox 578 2563 673 2597; x_wconf 83' lang='grc' dir='ltr'>καιρὸν</span> <span class='ocrx_word' id='word_1_712' title='bbox 692 2563 861 2596; x_wconf 62' lang='grc' dir='ltr'>ἀπέστησαν,</span> 
     </span>
    </p>
   </div>
   <div class='ocr_carea' id='block_1_102' title="bbox 79 2607 863 2643">
    <p class='ocr_par' dir='ltr' id='par_1_102' title="bbox 79 2607 863 2643">
     <span class='ocr_line' id='line_1_102' title="bbox 79 2607 863 2643; baseline 0.001 -11"><span class='ocrx_word' id='word_1_713' title='bbox 79 2608 137 2637; x_wconf 73' lang='grc' dir='ltr'>τοῖς</span> <span class='ocrx_word' id='word_1_714' title='bbox 149 2607 337 2641; x_wconf 72' lang='grc' dir='ltr'>ιιρουσαεῦσιν</span> <span class='ocrx_word' id='word_1_715' title='bbox 353 2608 500 2642; x_wconf 77' lang='grc' dir='ltr'>ἐχρήσατο,</span> <span class='ocrx_word' id='word_1_716' title='bbox 514 2607 571 2634; x_wconf 76' lang='grc' dir='ltr'>οὔθ’</span> <span class='ocrx_word' id='word_1_717' title='bbox 588 2607 628 2643; x_wconf 79' lang='grc' dir='ltr'><strong>[Ρ.</strong></span> <span class='ocrx_word' id='word_1_718' title='bbox 645 2607 709 2643; x_wconf 77' lang='grc'><strong>186]</strong></span> <span class='ocrx_word' id='word_1_719' title='bbox 718 2608 754 2639; x_wconf 85' lang='grc' dir='ltr'>ὼς</span> <span class='ocrx_word' id='word_1_720' title='bbox 769 2608 863 2638; x_wconf 81' lang='grc' dir='ltr'>ἁπλῶς</span> 
     </span>
    </p>
   </div>
   <div class='ocr_carea' id='block_1_103' title="bbox 78 2651 860 2687">
    <p class='ocr_par' dir='ltr' id='par_1_103' title="bbox 78 2651 860 2687">
     <span class='ocr_line' id='line_1_103' title="bbox 78 2651 860 2687; baseline 0.005 -11"><span class='ocrx_word' id='word_1_721' title='bbox 78 2651 224 2685; x_wconf 81' lang='grc' dir='ltr'>ἄνθρωπος</span> <span class='ocrx_word' id='word_1_722' title='bbox 244 2651 394 2684; x_wconf 72' lang='grc' dir='ltr'>ὁμοφυέπιν</span> <span class='ocrx_word' id='word_1_723' title='bbox 414 2651 545 2686; x_wconf 72' lang='grc' dir='ltr'>ἀνδράσιν</span> <span class='ocrx_word' id='word_1_724' title='bbox 560 2653 671 2687; x_wconf 81' lang='grc' dir='ltr'>ἡμέρως</span> <span class='ocrx_word' id='word_1_725' title='bbox 696 2654 860 2687; x_wconf 76' lang='grc' dir='ltr'>προσενήνε-</span> 
     </span>
    </p>
   </div>
   <div class='ocr_carea' id='block_1_104' title="bbox 80 2695 862 2732">
    <p class='ocr_par' dir='ltr' id='par_1_104' title="bbox 80 2695 862 2732">
     <span class='ocr_line' id='line_1_104' title="bbox 80 2695 862 2732; baseline 0.005 -12"><span class='ocrx_word' id='word_1_726' title='bbox 80 2703 154 2721; x_wconf 85' lang='grc' dir='ltr'>κται·</span> <span class='ocrx_word' id='word_1_727' title='bbox 165 2695 222 2722; x_wconf 82' lang='grc' dir='ltr'>ἀλλ’</span> <span class='ocrx_word' id='word_1_728' title='bbox 230 2696 267 2726; x_wconf 75' lang='grc' dir='ltr'>ὡς</span> <span class='ocrx_word' id='word_1_729' title='bbox 274 2695 325 2729; x_wconf 79' lang='grc' dir='ltr'>θὴρ</span> <span class='ocrx_word' id='word_1_730' title='bbox 333 2695 445 2730; x_wconf 73' lang='grc' dir='ltr'>ἀρχικὸς</span> <span class='ocrx_word' id='word_1_731' title='bbox 454 2697 581 2726; x_wconf 61' lang='grc' dir='ltr'>ἀπόσιτος</span> <span class='ocrx_word' id='word_1_732' title='bbox 591 2697 690 2728; x_wconf 69' lang='grc' dir='ltr'>ἱκανῶς</span> <span class='ocrx_word' id='word_1_733' title='bbox 697 2698 862 2732; x_wconf 82' lang='grc' dir='ltr'>ἁσηκάστοις</span> 
     </span>
    </p>
   </div>
   <div class='ocr_carea' id='block_1_105' title="bbox 79 2740 858 2779">
    <p class='ocr_par' dir='ltr' id='par_1_105' title="bbox 79 2740 858 2779">
     <span class='ocr_line' id='line_1_105' title="bbox 79 2740 858 2779; baseline 0.005 -13"><span class='ocrx_word' id='word_1_734' title='bbox 79 2740 211 2775; x_wconf 76' lang='grc' dir='ltr'>ἐμπεσὼν</span> <span class='ocrx_word' id='word_1_735' title='bbox 227 2742 274 2768; x_wconf 77' lang='grc' dir='ltr'>καὶ</span> <span class='ocrx_word' id='word_1_736' title='bbox 290 2742 466 2776; x_wconf 79' lang='grc' dir='ltr'>ἁποιμάντοις</span> <span class='ocrx_word' id='word_1_737' title='bbox 491 2742 631 2777; x_wconf 80' lang='grc' dir='ltr'>θρέμμασι</span> <span class='ocrx_word' id='word_1_738' title='bbox 655 2743 702 2770; x_wconf 82' lang='grc' dir='ltr'>τοῦ</span> <span class='ocrx_word' id='word_1_739' title='bbox 731 2745 780 2779; x_wconf 77' lang='grc' dir='ltr'>μὲν</span> <span class='ocrx_word' id='word_1_740' title='bbox 807 2745 858 2770; x_wconf 78' lang='grc' dir='ltr'><strong>αὐ-</strong></span> 
     </span>
    </p>
   </div>
   <div class='ocr_carea' id='block_1_106' title="bbox 78 2786 862 2822">
    <p class='ocr_par' dir='ltr' id='par_1_106' title="bbox 78 2786 862 2822">
     <span class='ocr_line' id='line_1_106' title="bbox 78 2786 862 2822; baseline 0.005 -10"><span class='ocrx_word' id='word_1_741' title='bbox 78 2787 144 2820; x_wconf 84' lang='grc' dir='ltr'>χένα</span> <span class='ocrx_word' id='word_1_742' title='bbox 155 2786 388 2818; x_wconf 73' lang='grc' dir='ltr'>κατέαξεν,’ᾶλλου</span> <span class='ocrx_word' id='word_1_743' title='bbox 403 2787 426 2813; x_wconf 77' lang='grc' dir='ltr'>δ’</span> <span class='ocrx_word' id='word_1_744' title='bbox 440 2787 573 2822; x_wconf 80' lang='grc' dir='ltr'>ελάφυξεν</span> <span class='ocrx_word' id='word_1_745' title='bbox 588 2788 706 2822; x_wconf 73' lang='grc' dir='ltr'>ἔγκατα,</span> <span class='ocrx_word' id='word_1_746' title='bbox 718 2790 765 2815; x_wconf 73' lang='grc' dir='ltr'>καὶ</span> <span class='ocrx_word' id='word_1_747' title='bbox 776 2789 862 2821; x_wconf 76' lang='grc' dir='ltr'>ἄλλως</span> 
     </span>
    </p>
   </div>
   <div class='ocr_carea' id='block_1_107' title="bbox 79 2833 862 2869">
    <p class='ocr_par' dir='ltr' id='par_1_107' title="bbox 79 2833 862 2869">
     <span class='ocr_line' id='line_1_107' title="bbox 79 2833 862 2869; baseline 0.004 -11"><span class='ocrx_word' id='word_1_748' title='bbox 79 2835 158 2859; x_wconf 60' lang='lat' dir='ltr'><strong>ituro</strong></span> <span class='ocrx_word' id='word_1_749' title='bbox 178 2833 323 2867; x_wconf 75' lang='grc' dir='ltr'>χειρίστως</span> <span class='ocrx_word' id='word_1_750' title='bbox 339 2833 444 2868; x_wconf 59' lang='grc' dir='ltr'>ἕτερον,</span> <span class='ocrx_word' id='word_1_751' title='bbox 461 2833 495 2860; x_wconf 77' lang='grc' dir='ltr'><strong>τὰ</strong></span> <span class='ocrx_word' id='word_1_752' title='bbox 515 2834 542 2859; x_wconf 81' lang='grc' dir='ltr'>δὲ</span> <span class='ocrx_word' id='word_1_753' title='bbox 565 2834 646 2860; x_wconf 60' lang='grc' dir='ltr'>λοιπὰ</span> <span class='ocrx_word' id='word_1_754' title='bbox 658 2837 791 2869; x_wconf 78' lang='grc' dir='ltr'>κρημνοῖς</span> <span class='ocrx_word' id='word_1_755' title='bbox 815 2839 862 2861; x_wconf 67' lang='grc' dir='ltr'>καὶ</span> 
     </span>
    </p>
   </div>
   <div class='ocr_carea' id='block_1_108' title="bbox 913 2240 1700 2281">
    <p class='ocr_par' dir='ltr' id='par_1_108' title="bbox 913 2240 1700 2281">
     <span class='ocr_line' id='line_1_108' title="bbox 913 2240 1700 2281; baseline 0.009 -15"><span class='ocrx_word' id='word_1_756' title='bbox 913 2240 1028 2267; x_wconf 78' lang='lat' dir='ltr'><strong>forsitan</strong></span> <span class='ocrx_word' id='word_1_757' title='bbox 1047 2249 1062 2267; x_wconf 86' lang='lat' dir='ltr'><strong>a</strong></span> <span class='ocrx_word' id='word_1_758' title='bbox 1083 2240 1149 2268; x_wconf 87' lang='lat' dir='ltr'><strong>feris</strong></span> <span class='ocrx_word' id='word_1_759' title='bbox 1171 2241 1320 2269; x_wconf 86' lang='lat' dir='ltr'><strong>devoratus</strong></span> <span class='ocrx_word' id='word_1_760' title='bbox 1347 2247 1430 2273; x_wconf 79' lang='lat' dir='ltr'><strong>esset,</strong></span> <span class='ocrx_word' id='word_1_761' title='bbox 1452 2245 1524 2281; x_wconf 79' lang='lat' dir='ltr'><strong>quod</strong></span> <span class='ocrx_word' id='word_1_762' title='bbox 1550 2246 1700 2273; x_wconf 84' lang='lat' dir='ltr'><strong>Andronici</strong></span> 
     </span>
    </p>
   </div>
   <div class='ocr_carea' id='block_1_109' title="bbox 913 2285 1700 2325">
    <p class='ocr_par' dir='ltr' id='par_1_109' title="bbox 913 2285 1700 2325">
     <span class='ocr_line' id='line_1_109' title="bbox 913 2285 1700 2325; baseline 0.008 -13"><span class='ocrx_word' id='word_1_763' title='bbox 913 2285 1057 2313; x_wconf 78' lang='lat' dir='ltr'><strong>Consilium</strong></span> <span class='ocrx_word' id='word_1_764' title='bbox 1088 2286 1150 2318; x_wconf 84' lang='lat' dir='ltr'><strong>fuit,</strong></span> <span class='ocrx_word' id='word_1_765' title='bbox 1177 2287 1228 2313; x_wconf 85' lang='lat' dir='ltr'><strong>nisi</strong></span> <span class='ocrx_word' id='word_1_766' title='bbox 1253 2287 1335 2314; x_wconf 89' lang='lat' dir='ltr'><strong>Turci</strong></span> <span class='ocrx_word' id='word_1_767' title='bbox 1361 2290 1482 2317; x_wconf 81' lang='lat' dir='ltr'><strong>viatores</strong></span> <span class='ocrx_word' id='word_1_768' title='bbox 1510 2290 1570 2325; x_wconf 79' lang='lat' dir='ltr'><strong>ejus</strong></span> <span class='ocrx_word' id='word_1_769' title='bbox 1594 2291 1700 2318; x_wconf 84' lang='lat' dir='ltr'><strong>miserti</strong></span> 
     </span>
    </p>
   </div>
   <div class='ocr_carea' id='block_1_110' title="bbox 912 2332 1699 2364">
    <p class='ocr_par' dir='ltr' id='par_1_110' title="bbox 912 2332 1699 2364">
     <span class='ocr_line' id='line_1_110' title="bbox 912 2332 1699 2364; baseline 0.01 -8"><span class='ocrx_word' id='word_1_770' title='bbox 912 2335 1005 2357; x_wconf 73' lang='lat' dir='ltr'><strong>essent</strong></span> <span class='ocrx_word' id='word_1_771' title='bbox 1024 2337 1052 2358; x_wconf 91' lang='lat' dir='ltr'><strong>et</strong></span> <span class='ocrx_word' id='word_1_772' title='bbox 1070 2332 1097 2359; x_wconf 92' lang='lat' dir='ltr'><strong>in</strong></span> <span class='ocrx_word' id='word_1_773' title='bbox 1113 2332 1288 2360; x_wconf 81' lang='lat' dir='ltr'><strong>tabernacula</strong></span> <span class='ocrx_word' id='word_1_774' title='bbox 1311 2342 1358 2361; x_wconf 63' lang='lat' dir='ltr'><strong>sua</strong></span> <span class='ocrx_word' id='word_1_775' title='bbox 1381 2335 1530 2363; x_wconf 89' lang='lat' dir='ltr'><strong>abductum</strong></span> <span class='ocrx_word' id='word_1_776' title='bbox 1547 2341 1699 2364; x_wconf 74' lang='lat' dir='ltr'><strong>curaSscnt.</strong></span> 
     </span>
    </p>
   </div>
   <div class='ocr_carea' id='block_1_111' title="bbox 914 2376 1699 2412">
    <p class='ocr_par' dir='ltr' id='par_1_111' title="bbox 914 2376 1699 2412">
     <span class='ocr_line' id='line_1_111' title="bbox 914 2376 1699 2412; baseline 0.009 -11"><span class='ocrx_word' id='word_1_777' title='bbox 914 2376 1032 2402; x_wconf 80' lang='lat' dir='ltr'><strong>Leonem</strong></span> <span class='ocrx_word' id='word_1_778' title='bbox 1046 2376 1189 2412; x_wconf 87' lang='lat' dir='ltr'><strong>Synesium</strong></span> <span class='ocrx_word' id='word_1_779' title='bbox 1207 2383 1232 2405; x_wconf 88' lang='lat' dir='ltr'><strong>et</strong></span> <span class='ocrx_word' id='word_1_780' title='bbox 1250 2378 1402 2406; x_wconf 86' lang='lat' dir='ltr'><strong>Manneiem</strong></span> <span class='ocrx_word' id='word_1_781' title='bbox 1419 2380 1573 2407; x_wconf 80' lang='lat' dir='ltr'><strong>anbanam</strong></span> <span class='ocrx_word' id='word_1_782' title='bbox 1589 2386 1616 2407; x_wconf 87' lang='lat' dir='ltr'><strong>et</strong></span> <span class='ocrx_word' id='word_1_783' title='bbox 1631 2382 1655 2408; x_wconf 85' lang='lat' dir='ltr'><strong>al</strong></span> <span class='ocrx_word' id='word_1_784' title='bbox 1668 2389 1699 2408; x_wconf 90' lang='lat' dir='ltr'><strong>os</strong></span> 
     </span>
    </p>
   </div>
   <div class='ocr_carea' id='block_1_112' title="bbox 913 2422 1699 2460">
    <p class='ocr_par' dir='ltr' id='par_1_112' title="bbox 913 2422 1699 2460">
     <span class='ocr_line' id='line_1_112' title="bbox 913 2422 1699 2460; baseline 0.006 -12"><span class='ocrx_word' id='word_1_785' title='bbox 913 2422 1080 2456; x_wconf 84' lang='lat' dir='ltr'><strong>complures,</strong></span> <span class='ocrx_word' id='word_1_786' title='bbox 1106 2431 1139 2449; x_wconf 72' lang='grc' dir='ltr'><strong>χι.</strong></span> <span class='ocrx_word' id='word_1_787' title='bbox 1158 2431 1285 2455; x_wconf 80' lang='lat' dir='ltr'><strong>munero,</strong></span> <span class='ocrx_word' id='word_1_788' title='bbox 1298 2425 1331 2451; x_wconf 86' lang='lat' dir='ltr'><strong>de</strong></span> <span class='ocrx_word' id='word_1_789' title='bbox 1341 2427 1456 2452; x_wconf 80' lang='lat' dir='ltr'><strong>summis</strong></span> <span class='ocrx_word' id='word_1_790' title='bbox 1466 2427 1612 2453; x_wconf 84' lang='lat' dir='ltr'><strong>arboribus</strong></span> <span class='ocrx_word' id='word_1_791' title='bbox 1623 2427 1699 2460; x_wconf 58' lang='lat' dir='ltr'><strong>juxta</strong></span> 
     </span>
    </p>
   </div>
   <div class='ocr_carea' id='block_1_113' title="bbox 914 2467 1718 2509">
    <p class='ocr_par' dir='ltr' id='par_1_113' title="bbox 914 2467 1718 2509">
     <span class='ocr_line' id='line_1_113' title="bbox 914 2467 1718 2509; baseline 0.005 -15"><span class='ocrx_word' id='word_1_792' title='bbox 914 2467 1006 2494; x_wconf 64' lang='lat' dir='ltr'><strong>Prusae</strong></span> <span class='ocrx_word' id='word_1_793' title='bbox 1019 2469 1119 2496; x_wconf 72' lang='lat' dir='ltr'><strong>moenia</strong></span> <span class='ocrx_word' id='word_1_794' title='bbox 1136 2470 1297 2504; x_wconf 84' lang='lat' dir='ltr'><strong>suspendit;</strong></span> <span class='ocrx_word' id='word_1_795' title='bbox 1311 2477 1338 2498; x_wconf 87' lang='lat' dir='ltr'><strong>et</strong></span> <span class='ocrx_word' id='word_1_796' title='bbox 1352 2472 1432 2506; x_wconf 76' lang='lat' dir='ltr'><strong>longe</strong></span> <span class='ocrx_word' id='word_1_797' title='bbox 1453 2473 1545 2507; x_wconf 86' lang='lat' dir='ltr'><strong>plures</strong></span> <span class='ocrx_word' id='word_1_798' title='bbox 1559 2474 1619 2499; x_wconf 80' lang='lat' dir='ltr'><strong>aliis</strong></span> <span class='ocrx_word' id='word_1_799' title='bbox 1633 2481 1698 2509; x_wconf 83' lang='lat' dir='ltr'><strong>snp-</strong></span> <span class='ocrx_word' id='word_1_800' title='bbox 1715 2493 1718 2498; x_wconf 92' lang='lat'><strong>.</strong></span> 
     </span>
    </p>
   </div>
   <div class='ocr_carea' id='block_1_114' title="bbox 914 2510 1720 2551">
    <p class='ocr_par' dir='ltr' id='par_1_114' title="bbox 914 2510 1720 2551">
     <span class='ocr_line' id='line_1_114' title="bbox 914 2510 1720 2551; baseline 0.009 -13"><span class='ocrx_word' id='word_1_801' title='bbox 914 2513 1003 2547; x_wconf 75' lang='lat' dir='ltr'><strong>pliciis</strong></span> <span class='ocrx_word' id='word_1_802' title='bbox 1020 2515 1123 2546; x_wconf 86' lang='lat' dir='ltr'><strong>atIecit,</strong></span> <span class='ocrx_word' id='word_1_803' title='bbox 1147 2515 1263 2542; x_wconf 87' lang='lat' dir='ltr'><strong>aliorum</strong></span> <span class='ocrx_word' id='word_1_804' title='bbox 1288 2517 1425 2548; x_wconf 77' lang='lat' dir='ltr'><strong>manibus,</strong></span> <span class='ocrx_word' id='word_1_805' title='bbox 1450 2519 1566 2544; x_wconf 88' lang='lat' dir='ltr'><strong>aliorum</strong></span> <span class='ocrx_word' id='word_1_806' title='bbox 1591 2510 1720 2551; x_wconf 71' lang='lat' dir='ltr'><strong>digitis,‘</strong></span> 
     </span>
    </p>
   </div>
   <div class='ocr_carea' id='block_1_115' title="bbox 913 2560 1697 2596">
    <p class='ocr_par' dir='ltr' id='par_1_115' title="bbox 913 2560 1697 2596">
     <span class='ocr_line' id='line_1_115' title="bbox 913 2560 1697 2596; baseline 0.006 -12"><span class='ocrx_word' id='word_1_807' title='bbox 913 2560 1094 2592; x_wconf 85' lang='lat' dir='ltr'><strong>quorumdam</strong></span> <span class='ocrx_word' id='word_1_808' title='bbox 1117 2560 1232 2594; x_wconf 84' lang='lat' dir='ltr'><strong>pedibus</strong></span> <span class='ocrx_word' id='word_1_809' title='bbox 1257 2563 1416 2596; x_wconf 78' lang='lat' dir='ltr'><strong>amputatis.</strong></span> <span class='ocrx_word' id='word_1_810' title='bbox 1439 2563 1514 2589; x_wconf 84' lang='lat' dir='ltr'><strong>Multi</strong></span> <span class='ocrx_word' id='word_1_811' title='bbox 1532 2568 1559 2589; x_wconf 87' lang='lat' dir='ltr'><strong>et</strong></span> <span class='ocrx_word' id='word_1_812' title='bbox 1574 2563 1697 2590; x_wconf 83' lang='lat' dir='ltr'><strong>manibus</strong></span> 
     </span>
    </p>
   </div>
   <div class='ocr_carea' id='block_1_116' title="bbox 913 2605 1697 2639">
    <p class='ocr_par' dir='ltr' id='par_1_116' title="bbox 913 2605 1697 2639">
     <span class='ocr_line' id='line_1_116' title="bbox 913 2605 1697 2639; baseline 0.005 -9"><span class='ocrx_word' id='word_1_813' title='bbox 913 2605 1042 2631; x_wconf 78' lang='lat' dir='ltr'><strong>etorulis</strong></span> <span class='ocrx_word' id='word_1_814' title='bbox 1072 2606 1168 2639; x_wconf 84' lang='lat' dir='ltr'><strong>privati</strong></span> <span class='ocrx_word' id='word_1_815' title='bbox 1193 2612 1270 2637; x_wconf 68' lang='lat' dir='ltr'><strong>sunt,</strong></span> <span class='ocrx_word' id='word_1_816' title='bbox 1294 2608 1419 2634; x_wconf 92' lang='lat' dir='ltr'><strong>nonnulli</strong></span> <span class='ocrx_word' id='word_1_817' title='bbox 1446 2607 1525 2634; x_wconf 89' lang='lat' dir='ltr'><strong>oculo</strong></span> <span class='ocrx_word' id='word_1_818' title='bbox 1553 2608 1650 2634; x_wconf 83' lang='lat' dir='ltr'><strong>dextro</strong></span> <span class='ocrx_word' id='word_1_819' title='bbox 1672 2611 1697 2634; x_wconf 87' lang='lat' dir='ltr'><strong>ct</strong></span> 
     </span>
    </p>
   </div>
   <div class='ocr_carea' id='block_1_117' title="bbox 914 2650 1696 2683">
    <p class='ocr_par' dir='ltr' id='par_1_117' title="bbox 914 2650 1696 2683">
     <span class='ocr_line' id='line_1_117' title="bbox 914 2650 1696 2683; baseline 0.006 -8"><span class='ocrx_word' id='word_1_820' title='bbox 914 2650 982 2683; x_wconf 74' lang='lat' dir='ltr'><strong>pede</strong></span> <span class='ocrx_word' id='word_1_821' title='bbox 1009 2651 1123 2677; x_wconf 87' lang='lat' dir='ltr'><strong>sinistro</strong></span> <span class='ocrx_word' id='word_1_822' title='bbox 1153 2652 1285 2683; x_wconf 74' lang='lat' dir='ltr'><strong>mutilati,</strong></span> <span class='ocrx_word' id='word_1_823' title='bbox 1305 2653 1350 2679; x_wconf 85' lang='lat' dir='ltr'><strong>alii</strong></span> <span class='ocrx_word' id='word_1_824' title='bbox 1370 2657 1477 2679; x_wconf 89' lang='lat' dir='ltr'><strong>contra.</strong></span> <span class='ocrx_word' id='word_1_825' title='bbox 1494 2653 1696 2680; x_wconf 69' lang='lat' dir='ltr'><strong>Itobustissimis</strong></span> 
     </span>
    </p>
   </div>
   <div class='ocr_carea' id='block_1_118' title="bbox 912 2695 1697 2732">
    <p class='ocr_par' dir='ltr' id='par_1_118' title="bbox 912 2695 1697 2732">
     <span class='ocr_line' id='line_1_118' title="bbox 912 2695 1697 2732; baseline 0.006 -11"><span class='ocrx_word' id='word_1_826' title='bbox 912 2702 938 2722; x_wconf 88' lang='lat' dir='ltr'><strong>et</strong></span> <span class='ocrx_word' id='word_1_827' title='bbox 952 2695 1032 2730; x_wconf 83' lang='lat'><strong>375</strong></span> <span class='ocrx_word' id='word_1_828' title='bbox 1044 2696 1202 2723; x_wconf 82' lang='lat' dir='ltr'><strong>fortissimis</strong></span> <span class='ocrx_word' id='word_1_829' title='bbox 1211 2705 1245 2724; x_wconf 81' lang='lat' dir='ltr'><strong>ac</strong></span> <span class='ocrx_word' id='word_1_830' title='bbox 1257 2697 1295 2724; x_wconf 87' lang='lat' dir='ltr'><strong>rei</strong></span> <span class='ocrx_word' id='word_1_831' title='bbox 1311 2698 1621 2732; x_wconf 73' lang='lat' dir='ltr'><strong>militarisperitissimis</strong></span> <span class='ocrx_word' id='word_1_832' title='bbox 1634 2698 1697 2726; x_wconf 78' lang='lat' dir='ltr'><strong>virs</strong></span> 
     </span>
    </p>
   </div>
   <div class='ocr_carea' id='block_1_119' title="bbox 913 2742 1698 2778">
    <p class='ocr_par' dir='ltr' id='par_1_119' title="bbox 913 2742 1698 2778">
     <span class='ocr_line' id='line_1_119' title="bbox 913 2742 1698 2778; baseline 0.004 -10"><span class='ocrx_word' id='word_1_833' title='bbox 913 2742 982 2768; x_wconf 82' lang='lat' dir='ltr'><strong>adeo</strong></span> <span class='ocrx_word' id='word_1_834' title='bbox 998 2743 1186 2769; x_wconf 80' lang='lat' dir='ltr'><strong>inhumaniter</strong></span> <span class='ocrx_word' id='word_1_835' title='bbox 1199 2743 1364 2776; x_wconf 79' lang='lat' dir='ltr'><strong>interiectis,</strong></span> <span class='ocrx_word' id='word_1_836' title='bbox 1379 2749 1462 2778; x_wconf 77' lang='lat' dir='ltr'><strong>atque</strong></span> <span class='ocrx_word' id='word_1_837' title='bbox 1476 2743 1582 2778; x_wconf 81' lang='lat' dir='ltr'><strong>imperii</strong></span> <span class='ocrx_word' id='word_1_838' title='bbox 1595 2743 1698 2771; x_wconf 82' lang='lat' dir='ltr'><strong>viribus</strong></span> 
     </span>
    </p>
   </div>
   <div class='ocr_carea' id='block_1_120' title="bbox 915 2788 1699 2823">
    <p class='ocr_par' dir='ltr' id='par_1_120' title="bbox 915 2788 1699 2823">
     <span class='ocr_line' id='line_1_120' title="bbox 915 2788 1699 2823; baseline 0.003 -10"><span class='ocrx_word' id='word_1_839' title='bbox 915 2789 1078 2821; x_wconf 85' lang='lat' dir='ltr'><strong>imminutis,</strong></span> <span class='ocrx_word' id='word_1_840' title='bbox 1092 2788 1246 2823; x_wconf 83' lang='lat' dir='ltr'><strong>Lopadin’m</strong></span> <span class='ocrx_word' id='word_1_841' title='bbox 1268 2789 1367 2816; x_wconf 82' lang='lat' dir='ltr'><strong>transit</strong></span> <span class='ocrx_word' id='word_1_842' title='bbox 1382 2789 1570 2821; x_wconf 82' lang='lat' dir='ltr'><strong>Andronicus;</strong></span> <span class='ocrx_word' id='word_1_843' title='bbox 1587 2789 1699 2816; x_wconf 86' lang='lat' dir='ltr'><strong>codem-</strong></span> 
     </span>
    </p>
   </div>
   <div class='ocr_carea' id='block_1_121' title="bbox 914 2833 1702 2870">
    <p class='ocr_par' dir='ltr' id='par_1_121' title="bbox 914 2833 1702 2870">
     <span class='ocr_line' id='line_1_121' title="bbox 914 2833 1702 2870; baseline 0.004 -11"><span class='ocrx_word' id='word_1_844' title='bbox 914 2841 967 2868; x_wconf 83' lang='lat' dir='ltr'><strong>que</strong></span> <span class='ocrx_word' id='word_1_845' title='bbox 983 2835 1062 2861; x_wconf 85' lang='lat' dir='ltr'><strong>modo</strong></span> <span class='ocrx_word' id='word_1_846' title='bbox 1080 2835 1116 2861; x_wconf 86' lang='lat' dir='ltr'><strong>ibi</strong></span> <span class='ocrx_word' id='word_1_847' title='bbox 1132 2842 1244 2870; x_wconf 84' lang='lat' dir='ltr'><strong>quoque</strong></span> <span class='ocrx_word' id='word_1_848' title='bbox 1262 2838 1410 2870; x_wconf 76' lang='lat' dir='ltr'><strong>grassatus,</strong></span> <span class='ocrx_word' id='word_1_849' title='bbox 1426 2838 1452 2862; x_wconf 87' lang='lat' dir='ltr'><strong>et</strong></span> <span class='ocrx_word' id='word_1_850' title='bbox 1467 2834 1597 2869; x_wconf 74' lang='lat' dir='ltr'><strong>episcopo</strong></span> <span class='ocrx_word' id='word_1_851' title='bbox 1612 2833 1702 2862; x_wconf 72' lang='lat' dir='ltr'><strong>oculis</strong></span> 
     </span>
    </p>
   </div>
  </div>
