1944 3077
74 117 130 150 645

574 120 623 150 DE
644 118 866 150 ANDRONICO
883 118 1065 149 COMNENO
1085 119 1159 149 LIB.
1177 118 1204 147 ῐ.

1643 115 1698 147 646

73 172 183 208 vnum).
202 173 341 200 καὶτοῦτο
356 173 492 207 ὲς¹ἠλίους
510 174 638 205 πολλούς.
660 174 725 209 Ὀψὲ
745 174 773 200 δὲ
791 173 860 208 πρὸς

920 172 1060 204 ιθιιιεηιίιι,
1073 172 1162 207 cujus,
1189 176 1220 199 ut
1247 178 1318 206 sape
1343 170 1474 203 diximus,
1499 169 1699 197 consuetudine

74 219 130 245 τῶν
168 219 393 253 Ἱεροσολυμιτῶν
423 219 514 251 λυθεὶς
537 219 584 250 οὓς
610 220 740 254 φρερίους
758 220 861 254 φασὶν,

74 264 154 297 ἔσχεν
169 262 281 290 εῡθεταν
295 263 345 297 τὴν
357 263 425 298 πρὸς
439 263 489 298 τὴν
505 263 622 298 πατρίδα
636 264 780 295 ἐπάνοδον,
814 265 862 289 Ἀν-

73 309 202 344 δρονίκου
218 309 409 343 συναραμένου
426 309 495 344 πρὸς
511 309 545 336 τὰ
565 309 650 344 λύτρα
666 309 861 344 ὑποθημοσύνῃ

75 354 231 387 Θεοδώρας,
253 350 324 389 ᾗπερ
342 354 355 379 6
373 353 425 387 μὲν
455 354 625 388 Ἀνδρόνικος
640 375 646 386 ,
674 354 711 385 ὡς
734 354 863 384 πολλάκις

76 399 205 433 εἴπομεν,
227 399 407 434 ἐπλησίαζεν,
430 401 444 426 6
462 400 485 426 δ’
506 400 641 431 Ἰσαάκιος
657 399 734 432 οὗτος
753 400 864 434 ἀδελφι-

76 443 137 474 δοῦς
151 441 195 478 ἦν.
216 444 328 478 Ἐνῆγον
350 444 377 470 δὲ
406 445 577 480 Ἀνδρόνικον
597 446 637 477 είς
663 446 694 472 τὸ
713 446 865 480 προσδέξα-

78 488 141 514 σθαι
162 489 210 514 τὸν
239 489 372 516 Ὶσαάκιον
398 491 446 516 καὶ
471 490 520 524 τῆς
540 491 656 525 χρονίου
677 492 865 526 κατοικτεῖραι

77 535 234 569 ἀποδημίας
258 536 271 561 ὁ
292 535 492 570 Μακροδούκας
514 537 722 568 Κωνσταντῖνος
746 538 779 571 τῇ
796 537 864 571 πρὸς

79 580 185 614 μητρὸς
208 580 346 606 Ὶσαακίου
364 581 424 616 θείᾳ
437 581 681 616 συνευναζόμενος,
699 582 864 617 καῖ’Λνδρό-

77 633 152 655 νικος
165 626 179 650 6
190 625 293 656 Δούκας
307 626 428 660 συνήθης
443 625 481 652 ὣν
497 628 529 652 ὲκ
546 628 649 654 παίδων
673 628 800 662 Ὶσαακίῳ
818 628 865 654 καὶ

78 669 151 695 κατὰ
180 670 259 703 γένος
290 671 364 705 αὐτῷ
393 673 592 707 προσεγγίζων.
611 669 705 705 -Οὗτος
732 674 825 700 τοίνυν
849 675 863 700 6

84 715 224 746 Ἰσαάκιος
244 716 409 751 Ἀνδρονίκῳ
423 718 460 752 τῷ
477 718 584 752 βασιλεῖ
598 719 647 754 οὐχ
668 719 792 746 ὑπείκειν
804 719 864 746 ἐθέ-

79 759 134 786 λων
151 761 200 786 καὶ
219 761 269 796 τὴν
288 763 408 797 πατρίδα
427 763 465 794 ώς
483 765 512 789 ἐν
525 763 643 800 ἄστρασι
660 765 864 800 φανταζόμενος

83 805 133 831 καὶ
151 807 312 840 συγγενείας
329 807 344 841 ἢ
359 808 504 843 ἐρατεινῆς
517 810 666 844 ὁμηλιχίας
679 810 774 836 οὐδένα
786 810 865 843 λόγον

79 850 235 885 τιθέμενος,
259 854 419 887 τυραννίδος
445 854 469 879 δ’
494 855 565 889 ἐρῶν
591 857 637 882 καὶ
661 856 750 891 ἀρχῆς
771 856 866 890 ἔφεσιν

80 895 203 930 τρέφων,
223 898 254 923 οὺ
272 898 324 932 μὴν
337 898 505 925 ὑποκύπτειν
528 901 690 935 ἀνεχόμενος
717 902 865 935 ἄρχουσιν,

79 941 197 974 ἐφοδίοις
210 942 310 977 χρῆται
322 945 370 970 καὶ
379 945 532 980 συνερίθοις
546 947 603 980 τοῖς
615 947 781 980 πεμφθεῖσιν
792 947 866 981 αὐτῷ

82 988 115 1012 ἐκ
129 986 282 1019 Βυζαντίου
309 990 449 1024 χρήμασιν
474 991 514 1021 είς
538 991 567 1017 τὸ
584 992 759 1024 κακοϐούλως
773 992 866 1028 ’ἀρχὴν

81 1032 172 1066 ἑαυτῷ
189 1034 422 1068 μνηστεύσασθαι.
452 1036 549 1062 Τοίνυν
567 1038 637 1071 μετὰ
652 1038 743 1072 χειρος
766 1039 867 1073 συχνῆς

82 1078 277 1111 καταπλεύσας
294 1081 321 1111 ἐς
339 1080 451 1116 Κύπρον
468 1081 501 1108 τὰ
518 1082 567 1117 μὲν
581 1083 676 1117 πρῶτα
689 1083 735 1109 τὸν
754 1082 866 1117 ἔννομον

83 1125 131 1150 καὶ
144 1126 214 1160 πρὸς
230 1125 365 1159 βασιλέως
383 1128 590 1162 ἀπεσταλμένον
603 1129 738 1163 δυνάετην
759 1129 867 1161 ὑπεζω-

82 1171 194 1204 γράφει,
216 1171 345 1205 βασιλικὰ
361 1173 545 1199 ὑποδεικνύων
557 1176 613 1205 τοῖς
625 1175 756 1210 Κυπρίοις
774 1176 866 1210 γράμ-

85 1225 169 1250 ματα,
187 1216 260 1252 ἆπερ
273 1218 354 1249 αὐτὸς
373 1219 511 1252 συνέθετο,
530 1222 577 1246 καὶ
590 1220 722 1254 διαταγὰς
733 1222 868 1255 ἀναγινώ-

84 1271 158 1288 σκων
191 1264 427 1299 αύτοκρατορικὰς
451 1266 646 1298 ἐπιπλάστους,
678 1267 709 1293 τὸ
739 1269 868 1302 ποιητέον

83 1308 165 1342 δῆθεν
183 1310 384 1344 ὑποτιθεμένας
402 1311 511 1346 ἐκείνῳ,
532 1313 579 1338 καὶ
602 1313 685 1339 τᾶλλα
702 1314 868 1349 διαπραττό-

86 1362 167 1386 μενος
195 1356 246 1381 ὅσα
277 1357 301 1382 οἱ
326 1357 372 1390 ὑφ’
397 1357 500 1392 ἐτέρων
524 1357 619 1393 ἄρχειν
637 1359 779 1393 ταχθέντες
801 1360 869 1394 πρὸς

85 1400 207 1435 ἀνάγκης
223 1403 310 1428 ποιεῖν
324 1402 427 1437 έχουσι,
447 1403 505 1438 μετ’
526 1404 556 1430 οὐ
574 1404 642 1430 πολὺ
659 1405 687 1431 δὲ
701 1406 747 1431 τὸν
766 1414 867 1439 τυραν-

85 1445 184 1472 νοῦντα
206 1449 444 1482 παραγυμνῶσας,
465 1450 513 1476 καὶ
537 1451 571 1485 ἣν
595 1451 709 1484 ἔτρεφεν
732 1451 866 1485 ἀπήνειαν
881 1457 903 1486 C

85 1492 254 1526 ἐκκαλύψας,
282 1493 477 1529 ἀπανθρώπως
506 1497 563 1526 τοῖς
587 1497 646 1522 ἐκεῖ
672 1497 868 1532 προσφέρεται.

86 1538 142 1564 Καὶ
157 1538 286 1565 τοσοῦτον
301 1540 330 1570 ἐς
348 1540 378 1566 τὸ
402 1540 449 1566 τοῦ
469 1541 550 1575 ἧθους
574 1542 703 1577 ἀκαμπὲς
720 1543 769 1569 καὶ
788 1544 870 1578 ἀμεί-

87 1583 181 1609 λικτον
209 1584 378 1618 ’Λνδρόνικον
407 1586 587 1620 ὑπερέϐαλεν,
612 1588 675 1613 ὅσον
698 1585 776 1619 οὗτος
806 1589 869 1619 τοὺς

86 1629 199 1654 πώποτε
231 1629 389 1664 διαϐοήτους
418 1631 585 1663 ἀνεπιεικεῖς
616 1633 656 1663 είς
683 1633 714 1659 τὸ
741 1632 784 1668 [Ρ.
806 1633 868 1669 188]

87 1676 310 1709 προσκεκρουκὼς
335 1676 517 1711 ὺπερήλασεν.
544 1678 581 1704 Οὐ
607 1679 660 1713 γὰρ
683 1678 811 1712 διέλιπεν,
841 1679 870 1710 ἐξ

85 1719 148 1745 ὅτου
176 1728 228 1754 περ
256 1721 384 1754 ἀσφαλῶς
411 1723 461 1758 ἤδη
484 1724 579 1758 ἄρχειν
604 1724 683 1758 ᾠετο,
700 1725 785 1759 μυρία
803 1725 870 1752 ἄττα

86 1765 184 1792 ἀνόσια
198 1766 245 1792 ἐπὶ
256 1768 310 1798 τοῖς
327 1768 470 1803 οἰκήτορσι
483 1770 531 1800 τῆς
548 1769 662 1804 Κύπρου
676 1772 868 1806 ἐργαζόμενος.

85 1812 178 1842 (Mum;
193 1820 224 1837 τε
241 1812 295 1847 γὰρ
312 1814 373 1838 καθ’
395 1813 470 1848 ὥραν
491 1815 622 1846 ἀναιτίοις
645 1817 798 1850 ὲχραίνετο,
823 1817 871 1843 καὶ

86 1856 218 1891 δηλήμων
245 1858 380 1892 σωμάτων
410 1860 588 1894 ἀνθρωπίνων
619 1862 744 1894 ἐγίνετο,
775 1862 871 1893 ποινὰς

86 1901 200 1934 ἐπάγων
219 1904 265 1928 καὶ
288 1903 422 1938 τιμωρίας
447 1903 491 1931 οἶά
513 1915 539 1931 τι
565 1907 712 1941 συμφορῶν
737 1907 870 1942 Εργανον,

86 1947 187 1972 ὁπόσαι
207 1948 328 1982 κατῆγον
352 1950 392 1980 εἰς
417 1950 545 1978 θάνατον.
569 1953 623 1978 Καὶ
639 1953 745 1984 κοίταις
764 1954 793 1980 δὲ
809 1953 872 1980 ἀθε-

90 1991 180 2026 μίτοις
196 1993 242 2017 καὶ
258 1993 371 2027 φθοραῖς
386 1995 529 2030 παρθένων
543 1997 557 2022 ὸ
577 1998 728 2032 παναισχὴς
749 2000 795 2025 καὶ
811 1999 873 2031 ἐξά-

86 2045 182 2070 γιστος
198 2038 407 2072 ἡκολάσταινεν,
424 2041 520 2072 οὐσίας
531 2051 561 2067 τε
575 2043 684 2078 ἀπάσης
700 2045 764 2075 τοὺς
780 2044 871 2070 εὐδαίι

91 2091 176 2116 μονας
199 2083 296 2118 πρώην
321 2085 411 2117 οἴκους
435 2088 630 2119 ἀνυπευθύνως
656 2089 800 2125 ἐστέρησε,
824 2091 888 2116 καὶα

86 2130 150 2158 τοὺς
167 2128 232 2163 χθές
247 2137 277 2155 τε
296 2131 343 2156 καὶ
362 2131 498 2166 πρότριτα
523 2133 773 2169 περιϐλεπομένους
793 2136 873 2162 αὐτου
889 2125 911 2152 D

88 2173 187 2208 χθονας
208 2175 256 2200 καὶ
274 2176 345 2202 κατά
359 2177 390 2202 τὸ
413 2178 589 2212 πολυκτῆμον
612 2179 651 2214 τῷ
681 2180 741 2207 ’1ὼὸ
762 2182 871 2216 ἀντερί-

88 2219 185 2252 ζοντας
197 2221 331 2256 διαφῆκεν
340 2223 501 2258 ἀγυρτεύειν
513 2224 698 2258 λιμώττοντας
710 2228 757 2253 καὶ
769 2236 874 2263 γυμνη-

87 2266 228 2297 τεύοντας,
243 2267 303 2294 καθ’
319 2268 388 2294 ὅσων
402 2269 467 2299 τέως
488 2271 538 2296 οὐκ
554 2272 690 2306 ἐχρήσατο
706 2273 745 2305 τῷ
767 2273 838 2307 ξίφει
860 2274 874 2299 6

88 2312 249 2347 ἀκρόχολος.
258 2313 309 2338 Φεῦ
323 2314 372 2347 φεῦ
383 2315 423 2341 ὄτι
434 2315 490 2346 ὁδὸς
501 2318 607 2343 ασεὸων
615 2317 752 2344 εὑοδοῦται
766 2319 772 2344 ι
783 2318 817 2344 Εὐ
823 2319 872 2353 θή-

88 2365 174 2391 νησαν
189 2362 291 2389 παντες
304 2360 329 2385 οί
344 2360 503 2392 ἀθετοῦντες
516 2362 687 2396 ἀϊετήματα.
704 2363 872 2397 Ἑφύτευσας

89 2403 189 2433 αὐτοὺς
214 2404 262 2428 καὶ
284 2404 436 2439 ἐρῤίζωσας
449 2414 456 2421 ·
474 2407 692 2442 ἐτεκνοποίησαν
709 2409 756 2435 καὶ
775 2409 871 2442 ἐποίη-

90 2456 141 2473 σαν
162 2450 280 2484 καρπόν.
306 2451 400 2477 Ταῦτα
419 2452 451 2487 δὴ
471 2453 489 2479 ἀ
506 2454 553 2479 καὶ
570 2455 584 2479 ὁ
601 2455 744 2490 προφήτης
772 2455 872 2482 ἀπολο-

90 2495 182 2527 γεῖται
209 2496 278 2530 πρὸς
307 2497 411 2532 Κύριον
441 2498 529 2524 λαλῶν
552 2500 684 2534 κρίματα.
704 2499 755 2527 Οἷα
776 2501 830 2536 γὰρ
855 2503 871 2537 ἡ

90 2539 152 2565 τότε
184 2541 269 2574 γενεὰ
300 2541 415 2576 ἐξέφυσε
446 2543 548 2570 κώνεια
577 2546 646 2579 πρὸς
675 2546 753 2572 οὐδὲν
779 2546 874 2581 ἕτερον

92 2586 259 2621 ἁδρυνθέντα
285 2587 302 2623 ἢ
336 2589 449 2616 θάνατον
479 2592 534 2621 τοῖς
565 2593 802 2626 προσφερομένοις
826 2593 874 2619 καὶ

91 2632 232 2658 ἀπώλειαν
258 2633 312 2659 τῶν
337 2634 472 2662 πλείστων
496 2637 613 2670 πόλεων,
643 2635 679 2664 ὧν
708 2638 758 2673 τῆς
787 2639 873 2674 ἀρχῆς

915 217 1055 249 utebatur,
1072 217 1117 244 hic
1129 225 1196 244 vero
1211 217 1295 244 frater
1311 217 1441 252 patruelis
1464 220 1535 244 erat.
1550 216 1584 244 Ut
1606 221 1699 242 autem

916 264 1091 290 Andronicus
1111 263 1207 290 lsaacii
1232 270 1326 290 curam
1344 263 1497 296 susciperet
1515 269 1547 289 ac
1562 261 1700 288 diuturnae

915 309 975 344 ejus
992 308 1158 343 captivitatis
1183 308 1371 335 misericordia
1402 311 1569 342 tangeretur,
1591 308 1698 335 Macro-

916 354 993 382 duca:
1009 353 1194 386 Constantini,
1217 353 1264 387 qui
1284 359 1459 380 materteram
1486 353 1581 380 lsaacii
1600 353 1628 380 in
1641 361 1701 380 ma-

916 401 1047 428 trimonio
1065 401 1193 431 habebat,
1208 407 1291 435 opera
1307 405 1348 427 est
1365 399 1505 432 effectum,
1533 405 1560 427 et
1589 400 1700 426 Andr0<

916 448 972 474 nici
995 447 1075 474 Ducas
1101 446 1209 481 cognati
1233 446 1293 480 ejus
1315 450 1343 472 et
1370 446 1512 473 familiaris
1533 454 1547 472 a
1565 453 1660 480 puero.
1676 445 1703 472 ls

916 493 999 527 igitur
1011 491 1131 518 lsaacius
1157 498 1219 516 cum
1237 489 1394 516 Andronico
1404 489 1502 516 cedere
1521 497 1552 515 ac
1567 489 1593 515 in
1612 489 1637 515 in
1653 496 1700 522 pa-

917 531 996 564 triam
1008 536 1098 563 redire
1114 536 1208 565 nollet,
1221 542 1271 562 nec
1289 535 1370 561 ullam
1391 534 1559 568 cognationis
1575 538 1622 560 aut
1636 541 1700 560 sua-

917 583 959 610 vis
978 581 1187 614 consuetqdinis
1202 581 1337 606 rationem
1361 579 1485 610 haberet,
1502 579 1548 606 sed
1565 580 1701 612 imperare

918 635 998 662 quam
1010 626 1126 661 imperio
1136 632 1231 652 carere
1241 625 1342 656 mallet,
1358 625 1479 659 pecunia:
1492 624 1622 658 Byzantio
1636 626 1701 650 iliis-

917 681 953 701 saa
973 673 1103 700 subsidiis
1114 672 1146 699 ad
1164 671 1321 705 improbum
1348 671 1492 698 allectandi
1507 671 1580 704 regni
1607 670 1699 696 consi-

915 719 982 746 lium
999 717 1131 749 abutitur,
1151 722 1179 745 et
1189 716 1277 751 Cypro
1290 724 1353 743 cum
1380 724 1476 751 magna
1506 724 1588 743 manu
1617 723 1700 742 occu—

916 768 979 798 pata
1009 763 1144 797 principio
1158 770 1187 790 se
1219 770 1269 796 pro
1297 762 1419 796 legitimo
1449 767 1575 796 pnetore,
1600 762 1646 796 qui
1666 762 1702 788 ab

915 809 1080 842 imperatore
1092 809 1193 835 missus
1207 812 1289 838 esset.
1302 808 1382 842 gerit,
1399 808 1499 835 litteris
1514 808 1701 842 imperatoriis

918 855 1046 886 ostensis,
1060 862 1128 888 quas
1151 854 1209 888 ipse
1226 859 1430 887 composuerat,
1459 857 1487 880 et
1506 853 1702 880 conimentitiie

917 898 1054 925 mandatis
1070 898 1200 929 recitatis,
1218 905 1278 932 qua:
1307 898 1373 932 quid
1400 898 1451 932 ipsi
1476 899 1611 932 agendum
1629 903 1702 925 esset

917 944 1024 972 scilicet
1050 944 1282 979 praescribebant;
1310 952 1341 970 ac
1372 950 1469 971 caetera
1493 946 1557 979 agit.
1583 953 1643 979 quae
1669 945 1704 972 ile

916 991 1073 1018 necessario
1087 990 1212 1017 facienda
1235 994 1300 1017 sunt
1324 991 1370 1024 qui
1388 990 1485 1017 alienis
1500 990 1621 1024 imperiis
1636 990 1703 1017 sub-

916 1036 991 1062 sunt.
1024 1035 1124 1062 Verunt
1155 1043 1209 1061 non
1235 1035 1335 1062 multos
1350 1039 1411 1069 post
1437 1042 1466 1061 se
1484 1040 1626 1068 tyrannum
1643 1042 1706 1067 pro-

916 1081 1017 1113 fessus,
1035 1080 1127 1107 innata
1152 1080 1314 1107 crudelitate
1335 1082 1452 1111 retecta,
1471 1079 1607 1106 insulares
1623 1079 1705 1106 inhu-

918 1126 1148 1156 nianiustractat;
1176 1132 1209 1151 ac
1238 1125 1390 1159 pertinacia
1415 1123 1572 1158 saevitiaque
1599 1127 1704 1150 tantum

925 1175 1037 1205 superat
1053 1170 1250 1200 Andronicum,
1262 1174 1393 1203 quantum
1405 1169 1579 1196 Andronicus
1592 1174 1705 1195 caeteros

919 1224 1015 1244 omnes
1024 1216 1070 1250 qui
1081 1223 1199 1249 unquam
1217 1215 1300 1249 378
1308 1214 1450 1241 atrocitate
1460 1214 1487 1240 in
1497 1214 1589 1240 hostes
1597 1212 1705 1250 celebre

919 1269 1020 1289 nomen
1046 1261 1185 1288 consecuti
1203 1266 1276 1287 sunt.
1294 1260 1388 1294 Neque
1410 1261 1495 1290 enim,
1512 1260 1559 1286 ubi
1585 1259 1704 1293 primum

922 1306 1080 1342 tyrannidis
1096 1306 1275 1332 fundamenta
1299 1305 1399 1339 jecisse
1423 1305 1578 1335 videbatur,
1599 1303 1706 1330 intinita

920 1354 1090 1380 immanitate
1107 1352 1134 1379 iu
1157 1351 1281 1378 subditos
1304 1351 1420 1386 grassari
1437 1350 1598 1381 desistebat,
1614 1349 1661 1376 sed
1678 1353 1706 1376 et

922 1399 1046 1426 caedibus
1060 1399 1239 1425 innocentum
1257 1398 1283 1424 in
1301 1398 1381 1424 horas
1405 1397 1590 1432 polluebatur,
1614 1400 1641 1423 et
1655 1395 1706 1422 bu-

921 1451 1000 1470 mana
1013 1450 1129 1478 corpora
1141 1443 1277 1470 lacerabat
1297 1443 1441 1469 tounentis
1458 1442 1485 1468 in
1498 1442 1611 1468 exitium
1634 1448 1708 1467 mor-

922 1491 1016 1516 talium
1034 1490 1204 1524 cxcogitntis.
1230 1490 1366 1516 Praeterea
1383 1489 1411 1515 in
1438 1489 1543 1522 stupris
1569 1486 1704 1522 virginum

920 1541 948 1562 ct
965 1536 1109 1562 adulteriis
1123 1536 1204 1562 homo
1227 1534 1349 1561 nefarius
1364 1533 1539 1561 volutabatur
1550 1541 1557 1564 ;
1568 1538 1595 1560 et
1611 1533 1706 1560 beatas

920 1581 1024 1608 dudum
1041 1581 1159 1607 familias
1171 1580 1230 1607 sine
1245 1580 1299 1606 ullo
1319 1580 1434 1606 crimine
1459 1578 1589 1606 omnibus
1608 1577 1707 1612 opibus

921 1627 1068 1662 spoliabat,
1082 1631 1112 1653 ut
1126 1626 1259 1661 indigenae
1274 1626 1354 1660 paulo
1366 1629 1430 1652 ante
1443 1624 1584 1659 conspicui
1603 1623 1708 1651 divitiis

920 1673 1037 1700 famelici
1063 1677 1090 1699 et
1107 1672 1173 1699 nudi
1193 1672 1372 1703 oberrarent,
1392 1671 1415 1697 si
1432 1670 1533 1704 quibus
1557 1670 1638 1696 homo
1656 1669 1709 1696 ira-

923 1720 1031 1757 cundus
1046 1726 1141 1745 ensem
1157 1717 1337 1744 abstinuerat.
1357 1716 1415 1749 Hei,
1443 1716 1497 1748 hei,
1518 1723 1567 1742 cur
1590 1715 1632 1742 via
1655 1714 1709 1741 im-

922 1766 1074 1800 proborum
1095 1771 1224 1799 prospera
1242 1763 1302 1790 est?
1320 1763 1420 1788 llorent
1446 1761 1611 1788 facinerosi:
1630 1760 1708 1794 plan-

923 1813 984 1838 tasti
1001 1819 1048 1838 cos
1059 1816 1086 1837 et
1100 1810 1213 1836 ﬁrmasti
1229 1817 1235 1834 ε
1253 1813 1435 1843 procrearunt
1450 1808 1550 1834 liberos
1561 1812 1588 1833 et
1602 1806 1709 1832 fructus

923 1858 1056 1888 tulerunt,
1073 1861 1102 1882 ut
1117 1856 1250 1890 propheta
1268 1862 1330 1881 cum
1346 1856 1461 1881 υοιιιιιιο
1475 1852 1637 1887 expostulat.
1661 1850 1709 1876 illa

922 1904 995 1930 enim
1007 1907 1073 1929 setas
1089 1902 1164 1928 velut
1179 1901 1288 1928 aconita
1301 1901 1407 1935 genuit,
1424 1907 1483 1933 qua:
1500 1898 1593 1924 adulta
1606 1904 1660 1923 non
1673 1895 1709 1922 ad

923 1948 997 1975 aliud
1015 1948 1067 1974 nisi
1082 1947 1115 1974 ad
1133 1947 1306 1981 perimelides
1326 1946 1450 1972 homines
1473 1948 1501 1970 et
1527 1943 1708 1977 plurimarum

923 1995 1033 2022 urbium
1048 1993 1184 2020 excidium
1212 1992 1368 2022 valuerunt,
1397 1996 1513 2023 quarum
1538 1988 1709 2015 dominatum

923 2050 972 2077 per
992 2042 1046 2068 vim
1064 2043 1231 2067 inuaserunt.
1248 2039 1313 2072 Quae
1329 2046 1392 2065 cum
1409 2037 1442 2063 ad
1458 2035 1607 2063 Andronici
1628 2040 1709 2060 aures

925 2089 1128 2124 pervenissent,
1144 2086 1226 2121 379
1251 2085 1325 2112 nullo
1347 2083 1470 2111 celtiberi
1494 2081 1583 2113 modo
1596 2079 1684 2114 potuit
1700 2086 1708 2104 :

925 2136 973 2164 sed
989 2135 1053 2169 quia
1070 2134 1096 2160 id
1120 2137 1218 2167 praesto
1233 2138 1293 2158 esse
1308 2130 1417 2156 videbat
1441 2127 1513 2162 quod
1529 2126 1594 2153 olim
1612 2125 1709 2152 formi-

926 2182 1003 2209 darat
1016 2182 1135 2216 (semper
1149 2178 1222 2205 enim
1239 2177 1357 2203 litteram
1375 2176 1383 2200 l
1403 2179 1433 2201 ut
1447 2172 1554 2207 imperii
1570 2171 1610 2198 sui
1631 2177 1711 2197 ever-

926 2228 1032 2255 sionem
1063 2228 1218 2259 suspectam
1241 2221 1396 2254 habuerat),
1421 2218 1556 2253 principio
1571 2215 1711 2251 quaerebat

927 2282 982 2308 qua
1003 2272 1107 2298 ratione
1127 2267 1323 2303 comprehendi
1354 2269 1447 2301 posset
1462 2264 1592 2292 isaacius,
1608 2267 1636 2288 et
1653 2260 1709 2287 tolli

925 2307 1046 2346 clitellio
1075 2317 1098 2343 is
1124 2323 1139 2342 a
1156 2322 1211 2349 quo
1230 2313 1345 2340 exitium
1375 2311 1541 2338 immineret.
1561 2307 1712 2335 Verebatur

926 2364 999 2391 enim
1013 2371 1046 2389 ne
1055 2362 1144 2396 Cypro
1157 2359 1288 2386 advectus
1310 2362 1338 2384 et
1363 2356 1490 2382 alacriter
1504 2357 1650 2387 susceptus
1677 2350 1712 2376 ab

926 2409 1056 2437 omnibus
1074 2415 1103 2434 se
1116 2406 1271 2441 principatu
1296 2402 1465 2430 deturbaret.
1494 2400 1608 2426 Remota
1639 2397 1712 2424 enim
1730 2438 1731 2441 Ἰ

927 2456 998 2487 mala
1027 2454 1120 2481 minus
1143 2452 1257 2479 molesta
1287 2454 1351 2476 sunt
1378 2455 1469 2483 quam'
1487 2446 1655 2481 propinqua;
1685 2446 1735 2487 et?

926 2503 998 2538 quod
1019 2505 1204 2536 exspectatur,
1217 2497 1269 2525 etsi
1296 2495 1445 2531 pessimutn
1469 2493 1564 2524 fuerit,
1583 2492 1670 2518 levius
1680 2483 1737 2516 ευς

927 2549 1038 2576 ducitur
1054 2547 1126 2580 quod
1141 2549 1219 2580 urget
1236 2546 1262 2571 in
1278 2541 1433 2579 prsesentia.
1450 2539 1480 2566 id
1494 2539 1566 2565 enim
1581 2541 1622 2564 est
1640 2543 1712 2562 mor-

928 2593 1024 2620 talium
1043 2592 1196 2626 ingenium,
1212 2595 1244 2617 ut
1259 2591 1388 2624 exiguum
1415 2585 1520 2614 doloris
1543 2585 1668 2612 levamen
1686 2581 1713 2606 in

929 2640 1006 2666 lucro
1023 2639 1197 2671 deputemus.

92 2683 277 2719 πανσθὲσμως
295 2683 445 2719 ἐπέϐησαν.
474 2684 567 2710 Ταῦτα
594 2685 631 2716 ὼς
672 2687 712 2717 είς
740 2687 827 2721 ἀκοὴν
866 2687 981 2721 ἐλήλυθε
1012 2686 1145 2721 βασιλέως
1164 2684 1347 2720 Ἀνδρονίκου,
1365 2683 1415 2708 οὐκ
1427 2679 1462 2717 ἦν
1488 2678 1612 2706 ὁπωσοῦν
1641 2676 1708 2721 xuii-

92 2729 182 2761 εκτὸς,
196 2731 254 2757 ἀλλ’
263 2731 334 2766 ὁρῶν
345 2732 419 2766 αὐτῷ
433 2732 617 2767 ἐπερχόμενον
632 2733 661 2759 ὃν
676 2733 757 2760 πάλαι
769 2719 912 2769 πεφόϐητο-
929 2719 1018 2768 φόϐον»
1030 2732 1074 2769 (ἦν
1086 2734 1139 2768 γὰρ
1154 2732 1330 2767 ὑφορώμενος
1339 2730 1383 2756 ἀεὶ
1394 2729 1424 2754 τὺ
1438 2728 1503 2754 ἰῶτα
1515 2727 1553 2756 ὡς
1568 2725 1617 2759 τὴν
1629 2719 1712 2750 αὑτοῦ

93 2774 253 2808 παραλῦσον
268 2776 365 2811 ἀρχὴν,
384 2777 473 2811 ἐζήτει
487 2778 586 2811 τρόπον
597 2777 630 2804 δι’
642 2775 672 2804 οὗ
688 2779 720 2805 ἂν
735 2779 873 2814 συλληφθῇ
901 2780 1036 2810 Ίσαὰκιος
1070 2780 1118 2804 καὶ
1133 2778 1235 2813 γενηθῇ
1253 2777 1282 2808 ἐξ
1316 2775 1467 2809 ἀνθρώπων
1486 2774 1499 2798 ὁ
1516 2771 1613 2805 ἐκείνῳ
1631 2778 1710 2804 προι-

92 2819 200 2853 δάκιμος
215 2820 456 2856 ὅλεορ⁰ς¹ἐδεδίει
472 2824 525 2858 γὰρ
547 2825 644 2859 μήπως
663 2825 809 2859 Κυπρόθεν
845 2825 1038 2856 καταπλεύσας
1072 2825 1182 2851 καθελεί
1221 2822 1315 2849 τοῦτον
1360 2822 1408 2855 τῆς
1448 2820 1545 2856 ἀρχῆς,
1571 2819 1646 2851 εξόὼέ
1677 2820 1714 2850 ὡς
