1944 3077
96 177 148 207 673

585 177 634 206 DE
649 175 871 206 ANDRONICO
887 175 1068 205 COMNENO
1086 176 1160 206 LlB.
1182 175 1221 205 ΙΙ.

1660 173 1713 205 6Ἱᾶ

774 335 967 380 ΤΟΜΟΣ
992 331 1035 378 Β¹

500 430 567 462 ΤΗΣ
590 436 768 463 ΒΑΣΙΛΕΙΑΣ
789 435 1011 462 ΑΝΔΡΟΝΙΚΟΥ
1030 435 1097 461 ΊὈΥ
1111 436 1318 462 ΚΩΜΝΗΝΟΥ.

448 598 685 643 IMPERII
729 599 1061 643 ANDRONlCl
1103 597 1373 643 COMNENI

734 692 849 722 LIBER
872 692 994 723 SECUN
1003 692 1084 722 DUS.

135 856 171 890 αδ.
187 857 224 889 Τὸ
247 860 276 888 δέ
297 870 327 896 γε
351 860 491 887 Σικελικὶν
513 861 671 895 στράτευμα
688 861 768 895 τριχῇ
783 859 882 894 διαιρε-

968 857 1047 893 Eu
1072 857 1096 885 ι.
1111 857 1168 885 Hoc
1185 856 1263 884 urbis
1274 857 1456 891 imperatricis
1474 860 1545 884 statu
1567 857 1716 886 Siciliensxs

96 909 151 941 θεν,
178 910 191 936 ὃ
220 912 268 943 μὲν
285 909 318 942 τῇ
342 905 527 941 Θεσσαλονίκῃ
553 906 718 940 προσέμενε,
733 906 788 932 τῶν
803 905 825 931 δ’
843 902 877 931 αὖ

96 956 198 990 ἐτέρων
213 953 260 979 δύο
281 951 398 987 μερίδων
414 953 430 985 ή
445 951 495 985 μὲν
510 951 647 977 εἰσϐάλλει
662 952 732 977 κατὰ
746 951 796 981 τὰς
813 950 880 985 Σέρ-

97 1004 145 1036 ῥας
161 1001 209 1026 καὶ
238 999 272 1025 τὰ
287 999 377 1024 ἐκεῖσε
403 998 491 1024 πάντα
517 996 678 1032 χειροῦσθαι
695 997 742 1023 καὶ
768 997 880 1031 πορθεῖν

95 1046 224 1079 ἔγνωκεν,
249 1043 311 1078 ἡδὲ
340 1044 378 1073 ὡς
404 1042 449 1068 διὰ
471 1042 546 1072 λείας
573 1041 632 1068 ὀδοῦ
665 1041 804 1076 φερομένη
833 1041 880 1068 καὶ

97 1087 198 1126 μηδένα
215 1090 260 1115 τὸν
276 1090 316 1119 είς
327 1089 422 1122 χεῖρας
443 1088 516 1114 ἰόντα
530 1087 546 1122 ἢ
562 1087 761 1113 ἀντιπίπτοντα
779 1087 878 1121 ἔχουσα

96 1139 135 1168 εἰς
162 1136 247 1170 αὐτὴν
276 1135 325 1170 τὴν
351 1133 540 1160 Μοσυνόπολιν
564 1134 761 1168 κατεσκήνωσε
781 1134 827 1159 καὶ.
850 1133 881 1159 τὸ

98 1182 189 1216 κύκλῳ
215 1180 368 1215 ὑποχείριον
401 1179 486 1206 ἔθετο.
513 1178 674 1213 ’Λνδρονίκῳ
707 1178 735 1204 δὲ
769 1178 802 1205 τὰ
832 1179 881 1212 μὲν

98 1228 195 1262 πρῶτα
208 1226 325 1260 ἐμέλησε
339 1223 384 1260 [Ρ.
396 1222 461 1259 ΞΟΔ]
477 1223 579 1250 στεῖλαι
597 1224 643 1249 τὸν
664 1222 818 1256 φυλάξοντα
830 1222 881 1257 τὴν

103 1273 275 1305 Ἐπίδαμνον,
292 1271 339 1296 καὶ
349 1270 465 1304 ἀφίκετο
480 1270 570 1295 ὲκεῖσε
585 1269 599 1295 ό
612 1269 717 1303 Βρανᾶς
729 1268 856 1303 Ἰωάννης
870 1275 878 1284 ·

99 1317 223 1352 βραχεῖαι
243 1316 271 1342 δὲ
285 1315 397 1350 ἡμέραι,
413 1315 460 1341 καὶ
485 1315 508 1340 οί
527 1315 577 1348 μὲν
596 1313 693 1340 Ἰταλοὶ
713 1313 879 1348 Ἐπιδάμνου

98 1362 235 1396 ἐπέϐησαν
253 1361 318 1387 ὡσεὶ
339 1360 436 1395 πτηνοὶ
449 1359 497 1385 καὶ¹
514 1359 612 1394 ἀέριοι,
636 1359 736 1394 μικροῦ
758 1367 788 1385 τε
803 1359 882 1385 θάτε-

100 1417 147 1441 ρον
160 1408 216 1434 τῶν
232 1406 320 1433 ποδῶν
336 1406 485 1441 περιϐάδην
507 1406 679 1436 ἐκτείναντες
696 1405 882 1439 ἀπραγμόνως

97 1454 131 1480 τὰ
155 1453 211 1479 τῶν
243 1451 392 1487 περιϐόλων
426 1451 599 1486 ὑπερέϐησαν
627 1451 780 1485 κρήδεμνα,
811 1452 824 1477 ὁ
854 1451 884 1477 δὲ

99 1499 205 1534 Βρανᾶς
243 1499 283 1529 είς
321 1497 445 1523 Σικελίαν
482 1497 657 1531 αἰχμάλωτος
698 1496 881 1530 μετατίθεται.

100 1530 217 1572 ’ἒπειτα
243 1543 282 1578 τῷ
309 1543 410 1569 διέπειν
438 1530 548 1577 λαχόντι
579 1541 780 1576 θεσσαλονίκην
800 1542 882 1568 Δαὸὶδ
899 1530 920 1558 Β

98 1589 254 1621 ἐπέστελλε,
281 1589 329 1615 καὶ
354 1587 497 1614 ἐπέτελλεν
511 1588 696 1622 ἐπαγρυπνεῖν
720 1588 753 1622 τῇ
774 1587 822 1622 τῆς
835 1587 884 1613 πό-

98 1636 166 1667 λεως
186 1635 293 1670 φυλακῇ
318 1635 364 1660 καὶ
394 1633 456 1668 μηδ’
484 1634 552 1666 ὅλως
580 1633 698 1660 δεδιέναι
726 1634 788 1664 τοὺς
806 1633 883 1660 πεδι-

98 1682 252 1717 λορρἀρους
281 1679 423 1710 Λατίνους,
443 1679 531 1714 πηδᾷν
559 1679 587 1705 δὲ
618 1680 665 1705 καὶ
696 1679 805 1706 δάκνειν
837 1679 884 1704 καὶ

98 1728 215 1758 κεντεῖν,
244 1726 278 1752 ἵν’
307 1725 391 1756 αὑτὰς
421 1725 470 1756 τὰς
490 1725 659 1759 ’Λνδρονίκου
685 1725 883 1759 παραθήσομαι

98 1772 198 1803 λέξεις.
220 1771 276 1798 Καὶ
291 1770 334 1805 ἐφ’
354 1764 409 1804 ετῴ
439 1770 488 1805 μὲν
510 1770 677 1804 Ἀνδρόνικος
702 1771 800 1797 οὑτωσὶ
825 1777 885 1796 συν-

102 1819 186 1845 ετίθει
201 1819 236 1844 τὰ
249 1817 423 1852 γραμμάτια,
440 1817 520 1850 μόνος
532 1817 546 1842 ὁ
567 1817 686 1848 ἐκδιδοὺς
700 1817 883 1851 ἐπιστάμενος

98 1863 133 1899 ἦν
151 1864 339 1899 Ἀνδρόνικοςο
360 1863 453 1893 αὐτοῖς
469 1862 498 1888 δὲ
522 1863 579 1893 τοῖς
598 1862 808 1897 φιλοσκώμμοσι
837 1871 886 1889 πο-

99 1909 188 1939 λίταις
209 1907 254 1934 διὰ
282 1906 400 1940 γέλωτος
422 1907 503 1942 ἧγετο
529 1907 563 1933 τὰ
576 1907 748 1941 γραφόμενα,
774 1907 884 1941 ἀντιφέ-

99 1963 178 1990 ρουσι
204 1953 292 1980 ταῦτα
322 1955 369 1980 καὶ
399 1953 589 1980 ἀντιὸἀλλουσι
607 1953 676 1987 πρὸς
696 1954 796 1988 αἰσχρά
822 1962 884 1980 τινα

83 2000 218 2035 ,δημόσια
231 2001 353 2034 ῥήματα,
374 1999 392 2026 ἃ
418 1999 455 2034 μὴ
479 1999 629 2034 προφέρειν
654 1999 751 2034 χρεών.
775 1999 837 2026 Ἐπὶ
855 2000 883 2026 δὲ

98 2046 205 2076 τούτοις
241 2045 290 2076 τὰς
325 2045 484 2079 Ῥωμαϊκὰς
517 2045 646 2080 δυνάμεις
683 2045 881 2080 συνηθροικὼς,

98 2092 160 2118 ὅσαι
186 2099 217 2117 τε
241 2090 308 2125 ἑῷαι
335 2091 381 2117 καὶ
406 2092 468 2117 ὅσαι
496 2091 635 2126 ἑσπέριαι,
662 2091 708 2117 καὶ
725 2092 828 2122 ταύνας
855 2094 884 2123 ἐς

98 2137 227 2170 τάγματα
244 2135 351 2166 διελὼν,
365 2136 395 2162 τδ
412 2137 461 2171 μὲν
472 2136 510 2171 τῷ
527 2137 633 2171 βασιλεῖ
647 2138 694 2163 καὶ
706 2137 756 2172 υἱῷ
772 2137 884 2173 Ἰωάννῃ

930 903 1104 930 exerattusin
1135 907 1190 930 tres
1212 908 1304 937 partes
1322 906 1363 930 est
1395 902 1509 936 divisus,
1527 911 1643 937 quarum
1663 913 1715 934 una

931 949 1130 976 Thessalonica:
1154 949 1264 980 mansit,
1278 949 1362 976 altera
1393 948 1420 975 in
1447 948 1593 977 Serranum
1620 959 1715 986 agrum

932 995 1138 1030 impressionem
1170 995 1275 1022 fecitut
1297 995 1356 1022 loca
1368 995 1412 1023 illa
1423 996 1514 1022 omnia
1539 1001 1677 1024 vastatura
1688 1002 1716 1023 et

931 1041 1076 1066 subactura
1091 1060 1098 1072 ,
1116 1040 1197 1067 tertia
1211 1040 1287 1074 quasi
1304 1041 1382 1074 plana
1394 1041 1436 1067 via
1466 1042 1610 1074 processit,
1627 1050 1715 1076 neque

932 1086 988 1112 ullo
1014 1085 1092 1112 hoste
1108 1090 1257 1119 apparente
1272 1085 1305 1112 ad
1326 1086 1411 1119 ipsam
1435 1086 1630 1120 Mosynopolim
1655 1093 1716 1114 ten-

932 1132 1001 1158 toria
1017 1131 1075 1158 iixit
1102 1136 1130 1158 et
1146 1130 1449 1166 circomjacentia'loca
1472 1132 1563 1158 omnia
1596 1132 1714 1167 subegit.

932 1177 1089 1204 Andronico
1122 1185 1188 1204 vero
1221 1171 1358 1212 principio
1381 1185 1455 1204 curae
1478 1177 1530 1204 fuit
1559 1178 1715 1212 praesidium

932 1224 1042 1250 mittere
1055 1223 1248 1257 Epidamnum.
1266 1223 1318 1249 Sed
1344 1223 1437 1257 paucis
1456 1223 1553 1250 diebus
1572 1229 1715 1258 postquam

933 1269 1035 1296 Branas
1058 1267 1176 1294 Joannes
1192 1276 1226 1295 eo
1236 1268 1416 1301 pervenisset,
1438 1268 1497 1295 Itali
1513 1269 1595 1295 veluti
1625 1269 1715 1295 volatu

933 1323 982 1350 per
994 1322 1083 1342 aerem
1100 1314 1217 1346 advecti,
1233 1314 1301 1340 citra
1317 1314 1437 1340 laborem
1451 1318 1476 1340 et
1488 1314 1563 1348 quasi
1572 1322 1620 1348 per
1632 1316 1716 1341 otium

934 1362 1066 1389 manium
1079 1360 1225 1396 pinnacula
1235 1360 1472 1387 transcenderunt.
1485 1360 1602 1387 Joannes
1616 1360 1718 1387 Branas

934 1408 1059 1443 captivus
1074 1408 1101 1434 in
1123 1407 1244 1434 Siciliam
1270 1412 1308 1433 est
1327 1406 1472 1432 abductus.
1487 1406 1591 1433 Deinde
1603 1406 1719 1433 Thessa-

935 1455 1031 1482 lonicte
1043 1454 1152 1488 praesidi
1166 1453 1260 1480 Davidi
1278 1460 1327 1487 per
1348 1452 1455 1479 litteras
1470 1451 1608 1482 mandavit
1624 1457 1653 1478 ut
1667 1460 1715 1478 ur-

936 1500 977 1528 bis
991 1499 1122 1527 custodia:
1134 1500 1257 1527 intentus
1272 1503 1354 1530 esset,
1371 1505 1421 1524 nec
1437 1498 1584 1524 calcearios
1606 1497 1718 1524 Latinos

935 1546 1083 1580 quidquam
1102 1544 1273 1575 formidaret,
1289 1548 1372 1578 utque
1394 1544 1513 1574 saltaret,
1533 1544 1669 1571 morderet
1691 1549 1719 1570 et

935 1597 1078 1627 pangeret,
1094 1591 1174 1627 412
1190 1596 1219 1617 ut
1237 1590 1295 1624 ipsa
1307 1590 1389 1617 verba
1398 1590 1544 1617 Andronici
1565 1598 1718 1624 apponam,

935 1646 995 1672 quae
1011 1645 1060 1664 cur
1076 1637 1226 1671 usurparit,
1245 1636 1319 1664 solus
1333 1641 1429 1663 auctor
1444 1636 1520 1663 novit
1533 1635 1716 1664 Andronicus.

935 1683 987 1710 Sed
1017 1684 1090 1710 cives
1114 1682 1257 1710 facetiores
1294 1682 1376 1708 verba
1394 1682 1439 1708 illa
1469 1681 1603 1713 ridebant,
1629 1686 1658 1709 et
1685 1682 1718 1708 ad

935 1729 1057 1763 quaedam
1074 1729 1195 1762 vulgaria
1223 1733 1251 1754 et
1271 1728 1390 1754 obscena
1418 1728 1625 1762 detorquebant;
1659 1735 1720 1762 qua:

935 1775 1043 1802 silentio
1063 1774 1252 1808 praetereunda
1267 1778 1340 1801 sunt.
1362 1774 1424 1800 Post
1444 1774 1500 1801 haec
1515 1774 1646 1801 Romanis
1670 1782 1719 1801 co-

936 1820 987 1854 piis
1003 1825 1057 1846 tam
1068 1819 1291 1846 Occidentalibus
1314 1826 1395 1852 quam
1421 1818 1606 1845 Orientalibm
1616 1819 1719 1845 coactis

935 1870 962 1892 et
981 1865 1008 1892 in
1028 1865 1150 1899 legiones
1166 1864 1324 1897 descriptis,
1348 1869 1456 1898 partem
1474 1871 1555 1890 unam
1571 1864 1668 1891 Joanni
1688 1866 1718 1890 li-

934 1911 972 1937 lio
989 1911 1148 1944 imperatori
1173 1910 1327 1944 designato,
1353 1913 1408 1936 tum
1438 1909 1463 1935 in
1491 1908 1641 1943 I'hilipp'ca
1653 1917 1718 1944 pto-

934 1956 1022 1981 vincia
1049 1954 1166 1989 degenti,
1179 1954 1258 1980 aliam
1288 1953 1414 1980 Chunmo
1437 1954 1612 1985 cltartulario,
1637 1954 1717 1980 aliam

934 2000 1092 2027 Andronico
1125 1999 1286 2034 Palaeologo,
1310 1999 1390 2026 aliam
1423 1999 1577 2033 Nicephoro
1604 1999 1719 2034 spadoni.

934 2045 1078 2075 tlcdit,cui
1107 2044 1274 2072 accubitoris
1304 2044 1463 2079 dignitatem
1491 2045 1634 2072 tribuerat.
1657 2046 1718 2073 Ale-

935 2091 1007 2117 xium
1024 2098 1132 2124 quoque
1151 2090 1265 2117 Branam
1279 2098 1340 2117 cum
1362 2090 1415 2116 alio
1425 2090 1544 2117 exercitu
1572 2091 1718 2125 aldi-gavit.

934 2136 1066 2162 Cwlcrum
1081 2135 1152 2162 ﬁlius
1166 2135 1226 2170 ejus
1240 2136 1311 2162 circa
1325 2135 1534 2170 Philippopolim
1564 2136 1718 2162 venationi:

98 2181 218 2213 ἁπέταξε
234 2182 298 2216 περὶ
317 2181 365 2216 τὴν
388 2181 522 2208 Φιλίππου
547 2182 712 2216 διατρίϐοντι
735 2184 882 2217 ἐπαρχίαν,

935 2181 986 2208 bus
1018 2182 1127 2209 deditus
1143 2183 1178 2209 de
1202 2181 1310 2209 excidio
1334 2181 1534 2209 Thessalonica:
1551 2190 1604 2209 non
1633 2182 1718 2216 magis

98 2227 128 2253 τὸ
139 2227 167 2253 δὲ
182 2226 222 2262 τῷ
247 2227 437 2261 χαρτουλαρίῳ
465 2227 642 2262 παραδέδωκε
670 2227 800 2262 Χούμνῳ.
820 2229 884 2255 ἄλλο

98 2270 136 2305 τῷ
164 2271 339 2305 Παλαιολὸγῳ
368 2270 541 2306 Ἀνδρονίκῳ,
570 2271 663 2305 ἕτερον
695 2271 733 2305 τῷ
767 2272 883 2307 ὲκτομίᾳ

98 2317 249 2351 Νικηφόρῳ
259 2337 266 2348 ,
279 2315 308 2347 ὃς
330 2317 438 2351 τιμήεις
461 2314 495 2351 ἦν
511 2317 575 2351 παρ’
598 2317 770 2352 Ἀνδρονίκῳ,
785 2318 823 2352 τῷ
837 2318 884 2344 τοῦ

99 2362 353 2397 παρακοιμωμένου
368 2362 550 2397 κυδρούμενος
565 2363 712 2396 ἀξιώματι.
741 2364 823 2390 Ἀλλὰ
838 2366 884 2391 καὶ

104 2409 224 2441 ’Δλέξιον
239 2407 401 2442 ἑκπέπομφε
414 2408 459 2434 τὸν
475 2407 580 2442 Βρανᾶν
603 2409 662 2442 μεθ’
688 2410 780 2444 ἐτέρου
802 2419 884 2445 στρα-

98 2455 244 2488 τεύματος.
262 2454 334 2488 Πλὴν
348 2455 361 2480 ὁ
385 2453 436 2488 μὲν
464 2455 520 2485 υἱὸς
540 2456 713 2491 κυνηγεσίοις
740 2457 883 2483 ὲνευπάθει

99 2501 169 2527 κατὰ
183 2501 233 2535 τὴν
245 2499 470 2532 Φιλιππούπολιν,
484 2501 534 2526 ὅσα
553 2501 600 2527 καὶ
615 2501 706 2527 πυλῶν
720 2502 883 2537 Γαδειρίόων

99 2545 298 2581 κατάσχεσιν-ἢ
323 2545 470 2572 Διονυσίων
494 2546 625 2572 στυλίδων
656 2547 816 2582 καθαίρεσιν
834 2548 883 2582 τὴν

98 2593 148 2626 τῆς
172 2591 374 2627 Θεσσαλονίκης
405 2592 587 2626 προνόμευσιν
613 2593 815 2628 φανταζόμενος
829 2600 836 2609 ⁸
857 2594 881 2620 oi

97 2638 124 2664 δὲ
141 2639 230 2664 λοιποὶ
253 2638 367 2671 ταυτησὶ
388 2637 624 2672 πολιορκουμένης
645 2639 754 2672 ἐγγίσαι
769 2639 818 2673 μὲν
835 2640 881 2666 καὶ

98 2684 235 2718 ἐπαρῆξαι
269 2683 395 2718 οὐδαμῶς
430 2683 622 2719 ἀπεθάρρουν,
650 2685 819 2719 πορρωτάτω
853 2686 881 2712 δὲ

97 2729 278 2764 σκηνούμενοι
294 2729 327 2755 δι’
340 2730 467 2763 ὰπτήρων
489 2730 536 2755 καὶ
551 2729 730 2764 ταχυδρόμων
750 2730 880 2756 κλεπτόν-

98 2784 150 2801 των
175 2776 226 2810 τὴν
249 2777 289 2806 είς
314 2775 343 2801 τὸ
363 2775 543 2810 στρατόπεδον
564 2775 617 2801 τῶν
640 2777 776 2810 πολεμίων
791 2776 882 2810 ἄφιξιν
899 2795 921 2823 D

97 2822 130 2847 τὰ
149 2821 221 2848 κατὰ
234 2820 435 2855 Θεσσαλονίκην
451 2818 519 2854 ἦσαν
535 2820 736 2855 ἐνωτιζόμενοι.
755 2822 842 2852 Μόνος
859 2822 881 2847 δ’

98 2866 151 2892 ἀπὸ
166 2867 277 2894 πάντων
292 2868 305 2893 ὁ
324 2867 446 2902 Χοῦμνος
465 2867 599 2902 Θεόδωρος
614 2867 717 2904 ὑπέστη
735 2868 882 2902 ἐγγύτερον

933 2228 1070 2261 cogitabat
1085 2235 1166 2261 quam
1183 2227 1218 2254 de
1244 2227 1359 2254 Gadium
1384 2227 1470 2262 portis
1484 2231 1530 2253 aut
1554 2227 1651 2254 Bacchi
1671 2235 1718 2254 co-

934 2273 1036 2299 lumnis
1050 2272 1217 2300 evertendis.
1234 2271 1331 2299 Caeteri
1362 2280 1436 2305 vero,
1463 2273 1528 2299 dum
1544 2281 1574 2300 ea
1606 2272 1716 2300 obside-

933 2321 1019 2349 retur,
1033 2318 1145 2352 propius
1159 2317 1290 2344 accedere
1313 2322 1340 2344 et
1356 2325 1434 2352 opem
1447 2318 1519 2345 l‘erre
1535 2318 1609 2345 nullo
1635 2319 1717 2345 modo

932 2364 1002 2396 ausi,
1019 2364 1116 2390 castris
1130 2364 1209 2398 longe
1223 2364 1257 2390 ab
1272 2364 1339 2391 urbe
1351 2364 1448 2398 positis
1466 2372 1515 2398 per
1530 2365 1717 2398 speculatOrcs

932 2414 960 2435 et
991 2409 1134 2443 expeditos
1156 2409 1263 2444 equites
1297 2414 1386 2436 castra
1400 2410 1520 2437 hostium
1550 2411 1642 2437 furtim
1674 2411 1717 2437 in-

938 2461 1045 2488 gressos
1067 2454 1268 2481 Thessalonica:
1293 2460 1394 2482 statum
1422 2457 1609 2490 explorabant.
1639 2457 1717 2483 Solus

938 2500 1059 2526 omnium
1071 2499 1212 2527 Chumnus
1223 2501 1383 2529 Theodorus
1398 2503 1510 2537 propius
1520 2503 1649 2529 accedere
1661 2509 1715 2528 non

937 2544 1080 2576 dubitavit,
1097 2549 1128 2571 ut
1143 2545 1249 2571 civibus
1264 2545 1291 2571 in
1306 2545 1391 2572 aciem
1405 2550 1500 2572 contra
1514 2545 1606 2571 hostes
1623 2552 1717 2577 egra-s-

935 2590 974 2616 sis
989 2589 1070 2625 413
1086 2597 1164 2624 opem
1182 2590 1334 2622 ferret,aut
1354 2592 1374 2618 si
1392 2591 1497 2622 liceret,
1519 2592 1602 2625 ipsam
1623 2590 1716 2616 urbem

936 2636 1133 2670 ingrederetur.
1176 2635 1228 2664 Sed
1275 2642 1390 2671 utroque
1418 2637 1533 2664 consilio
1551 2636 1717 2667 frustratus,

937 2682 1093 2715 turpissime
1111 2682 1207 2716 pedem
1223 2684 1325 2714 retulit,
1341 2683 1413 2717 quod
1438 2682 1539 2709 milites
1548 2682 1664 2712 eminus,
1685 2689 1718 2708 ne

935 2729 1038 2763 galeam
1053 2729 1163 2764 quidem
1193 2729 1319 2756 hostilem
1335 2728 1435 2755 intueri
1465 2728 1535 2760 ausi,
1560 2729 1642 2762 tergis
1668 2735 1718 2752 m-

936 2776 1024 2802 versis
1051 2776 1138 2803 effuse
1167 2776 1318 2810 fugiebant,
1348 2776 1375 2801 in
1399 2782 1432 2801 eo
1458 2774 1590 2801 duntaxat
1613 2775 1719 2801 carioris

937 2821 1114 2855 popularibus
1128 2821 1186 2847 suis
1208 2820 1421 2854 prwstantiOres.
1443 2819 1515 2853 quod
1539 2827 1592 2846 non
1610 2827 1718 2853 scmpt-r

938 2868 1026 2902 ignavi
1055 2867 1288 2898 descdcrant,5cd
1305 2866 1406 2898 hostes,
1434 2873 1503 2900 quos
1532 2867 1719 2901 speculatores
