1944 3077
85 213 148 248 λείᾳ
179 212 327 248 Ῥωμαίων
366 212 609 248 ἀποκεκλήρωται,

85 259 239 286 ἀκούσατε.
253 257 408 293 Φθέγξομαι
423 258 478 292 γὰρ
500 258 549 294 οὐχ
563 259 612 285 ὅσα
627 267 680 293 περ
702 259 756 294 ἀὴρ
783 259 876 292 διαφο‹

85 304 168 339 ρήσει
186 303 329 334 ἀτέλεστα,
342 302 399 329 ἀλλ’
413 303 510 336 ὁπόσα,
525 304 550 329 εἰ
566 304 605 338 μὴ
617 304 662 330 τὸν
676 304 768 337 είκρτα
779 303 875 338 χρόνον

85 351 129 376 ἐπ’
144 350 228 385 εργον
241 349 415 384 ὲκεήσονται,
429 349 475 375 τὸν
498 349 548 383 μὲν
562 349 592 375 τὺ
612 349 737 384 ποιητέον
754 349 804 383 ἐμὲ
819 349 876 375 δια-

84 395 266 430 κελευόμενον
277 395 434 429 ὲκμήνωσιν
461 395 501 426 είς
521 394 616 430 ὀργὴν,
633 396 650 430 ἡ
664 395 692 421 δὲ
722 394 818 430 βαρεῖά
833 403 875 425 τις

85 442 133 467 καὶ
145 441 326 470 δυσύποιστος
342 440 510 475 ὲπενσκήψει
531 442 589 472 τοῖς
618 441 693 475 παρὰ
720 441 753 467 τὰ
784 441 874 467 διατε-

83 486 212 521 ταγμένα
231 494 277 520 μοι
290 485 440 520 πράττουσι
460 487 506 512 καὶ
519 486 643 522 ἁρχικῶν
673 486 723 513 οὐκ
753 485 876 520 ἑμπαζο-

87 531 180 565 μένοις
196 531 265 562 ὅλως
283 531 388 564 φωνῶν.
406 531 503 564 Χρεὼν
522 531 572 567 μὲν
586 529 633 558 οὗν
660 531 707 558 καὶ
734 531 820 558 τᾶλλα
841 530 876 557 τά

86 576 254 610 κοινοελαϐἦ
277 577 324 603 καὶ
341 576 511 612 κηρεσιιρὸρα
530 576 677 611 Ῥωμαίοις
706 575 873 608 παύσασθαι,

85 623 134 648 καὶ
146 622 269 648 ἔστωσαν
283 622 386 652 εἰδότες
403 623 427 648 al
447 622 492 649 τὸν
515 622 682 658 πλεονέκτην
706 621 771 657 βίον
789 630 874 657 μετα-

84 667 230 698 διώκοντες
245 667 294 698 ὠς,
311 668 334 693 εἰ
350 667 387 702 μὴ
404 667 531 701 λήξουσιν
547 667 683 694 ἐθελονταὶ
693 668 743 702 τῆς
758 667 813 694 τῶν
828 667 875 693 ἀλ-

83 712 200 747 λοτρίων
227 713 357 745 ἐφέσεως,
391 713 437 739 καὶ
461 713 495 739 τὰ
527 714 615 739 οἰκεῖα
641 713 874 748 προσαπολέσουσι

85 758 134 785 καὶ
153 759 210 789 τοῖς
222 758 276 784 τῶν
291 759 417 793 πενήτων
440 759 680 794 ὲκφυσηθήσονται
698 760 872 794 στεναγμοῖς,

83 805 178 839 ὥσπερ
194 804 222 830 ἐν
243 804 345 838 σφοδρᾷ
360 804 473 830 λαίλαπι
493 806 556 840 χοῦς
572 805 626 831 ἀπὸ
653 804 800 840 προσώπου
820 805 872 839 γῆς

84 850 270 886 ἐκριπίζεται,
289 850 407 884 μάλιστα
423 850 452 876 δὲ
471 851 502 877 τὸ
512 851 572 882 ταῖς
592 851 687 878 ναυσὶν
701 850 872 878 ἐπιτίθεσθαι

85 899 132 922 καὶ
143 896 306 930 διαρπάζειν
316 896 379 928 τοὺς
390 897 519 932 φόρτους,
551 898 638 924 ἐνίοτε
663 897 691 923 δὲ
713 898 761 925 καὶ
786 897 872 929 αὑτὰς

84 942 315 978 κατατεμαχίζειν
331 943 380 970 καὶ
391 943 581 979 ἀπογομφοῦν.
601 943 681 976 Εἷτις
695 944 785 970 τοίνυν
796 944 873 979 ὑμῶν

83 989 172 1023 ἀρχὴν
189 989 222 1015 ἐκ
246 989 293 1016 τοῦ
311 989 449 1026 ἡμετέρου
475 991 594 1026 κράτους
614 990 730 1025 χειρίξει
750 990 766 1024 ἢ
787 991 812 1017 ετ
831 998 873 1022 τις

85 1035 226 1070 ἀκινήτων
242 1036 383 1070 παραλίων
397 1036 502 1070 κύριος,
529 1037 724 1071 καταρτισάτω
740 1037 873 1072 πρότερον

86 1082 199 1114 ἑαυτὸν,
215 1080 275 1108 εἶτα
290 1082 381 1109 καὶτὸ
394 1082 516 1117 ὑπήκοον
536 1083 576 1114 είς
598 1083 657 1114 δέος
683 1083 713 1109 τὸ
738 1082 786 1109 τοῦ
805 1083 871 1109 Θεοῦ

87 1128 136 1154 καὶ
149 1129 199 1165 τῆς
214 1128 284 1163 ἐμῆς
302 1128 442 1163 βασιλείας
454 1128 607 1164 ὑποστολὴν
620 1129 667 1155 καὶ
687 1127 754 1154 αίδώ
765 1137 771 1142 ·
789 1129 805 1163 ἡ
819 1130 873 1163 μὴν

87 1176 119 1201 ὲκ
132 1175 183 1209 τῆς
201 1174 292 1210 ψυχῆς
312 1174 498 1210 ζητηθήσεται
529 1174 730 1201 πολλαπλάσιον
758 1175 788 1201 τὸ
814 1175 872 1201 ἀδί-

86 1229 164 1256 κημα
174 1221 221 1247 τοῦ
232 1221 282 1254 τὴν
298 1221 434 1256 ἐπαρχίαν
445 1221 586 1252 διέποντος
601 1221 618 1256 ἢ
635 1221 682 1247 τὸν
691 1220 776 1255 ἀγρὸν
790 1222 872 1246 κιτέ-

85 1275 191 1302 κοντος,
207 1267 259 1294 κᾶν
267 1267 311 1298 εἴη
324 1267 406 1299 αὐτὸς
421 1267 470 1302 μὲν
485 1267 574 1299 ἀθῶος
589 1267 670 1302 χερσὶ
692 1268 738 1293 καὶ
754 1266 872 1302 καθαρὸς

84 1315 116 1348 τῇ
133 1313 245 1349 καρδίᾳ,
264 1314 289 1340 οί
307 1313 329 1339 δ’
346 1312 596 1348 ὑποδρηστεύοντες
611 1313 709 1347 ἐκείνῳ
732 1313 782 1347 τὴν
811 1312 873 1339 ἀθε-

86 1367 154 1392 σμον
168 1359 269 1392 πρᾶξιν
281 1358 478 1384 ἀποτελέσωσι.
495 1357 598 1392 Λοιμοῦ
613 1357 668 1392 γὰρ
686 1358 871 1392 μαστιγουμέ-

84 1411 130 1429 νου
149 1403 246 1437 κυρίου
255 1403 285 1428 τὸ
299 1403 350 1429 ὑπὸ
367 1403 446 1438 χεῖρα
463 1402 525 1428 νοῦν
537 1403 606 1428 οἴσει
620 1410 627 1417 ⁸
647 1403 693 1428 καὶ
708 1402 802 1437 ὥσπερ
816 1402 874 1434 ἑξο-

88 1447 232 1483 μοιοῦσϐαι
248 1449 286 1484 τῷ
301 1449 412 1484 ἄρχοντι
432 1450 507 1483 φιλεί
525 1449 555 1475 τὺ
575 1449 728 1485 ἀρχόμενον
746 1448 872 1483 προτέρῳ

85 1495 186 1529 δρῶντι
201 1495 235 1521 τὰ
256 1495 293 1530 μὴ
310 1496 440 1522 ἐπαινετὰ
456 1496 634 1530 ὲφεπόμενον.
653 1495 724 1521 οὕτω
752 1495 798 1521 καὶ
823 1503 872 1529 μα-

87 1541 238 1577 στιζομὲνῳ
270 1542 317 1568 καὶ
346 1542 527 1575 ἀναγκαστῶς
560 1541 800 1575 μεταμανθάνοντι

87 1588 163 1622 κοινῇ
176 1588 300 1614 συνοῖσον
321 1587 451 1622 ὲφέψεται
469 1588 499 1614 τὸ
519 1587 642 1622 ὑπήκοον
677 1588 748 1614 κατὰ
775 1588 871 1618 πόδας,

85 1633 134 1659 ὅσα
154 1633 202 1659 καὶ
214 1634 298 1668 μητρὶ
309 1635 384 1664 παῖς.
402 1634 461 1660 Ἵνα
481 1633 510 1660 δὲ
522 1634 610 1669 εἰδῆτε
628 1634 674 1661 καὶ
700 1635 745 1660 τὸν
770 1634 871 1667 τρόπον

84 1679 134 1713 τῆς
164 1679 331 1713 ἐκδικήσεως
390 1679 665 1714 καθυποδληθήσεται
694 1681 708 1706 ό
730 1681 779 1714 τῆς
800 1679 871 1715 ἐμῆς

84 1725 226 1759 παρήκοος
245 1724 356 1758 ἐντολῆς
372 1723 496 1760 [PSH],
514 1725 561 1750 ἐπὶ
573 1724 618 1750 τοῦ
637 1724 711 1750 ίστοῦ
728 1725 871 1759 ἀπαιωρη-

85 1771 200 1806 θήσεται
215 1771 266 1805 τῆς
280 1770 346 1802 νεώς
358 1778 364 1786 ·
382 1771 406 1797 εὶ
419 1770 446 1797 δὲ
459 1770 554 1797 τοῦτον
578 1770 717 1805 παρέσυρε
743 1770 871 1805 φλοῐσὸος

86 1817 241 1850 θαλάττιος,
269 1818 311 1852 ἐφ’
341 1817 447 1852 ὑψηλῆς
469 1817 776 1851 ,ἀνασκολοπισθήσεται
805 1825 870 1842 axo-

593 157 642 186 DE
664 156 887 187 .ANDRONlCO
904 155 1086 186 COMNENO
1107 156 1183 187 LIB.
1207 157 1247 186 ll.

648 213 784 241 ἀκούσατέ
812 221 870 248 μου1

929 212 1075 240 movebunt
1093 222 1098 239 :
1116 220 1147 240 ea
1165 221 1231 240 vero
1253 213 1325 241 acris
1353 218 1381 241 et
1405 213 1587 243 intolerabilis
1615 216 1641 243 in
1670 225 1718 245 cos

1665 161 1716 192 686

928 257 1070 291 dcsmvict,
1099 258 1147 292 qui
1175 259 1251 286 dicto
1281 259 1458 293 magistratus
1487 268 1542 288 non
1573 262 1718 290 audientes

927 311 1007 331 secus
1032 304 1145 339 acjussi
1162 304 1287 332 fecerint.
1314 305 1382 332 Cum
1410 310 1502 333 autem
1530 307 1582 334 alia
1608 315 1716 343 quoque

927 350 967 377 rei
994 350 1111 384 publica:
1137 349 1370 378 incommodantia
1388 355 1416 378 et
1444 351 1552 379 cladem
1585 352 1717 380 Romanis

926 394 1102 430 importantia
1134 394 1291 430 abroganda
1327 395 1393 429 sint,
1422 396 1547 424 homines
1576 406 1609 425 ex
1637 404 1716 433 rapto

926 441 1019 468 vivere
1051 440 1126 468 soliti
1156 441 1276 474 sciunto,
1302 441 1355 469 nisi
1383 442 1595 478 ultroappctere
1626 445 1715 472 aliena

926 485 1068 520 desierint,
1088 487 1171 514 etiam
1198 493 1248 513 sua
1275 486 1426 514 amissuros
1453 494 1481 516 et
1500 496 1652 524 pauperum
1667 498 1716 517 su-

926 532 1017 566 spiriis
1030 539 1085 560 non
1099 540 1180 560 secus
1199 533 1318 568 ejectum
1339 533 1373 560 iri
1395 542 1478 568 quam
1498 535 1588 568 pulvis
1601 543 1616 562 a
1632 536 1717 564 vehe-

926 577 1010 605 menti
1039 577 1148 605 turbine
1160 578 1318 613 dissipatur,
1337 587 1385 607 eos
1410 580 1562 614 praesertim
1580 581 1627 616 qui
1644 589 1716 608 nau-

926 623 1018 658 fragiis
1031 623 1199 651 insidiantur
1209 629 1237 652 et
1247 624 1370 652 sarcinas
1379 624 1515 660 diripiunt
1527 630 1555 652 et
1565 626 1714 661 aliquando

925 670 999 704 ipsas
1027 678 1111 698 naves
1136 670 1276 698 dissecant
1300 674 1328 698 et
1359 671 1562 698 comminuunt.
1592 671 1620 699 Si
1652 673 1716 708 quis

925 721 1048 743 vestrum
1075 717 1158 752 igitur
1172 722 1265 744 nostra
1280 717 1363 753 426
1378 717 1542 744 auctoritate
1570 719 1714 752 magistra-

926 767 982 789 tum
1012 763 1131 798 aliquem
1165 763 1254 798 gcrit,
1282 764 1305 790 si
1339 763 1401 798 quis
1430 763 1532 792 fundos
1562 763 1715 792 maritimos

924 809 1054 844 possidet,
1083 809 1105 836 is
1133 810 1254 844 primum
1270 816 1300 836 se
1328 809 1430 844 ipsum,
1459 809 1560 837 deinde
1589 809 1716 838 subditos

925 863 1033 890 quoque
1056 856 1090 883 ad
1115 857 1216 891 justam
1238 855 1284 883 Dei
1300 860 1326 883 et
1353 855 1462 890 imperii
1495 856 1583 884 nostri
1617 856 1716 884 obser-

924 903 1043 930 vantiam
1060 911 1091 930 ac
1109 903 1290 930 reverentiam
1318 902 1474 929 conﬁrmet.
1491 901 1618 929 Profecto
1633 909 1715 936 pana

924 949 1016 978 delicti
1037 949 1180 984 multiplex
1191 949 1224 976 ab
1242 956 1276 975 eo
1295 948 1430 983 exigetur,
1447 947 1494 982 qui
1511 948 1553 974 vel
1566 947 1715 982 provincia.

924 1002 1022 1031 prtecst
1036 996 1078 1023 vel
1103 1003 1197 1030 agrum
1221 994 1354 1030 possidet.
1380 993 1483 1026 Quodsi
1501 994 1559 1028 ipse
1577 997 1605 1020 et
1620 993 1713 1020 animo

924 1049 939 1068 ιι
957 1041 1080 1068 [acinore
1103 1039 1282 1067 abliorruerit
1309 1043 1337 1066 ct
1353 1046 1450 1065 manus
1470 1037 1647 1069 abstinuerit,
1664 1038 1712 1064 sed

924 1087 1041 1115 ministri
1058 1086 1223 1122 ejus'scelus
1249 1085 1275 1111 id
1294 1084 1466 1117 admiserint,
1485 1083 1511 1111 id
1527 1085 1578 1119 ipsi
1597 1083 1713 1118 imputa-

926 1135 1010 1161 bitur.
1040 1133 1107 1160 Nam
1137 1132 1159 1159 si
1185 1131 1335 1158 sceleratus
1362 1130 1492 1157 dominus
1516 1129 1712 1163 ﬂagellabitur,

925 1179 1037 1208 servitia
1072 1178 1243 1213 resipiscent.
1273 1177 1307 1203 Et
1329 1176 1489 1203 ut‘subditi
1517 1175 1545 1202 in
1574 1175 1713 1202 illaudatis

924 1225 1007 1252 rebus
1033 1223 1183 1259 principem
1212 1222 1312 1249 imitari
1341 1221 1440 1253 solent,
1467 1221 1503 1248 ita
1533 1220 1627 1253 etiam,
1643 1221 1665 1248 si
1690 1221 1712 1247 is

925 1270 1076 1306 ﬂagelli-tur
1104 1273 1132 1296 et
1157 1267 1273 1302 publica:
1301 1267 1412 1294 utilitati
1451 1267 1554 1294 servire
1589 1271 1711 1301 cogatur,

925 1316 953 1343 lii
978 1323 1040 1342 eum
1065 1321 1095 1342 ut
1120 1319 1234 1341 matrem
1265 1313 1338 1340 filius
1365 1317 1523 1347 sequentur.
1553 1312 1588 1339 Ut
1619 1317 1711 1339 autem

925 1369 1014 1396 poenae
1052 1367 1161 1395 quoque
1193 1359 1304 1386 modum
1336 1358 1484 1388 noveritis.
1516 1365 1597 1392 quam
1628 1357 1712 1384 edicti

924 1407 978 1434 mei
992 1409 1164 1440 contemptor
1177 1405 1246 1435 luet,
1261 1404 1287 1431 in
1315 1404 1386 1430 malo
1414 1404 1492 1430 navis
1507 1403 1649 1438 pendebit.
1663 1403 1711 1431 Sin

923 1459 985 1479 eum
1013 1451 1112 1478 ﬂuctus
1138 1451 1262 1477 marinus
1290 1449 1455 1481 deturbarit,
1486 1449 1513 1475 in
1538 1449 1595 1476 alto
1618 1449 1712 1475 littore

924 1497 1051 1531 editaque
1065 1494 1291 1530 speculatisSimcc
1306 1493 1395 1521 arbori
1410 1501 1471 1528 quae
1483 1493 1509 1520 in
1527 1493 1560 1521 iis
1571 1493 1712 1521 montibus

842 1541 872 1566 το
886 1539 906 1567 C
924 1542 990 1570 caedi
1014 1541 1124 1576 poterit,
1146 1539 1269 1575 affigetur
1288 1548 1295 1572 ;
1320 1543 1350 1565 ut
1377 1539 1424 1574 qui
1442 1538 1532 1565 medio
1550 1539 1618 1565 mari
1634 1539 1712 1565 navi-

920 1593 985 1623 gant
1001 1595 1064 1615 eum
1093 1586 1274 1621 conspiciant,
1302 1585 1377 1612 velut
1406 1584 1440 1611 de
1467 1589 1587 1611 antenna
1604 1585 1708 1615 velum,

922 1633 1135 1668 prominentem,
1168 1635 1251 1666 atque
1282 1630 1308 1657 in
1348 1634 1420 1656 terra
1450 1629 1625 1664 naufragum,
1660 1637 1710 1656 suo

921 1678 1048 1713 exemplo
1078 1682 1192 1705 caeteros
1221 1681 1378 1704 monentem
1399 1683 1433 1703 ne
1458 1675 1540 1712 427
1568 1676 1711 1711 naufragia

922 1725 1098 1752 invadantet
1123 1731 1207 1750 naves
1224 1722 1355 1757 spolient,
1374 1721 1609 1757 quemadmodum
1637 1722 1710 1749 Deus

926 1778 1020 1798 arcum
1037 1778 1117 1797 suum
1132 1770 1159 1796 in
1172 1769 1292 1796 nubibus
1309 1767 1466 1803 suspendit,
1480 1767 1527 1802 qui
1547 1773 1709 1802 argumento

925 1822 998 1844 esset
1013 1823 1067 1843 non
1087 1816 1145 1842 fore
1165 1814 1283 1849 amplius
1297 1813 1442 1840 diluvium.
1461 1823 1471 1838 ι

84 1865 159 1895 πιᾶς,
177 1863 312 1898 μεγίστης
323 1863 396 1894 τινὸς
409 1863 456 1889 καὶ
471 1862 611 1894 ἰθυτενοῦς
628 1863 661 1888 ὲκ
687 1862 742 1888 τῶν
773 1863 863 1889 ὲκεῖσέ
889 1872 941 1889 που
976 1862 1063 1897 ὁρέων
1082 1860 1288 1896 ἀποτμηθείσης
1311 1859 1404 1891 δοκοῦ,
1436 1859 1470 1885 ἵν’
1487 1859 1557 1886 οὓτω
1581 1860 1626 1885 καὶ
1657 1861 1711 1891 τοῖς

83 1909 154 1933 κατά
182 1907 216 1933 τὰ
242 1906 328 1941 ἀχανῆ
355 1905 574 1940 ναυτιλλομένοις
599 1905 706 1940 πελάγη
734 1906 884 1940 περίοπτος
904 1906 993 1933 ἔσοιτο
1021 1905 1060 1936 ὡς
1089 1905 1185 1939 λαῖφος
1211 1905 1240 1930 ἐν
1281 1903 1384 1938 περαίᾳ
1410 1903 1629 1938 προφαινόμενος
1661 1905 1710 1930 καὶ

83 1951 199 1985 ναυαγὸς
212 1951 241 1976 ὲν
256 1951 291 1985 γῇ
304 1950 479 1984 δεικνύμενος
493 1951 539 1976 καὶ
555 1950 595 1981 είς
610 1949 745 1984 σύμϐολον
769 1950 1049 1986 παραλαμϐανόμενος
1079 1949 1126 1975 τοῦ
1161 1948 1199 1983 μὴ
1231 1947 1365 1981 προϐῆναι
1392 1948 1439 1973 καὶ
1471 1947 1556 1973 είσίτι
1594 1946 1709 1981 θραῠσιν

83 1994 155 2029 νηῶν
183 1995 230 2021 καὶ
254 1994 308 2020 τῶν
325 1994 440 2020 ἐνόντων
467 1994 562 2024 αὑταῖς
577 1993 771 2028 προνόμευσιν,
808 1994 881 2021 καθὰ
900 1995 947 2021 καὶ
962 1994 1028 2025 Θεὸς
1061 1994 1090 2019 ὲν
1107 1992 1168 2027 ἀέρι
1183 1993 1213 2018 τὸ
1226 1990 1323 2018 ἑαυτοῦ
1335 1990 1410 2022 τόξον
1432 1991 1563 2016 ἐνέτεινεν
1588 1993 1628 2021 εἰς
1658 1999 1708 2025 ση-

84 2039 160 2072 μεῖον
175 2037 224 2064 τοῦ
250 2037 350 2072 μηκέτι
365 2037 476 2063 ἔσεσθαι
499 2036 572 2072 ὕδωρ
584 2039 625 2068 είς
643 2037 864 2072 κατακλυσμόν.»

116 2088 148 2112 ε’.
165 2085 222 2112 Καὶ
237 2085 251 2110 δ
272 2085 323 2120 μὲν
333 2083 452 2118 φάμενος
478 2084 568 2110 ταῦτα
592 2084 660 2118 προς
685 2084 789 2119 ἑτέροις
814 2082 870 2119 εἷχε

81 2133 125 2159 τὸν
135 2131 210 2162 νοῦν,
227 2130 273 2157 τὸν
288 2130 357 2163 ἄγαν
377 2129 586 2164 χαρακτηρίζων
610 2129 810 2165 παθαινόμενον
825 2131 871 2157 καὶ

81 2178 201 2210 εἰκάζων
216 2177 262 2202 τὸν
279 2175 341 2211 μηδ’
352 2175 421 2206 ὅλως
434 2174 656 2210 παραδεξάμενον
670 2175 725 2202 τῶν
736 2175 871 2208 δοξᾶντων

957 2083 981 2110 5.
995 2082 1061 2116 Qua:
1077 2088 1138 2108 cum
1158 2080 1273 2107 dixisset
1301 2086 1428 2114 magnum
1456 2078 1579 2106 dolorem
1602 2085 1658 2112 pra:
1679 2086 1708 2105 se

922 2128 1030 2158 ferens,
1063 2133 1182 2159 eumque
1208 2123 1366 2159 exprimens
1397 2124 1445 2158 qui
1480 2131 1532 2150 nec
1560 2123 1706 2150 consilium

921 2176 1076 2198 mutaturus
1093 2177 1145 2197 nec
1167 2169 1201 2196 de
1221 2168 1365 2195 sententia“:
1393 2168 1540 2194 severitate
1557 2168 1707 2202 quidquam

81 2222 266 2258 μεταποίησιν
279 2221 295 2256 ἢ
309 2220 396 2256 ῥοπὴν
411 2220 605 2255 φιλάνθρωπον
630 2221 674 2255 ἐφ’
691 2217 734 2252 οἷς
760 2221 868 2256 ἀπεφή-

923 2217 1088 2245 remissurus
1111 2220 1194 2247 esset,
1211 2214 1272 2241 aliis
1293 2213 1377 2240 rebus
1399 2213 1521 2240 intentus
1541 2212 1603 2239 fuit.
1623 2213 1709 2240 Audi-

80 2278 144 2296 νατο
155 2277 162 2284 ·
179 2269 205 2294 οί
217 2269 240 2294 δ’
252 2267 405 2302 ἀκηκοότες
420 2266 636 2298 ἅπολιθωθέντες
647 2266 687 2301 τῷ
701 2266 756 2292 δέει
769 2267 868 2301 μικροῦ

81 2315 180 2350 (πείρα
194 2315 250 2349 γὰρ
262 2313 361 2349 ᾔδεσαν
372 2314 410 2345 ὡς
419 2313 471 2339 οὐκ
481 2311 537 2339 οἶδε
555 2312 665 2344 παίζειν
686 2311 867 2347 ’Δνδρόνικυς,

80 2361 134 2388 οὐδ’
145 2361 216 2388 ἄλλα
229 2360 278 2395 μὲν
293 2361 322 2387 ὲν
337 2360 394 2391 τοῖς
408 2359 539 2390 τοιούτοις
560 2358 739 2392 φθέγγεσθαι,
753 2357 822 2384 ἄλλα
840 2358 868 2384 δὲ

80 2408 189 2434 κεύθειν
205 2407 234 2432 ἐν
255 2407 315 2437 ταῖς
329 2405 451 2440 φρεσὶν),
466 2405 516 2439 ὀψὲ
531 2405 579 2431 καὶ
608 2404 685 2439 μόλις
699 2405 728 2430 ἐν
743 2403 782 2439 τῷ
796 2403 866 2430 καθ-

77 2451 175 2478 εστῶτι
197 2450 353 2484 γενόμενοι,
376 2448 522 2479 ἐπιστολὰς
541 2447 696 2482 γράψαντες
719 2447 764 2474 διὰ
785 2455 868 2481 ταχυε

77 2498 187 2532 δρόμων
202 2495 362 2530 ἐξέπεμψαν
380 2497 438 2525 τοῖς
457 2494 512 2521 τῶν
541 2494 682 2529 σφετέρων
706 2493 866 2523 ἐπιστάταις

77 2543 229 2577 κτημάτων
241 2541 289 2568 καὶ
301 2542 357 2572 τοῖς
380 2540 438 2566 ἀντ’
471 2539 560 2567 αὐτῶν
588 2539 711 2566 διέπουσι
733 2538 866 2574 δημοσίας

77 2588 174 2622 ἀρχὰς,
186 2587 275 2613 πολλά
290 2586 397 2617 τούτοις
408 2585 508 2620 έπισκή
514 2593 627 2616 πτοντες
636 2585 683 2611 καὶ
692 2584 866 2618 παράκλησιν

77 2636 168 2660 πᾶσαν
187 2633 337 2667 ἐπάγοντες
367 2633 513 2667 προσσχεῖν
528 2640 559 2657 τε
577 2632 624 2657 καὶ
641 2630 866 2665 ἐπαγρυπνήσειν

79 2681 178 2715 μήπως
191 2679 316 2714 ναυαγίῳ
326 2678 485 2713 ὲγκύρσασα
499 2676 565 2708 ναῦς
580 2676 683 2703 ἐσεῖταί
709 2685 735 2702 τι
763 2682 865 2702 πεπον-

77 2728 137 2754 θυῖα
156 2727 256 2759 δεινὸν,
272 2725 335 2752 εἰδὲ
347 2724 473 2757 δυνατὸν,
505 2723 554 2750 καὶ
569 2725 626 2754 τοῖς
646 2722 758 2757 ἀνέμοις
771 2722 864 2753 αὐτοῖς

77 2774 210 2808 ἐπιτιμᾷν
228 2772 329 2809 ἢκατὰ
342 2770 390 2806 τὴν
408 2770 503 2797 Αἰόλου
530 2769 692 2804 μυθολογίαν
707 2768 801 2799 ἀσκοῖς
830 2768 864 2793 τὰ

77 2819 223 2854 πνεύματα
243 2817 457 2852 συλλαμϐάνειν,
474 2815 519 2843 ’ίνα
536 2816 573 2850 μὴ
601 2813 763 2848 καταιγίδας
791 2812 864 2846 ὲγείο

79 2875 142 2900 pum
183 2866 231 2891 καὶ
268 2864 318 2898 τὴν
356 2863 445 2898 ἆλμην
481 2862 709 2896 διαταράσσωσιν.
753 2859 862 2894 ’Δμέλει

922 2267 998 2290 tores
1027 2269 1104 2293 vero,
1144 2259 1315 2295 experientia
1350 2258 1441 2286 edocti
1478 2258 1586 2286 nescire
1618 2258 1705 2293 jocari

919 2308 1119 2339 Andronicum,
1143 2313 1194 2333 nec
1208 2305 1261 2333 alia
1282 2304 1369 2339 loqui,
1386 2304 1438 2331 alia
1454 2304 1556 2331 sentire
1581 2304 1608 2331 in
1626 2304 1708 2331 rebus

920 2352 1089 2389 liujusmodi.
1122 2357 1196 2378 metu
1229 2350 1428 2385 trepidabant;
1463 2353 1491 2376 et
1517 2349 1562 2376 vix
1597 2349 1706 2377 tandem

919 2401 1018 2426 animis
1041 2397 1170 2432 receptis,
1187 2405 1235 2432 per
1258 2396 1414 2423 veredarios
1432 2400 1625 2430 procuratores
1639 2403 1706 2422 suos

918 2445 993 2472 etin
1019 2443 1225 2478 magistratibus
1251 2449 1328 2469 suam
1357 2442 1448 2468 vicem
1472 2441 1607 2469 obeuntes
1627 2449 1704 2468 seve—

919 2490 1027 2518 rissime
1048 2492 1215 2516 monuerunt
1241 2495 1273 2514 ac
1291 2487 1421 2514 obtestati
1445 2491 1520 2519 sunt,
1538 2491 1568 2514 ut
1591 2486 1706 2521 vigilan-

918 2536 1023 2562 tissime
1035 2538 1151 2562 caveant
1162 2541 1197 2560 ne
1209 2536 1373 2566 tempestate
1387 2531 1473 2559 fracta
1486 2532 1565 2559 navis
1576 2531 1703 2562 laedatur,

917 2581 965 2608 sed
992 2581 1094 2615 potius,
1124 2580 1147 2607 si
1164 2578 1224 2606 ﬁeri
1238 2579 1335 2613 possit,
1356 2579 1431 2613 ipsos
1447 2577 1530 2604 etiam
1551 2580 1647 2603 ventos
1662 2575 1705 2602 in-

917 2630 1030 2661 crepent
1061 2630 1125 2657 aut,
1154 2631 1184 2652 ut
1214 2625 1248 2652 de
1276 2624 1356 2652 A5010
1384 2623 1559 2654 fabulantur,
1595 2620 1704 2648 utribus

917 2671 1068 2704 includam,
1096 2678 1131 2698 ne
1156 2670 1315 2698 turbinibus
1335 2676 1410 2696 mare
1435 2668 1586 2702 exagitent.
1613 2667 1656 2694 Ab
1669 2675 1703 2694 eo

916 2721 1037 2752 tempore
1047 2717 1121 2744 nulla
1137 2717 1216 2744 navis
1232 2717 1333 2752 jactata
1349 2714 1479 2742 ﬂuctibus
1507 2713 1589 2740 ullam
1615 2712 1703 2739 sarci-

914 2772 1012 2792 narum
1044 2764 1178 2799 jacturam
1211 2763 1294 2794 fecit,
1327 2764 1374 2788 aut
1404 2766 1481 2796 parte
1515 2760 1700 2787 tabulatorum

914 2811 1028 2846 spoliata
1047 2814 1100 2842 est,
1120 2814 1167 2837 aut
1189 2809 1291 2836 malum
1309 2814 1472 2834 ancoramve
1485 2810 1531 2833 aut
1555 2805 1701 2832 minimum

915 2857 1076 2889 funiculum,
1108 2856 1209 2883 nedum
1233 2854 1287 2881 ulla
1313 2857 1482 2880 armamenta
1513 2853 1614 2879 amisit.
1643 2851 1701 2878 lmo
