1944 3077
267 139 322 170 695

885 138 1032 169 NlCET/E
1050 138 1252 168 CHONIATE
1813 131 1856 165 696

271 203 315 227 μοι
329 195 376 221 καὶ
392 195 445 222 τῶν
459 193 576 228 καθεξῆς
590 194 693 229 ὁμοίως
723 194 967 228 συμπραττόντων,
992 194 1049 219 ὅσοι
1068 193 1113 218 τὸν
1128 192 1192 224 περὶ
1218 191 1264 217 τοῦ
1295 192 1374 218 κενοῦ
1385 192 1510 225 δοξαρίου
1521 191 1664 226 τρέχοντες
1675 190 1794 224 ὠρακίων
1807 190 1853 216 τότε

269 240 316 265 καὶ.
338 239 482 273 ὠρρὡουν
518 238 704 273 Ἀνδρόνικον·
733 234 770 264 ῶν
797 238 989 272 πρωτοστάτης

1030 233 1064 270 ἦν
1084 236 1130 261 καὶ
1160 236 1305 269 ταξίαρχος
1321 237 1334 261 ὁ
1370 235 1657 270 Ἀγιοχριστοφορίτης
1679 233 1854 267 Στέφανος,τῷ

267 281 315 306 τοῦ
344 281 498 315 φθέγματος
525 280 670 314 βροντυίδει
693 280 870 307 καταδουπῶν
895 280 928 306 τὰ
953 279 1098 312 ἀνάκτορα,
1119 280 1164 304 καὶ
1193 279 1264 304 καθὰ
1281 287 1307 304 τι
1335 279 1423 313 ῥεῦμα
1451 278 1583 313 ποτάμιον
1608 276 1654 309 6ξῦ
1680 275 1752 311 [216]
1774 276 1857 310 καχλά-

267 324 322 355 ζων
347 324 392 349 καὶ
411 323 580 358 παρασύρων
596 324 627 349 τὸ
655 323 751 350 δοκοῦν
787 323 948 357 Ἀνδρονίκῳ
974 322 1133 349 ὑπεύθυνον.

299 367 326 393 8.
346 367 406 394 Fuit
421 372 511 394 autem
523 367 584 402 ejus
602 367 696 401 scripti
714 366 869 401 hujusmodi
888 360 1028 393 exordium
1044 373 1050 391 :
1067 368 1088 395 Α

264 412 401 439 Diviuitus
420 412 540 446 impulsi,
557 420 611 439 non
639 412 718 446 jussu
738 413 912 446 magistratus
923 417 951 438 et
973 411 1049 445 prin-

265 456 334 490 cipis
349 465 380 484 :Ic
406 457 582 492 imperatoris
606 458 711 489 nostri,
733 458 908 484 decernimus
930 462 958 484 et
982 465 1047 491 pro-

265 503 425 529 uuutiamus
436 511 450 529 e
466 510 494 530 re
505 503 613 537 publica
624 511 695 534 esse.
711 507 737 530 et
748 503 875 537 privatim
891 502 1048 529 Andronico

262 546 450 574 Roiuanoruiu
483 548 615 575 servatori
652 549 729 580 utile,
756 554 785 576 ut
812 553 986 575 contumaces
1021 552 1048 574 et

262 592 387 619 seditiosi
404 593 528 620 funditus
554 595 702 626 intereant,
726 595 773 630 qui
799 594 990 629 comprehensi
1019 594 1044 621 in

262 646 370 665 carcere
391 643 520 665 tenentur
537 643 563 666 et
578 639 604 666 iu
624 640 747 666 exsilium
764 640 817 667 acti
834 643 908 672 sunt,
934 647 1044 667 eorum-

262 691 316 717 que
344 684 491 710 neccssarii
519 690 547 711 ct
572 686 678 720 cognati
713 687 875 720 capiantur,
899 689 926 713 et
951 692 1045 712 omnes

262 728 366 754 ultimis
380 729 520 762 suppliciis
534 729 696 757 afficiantur.
715 731 759 758 Sic
774 731 848 758 enim
865 735 893 758 ct
907 730 1045 758 Androni-

262 781 320 804 cus,
337 773 382 806 qui
407 773 520 801 numine
546 774 666 808 propitio
688 776 796 810 imperii
820 782 929 811 sceptra
953 778 1043 810 gerit,

261 827 275 844 a
290 818 405 852 publicis
423 819 497 846 curis
522 825 549 846 et
567 820 728 848 insidiarum
744 828 818 849 metu
845 823 972 850 nonnihil
999 831 1042 850 re-

260 864 395 898 spirabit;
421 869 449 891 et
473 865 556 892 Siculi
579 866 676 901 coeptis
703 867 835 896 desistent
851 889 858 899 .
887 869 970 904 438
995 870 1042 896 ubi

260 910 396 937 neminem
413 911 560 938 habuerint
574 920 588 939 a
605 920 659 947 quo
675 914 905 949 quemadmodum
924 916 1041 943 Romani

259 956 434 989 oppugnandi
450 957 504 983 siut
521 957 681 986 doceantur.
697 959 765 987 Nam
782 968 843 987 cum
860 965 888 988 et
902 961 920 988 ii
944 962 990 996 qui
1014 962 1040 988 in

259 1000 367 1027 vincula
382 1001 499 1036 conjccti
512 1006 539 1029 et
553 1003 598 1037 qui
615 1004 701 1032 oculis
718 1006 818 1039 privati
835 1012 911 1038 sunt,
926 1007 1040 1034 consilia

258 1046 381 1080 improba
407 1055 461 1073 non
486 1048 607 1076 referant
636 1049 663 1076 iu
685 1050 793 1083 melius,
819 1051 864 1078 sed
896 1052 924 1078 iu
949 1053 1041 1087 priore

256 1091 392 1118 sententia
423 1098 617 1126 perseverent,
644 1095 717 1122 nulla
741 1096 810 1123 ratio
836 1103 962 1131 superest
987 1106 1040 1132 qua

256 1137 371 1171 improbi
389 1138 422 1164 ad
447 1146 540 1165 sanam
559 1145 676 1167 mentem
698 1141 884 1176 reducantur,
901 1144 953 1171 nisi
978 1145 1040 1172 vitae

255 1182 369 1216 ereptio,
383 1191 444 1217 qum
467 1189 498 1210 ut
521 1192 597 1212 sacra
612 1190 640 1213 et
661 1187 789 1215 salutaris
804 1189 923 1216 anchora
945 1195 1039 1218 contra

254 1228 386 1255 vecordes
407 1233 435 1255 et
459 1229 602 1258 dementes
633 1236 676 1258 est
707 1234 889 1267 usurpanda;
916 1243 1034 1269 quorum

254 1281 292 1299 ea:
309 1279 374 1300 sunt
394 1274 584 1310 intemperiae,
621 1284 650 1304 ut
682 1286 735 1305 non
765 1279 984 1307 animadvertant
1008 1289 1038 1308 se

254 1323 348 1346 contra
363 1320 503 1347 stimulum
512 1322 653 1349 ealcitrare
663 1328 689 1350 et
702 1323 820 1358 gladium
831 1330 924 1352 contra
936 1332 1038 1353 semet«

252 1364 328 1397 ipsos
350 1372 458 1393 acuere.
483 1365 545 1394 Haec
567 1372 595 1394 et
610 1367 764 1403 hujusmodi
778 1369 842 1402 alia,
858 1375 888 1398 ut
900 1379 933 1398 ex
945 1372 1038 1399 multis

251 1417 336 1443 pauca
350 1411 476 1444 referam,
486 1413 618 1440 nefarium
631 1415 697 1441 illud
711 1415 850 1443 decretum
862 1418 1030 1446 continebat.

252 1455 425 1490 Sequebatur
449 1465 545 1485 eorum
570 1461 741 1488 enumeratio
772 1462 819 1497 qui
851 1465 1035 1498 comprehen-

251 1501 332 1527 dendi
360 1505 388 1529 et
411 1510 472 1529 mox
500 1505 642 1532 occidendi
658 1511 757 1533 erant:
785 1509 991 1542 exprimebatur
1007 1512 1036 1536 et

251 1547 349 1574 modus
371 1556 426 1582 quo
458 1550 576 1585 quisque
604 1552 743 1580 tollendus
769 1558 852 1581 esset.
885 1552 940 1589 Ego
967 1563 1034 1582 vero

249 1599 312 1619 cum
327 1593 380 1620 alia
395 1594 504 1622 Illorum
519 1597 660 1624 hominum
686 1603 745 1625 acta
760 1599 881 1626 demiror
901 1605 929 1627 et
946 1600 1034 1628 scele—

250 1636 388 1663 ratissima
413 1638 524 1672 judico,
551 1645 607 1667 tum
631 1641 742 1670 decreto
769 1643 824 1670 isto
846 1643 1030 1679 obstupesco;

1139 364 1173 400 η’.
1187 363 1248 399 Εἶχε
1265 365 1292 391 δὲ
1305 365 1338 390 τὰ
1351 364 1628 399 ὑπομνηματιζόμενα
1643 363 1738 390 οὑτωσί
1751 372 1802 394 πως
1817 364 1857 397 τῆς

1101 411 1287 444 φροιμιάσεως
1300 419 1307 426 ·
1326 419 1336 435 ι
1352 409 1451 436 Θεόθεν
1463 410 1630 442 κινηθέντες,
1646 410 1691 434 καὶ
1701 409 1748 434 οὐκ
1769 408 1794 440 ἐξ
1809 409 1858 442 ὁρι-

1101 457 1169 490 σμοῦ
1186 457 1232 482 τοῦ
1260 455 1394 492 κραταιοῦ
1407 456 1454 482 καὶ
1468 456 1546 489 ἁγίου
1573 456 1652 490 ἡμῶν
1679 454 1800 480 αὑθέντου
1820 454 1858 480 καὶ

1100 502 1244 536 βασιλέως,
1287 502 1504 536 ψηφηφοροῦμέν
1545 509 1575 527 τε
1606 501 1652 527 καὶ
1675 502 1859 534 ἀποφαινόμεθα

1099 549 1221 573 συνοῖσον
1233 545 1302 574 εἶναι
1314 549 1402 581 κοινῇ,
1418 548 1465 573 καὶ
1488 547 1540 582 ἰδίᾳ
1555 547 1695 577 λυσιτελὲς
1718 546 1859 580 Ἀνδρονίκῳ

1097 592 1136 626 τῷ
1149 593 1251 626 σωτῆρι
1269 591 1427 626 Ῥωμαίων,
1444 592 1528 628 ἄρδην
1547 592 1716 618 ἀπολωλέναι
1747 591 1858 625 οῐπερὼς

1098 637 1225 669 αὐθάδεις
1250 637 1297 664 καὶ
1325 638 1481 668 στασιώδεις
1519 637 1714 672 συλληφθέντες
1745 637 1859 670 φυλακαῖς

1096 683 1283 718 ἐνείργνυνται
1299 683 1315 718 ἢ
1329 684 1378 715 τὴν
1388 683 1534 718 ἀλλοτρίαν
1558 683 1643 710 οίχεῖν
1671 683 1858 718 ἀφωρίσθησαν,

1097 728 1263 763 σισχεθῆναι
1280 728 1309 754 δὲ
1320 730 1439 760 καὶτοὺς
1469 729 1576 760 τούτοις
1615 729 1798 764 προσήκοντας
1822 728 1860 754 καὶ

1095 774 1156 800 καθ’
1191 771 1261 809 αἷμα
1292 774 1525 809 συναπτομένους,
1561 775 1607 801 καὶ
1637 774 1743 808 θανάτῳ
1773 773 1860 818 πάντας

1096 821 1281 856 ὑποϐληθῆναι
1292 828 1298 837 ·
1315 820 1386 847 οὕτω
1403 821 1457 855 γὰρ
1471 821 1504 847 ἂν
1517 822 1563 847 καὶ
1582 815 1748 854 Ἀνδρόνικον
1762 815 1858 853 γένοιτο,

1094 867 1140 893 τὸν
1161 867 1250 902 ἀγαθῇ
1266 868 1337 904 τύχῃ
1356 867 1499 902 Ῥωμαίων
1518 867 1552 893 τὰ
1570 866 1619 901 τῆς
1648 865 1781 900 βασιλείας
1805 866 1859 898 σκῆ-

1093 921 1166 948 πτρα
1190 913 1327 945 διέποντα,
1358 913 1443 949 βραχύ
1468 921 1494 939 τι
1513 912 1579 946 γοῦν
1608 911 1783 940 ἀναπνεῦσαι,
1810 911 1859 940 ταῖς

1093 960 1198 989 κοιναῖς
1211 960 1335 994 φροντίσι
1353 960 1516 995 βαλλόμενον
1525 959 1572 986 καὶ
1582 959 1630 989 τὰς
1645 958 1699 984 τῶν
1723 955 1859 983 ἐπιϐούλων

1093 1006 1347 1040 κακογνωμοσύνας
1373 1006 1605 1041 ὕποὸλεπόμενον,
1632 1004 1680 1032 καὶ
1719 1002 1810 1032 αὐτοὺς
1837 1001 1859 1026 δὲ

1091 1053 1314 1084 τοὺςάλλοεθνείς
1325 1053 1488 1084 Σικελιώτας
1518 1051 1584 1080 ἆσαί
1612 1061 1678 1079 ποτε
1703 1048 1859 1083 auiti/9554",

1095 1099 1198 1134 μηδένα
1218 1099 1259 1125 ἔτι
1272 1100 1318 1125 τὸν
1333 1100 1426 1130 αὐτοῖς
1440 1099 1633 1135 ὑφηγούμενον
1661 1099 1770 1134 ἔχοντας
1788 1096 1859 1122 ὁπόσα

1093 1146 1145 1180 χρὴ
1174 1146 1244 1172 κατὰ
1270 1146 1415 1180 Ῥωμαίων
1447 1147 1543 1173 ποιεῖν.
1578 1145 1683 1176 Πάντες
1713 1146 1764 1178 γὰρ
1795 1139 1858 1170 οὗτοι

1093 1192 1270 1226 συσχεθέντες
1284 1193 1332 1218 καὶ
1347 1193 1411 1224 τοὺς
1426 1192 1584 1226 ὀφθαλμοὺς
1597 1191 1787 1226 ὲξορυχθέντες
1799 1191 1857 1239 aps:

1089 1237 1210 1268 ταθέτως
1222 1237 1312 1271 ἔχουσι
1330 1237 1379 1270 τῆς
1393 1239 1547 1269 κακονοίας,
1562 1239 1608 1264 καὶ
1630 1237 1717 1268 οὐδείς
1743 1238 1796 1262 ἐστι
1818 1237 1858 1261 τοῦ

1089 1282 1183 1309 λοιποῦ
1211 1284 1311 1316 τρόπος
1322 1283 1336 1309 ό
1351 1284 1529 1318 σωφρονίσων
1549 1284 1660 1315 αὐτοὺς,
1675 1283 1740 1318 μόνη
1758 1281 1783 1308 δὲ
1795 1283 1809 1316 ἡ
1819 1281 1857 1307 τοῦ

1090 1327 1140 1362 ζῇν
1154 1328 1331 1354 ὑπολείπεται
1350 1331 1488 1363 στέρησις,
1514 1330 1550 1364 ἢν
1575 1329 1612 1360 ὡς
1642 1328 1795 1355 τελευταίαν
1819 1327 1858 1353 καὶ

1090 1374 1224 1409 σώτειραν
1244 1374 1368 1409 ἄγκυραν
1388 1374 1428 1400 δεῖ
1442 1375 1516 1409 ἡμᾶς
1538 1375 1672 1409 ὲπιχαὶᾷν
1707 1375 1761 1405 τοῖς
1785 1373 1856 1399 κακός

1088 1428 1196 1454 φροσιν,
1215 1420 1240 1446 οἳ
1259 1420 1387 1446 τοσοῦτόν
1399 1421 1452 1446 εἱσι
1468 1421 1670 1455 φρενοδλαόεἶς
1701 1429 1726 1447 τε
1741 1420 1786 1446 καὶ
1799 1421 1856 1446 ἁπο-

1086 1465 1213 1500 τρόπαιοι
1226 1465 1264 1496 ὡς
1276 1466 1345 1500 πρὸς
1360 1466 1460 1501 κέντρα
1473 1466 1611 1497 λακτίζειν
1627 1467 1677 1492 καὶ
1690 1466 1726 1501 μὴ
1752 1464 1856 1491 συνιέναι

1086 1511 1156 1542 ὅλως
1167 1511 1205 1542 ὡς
1218 1511 1280 1537 καθ’
1298 1512 1402 1538 ἑαυτῶν
1418 1511 1444 1538 οι
1469 1512 1638 1546 λααιόκωφοι
1664 1512 1714 1546 τὴν
1736 1512 1856 1545 μάχαιραν

1087 1556 1229 1591 θήγουσιν.
1246 1565 1256 1582 ι
1273 1556 1352 1583 Οὕτω
1365 1557 1415 1591 μὲν
1432 1555 1479 1584 οὖν
1492 1557 1539 1584 καὶ
1559 1557 1684 1588 τοιαῦτα,
1705 1557 1741 1587 ὼς
1756 1557 1785 1582 ὲκ
1801 1555 1855 1580 πολι

1085 1601 1139 1628 λῶν
1155 1602 1232 1635 ὀλίγα
1248 1603 1346 1634 εἰπεῖν,
1362 1602 1462 1638 διεξῄει
1477 1603 1506 1629 τὸ
1528 1603 1648 1637 ἄθεσμον
1665 1603 1752 1629 ἐκεῖνο
1776 1601 1857 1627 θέσπιε

1086 1656 1153 1682 σμοι,
1171 1647 1270 1682 ἑφεξῆς
1287 1647 1310 1674 δ’
1323 1648 1400 1674 ὁτῶν
1413 1647 1682 1684 συλληφθησομένων
1698 1649 1746 1675 καὶ
1772 1647 1856 1680 τεθνη-

248 1688 338 1715 neque
355 1684 510 1717 perspicere
532 1693 641 1719 possum
659 1688 725 1721 quid
751 1689 778 1716 in
797 1690 934 1717 eo-seeuti
965 1691 1031 1724 sint,

1087 1693 1206 1728 Εομένων
1236 1691 1270 1730 ἦν
1304 1694 1462 1728 κατάλογος.
1503 1694 1688 1730 ’Υπεδηλοῦτο
1714 1695 1741 1721 δὲ
1772 1693 1815 1720 καλ¹
1841 1692 1853 1718 ό

247 1731 296 1753 aut
318 1729 486 1763 quojudicio
512 1739 590 1758 suum
610 1734 787 1767 parricidium
805 1736 859 1763 Deo
875 1737 1032 1772 adscripse-

248 1772 320 1805 rint,
336 1773 515 1810 divinumque
535 1782 639 1805 motum
655 1778 683 1806 id
705 1780 880 1814 impudenter
907 1783 1030 1817 appella-

246 1818 303 1844 riut
317 1819 390 1853 quod
407 1822 511 1854 primus
526 1822 636 1850 humani
661 1825 767 1859 generis
784 1826 872 1854 hostis
891 1828 932 1855 eis
957 1828 1029 1856 haud

251 1862 336 1890 dubie
350 1866 496 1900 suggessit,
512 1875 573 1894 cum
589 1869 662 1896 aliud
675 1878 784 1898 sumere
797 1873 962 1907 principium
972 1882 1031 1902 mo-

246 1909 353 1937 destius
364 1915 392 1937 et
408 1912 577 1945 probabilius
588 1914 725 1949 licuisset,
740 1921 822 1951 atque
836 1926 850 1945 a
862 1921 1029 1948 contumelia

244 1955 293 1981 Dei
308 1955 465 1990 abstinere;
483 1958 566 1994 439
581 1960 628 1994 qui
645 1961 765 1989 caedibus
780 1963 854 1990 haud
867 1964 1029 2000 delectatur,

244 2008 296 2027 nec
310 2007 425 2029 mortem
438 2003 514 2036 fecit,
532 2005 580 2032 sed
598 2005 738 2034 hominem
750 2008 783 2035 ad
797 2008 879 2036 vitam
894 2011 1028 2044 condidit;

246 2047 272 2072 in
289 2048 367 2082 cujus
395 2055 543 2083 conspectu
567 2059 617 2078 vox
641 2052 782 2087 sanguinis
802 2054 882 2082 Abeli
909 2057 1028 2091 clamat;

244 2093 292 2126 qui
313 2099 407 2128 aperte
425 2095 570 2123 denuntiat
593 2105 622 2124 se
650 2099 731 2126 malle
756 2103 786 2127 ut
807 2105 937 2135 peccator
962 2110 1030 2130 con-

243 2147 344 2167 versus
374 2140 448 2168 vivat
471 2151 552 2177 quam
582 2149 612 2172 ut
638 2148 782 2174 moriatur.
800 2147 963 2179 lEnimvero
989 2149 1028 2176 illi

243 2184 380 2213 damnatis
395 2188 524 2215 omnibus
537 2197 552 2216 ο
567 2191 684 2217 concilio
699 2191 899 2230 discesserunt.
918 2193 1027 2221 Andro-

243 2231 322 2259 nicus
334 2240 398 2259 vero
410 2233 535 2268 judicum
557 2236 675 2264 nefarias
700 2238 859 2269 sententias.
873 2238 945 2266 haud
969 2241 1027 2267 scio

243 2285 299 2310 quo
318 2279 446 2311 consilio,
462 2279 488 2306 iu
503 2281 607 2308 scrinio
628 2290 678 2309 suo
699 2283 844 2318 diligenter
860 2286 1026 2318 Lasscrravit,

244 2323 356 2355 proviso
388 2324 514 2352 fortassis
545 2326 699 2354 imminenti
731 2329 826 2357 exitio.
862 2331 929 2358 Nam
963 2339 1025 2358 cum

1084 1740 1184 1773 τρόπος
1212 1739 1275 1765 καθ’
1302 1739 1332 1765 δν
1365 1740 1549 1774 ἀποθνήσκειν
1588 1741 1702 1767 ἕκαστοι
1742 1739 1854 1775 ἤμελλον.

1091 1783 1161 1817 Ἐγὼ
1203 1784 1269 1818 γοῦν
1307 1785 1354 1810 καὶ
1398 1785 1448 1815 τὰς
1483 1785 1564 1816 ἀλλας
1595 1785 1644 1820 μὲν
1683 1785 1736 1811 τῶν
1763 1783 1855 1818 ἀνδρῶν

1083 1830 1199 1856 τουτωνὶ
1223 1829 1337 1864 πράξεις
1354 1830 1397 1856 διὰ
1409 1831 1548 1865 θαύματος
1565 1832 1678 1865 τίθεμαι
1698 1831 1743 1858 καὶ
1758 1829 1854 1859 ἀνοσίας

1085 1875 1261 1902 παντάπασιν
1271 1876 1390 1911 ἥγημαι,
1404 1877 1455 1910 τὴν
1469 1877 1498 1903 δὲ
1519 1877 1566 1903 νῦν
1583 1878 1695 1911 ἀφηγου
1702 1878 1782 1912 μένην
1797 1875 1854 1903 ἀπό-

1072 1927 1167 1955 ’φασιν
1184 1922 1230 1948 καὶ
1238 1921 1298 1948 λίαν
1309 1922 1584 1956 ὺπερεκπέπληγμαι,
1599 1921 1784 1956 καὶθαυμὰζω
1798 1919 1854 1954 πρὸς

1083 1968 1110 1993 τί
1124 1968 1387 2002 περατωθησὸμενον
1403 1968 1506 2003 ταύτην
1520 1968 1678 2003 ἐκύρωσαν,
1727 1968 1784 1998 πῶς
1798 1965 1854 1992 ποτὲ

1083 2014 1222 2048 κρίνοντες
1236 2015 1286 2048 τὴν
1307 2015 1410 2040 ἑαυτῶν
1436 2015 1593 2049 μιαιφονίαν
1611 2016 1768 2050 προσῆπτον
1793 2011 1852 2046 Θεῷ.

1083 2059 1132 2085 καὶ
1145 2059 1252 2094 κίνησιν
1268 2059 1362 2086 θεόθεν
1375 2060 1597 2096 ἀνερυθριάστως
1626 2060 1767 2095 ὠνόμαζον
1788 2059 1817 2094 ἣν
1842 2056 1854 2081 ὀ

1083 2104 1202 2138 ἀρχῆθεν
1213 2105 1437 2139 ἀνθρωποκτόνος
1461 2106 1557 2139 σκέψιν
1571 2106 1664 2137 αὐτοῖς
1696 2106 1853 2140 ὑφηγήσατο.

1083 2148 1197 2183 ὲξὺνιὲτέ
1203 2157 1255 2184 ρως
1271 2150 1496 2185 προοιμιάζεσθαι
1511 2151 1607 2185 καὶμὴ
1614 2151 1731 2182 ἀναιδῶς
1739 2150 1805 2177 οὖτω
1814 2147 1855 2174 καὶ

1081 2195 1312 2230 ἀπεριθαμεήτως
1329 2196 1509 2230 φθέγγεσθαι,
1527 2196 1595 2231 μηδὲ
1609 2198 1702 2231 γυμνῇ
1715 2198 1745 2230 τῇ
1761 2194 1854 2227 κεφαλῇ

1081 2240 1111 2266 τὸ
1130 2240 1200 2266 θεῖον
1223 2243 1401 2274 συκοφαντεῖν
1415 2242 1452 2271 ὼς
1474 2243 1568 2278 χαῖρον
1578 2242 1703 2276 αἴμασιν,
1719 2242 1732 2268 ὃ
1751 2241 1854 2276 πρώτως

1082 2285 1168 2316 εἰςτὸ
1188 2283 1258 2313 εἶναι
1287 2287 1332 2313 τὸν
1358 2287 1503 2322 ἄνθρωπον
1532 2288 1623 2314 ἔκτισε
1653 2288 1690 2322 μὴ
1719 2285 1854 2320 πεποιηκος

1082 2330 1208 2362 θάνατον,
1223 2331 1270 2357 καὶ
1279 2328 1309 2357 οὗ
1329 2331 1444 2358 ἐνώπιον
1456 2333 1532 2367 φωνὴ
1548 2333 1669 2366 αἵματος
1688 2331 1769 2358 Ἀεελ
1801 2329 1852 2364 βοᾷ.

242 2369 459 2403 comprehensus
474 2377 557 2404 esset,
571 2377 599 2400 et
615 2382 630 2399 a
647 2382 784 2402 concursu
805 2376 898 2410 populi
923 2376 1029 2404 facino-

1087 2378 1130 2403 καὶ
1161 2376 1175 2403 ὃ
1191 2377 1340 2411 διαρρήδην
1365 2378 1486 2412 κέκραγε
1514 2378 1550 2411 μὴ
1578 2378 1722 2412 βούλεσθαι
1749 2376 1792 2402 τὸν
1813 2372 1853 2399 τθῧ

243 2422 302 2440 rum
319 2422 430 2441 suorum
450 2416 584 2444 rationem
600 2418 715 2446 reddere
739 2420 896 2455 juberetur,
919 2422 1027 2456 culpam

241 2459 268 2486 in
282 2460 389 2494 judires
405 2465 432 2488 et
448 2467 574 2490 senatum
602 2464 796 2498 transferebat,
821 2466 868 2501 qui
893 2467 1027 2502 supplicia

240 2505 422 2534 decernerent
440 2508 467 2534 in
484 2516 532 2536 eos
546 2509 675 2544 aquibus
694 2515 757 2538 aute
783 2512 928 2547 imperium
951 2518 979 2540 et
1000 2513 1027 2540 in

240 2553 300 2587 ipso
314 2553 430 2588 impcnio
446 2554 569 2582 otl‘eusus
589 2561 672 2583 esset.
687 2556 721 2584 Se
738 2565 805 2584 vero
828 2558 937 2585 illorum
963 2566 1027 2585 sen-

240 2600 334 2627 tentiis
351 2600 498 2628 inservisse
513 2605 612 2636 (neque
626 2603 698 2629 enim
718 2603 817 2631 frustra
833 2609 952 2639 gestasse
967 2604 1026 2639 gla-

237 2645 325 2681 dium)
342 2652 368 2673 ct
383 2655 493 2674 manum
521 2655 616 2675 eorum
645 2649 782 2684 suffragiis
796 2650 1025 2677 accommodasse.

240 2691 310 2718 'l'um
345 2697 437 2720 autem
475 2701 537 2720 cum
574 2695 643 2722 latas
665 2695 814 2722 sententias
841 2701 1023 2723 exsecuturus

239 2743 322 2769 εδει-ι,
340 2738 411 2766 ﬁlius
427 2740 486 2774 ejus
515 2740 621 2768 Mauuel
644 2741 848 2768 sebastocrawr
875 2742 1024 2777 refragatus

238 2785 398 2818 pernegavit
415 2793 445 2812 se
461 2793 660 2814 consensurum
676 2787 703 2813 iu
721 2792 792 2818 acta,
808 2795 867 2821 quae
884 2795 937 2814 non
956 2788 1022 2815 fiant

239 2830 400 2858 auctoritate
415 2831 599 2866 imperatoris,
614 2837 643 2860 ut
666 2833 715 2867 ipsi
730 2833 836 2868 judices
851 2833 878 2860 in
907 2834 1022 2861 exordio

1082 2423 1246 2457 ἁμαρτωλοῦ
1261 2423 1378 2459 θάνατον
1405 2424 1441 2454 ὡς
1462 2424 1495 2449 τὸ
1512 2423 1677 2457 ἐπιστρέψαι
1721 2422 1798 2448 αὐτὸν
1814 2418 1854 2445 καὶ

1080 2468 1172 2502 ζῆσαι.
1201 2469 1255 2494 Καὶ
1269 2469 1294 2494 οῖ
1313 2469 1363 2502 μὲν
1377 2468 1448 2494 οὕτω
1456 2469 1557 2500 παντὸς
1575 2469 1716 2495 ἀπώλειαν
1739 2465 1852 2497 καταψη⁴

1080 2513 1226 2548 φισάμενοι
1243 2514 1289 2540 τὸν
1303 2515 1433 2548 σύλλογον
1451 2515 1556 2541 ἐκεῖνον
1582 2515 1710 2541 διέλυσαν
1727 2522 1732 2529 ·
1756 2510 1852 2546 Ἀνδρό-

1079 2569 1153 2591 νικος
1167 2560 1193 2585 δὲ
1204 2560 1252 2590 τὰς
1263 2561 1308 2586 ἐπὶ
1321 2562 1381 2592 ταῖς
1392 2559 1508 2594 πράξεσι
1523 2560 1637 2591 ταύταις
1646 2563 1709 2592 ταῖς
1726 2558 1852 2594 μυσαραῖς

1079 2605 1255 2638 ἐκτιθεμένας
1272 2605 1429 2636 δικαστικὰς
1440 2606 1547 2640 ψήφους
1574 2607 1624 2632 ἀνα
1665 2607 1758 2640 χεῖρας
1789 2602 1852 2636 δεχὸ-

1081 2660 1160 2685 μενος
1176 2651 1325 2685 ἐφύλαττεν
1338 2652 1366 2676 ἐν
1379 2651 1515 2686 φωριαμῷ
1539 2651 1680 2685 ἀσφαλῶς,
1709 2651 1757 2676 οὐκ
1784 2647 1850 2675 οἷδ’ὅ

1078 2706 1104 2723 τι
1119 2697 1321 2732 διανοούμενος,
1336 2695 1413 2732 οἶμαι
1427 2697 1455 2723 δὲ
1484 2697 1514 2723 τὸ
1533 2697 1663 2732 ἐσόμενον
1690 2695 1850 2731 προσκοπούσ

1080 2752 1168 2778 μενος,
1183 2743 1230 2769 καὶ
1242 2742 1334 2774 δεδιὼς
1348 2742 1429 2776 φόϐον
1441 2743 1470 2773 ὃς
1487 2743 1604 2777 ἐπῆλθεν
1617 2743 1693 2777 αὐτῷ
1704 2742 1848 2777 μετέπειτα.

1078 2789 1224 2823 Συσχεθεὶς
1235 2789 1301 2824 γὰρ,
1315 2789 1362 2815 καὶ
1373 2789 1466 2822 λόγους
1475 2786 1511 2816 ὧν
1523 2788 1689 2824 διεπράξατο
1701 2787 1774 2824 [217]
1785 2783 1849 2819 παρὰ

1078 2834 1132 2860 τῶν
1149 2833 1366 2868 συνεληλυθότων
1385 2835 1623 2870 εἰσπραττόμενος,
1639 2834 1735 2860 ἑαυτὸν
1743 2830 1849 2866 ἀπηλλο-
