1944 3077
104 121 157 153 ’101

601 118 648 148 DE
669 114 895 146 ANDllONlCO
914 115 1094 147 COMNENO
1111 118 1186 146 ΗΒ.
1203 116 1243 146 ΙΙ.

1671 114 1726 145 702

104 176 212 204 οὐκοῦν
228 176 269 208 είς
288 175 339 212 τὴν
372 175 460 202 οἰκίαν
495 174 631 200 Ὶσαακίου
657 172 879 207 παραγενόμενος

943 173 1015 200 a-des
1032 174 1138 205 lsaacil,
1162 183 1224 209 qua:
1250 182 1332 208 prope
1357 173 1506 209 Periblcpti
1530 175 1727 202 monasterium

103 221 191 255 ἔγγὺς
214 220 300 248 οὖσαν
332 221 383 256 τῆς
417 219 502 255 μονῆς
525 220 574 253 τῆς
600 218 799 254 Περιῦ).έπτου,
827 216 891 249 περὶ

102 267 195 302 δείλην
205 267 253 302 τῆς
263 267 408 302 ἑνδεκάτης
415 266 461 293 τοῦ
469 265 595 300 Σεπτεμὸ
601 266 658 298 ρίου
670 263 754 298 μηνὸς
767 262 813 289 τοῦ
825 261 891 294 ἑξα-

102 312 237 347 χιλιοστοῢ
265 310 477 338 ὲπτακοσιοστοῦ
502 308 677 344 ἑνενηκοστοῦ
698 307 745 334 καὶ
760 308 890 341 τετάρτου

102 358 193 390 ἔτους,
203 357 250 384 καὶ
260 357 311 392 τὴν
326 356 436 383 αὔλειον
454 355 583 382 εἰσελθὼν
602 351 890 386 ὲπέττατενῚσαακίῳ

111 402 254 430 κατελθεῖν
268 403 316 429 καὶ
333 402 450 429 ἕπεσθαὶ
465 402 490 428 οἱ
513 401 577 428 ἔνθα
594 401 627 427 ἂν
643 399 764 435 προάγῃ.
780 397 833 424 Τοῦ
850 397 890 429 δὲ,

104 448 144 480 ὡς
176 448 251 479 εἰκὸς
276 447 509 482 ἀναϐαλλομένου,
539 447 580 473 ὅτι
612 445 660 473 καὶ
694 445 774 479 μόνον
798 442 891 478 ὀφθεὶς

102 495 211 525 ἐκεῖνος
228 494 314 520 κακὸν
327 493 442 528 ἔσχατον
458 491 658 525 συλλελόγιστο,
681 491 695 517 ὁ
722 489 750 516 δὲ
764 490 811 515 καὶ
829 487 890 523 βίαν

101 540 276 575 προσεπῆγε,
298 539 346 566 καὶ
358 541 414 570 τοϊς
429 539 553 566 συνοῦσιν
566 537 684 571 ἐπετίμα
698 536 736 571 μὴ
758 535 806 561 καὶ
821 534 890 569 πρὶς

101 586 153 620 τὴν
175 585 288 620 πρώτην
305 585 441 620 ἁναὸολὴν
456 584 622 620 ἁπτομένοις
639 583 722 610 αὐτοῦ
745 582 799 608 τῶν
832 589 890 616 τρι-

101 632 159 666 χῶν
175 632 223 658 καὶ
238 631 400 664 λαζομὲνοις
420 631 452 658 ἐκ
465 630 513 657 τοῦ
533 630 639 664 γενείου
654 629 701 655 καὶ
719 628 826 662 ἀτίμως
840 626 888 653 τοῦ

100 678 241 711 δωματίου
270 677 435 711 κατάγουσιν
459 676 506 703 καὶ
522 676 659 708 ἀπάγουσι
691 675 737 701 ἐπὶ
767 673 890 707 κεφαλὴν

101 722 261 758 ὠθούμενον
275 724 322 749 καὶ
341 723 511 757 τυπτόμενον
525 723 565 752 εἰς
578 722 611 757 ἣν
633 722 666 747 ἂν
680 720 762 752 αὐτὸς
801 719 888 753 καθη-

101 769 225 803 γήσηται
243 767 394 804 κάθειρξιν.
409 769 465 795 Καὶ
484 769 509 794 οἱ
533 768 583 802 μὲν
614 767 709 793 ὀπαδοὶ
742 765 810 801 πρδς
834 767 889 797 τοῖς

101 814 329 849 ἐπιτεταγμέναις
355 812 437 850 ἦσαν,
475 814 489 839 6
515 813 537 840 δ’
561 813 695 843 Ἰσαάκιος
720 811 769 846 τὴν
801 811 888 846 θήραν

103 859 168 887 Ιόὼν
183 860 305 894 ἄφυκτον
320 859 368 886 καὶ
383 858 605 891 ἀνυπεξάλυκτον
630 857 679 891 τὴν
714 856 835 891 σαγήνην
854 857 887 890 ἣν

101 908 267 942 ἑφήπλωσεν
281 906 431 934 ὁὲπελθὼν
452 907 549 941 ἐκείνῳ
574 904 737 935 ἀσπαλιεὺς,
766 903 813 929 καὶ
837 902 886 936 ἥδη

101 953 281 987 συνέχουσαν,
294 953 325 979 οὐ
343 952 493 988 δειλανδρεῖ
509 951 571 978 οὔτε
591 950 642 986 μὴν
659 950 814 984 φιλοψυχεῐ,
829 948 887 975 ἀλλ’

102 998 140 1030 ὡς
152 997 351 1033 τεθνηξόμενος
367 997 529 1033 προτίθεται
562 995 744 1031 μαχέσασθαι,
772 994 799 1020 ετ
829 1002 886 1024 πως

100 1044 161 1078 οὐχὶ
175 1043 344 1078 τεθνήξεται,
371 1043 388 1078 ἢ
420 1042 526 1077 μᾶλλον
542 1041 579 1077 μὴ
610 1041 681 1076 ἔχων
709 1041 791 1068 ἄνετα
821 1047 886 1073 κρο-

100 1092 189 1119 αίνειν
205 1093 270 1124 ῶςό
305 1092 460 1126 ἀκοστήσας
482 1091 627 1126 Ὀμήρειος
651 1089 734 1119 ἵππος
759 1088 805 1114 καὶ
827 1087 887 1113 ποδὶ

99 1137 172 1164 κατὰ
193 1137 293 1164 πεδίων
308 1137 442 1171 ἐλευθέρῳ
470 1135 601 1171 φέρεσθαι
625 1135 652 1168 (ἡ
678 1134 733 1168 γὰρ
750 1133 824 1168 ἅρπη
835 1133 885 1167 ἤδη

97 1184 218 1210 ἐτέτατο.
228 1183 275 1209 καὶ
289 1184 305 1217 ὴ
322 1183 450 1217 σύλληψις
466 1183 516 1208 οὒκ
527 1179 560 1217 ἦν
573 1179 734 1216 δυσχερὴς),
760 1181 885 1215 μιμεῖται

97 1231 146 1256 τὸν
157 1230 386 1265 πολεμιστήριον,
403 1230 451 1256 καὶ
468 1228 498 1255 τὺ
514 1227 560 1260 οὖς
577 1228 736 1263 ἀναστήσας
763 1227 800 1258 ὡς
817 1226 885 1260 πρὸς

99 1277 242 1311 σάλπιγγα
257 1277 379 1311 ὴχοῦσαν
394 1276 423 1302 τὸ
440 1276 564 1302 ἐνυάλιον
589 1275 637 1301 καὶ
664 1274 764 1308 φρίξας
793 1273 883 1307 κόμην

97 1323 151 1357 τὴν
167 1323 330 1357 ἐπαυχένιον
349 1321 397 1348 καὶ
411 1321 551 1356 φριμάξας
575 1321 658 1352 ὁμόσε
689 1321 772 1355 χωρεί
800 1327 885 1345 κατα-

98 1369 237 1403 φρονητὴς
255 1367 351 1402 ξιφῶν,
371 1367 528 1402 ὑπερόπτης
556 1366 665 1400 Ἄρεος,
694 1365 813 1392 ἀπειλῶν
830 1364 884 1391 οὐδ’

97 1413 226 1441 ὁπωσιῦν
258 1413 461 1448 ὲμπαζόμενος.
497 1412 605 1446 Ἀμέλει
635 1412 683 1438 καὶ
708 1411 746 1443 ὠς
775 1410 832 1446 εἶχε
855 1412 885 1438 τὸ

97 1460 177 1494 ξῐφος
197 1461 373 1494 σπασάμενος
396 1458 463 1494 (εἶχε
478 1459 506 1485 δὲ
526 1458 759 1493 ἀπερικαλύπτως
772 1457 821 1492 τῆς
836 1465 883 1483 κε-

97 1506 241 1540 going-rb
257 1506 286 1532 δὲ
304 1505 384 1540 σῶμα
400 1505 494 1537 λωπίῳ
509 1504 642 1539 διχρώμῳ
679 1504 787 1537 συνεῖχε
818 1502 883 1536 περὶ
897 1502 917 1530 C

96 1553 146 1586 τὴν
164 1552 221 1584 ἰξὺν
234 1551 440 1583 καταϐαίνοντι,
459 1550 552 1576 ἔκτοτε
566 1550 595 1576 δὲ
614 1549 797 1584 διαιρουμὲνῳ
812 1547 883 1582 διχῆ)

97 1599 147 1625 καὶ
158 1599 204 1624 τὸν
221 1598 304 1624 ἵππον
315 1598 417 1629 ἀναὸὰς
436 1597 485 1632 τὴν
511 1598 590 1632 χεῖρα
620 1596 753 1623 ἀνατείνει
781 1596 883 1630 ξιφήρη

99 1645 171 1671 κατὰ.
186 1645 236 1678 τῆς
257 1645 304 1671 τοῦ
338 1643 622 1679 ’Λγιοχριστοφορίτου
651 1642 782 1677 κεφαλῆς.
802 1641 830 1668 '0
856 1641 882 1667 δὲ

97 1691 149 1725 τὴν
171 1690 307 1717 ’ῐσαακιου
320 1690 409 1725 ὁρμὴν
437 1689 568 1724 πτοηοεὶς
595 1688 807 1723 ὲκξιιρισαμένου
837 1688 884 1713 καὶ

99 1737 274 1766 θανατῶντος
291 1736 445 1770 προδήλως,
472 1735 662 1770 μεταστρέψας
692 1734 740 1769 τὴν
772 1733 883 1768 ἡμίονον

95 1780 112 1818 ᾖ
129 1782 226 1816 ἔποχος
236 1779 279 1817 ἦν,
291 1783 334 1808 καὶ
344 1781 427 1816 συχνὰ
441 1781 590 1816 κεντρίζων
604 1782 653 1815 τὴν
667 1780 819 1815 ὴμίκερχον
832 1779 882 1813 τῆς

95 1828 189 1860 ἐξόδου
202 1827 274 1858 ἅπας
289 1828 403 1861 γίνεται.
413 1827 486 1853 Ἀλλ’
500 1826 576 1853 οΰπω
591 1826 713 1861 ἀκριῦὦς
727 1827 776 1861 τὴν
795 1826 881 1859 πύλην

95 1872 262 1907 διεληλύθει,
295 1872 341 1898 καὶ
368 1871 381 1896 ὁ
400 1871 535 1901 Ἰσαάκιος
562 1870 673 1904 καιρίαν
701 1869 815 1902 κατάγει
835 1867 881 1894 καὶ

94 1918 286 1951 ςῖήττεικατέι
298 1917 380 1951 μέσον
394 1916 423 1942 τὸ
432 1916 542 1951 κρανίον
552 1916 597 1942 τὸν
611 1915 737 1942 δείλαιον.
753 1915 807 1941 Καὶ
821 1914 882 1948 διχῆ

95 1963 192 1989 διελὼν
205 1963 307 1988 ἐκεῖνον
325 1962 374 1996 μὲν
389 1962 421 1996 ἑᾷ
434 1962 528 1996 κύρμα
555 1961 716 1996 προκεῖσθαι
740 1961 829 1992 κυσὶν,
845 1961 883 1991 ὡς

95 2009 224 2044 βὸσκημα
236 2007 434 2042 σφακελίζοντα
472 2007 519 2032 καὶ
542 2006 580 2040 τῷ
607 2006 665 2041 ίδίῳ
697 2006 882 2040 παλυνὸμενον

95 2057 206 2090 αἵματι,
222 2055 301 2086 αὐτος
317 2054 345 2080 δὲ
361 2054 416 2081 τῶν
433 2054 538 2080 ἐκείνου
557 2053 631 2088 [220]
652 2053 758 2079 ὀπαδῶν
784 2052 813 2078 ὃν
832 2052 882 2086 μὲν

93 2103 261 2137 διαθροήσας
277 2102 324 2127 καὶ
340 2100 437 2135 γυμνῷ
453 2100 524 2135 μόνῳ
546 2099 585 2134 τῷ
600 2099 682 2133 ξίφει,
699 2099 793 2134 ἐτέρου
809 2098 837 2125 δὲ
852 2099 882 2125 τὸ

93 2149 177 2174 ὠτίον
205 2143 373 2182 ἀφελόμενος
386 2147 433 2173 καὶ
445 2146 524 2173 ἄλλον
542 2146 640 2173 ἄλλοσε
658 2145 817 2180 διαστήσεις,
843 2145 880 2176 ὡς
896 2164 918 2192 D

93 2193 141 2219 ἐπὶ
161 2192 195 2218 τὰ
221 2193 295 2226 σφῶν
309 2192 424 2218 ἕκαστον
450 2190 683 2220 ἀπαλλάσσεσθαι,
701 2190 754 2224 ὅλῳ
780 2190 879 2224 ῥυτῆρι

95 2239 165 2274 πρὸς
178 2239 224 2264 τὸν
252 2238 339 2272 μέγαν
357 2239 432 2264 ῐεται
447 2238 527 2267 νεὼν,
540 2237 584 2263 διὰ
604 2237 654 2270 τῆς
677 2235 815 2270 λεωφόρου
833 2236 881 2270 μὲ-

95 2293 147 2319 σης
169 2285 274 2319 καὶτῆς
301 2284 404 2319 ἀγορᾶς
439 2283 515 2310 διιὼν
540 2283 588 2309 καὶ
615 2283 682 2308 πᾶσι
714 2282 880 2317 διαπρυσὶως

95 2330 286 2365 φθεγγόμενος
305 2330 342 2361 ὼς
360 2330 523 2365 διεχρήσατο
547 2331 580 2364 τῇ
612 2328 702 2364 σπάθῃ
726 2328 813 2365 ταύτῃ
829 2328 880 2363 (ἔτι

94 2377 151 2410 γὰρ
164 2376 270 2411 γυμνὴν
286 2376 368 2411 ἔφερε
377 2377 409 2411 τῇ
431 2376 515 2411 χειρὶ)
530 2375 575 2401 τὸν
595 2375 880 2410 ’Λγιοχριστοφορίτην

95 2422 243 2455 Στέφανον.
263 2422 317 2448 Καὶ
340 2423 354 2448 ὁ
369 2422 419 2456 μὲν
435 2421 473 2452 ὡς
487 2420 544 2455 εἶχε
559 2421 605 2447 τὸν
619 2421 690 2447 θεῖον
703 2420 796 2447 είσιὼν
816 2421 879 2448 ναὺν

92 2469 184 2495 ἄνεισι
201 2467 248 2494 τὸν
263 2467 449 2501 ἁνάσταθμον,
466 2468 495 2493 ὃν
508 2468 531 2493 οἱ
546 2468 637 2502 φονεῖς
657 2467 835 2502 ἀνερχόμενοι
850 2467 880 2493 τὺ

91 2513 194 2538 οἰκεῖον
208 2511 479 2547 ἀνακεκαλυμμένως
492 2511 666 2547 διατρανοῦσι
676 2511 729 2546 πλη
735 2511 877 2546 μμέλημα,

91 2558 143 2591 τὴν
176 2557 208 2582 ἐκ
235 2556 290 2582 τῶν
322 2557 462 2583 εἰσιόντων
489 2565 519 2583 τε
557 2556 604 2583 καὶ
631 2556 756 2588 ἐξιόντων
784 2556 814 2582 τὸ
844 2556 880 2582 ἰε-

94 2602 218 2636 ρώτατον
243 2603 358 2636 τέμενος
383 2602 526 2632 αἰτοῦντες
560 2602 755 2637 συγχώρησιν·
793 2602 824 2627 τὸ
851 2601 879 2627 δὲ

94 2646 198 2681 πλῆθος
213 2647 264 2681 τῆς
285 2647 389 2678 πόλεως
402 2646 417 2672 ὃ
442 2645 491 2681 μὲν
525 2646 639 2681 αὐτοψεὶ
658 2647 704 2672 τὸν
745 2646 880 2672 Ἰσαάκιον

93 2692 264 2727 ὲνωπτρικὸς
282 2693 310 2721 ἐς
326 2692 372 2717 τὸν
386 2692 473 2726 μέγαν
504 2691 571 2718 νεὼν
612 2691 805 2724 ἐπελαύνοντα,
820 2692 834 2718 ὃ
850 2692 879 2718 δὲ

93 2741 132 2769 ε“ς
147 2738 233 2773 ἀκοὴν
242 2738 324 2765 ὠτίου
340 2738 487 2772 δεξάμενον
498 2739 527 2765 τὸ
541 2739 673 2774 πραχθὲν,
685 2740 796 2774 συρρέει
809 2740 879 2765 κατὰ

94 2784 251 2819 χιλιοττῦας
267 2784 379 2817 αὐτίκα,
401 2785 482 2810 αὐτόν
512 2794 541 2811 τε
571 2785 703 2820 ὀψόμενον
741 2786 877 2812 Ἰσαέικιον

94 2831 140 2856 καὶ
169 2830 200 2856 τὸ
225 2830 268 2856 ἐπ’
290 2830 363 2864 αὖτξι
385 2831 565 2866 γενητόμενωθ
598 2831 745 2866 ὀφθαλμοῖς
782 2831 869 2857 ἐθέλω

943 224 1017 251 sunt,
1039 221 1069 247 ll
1096 220 1264 254 Septembris
1278 228 1349 248 anno
1363 221 1442 253 6784,
1459 221 1564 254 vesperi
1588 221 1728 254 ingressus

943 265 1073 292 lsaaciutn
1092 265 1260 294 descendere
1279 274 1310 293 ac
1327 274 1356 294 se
1377 266 1453 300 sequi
1474 267 1566 301 jussit.
1595 267 1643 294 illo
1657 274 1726 294 eun-

942 316 1044 343 ctante,
1062 317 1092 339 ut
1106 312 1145 344 tit,
1159 318 1187 339 et
1205 311 1293 339 solum
1303 316 1479 347 conspectum
1492 311 1552 348 ejus
1572 317 1725 340 extremum

942 359 1043 385 malum
1055 359 1207 393 iudicante,
1222 359 1278 386 vim
1296 359 1437 391 adhibuit;
1461 364 1488 386 et
1502 360 1643 386 ministros
1661 366 1726 386 suns

942 406 1102 440 increpavit.
1120 405 1193 440 quod
1209 413 1264 432 non
1277 406 1368 432 statim
1383 406 1409 432 in
1426 407 1594 433 eunctatoris
1609 405 1725 440 capillos

940 457 969 481 et
981 452 1094 480 barbam
1107 452 1259 479 involantes
1274 452 1440 486 praecipitem
1463 452 1606 486 abreptum
1621 456 1649 479 et
1673 459 1724 486 per

941 498 1117 532 ignominiam
1134 499 1270 533 pulsatum
1281 498 1308 525 in
1321 505 1460 524 carcerem
1474 505 1488 524 a
1500 505 1528 525 se
1541 501 1723 524 monstratum

939 544 1020 580 445
1032 544 1174 573 ducerent.
1190 544 1295 578 Quibus
1320 544 1395 579 jussa
1421 544 1603 576 exsceuturis,
1627 543 1673 579 qui
1693 551 1723 571 se

938 591 993 626 jam
1011 591 1082 619 intra
1095 599 1186 619 casses
1201 591 1235 619 ab
1257 591 1304 618 illo
1317 595 1445 618 extensos
1461 598 1521 618 esse
1543 594 1678 623 cerneret,
1695 594 1724 617 et

941 642 1015 664 metu
1032 641 1060 664 et
1073 638 1135 664 vita:
1150 638 1299 672 cupiditate
1313 637 1429 673 objecta.
1445 637 1467 664 si
1483 644 1536 671 quo
1561 636 1640 663 modo
1653 644 1725 663 mor.

941 689 994 711 tem
1010 684 1137 717 cvitaret,
1151 684 1194 711 vel
1211 684 1302 718 potius
1320 684 1383 718 quia
1405 683 1466 718 fuga
1492 682 1614 717 undique
1642 683 1726 709 inter-

940 730 1015 758 clusa
1032 736 1153 758 eratnee
1172 738 1286 765 usquam
1309 731 1378 758 elabi
1405 734 1524 765 poterat,
1543 729 1652 756 fortiter
1674 735 1725 762 pu«

940 783 1023 810 gnare
1042 776 1176 807 instituit;
1196 781 1222 802 et
1236 781 1264 803 ut
1286 781 1345 803 erat
1373 775 1448 802 nudo
1476 775 1575 809 capite.
1604 773 1725 800 bieolore

941 821 1031 849 tunica
1058 822 1091 849 ad
1111 822 1219 848 lumbos
1235 821 1420 849 descendente
1435 829 1467 848 ac
1481 820 1580 847 deinde
1597 818 1722 846 bifariam

941 868 1027 895 divisa
1046 868 1170 899 indutus,
1184 868 1344 896 conscendit
1367 874 1466 902 equum
1492 871 1519 893 ct
1545 865 1640 892 stricto
1657 871 1724 892 ense

940 914 966 940 in
980 912 1285 948 llagioabristopboritze
1298 917 1380 948 caput
1394 913 1457 939 ruit.
1471 913 1495 939 Is
1509 911 1603 938 lsaacii
1620 911 1721 944 impetu

939 964 1034 994 aperte
1053 959 1079 986 in
1103 960 1205 987 emdem
1228 960 1334 986 ruentis
1349 959 1461 986 territus
1480 957 1633 985 calcaribus
1650 956 1722 983 mula

938 1005 1056 1032 subditis
1072 1005 1160 1041 fugam
1176 1005 1304 1037 molitur;
1327 1005 1374 1032 sed
1394 1009 1539 1038 antequam
1557 1006 1634 1038 porta
1646 1007 1724 1036 egre-

938 1053 1058 1084 deretur,
1075 1052 1204 1079 lctltalcm
1227 1051 1345 1080 lsaacitts
1369 1050 1474 1085 plagam
1492 1049 1517 1075 ei
1536 1048 1630 1078 infert.
1645 1047 1720 1074 calva

936 1108 986 1132 per
1000 1099 1119 1127 medium
1133 1098 1215 1135 446
1230 1099 1360 1129 dissecta,
1376 1104 1495 1131 eumque
1512 1095 1625 1130 pecudis
1637 1094 1723 1121 instar

938 1145 964 1172 in
983 1153 1033 1172 suo
1048 1145 1180 1180 sanguine
1203 1144 1383 1179 palpitantem
1405 1150 1420 1168 a
1448 1141 1564 1169 canibus
1586 1140 1721 1166 devoran-

937 1191 1001 1218 dum
1025 1191 1166 1226 relinquit.
1196 1191 1230 1217 Et
1256 1197 1317 1217 cum
1334 1196 1368 1215 ex
1393 1188 1453 1222 ejus
1479 1185 1613 1212 ministris
1637 1183 1720 1211 alium

937 1239 996 1264 solo
1012 1237 1106 1276 stricto
1120 1237 1211 1272 gladio
1236 1235 1366 1270 fugasset,
1393 1233 1439 1260 alii
1456 1232 1607 1259 auriculam
1623 1237 1721 1264 ampu-

937 1288 1031 1316 tasset,
1053 1284 1121 1310 alios
1143 1283 1306 1317 disiecisset,
1328 1285 1357 1307 ut
1373 1280 1484 1308 domum
1503 1279 1619 1313 qvisque
1642 1284 1719 1304 suam

936 1333 1132 1359 reverteretur,
1158 1328 1226 1355 laxis
1248 1326 1363 1353 habenis
1385 1324 1416 1352 ad
1444 1330 1569 1358 magnum
1588 1321 1718 1355 templum

936 1373 1095 1406 contendit;
1120 1378 1147 1400 et
1174 1372 1237 1400 dum
1263 1379 1310 1406 per
1334 1369 1451 1397 mediam
1476 1370 1548 1395 \iam
1575 1372 1601 1394 et
1628 1366 1739 1407 forum.

935 1420 1068 1449 cursitat.
1082 1419 1135 1446 alta
1160 1426 1227 1445 voee
1248 1418 1347 1445 clamat
1364 1424 1392 1444 se
1409 1423 1443 1443 eo
1456 1422 1533 1446 ense,
1559 1420 1640 1449 quem
1655 1412 1719 1439 stri-

936 1471 1008 1492 ctum
1030 1465 1120 1492 adhuc
1137 1465 1299 1493 sustinebat.
1314 1459 1644 1497 llagiocltristopltoritam
1660 1457 1720 1485 Stc-

935 1511 1055 1546 ptumum
1069 1510 1214 1538 occidisse.
1241 1509 1383 1544 Templum
1407 1516 1440 1535 co
1462 1507 1557 1535 habitu
1582 1506 1720 1540 ingressus

934 1565 993 1584 eam
1010 1556 1101 1584 sedem
1125 1555 1299 1584 conscendit.
1330 1555 1356 1581 in
1388 1561 1441 1588 qua
1468 1551 1613 1580 homicidae
1638 1557 1718 1577 suum

937 1602 1042 1628 facinus
1060 1604 1229 1635 exponentes
1245 1599 1280 1626 ab
1295 1597 1514 1634 ingredientibus
1529 1601 1555 1623 ct
1574 1595 1719 1631 egredien-

937 1647 1009 1674 tibus
1024 1647 1129 1674 veniam
1149 1650 1256 1681 petunt.
1275 1645 1384 1673 Urbana
1401 1652 1467 1671 vero
1485 1641 1643 1673 multitudo,
1659 1647 1719 1675 quae

934 1694 1034 1729 partim
1061 1693 1194 1720 lsaacium
1224 1693 1393 1726 equitantem
1420 1689 1528 1717 viderat
1559 1687 1658 1723 partim
1685 1694 1718 1713 ex

933 1739 995 1766 aliis
1015 1738 1041 1765 id
1063 1738 1168 1765 facinus
1187 1737 1321 1769 audierat,
1348 1735 1466 1762 maximo
1493 1740 1610 1760 numero
1625 1731 1716 1759 statim

933 1785 965 1811 ad
998 1784 1126 1818 templum
1145 1783 1269 1813 conﬂuit.
1293 1787 1350 1809 ttun
1375 1786 1405 1808 ut
1422 1781 1511 1815 ipsum
1531 1779 1621 1806 videat
1646 1778 1719 1805 Isaa-

933 1830 1018 1859 cium,
1052 1834 1108 1855 tum
1148 1832 1177 1854 ut
1201 1827 1267 1862 quid
1294 1827 1328 1854 de
1347 1834 1379 1853 eo
1409 1826 1532 1853 futurum
1563 1823 1598 1851 sit
1625 1829 1716 1850 coram

934 1875 1084 1902 intueatur.
1109 1873 1209 1901 Omnes
1226 1873 1299 1899 enim
1322 1872 1456 1907 putabant
1477 1877 1539 1896 eum
1562 1873 1625 1896 ante
1652 1867 1718 1894 solis

933 1928 1062 1947 occasum
1091 1920 1125 1946 ab
1151 1918 1308 1946 Andronico
1335 1916 1562 1951 comprehensum
1585 1913 1663 1940 novis
1691 1916 1718 1938 et

933 1966 1075 2000 exquisitis
1089 1965 1234 1993 tormentis
1248 1964 1369 1991 occisum
1385 1963 1429 1993 iri.
1445 1970 1459 1989 a
1477 1965 1632 1988 veteratore
1646 1959 1672 1985 in
1686 1965 1718 1984 ea

933 2020 962 2039 re
986 2011 1215 2047 iugeniosissimo.
1235 2010 1337 2037 Eodem
1360 2017 1389 2036 se
1411 2007 1519 2036 confert
1539 2005 1719 2038 eamdemque

933 2058 1094 2085 seditionem
1115 2057 1190 2084 fovet
1220 2056 1314 2083 lsaacii
1338 2060 1452 2090 patruus
1480 2053 1568 2080 Ducas
1598 2051 1718 2078 Joannes

933 2105 1046 2139 ejusque
1069 2104 1140 2130 filius
1162 2102 1292 2133 lsaacius,
1307 2110 1361 2129 non
1375 2100 1447 2136 quod
1475 2100 1502 2126 in
1519 2098 1599 2134 M7
1618 2097 1717 2131 llagio-

934 2150 1157 2183 cltrislopltoritae
1168 2149 1268 2176 czedem
1282 2147 1483 2181 conspirassent
1495 2152 1582 2179 eoque
1596 2144 1716 2171 facinore

932 2204 960 2223 se
978 2196 1199 2226 oltstrinxissent,
1214 2195 1260 2221 sed
1284 2194 1356 2229 quod
1377 2200 1475 2220 nosam
1501 2190 1656 2225 sponsionis
1671 2197 1717 2215 co-

931 2241 1026 2268 mitem
1043 2248 1103 2268 esse
1121 2244 1221 2267 norant
1239 2248 1245 2267 :
1270 2247 1333 2266 nam
1360 2238 1405 2265 alii
1432 2246 1480 2272 pro
1500 2238 1560 2264 aliis
1581 2235 1718 2271 spondere

930 2285 1017 2312 coacti
1028 2285 1107 2311 ﬁdem
1118 2283 1275 2311 Andronico
1285 2282 1447 2318 syngraphis
1457 2282 1605 2308 firmarent.
1613 2279 1652 2306 Ad
1661 2279 1718 2305 ha'e

930 2332 987 2363 alii,
1000 2336 1030 2358 ut
1041 2331 1152 2366 jamjam
1163 2328 1414 2364 cotnpreltendendi
1433 2332 1461 2354 et
1476 2325 1630 2358 occidendi,
1662 2332 1718 2359 prre

931 2381 1006 2403 metu
1023 2375 1154 2403 dentibus
1166 2374 1330 2405 stridebant,
1345 2377 1373 2400 et
1391 2372 1574 2407 promiscuam
1597 2370 1716 2400 turbam.

931 2429 992 2457 quze
1002 2422 1029 2448 in
1044 2420 1349 2455 tetnplnmconﬂukcrat
1363 2426 1396 2446 ac
1410 2418 1527 2446 subinde
1542 2416 1717 2446 occurrebat.

931 2475 1028 2502 magna
1041 2467 1220 2494 contentione
1238 2466 1370 2500 rogabant
1393 2469 1528 2492 utsecutn
1542 2468 1667 2490 maneret
1689 2465 1718 2488 et

930 2521 980 2548 pro
996 2513 1067 2540 virili
1086 2520 1165 2547 opem
1181 2512 1267 2539 ferret
1284 2511 1311 2538 in
1337 2518 1445 2538 summo
1470 2509 1593 2544 periculo
1613 2506 1716 2534 consti-

931 2553 1008 2585 tutisl
1021 2557 1116 2591 Neque
1133 2557 1246 2583 deerant
1264 2564 1308 2590 qui
1341 2555 1374 2582 iis
1401 2552 1532 2589 precibus
1551 2557 1579 2580 et
1595 2552 1715 2579 adversa:

930 2603 1048 2630 fortuna:
1061 2611 1124 2630 casu
1142 2602 1175 2629 ad
1191 2601 1407 2629 misericordiam
1423 2599 1533 2626 adducti
1550 2602 1714 2625 annucrent.

929 2649 997 2677 Cum
1013 2657 1079 2676 vero
1105 2656 1186 2675 nemo
1211 2649 1244 2675 ab
1261 2649 1426 2682 imperatore
1454 2645 1561 2672 adesset
1585 2644 1631 2679 qui
1656 2643 1716 2670 illas

930 2703 974 2722 res
986 2703 1057 2730 ξρετε
1080 2695 1175 2724 ferret.
1198 2702 1251 2722 non
1276 2701 1373 2728 genere
1387 2693 1518 2722 illustres,
1533 2699 1588 2717 non
1610 2689 1716 2717 Andro-

930 2730 984 2768 tiiei
1002 2741 1094 2772 amici,
1114 2749 1167 2767 non
1183 2739 1347 2774 bipenniferi
1360 2737 1487 2768 Barbari,
1504 2744 1559 2772 non
1574 2735 1714 2771 purpurati

931 2787 1052 2817 Μοίρι-οε,
1071 2787 1191 2821 denique
1204 2792 1285 2812 nemo
1302 2791 1425 2818 prorsus,
1448 2782 1588 2809 crescebat
1601 2781 1713 2808 audacia

930 2831 1068 2863 fat-tionis,
1096 2836 1122 2857 ut
1143 2830 1170 2857 in
1196 2829 1241 2856 illa
1267 2828 1429 2863 impunitate
1444 2826 1584 2855 liberrime
1606 2827 1714 2862 quidvis
