1944 3077
110 164 167 196 725

651 164 700 194 DE
719 164 870 194 ISAACIU
891 164 1040 194 ANGELO
1057 163 1130 194 LIB.
1153 165 1178 194 1.

1681 160 1735 193 726

148 220 204 247 Καὶ
223 218 296 247 οὕτω
311 219 361 255 μὲν
372 220 404 247 ού
421 220 496 254 μεῖον
510 219 526 255 ἢ
539 218 607 247 δέκα
624 219 743 255 χιλιάδες
769 219 900 254 μαχίμων

987 219 1091 247 Ferunt
1103 223 1193 247 autem
1210 218 1310 246 multas
1331 225 1415 246 naves
1431 225 1493 246 cum
1510 217 1669 246 vectoribus
1688 219 1738 246 ad-

110 267 221 302 ὰνδρῶν
237 267 266 292 ὲν
285 266 376 293 τοῖσδε
397 267 453 297 τοῖς
474 267 605 301 πολέμοις
633 266 773 293 ἀπώλοντο
786 274 794 282 ·
821 267 900 294 αὐτοὶ

109 314 141 341 δὲ
159 315 183 340 οξ
199 312 392 347 ζωγρηθέντες
408 314 470 339 κατ’
494 313 668 347 ἀμφοτέρους
684 314 748 345 τοὺς
762 313 899 347 πολέμους

112 360 185 394 ὑπὲρ
215 359 263 390 τὰς
296 359 434 394 τέσσαρας
461 358 584 393 χιλιάδας
616 359 815 394 ἀριθμούμενοι
838 361 899 391 ταῖς

112 405 260 440 δημοσίαις
275 405 415 439 φυλακαῖς
432 405 623 441 ὲνείρχοησαν.
640 404 685 440 Μὴ
703 406 734 432 ἐκ
751 405 902 440 βασιλικῶν

111 451 142 477 δὲ
157 451 351 486 ψωμιζόμενοι
367 451 501 485 ταμιείων
519 451 536 486 ἦ
555 460 630 482 τινος
651 451 705 478 τῶν
728 452 777 478 ὅσα
803 451 834 478 τδ
852 451 902 486 ζῇν

114 497 267 532 συνίστησι
290 497 544 532 μεταλαγχάνοντες
570 498 683 525 ἄλλοθέν
706 497 798 530 ποθεν,
828 497 903 532 ἄρτῳ

112 544 142 571 δὲ
155 544 228 578 μόνῳ
241 543 391 574 διαζῶντες
407 544 605 578 χορηγουμένῳ
621 544 688 578 πρὸς
703 545 757 570 τῶν
771 544 903 577 θεοφιλῶς

115 590 365 623 ὲπισκεπτομὲνων
384 590 449 621 τοὺς
463 591 492 615 ὲν
512 591 572 621 ταῖς
589 590 722 624 εἱρκταῖς,
738 590 831 621 κακῶς
856 591 904 624 ἑφ-

113 635 249 670 θείροντο,
264 634 332 661 ὥσθ’
353 636 368 661 ὁ
383 635 433 670 τὴν
448 635 537 670 ἀρχὴν
552 636 601 669 τῆς
627 636 751 667 Σικελίας
775 635 904 672 χειρίζων

114 681 163 706 καὶ
175 680 225 715 τὴν
246 679 306 706 τότε
320 680 393 707 κατὰ
411 680 556 714 Ῥωμαίων
568 681 674 716 κίνησιν
687 681 809 716 θέμενος,
826 681 905 708 τοῦτο

115 726 270 760 πυθόμενος
291 725 336 752 διὰ
362 726 539 761 γραμμάτων
565 727 610 754 τὸν
632 727 746 760 βασιλέα
775 727 818 763 ΙΙ).
841 727 904 762 234]

116 771 267 807 ἐχλεύαζεν
287 773 325 804 ὡς
341 772 561 807 ἀφιλανθρώττως
578 773 666 800 ἐῶντα
681 774 754 809 λιμῷ
769 775 816 801 καὶ
835 783 906 808 γυμ-

115 819 210 853 νότητι
225 819 459 853 παραπόλλυσθαι
478 820 599 854 τηλίκων
622 821 670 847 καὶ
695 821 833 847 τοσούτων
849 821 906 848 στί-

115 873 167 900 χας
190 864 306 898 ἀνδρῶν,
336 866 460 900 ἐναργῶς
488 866 537 900 μὲν
568 867 712 901 ἀραμένων
737 867 808 894 ὅπλα
837 868 905 894 κατὰ

122 911 269 946 Ῥωμαίων
281 911 357 947 νόμῳ
374 912 507 947 πολέμου,
536 913 710 948 Χριστιανῶν
735 914 758 940 δ’
773 914 849 949 ὅμως
862 914 907 940 ἤν-
923 903 944 929 Β

116 956 247 982 των-καί
274 957 299 983 οι
329 957 557 992 παραδεδομένων
580 959 619 990 είς
635 959 731 994 χεῖρας
750 959 802 985 ὑπὸ
826 959 906 985 Θεοῦ.

118 1001 226 1037 Χρῆναι
248 1002 271 1028 δ’
288 1002 365 1036 ἔλεγε
380 1003 427 1030 τὸν
443 1003 561 1030 νικῶντα
579 1004 594 1038 ἢ
617 1005 809 1038 πανωλεθρίαν
827 1005 909 1036 εὐθὺς

119 1048 176 1074 τῶν
191 1047 391 1083 ζωγρηθέντων
408 1050 662 1085 καταψηφίζεσθαι,
689 1051 729 1083 είς
745 1051 840 1086 θηρίου
857 1051 908 1085 φύ-

119 1094 211 1120 σιν-ἑκ
229 1094 329 1120 πολλοῦ
348 1094 396 1121 τοῦ
426 1095 584 1129 παραλόγου
612 1095 834 1129 μεταμειφθέντιι
863 1095 909 1121 καὶ

118 1137 166 1164 τὸν
179 1138 350 1173 ἀνθρώπινον
363 1139 445 1174 νόμον
458 1139 708 1175 παραὸλεψάμενον
718 1149 724 1156 ·
741 1140 757 1175 ἦ
776 1140 814 1175 μὴ
831 1140 907 1167 δοκι-

121 1185 249 1219 μάσαντα
275 1185 365 1218 τοῦτο,
393 1186 574 1219 συνειληφότα
591 1186 620 1212 δὲ
644 1187 692 1212 καὶ
713 1186 908 1221 καθείρξαντα,

118 1230 223 1265 τρύφος
240 1231 306 1264 γοῦν
318 1231 589 1266 ἄρτουδιαθρύπτειν
605 1233 795 1267 ὀκτάϐλωμον,
810 1234 833 1260 εἰ
846 1234 910 1267 περὶ

119 1276 170 1311 τὴν
185 1276 283 1310 διαρκῆ
299 1277 434 1312 διαίτησιν
449 1277 652 1313 κιμΰικεύεται,
678 1279 745 1306 ἀλλὰ
767 1280 803 1314 μὴ
825 1288 911 1315 τιμω-

121 1324 178 1357 ρεῖν
194 1324 242 1350 τοῦ
260 1323 303 1350 διὰ
321 1324 416 1358 ξίφους
434 1324 481 1351 καὶ
513 1325 613 1351 αὐτίκα
631 1325 716 1360 μόρου
743 1326 912 1360 μακρότερα,

120 1369 268 1403 λιμώττειν
282 1371 436 1406 παρεικότα
459 1371 506 1398 καὶ
521 1371 634 1406 παγετῷ
654 1372 702 1398 καὶ
718 1372 817 1407 κρυμῷ
838 1372 914 1407 διαρ-

121 1416 276 1451 ρήγνυσθαι
293 1417 387 1449 κακῶς
399 1418 450 1453 τὴν
460 1417 560 1453 ψυχὴν,
578 1419 626 1445 καὶ
642 1419 723 1453 φόνου
736 1419 827 1444 αἰτίαν
843 1418 913 1444 ὲπά-

951 265 1040 293 vcrsis
1067 266 1157 293 ventis
1180 269 1208 293 et
1233 265 1392 293 turbinibus
1413 265 1553 292 demersas
1579 272 1650 298 esse,
1669 266 1738 293 alias

952 313 1050 340 morbo
1064 317 1092 340 et
1103 313 1174 340 fama
1189 314 1346 341 exhaustas.
1360 313 1398 341 lta
1416 322 1431 340 x
1447 313 1568 341 millibus
1582 313 1656 341 haud
1671 321 1739 349 pau-

952 359 1043 386 ciores
1060 359 1104 386 his
1119 359 1200 387 bellis
1215 359 1367 394 perierunt.
1382 359 1458 387 Ultra
1476 367 1502 387 iv
1517 359 1602 386 millia
1620 364 1739 393 utroque

952 405 1025 432 bello
1039 405 1066 432 iu
1085 413 1210 433 carceres
1225 405 1341 438 inclusa,
1358 413 1420 432 cum
1434 405 1503 433 nihil
1520 406 1554 433 ab
1570 406 1739 440 imperatore

956 456 1005 478 aut
1032 451 1144 478 aliunde
1174 452 1400 486 suppeditaretur
1425 456 1525 487 praeter
1550 459 1661 486 panem,
1692 451 1739 486 qui

953 498 1063 533 pictatis
1079 506 1145 534 ergo
1168 506 1183 526 α
1212 499 1353 526 nonnullis
1377 499 1649 528 subministrabatur.
1669 499 1743 526 male

955 545 1109 579 perierunt.
1125 544 1185 577 Quo
1202 552 1250 571 rex
1267 544 1379 575 Sicilire,
1396 544 1468 571 illius
1487 544 1551 571 belli
1566 549 1674 575 auctor,
1691 552 1741 572 au-

954 589 1013 616 dito
1038 589 1198 624 imperatori
1223 598 1272 625 per
1294 590 1400 619 litteras
1424 589 1623 616 immanitatem
1641 597 1741 624 expro-

956 635 1057 667 bravit,
1074 635 1120 670 qui
1138 635 1208 662 fame
1226 640 1253 662 et
1278 635 1361 671 476
1376 635 1477 670 frigore
1497 639 1538 662 tot
1552 635 1625 662 viros
1649 636 1743 669 perire

956 686 1106 716 pateretur,
1124 681 1182 716 qui,
1199 681 1250 709 etsi
1260 689 1336 709 more
1353 681 1418 708 belli
1430 686 1525 716 aperte
1542 689 1617 708 arma
1634 681 1744 708 intulis-

956 732 1029 759 sent,
1047 731 1137 755 tamen
1151 727 1301 755 Christiani
1319 732 1414 755 essent
1436 731 1463 754 et
1484 735 1499 754 a
1517 727 1572 754 Deo
1600 727 1627 754 in
1644 735 1743 754 manus

956 774 1017 807 ejus
1034 773 1134 801 traditi.
1153 774 1220 801 Esse
1240 780 1331 801 autem
1355 782 1370 801 a
1385 774 1488 802 victore
1513 778 1560 801 aut
1581 773 1675 808 statim
1699 781 1746 800 ca-

956 820 1022 856 pilis
1049 820 1219 848 damnandos
1246 820 1378 856 captivos.
1403 820 1493 847 omnis
1513 820 1694 847 humanitatis
1709 819 1747 847 ob

959 866 1116 900 insperatos
1132 874 1277 896 successus
1293 866 1379 894 oblito
1399 871 1427 894 et
1439 866 1466 893 in
1488 866 1574 893 feram
1591 873 1743 897 converso:

959 911 1041 938 autsi
1056 910 1081 938 id
1100 911 1179 943 nolit,
1193 912 1290 938 saltem
1312 911 1430 938 frustum
1452 911 1530 945 panis
1553 910 1669 945 captivis
1693 911 1748 937 im-V

958 956 1146 991 pertiendum,
1165 957 1187 984 si
1210 956 1246 984 ita
1262 956 1393 984 sordidus
1408 957 1444 984 sit
1460 961 1489 983 ut
1507 963 1556 984 eos
1572 956 1645 984 alere
1662 955 1743 982 nolit.

958 1002 1015 1029 Etsi
1045 1002 1119 1030 enim
1148 1011 1197 1030 eos
1221 1003 1312 1038 gladio
1336 1011 1391 1030 non
1423 1003 1542 1038 trajiciat
1576 1010 1629 1030 nec
1658 1002 1744 1030 telum

958 1053 1104 1075 cruentum
1116 1056 1132 1076 e
1149 1049 1302 1076 visceribus
1317 1056 1411 1076 eorum
1425 1049 1564 1080 extrahat,
1577 1052 1668 1075 tamen
1682 1055 1744 1075 cum

958 1101 1007 1120 eos
1035 1094 1136 1129 frigore
1163 1100 1190 1123 et
1219 1095 1289 1123 fame
1315 1096 1467 1123 crudeliter
1494 1095 1633 1126 conficiat,
1658 1095 1746 1121 nihilo

960 1140 1052 1182 minus
1076 1141 1157 1169 cadis
1182 1149 1242 1169 esse
1272 1149 1361 1169 reum.
1387 1142 1481 1176 Neque
1511 1141 1585 1169 enim
1613 1141 1746 1168 interesse

964 1191 1056 1214 utrum
1078 1187 1136 1222 ipse
1162 1187 1271 1214 occidas
1301 1196 1335 1215 an
1363 1188 1445 1214 caedis
1472 1195 1582 1215 causam
1612 1187 1745 1222 praebeas.

961 1231 1064 1259 Verum
1091 1231 1242 1267 imperator
1257 1232 1317 1261 istis
1340 1232 1443 1261 litteris
1467 1241 1561 1268 parum
1587 1237 1679 1260 motus
1696 1233 1748 1259 mi-

967 1287 1044 1307 seros
1059 1280 1167 1308 Siculos
1182 1289 1260 1316 aeque
1280 1285 1310 1308 ut
1324 1286 1404 1308 antea
1424 1281 1514 1316 perire
1535 1281 1652 1312 sinebat,
1670 1280 1748 1315 quasi

961 1333 1027 1353 vero
1044 1326 1142 1354 liceret
1155 1326 1287 1362 quicquid
1305 1327 1440 1355 libuisset.
1462 1327 1539 1361 Smpe
1558 1327 1641 1361 igitur
1650 1325 1747 1353 eodem

963 1371 1008 1399 die
1021 1372 1079 1399 bini
1097 1377 1124 1399 et
1142 1373 1224 1405 terni,
1246 1373 1305 1401 sine
1316 1373 1432 1406 inferiis,
1447 1378 1570 1400 extrema
1586 1372 1700 1405 lotione,
1720 1371 1749 1398 in

965 1419 1123 1446 ccemeteria
1139 1423 1166 1447 et
1183 1427 1315 1447 cavernas
1332 1419 1560 1455 conﬁciebantur,

121 1463 232 1496 γεσθαι,
251 1465 275 1490 εί
288 1466 335 1490 καὶ
351 1465 389 1500 μὴ
408 1466 442 1492 τὰ
470 1465 570 1500 στέρνα
591 1465 712 1500 διατορεί
734 1465 827 1500 δόρατι
850 1464 865 1500 ἣ
882 1464 912 1490 τὸ
934 1464 1010 1499 βέλος
1028 1465 1222 1500 ἁρπαζόμενον
1253 1467 1308 1497 τοῖς
1343 1467 1490 1501 σπλάχνοις
1510 1466 1557 1492 καὶ
1575 1464 1752 1500 ἐμϐαπτόμε-

121 1515 168 1534 νον
183 1507 333 1540 δείκνυσιν,
344 1509 407 1535 ἐπεὶ
422 1509 491 1544 μηδὲ
507 1509 650 1545 διαφέρειν
665 1509 695 1535 τὸ
712 1509 844 1544 φονεῦσαι
877 1509 924 1534 καὶ
944 1509 1026 1543 φόνου
1044 1512 1198 1545 παρασχεῖν
1231 1511 1379 1545 πρόφασιν.
1395 1510 1525 1541 Βασιλεὺς
1538 1509 1566 1536 δὲ
1577 1510 1643 1536 ὠσὶν
1656 1510 1751 1544 ἄκροις

120 1551 347 1586 παραδεξάμενος
369 1553 402 1579 τὰ
421 1553 594 1587 γραφόμενα,
613 1552 689 1579 εῐασε
705 1553 767 1584 τοὺς
788 1553 907 1584 τάλανας
926 1553 1055 1585 Σικελοὺς
1069 1554 1108 1585 ὡς
1120 1554 1253 1590 πρότερον
1265 1554 1418 1589 φοίνεσοαι,
1438 1555 1476 1585 ὡς

1514 1555 1544 1581 ἐν
1578 1554 1652 1588 αύτῷ
1676 1554 1752 1585 ὄντος

122 1596 170 1623 τοῦ
185 1596 199 1623 ὃ
214 1596 241 1623 τί
257 1597 317 1623 ποτ’
335 1597 368 1623 ἂν
381 1597 481 1628 αὐτοὺς
497 1597 620 1632 βούλοιτο
630 1597 740 1632 δρᾶσαι.
754 1597 854 1623 Σύνδυο
882 1595 929 1623 οὖν
949 1598 996 1624 καὶ
1013 1598 1140 1634 σύντρεις
1166 1599 1297 1630 πολλάκις
1311 1599 1360 1633 τῆς
1383 1599 1490 1634 ἡμέρας
1527 1598 1751 1632 ὲκκομιζόμευοι,

122 1641 312 1675 νεκροταφίων
348 1641 460 1676 ἄμοιροι
486 1641 535 1668 καὶ
572 1641 640 1677 ἄτερ
669 1641 725 1668 τῶν
749 1641 914 1668 τελευταίων
935 1641 1067 1678 λουτρῶν,
1104 1643 1175 1669 κατὰ
1209 1643 1264 1669 τῶν
1283 1641 1469 1678 πολυανδρίων
1484 1641 1691 1676 ἑξετινάσσοντο
1705 1647 1751 1671 καὶ

121 1684 226 1712 καταδύ
231 1693 299 1711 σεων
307 1720 310 1723 .
317 1684 372 1711 τῶν
388 1685 534 1719 ὑπογείων.

160 1731 287 1763 Καθίσας
300 1731 322 1758 δ’
338 1732 352 1758 6
371 1731 501 1766 βασιλεὺς
521 1732 565 1758 ἐπὶ
579 1733 677 1767 δίφρου
694 1733 914 1768 χρυσοκολλήτου
930 1737 950 1766 C

123 1779 173 1807 καὶ
199 1778 313 1813 περιὸὺς
329 1778 379 1813 τὴν
407 1779 591 1814 λιθόστρωτον
615 1779 759 1815 τήϐενναν,
788 1779 864 1815 βῆμά
886 1789 916 1807 τε

126 1825 410 1861 πολυανθρωπότατον
425 1825 574 1860 ἡθροικὼς.
592 1825 630 1857 ὡς
650 1826 692 1860 εἴη
719 1827 755 1861 μὴ
769 1828 824 1858 τοῖς
837 1826 916 1853 άλλο-

126 1871 228 1907 φώνοις
245 1872 327 1906 μόνον
338 1871 405 1898 ἀλλὰ
423 1872 540 1904 καὶτοῖς
562 1871 714 1907 Ῥωμαίοις
735 1873 828 1903 αὐτοῖς
853 1873 916 1899 ἐπι-

125 1919 297 1954 φοϐώτατος,
314 1918 476 1952 εἰσάγεσθαι
500 1917 610 1944 κελεύει
629 1919 693 1949 τοὺς
708 1918 757 1944 τοῦ
772 1917 916 1945 Σικελικοῦ

126 1967 338 2002 στρατεύματος
350 1964 503 2001 ἀρχηγοὺς,
518 1965 621 2001 δηλαδὴ
637 1965 682 1992 τὸν
706 1965 857 1992 ’Λλδουῗνον
870 1965 918 1993 καὶ

125 2015 172 2040 τὸν
193 2012 364 2047 Ῥιτζάρδον,
378 2013 410 2039 Οί
422 2013 450 2039 δὲ
470 2012 500 2039 τδ
516 2012 627 2047 ἐριῶδες
639 2013 690 2046 τῆς
707 2012 831 2046 κεφαλῆς
852 2012 919 2038 Euro-

129 2060 242 2094 θέμενοι
267 2058 402 2093 κάλυμμα
432 2058 479 2085 καὶ
506 2058 706 2091 δουλικωτέραν
731 2058 918 2093 προσκύνησιν

127 2104 533 2139 ἁπονείμαντες,ὴρωτήθησαν
547 2104 624 2139 παρὰ
634 2103 681 2130 τοῦ
699 2103 831 2140 βασιλέως
845 2105 919 2136 ὅπως

129 2151 211 2178 αύτδν
222 2151 332 2186 χριστὸν
350 2150 415 2177 ὄντα
426 2150 529 2185 Κυρίου
541 2150 727 2184 ἐκακολόγουν
740 2152 768 2177 ὲν
784 2152 840 2181 τοῖς
852 2150 919 2190 πρὸς

129 2198 213 2224 αὐτὸν
232 2197 407 2232 γράμμασιν,
426 2197 484 2223 οὐδὲ
503 2196 554 2229 μὲν
571 2197 684 2228 δικαίως
704 2196 812 2231 ἔχοντες
836 2198 919 2230 ἐπεγ-

130 2244 236 2274 καλεῖν,
254 2244 287 2278 τῇ
305 2243 327 2269 δ’
342 2243 481 2279 ἔνεστώσῃ
494 2242 564 2279 τύχῃ
580 2243 656 2278 παρὰ
670 2243 699 2268 τὸ
711 2243 770 2269 δέον
782 2242 921 2278 χρώμενοι

131 2290 180 2317 καὶ
196 2289 381 2324 κυδρούμενοι
398 2289 446 2316 καὶ
475 2289 514 2324 τῷ
538 2289 657 2325 ὴττῆσαι
676 2289 749 2315 κατὰ
774 2290 876 2324 κράτος
891 2289 921 2315 τδ

131 2333 264 2368 πολέμιον
278 2334 446 2367 φυσώμενοι.
457 2334 541 2364 Αὐτὸς
554 2334 607 2369 γὰρ
617 2335 630 2361 ό
640 2334 767 2369 βασιλεὺς
786 2335 921 2365 Ὶσαάκιος

131 2380 182 2414 τὴν
200 2379 344 2414 βασιλείαν
360 2379 425 2413 ἄρτι
443 2379 624 2414 παραλαϐὼν,
642 2379 773 2414 πρέσὸεις
792 2379 919 2405 ἀποστεί-

131 2426 181 2457 λας
202 2425 243 2452 ἔτι
258 2425 308 2460 τῆς
324 2425 442 2460 Λατίνης
463 2427 594 2460 στρατιᾶς
612 2424 787 2459 συνεστώσης
803 2424 879 2451 ούδέν
893 2433 919 2451 τι

132 2471 188 2498 τῶν
208 2472 276 2506 πρὸς
300 2470 450 2506 διαλλαγὴν
474 2471 614 2505 φερόντων
635 2472 692 2502 τοῖς
718 2469 920 2505 στρατηγοῦσιν

134 2518 251 2552 ἐλάλησα
279 2517 327 2543 τοῦ
349 2517 471 2544 ἐναντίου
498 2517 717 2551 στρατεύματος,
738 2518 806 2551 μήτε
820 2515 919 2551 δώροις

134 2564 263 2598 ἀγάλλων
279 2563 344 2598 μήτ’
362 2563 468 2595 εὐνοίας
487 2562 662 2598 ὑπαγόμενος
679 2563 849 2597 πλάσμασιν,
865 2562 923 2588 ἀλλ’

135 2611 294 2642 ἐπιστείλας
312 2611 500 2646 ἀρχικώτερον
526 2612 573 2637 καὶ
602 2611 703 2641 πάσαις
733 2610 781 2644 μὲν
808 2610 921 2640 αἰτίαις,

135 2660 203 2684 πᾶσι
218 2659 246 2683 δὲ
263 2657 368 2692 βάλλων
394 2656 566 2692 ἐγκλήμασιν
582 2656 763 2690 ἐσοϐαρεύετο
791 2656 860 2690 πρὸς
875 2654 924 2681 ἄν·

134 2706 200 2739 δρας
216 2703 256 2729 ἔτι
268 2704 402 2734 νικῶντας
413 2703 482 2730 κάπὶ
496 2702 559 2734 τοὺς
571 2702 677 2729 ἑαυτῶν
692 2702 775 2733 πόδας
799 2701 923 2732 τιθέντας

136 2750 211 2776 ἅπαν
225 2749 255 2775 τὸ
270 2750 300 2774 ὲν
321 2749 481 2783 Ῥωμαίοις,
501 2749 547 2775 καὶ
560 2749 591 2775 τὸ
616 2749 716 2775 οἰκεῖον
732 2748 861 2782 ἀνυμνῶν
885 2747 923 2780 ξίο

135 2805 183 2830 φης
199 2796 248 2822 καὶ
270 2795 431 2830 μεγαλύνων
452 2795 490 2827 ὡς
513 2794 722 2830 τμητικώτατον
745 2794 922 2830 διηπειλεῖτο,

135 2843 178 2877 ἐφ’
206 2839 246 2873 οἷς
272 2842 314 2868 ἔτι
336 2842 505 2876 διηπορεῖτο,
532 2842 722 2876 ἐξολόθρευσιν
758 2842 848 2869 αὐτῶν
876 2841 924 2867 καὶ

138 2889 287 2922 ἀπώλειαν,
306 2889 328 2915 εί
345 2890 383 2924 μὴ
397 2888 678 2924 μεταϐολλευσάμενοι
698 2888 865 2923 παλίμπνιόες
877 2887 922 2921 γέ-

1002 1733 1154 1768 lmperator
1172 1740 1249 1766 vero,
1269 1732 1334 1760 sella
1355 1739 1438 1759 aurea
1461 1735 1605 1765 occupata.
1630 1734 1658 1756 et
1677 1737 1752 1764 gem-

968 1783 1039 1807 mata
1063 1787 1185 1814 purpura
1206 1778 1330 1809 indutus,
1354 1777 1436 1813 47⁵1
1462 1781 1611 1810 coaetaquc
1634 1775 1752 1802 maxima

967 1826 1110 1853 hominum
1123 1825 1287 1860 frequentia,
1306 1829 1404 1851 utnon
1421 1823 1574 1858 peregrinis
1587 1826 1692 1849 tantum
1706 1821 1753 1849 sed

970 1872 1099 1899 Romanis
1118 1872 1200 1900 etiam
1220 1871 1337 1899 maxime
1365 1869 1547 1897 formidabilis
1561 1873 1646 1900 esset,
1669 1866 1754 1895 Siculi

968 1919 1105 1946 exercitus
1124 1918 1208 1946 duces
1229 1917 1392 1945 Balduinum
1415 1919 1443 1942 et
1467 1914 1634 1942 Richardum
1655 1911 1754 1939 adduci

967 1965 1055 2000 jubet.
1072 1963 1134 1997 Qui.
1150 1964 1230 1999 pileis
1245 1963 1389 1998 depositis,
1405 1961 1532 1988 servilem
1548 1959 1575 1986 in
1595 1958 1705 1985 modum
1723 1966 1756 1984 co

969 2012 1094 2043 adorato,
1108 2010 1194 2045 rogati
1211 2009 1245 2036 ab
1261 2017 1294 2036 eo
1310 2012 1375 2036 sunt
1396 2016 1446 2035 cur
1466 2015 1495 2034 se
1516 2010 1630 2033 unctum
1648 2004 1757 2032 Domini

969 2057 1029 2084 suis
1050 2056 1153 2083 litteris
1176 2054 1300 2082 inseetati
1322 2058 1426 2085 essent,
1442 2061 1503 2080 cum
1528 2052 1631 2079 nullam
1654 2053 1756 2088 justam

970 2102 1173 2137 querimoniam
1193 2101 1336 2131 haberent,
1362 2104 1469 2126 tantum
1489 2099 1605 2125 fortunae
1622 2097 1759 2125 successi-

971 2149 1022 2176 bus
1035 2152 1062 2176 et
1077 2148 1194 2175 victoria
1218 2151 1313 2174 contra
1336 2146 1453 2173 cilicium
1479 2145 1574 2172 inflati.
1597 2145 1664 2172 Nam
1686 2144 1759 2171 Isaa-

970 2197 1031 2222 cius
1042 2194 1158 2229 imperio
1172 2201 1268 2220 recens
1280 2197 1418 2227 suscepto,
1432 2199 1494 2219 eum
1512 2191 1671 2218 Latinorum
1685 2198 1760 2217 exer-

972 2243 1044 2270 citus
1067 2242 1159 2268 adhuc
1179 2244 1253 2268 esset
1270 2240 1386 2273 integer,
1411 2245 1459 2273 per
1476 2237 1579 2272 legatos
1601 2237 1668 2263 nihil
1684 2236 1758 2271 quod

973 2288 1004 2315 ad
1029 2286 1246 2322 pacificationem
1272 2285 1402 2311 attineret
1420 2291 1482 2311 cum
1500 2283 1759 2318 ducibushosunm

972 2336 1076 2367 egerat.I
1104 2338 1194 2366 neque
1215 2330 1376 2357 muneribus
1400 2329 1491 2356 missis
1519 2336 1608 2362 neque
1638 2329 1759 2356 benevo-

974 2378 1057 2406 lentia
1071 2377 1196 2405 simnlata
1210 2385 1217 2402 ι
1230 2376 1276 2403 sed
1292 2375 1415 2411 quamvis
1431 2375 1535 2402 incerto
1547 2375 1636 2402 adhuc
1647 2383 1758 2402 suarum

975 2432 1067 2452 rerum
1081 2429 1165 2453 statu.
1178 2431 1227 2458 pro
1247 2423 1363 2457 imperio
1383 2422 1525 2449 interitum
1543 2425 1570 2447 et
1591 2421 1760 2448 internecio~

974 2479 1037 2499 nem
1055 2471 1096 2499 eis
1110 2470 1231 2497 minatus
1254 2468 1355 2501 fuerat,
1383 2468 1435 2495 nisi
1455 2467 1709 2495 mutatis.consiliis
1725 2474 1760 2492 co

975 2518 1095 2545 redirent
1119 2517 1192 2543 unde
1213 2515 1366 2542 venissent.
1397 2514 1499 2542 Verum
1519 2512 1670 2540 Balduinus
1696 2519 1759 2538 euzn

973 2563 1074 2597 alioqui
1099 2562 1185 2592 ferox,
1204 2565 1234 2588 Iit
1256 2569 1300 2588 res
1323 2560 1484 2592 declaravit,
1507 2564 1563 2585 tum
1584 2558 1760 2585 suecessibus

974 2610 1044 2637 utris
1068 2609 1153 2636 instar
1169 2607 1289 2639 inﬂatus,
1311 2607 1344 2634 iis
1367 2607 1465 2633 litteris
1486 2606 1609 2632 irritatus
1632 2603 1761 2630 insolenti

975 2663 1108 2691 responso
1131 2655 1248 2690 gladiuir
1270 2652 1446 2688 imperatoris
1467 2651 1551 2687 478
1575 2649 1708 2677 irridebat
1732 2653 1763 2676 ut

977 2703 1004 2730 in
1021 2702 1177 2730 effeminata
1191 2708 1307 2736 corpora
1323 2703 1434 2726 acutum
1459 2697 1575 2732 (quibus
1589 2696 1683 2723 verbis
1707 2695 1762 2722 lla-

976 2747 1243 2782 giochristoplioritce
1275 2745 1379 2772 catdem
1418 2741 1584 2778 innuebat),
1615 2747 1643 2769 et
1672 2742 1762 2776 ipsum

985 2792 1116 2820 lsaacium
1131 2797 1162 2818 ut
1174 2789 1313 2818 imbellem
1330 2787 1526 2821 subsannabat,
1552 2787 1600 2822 qui
1621 2795 1762 2821 nunquam

984 2839 1036 2866 sub
1062 2839 1108 2866 diu
1135 2839 1162 2865 in
1178 2837 1275 2872 clypeo
1299 2834 1467 2864 dormiisset,
1493 2841 1633 2869 nunquam
1658 2833 1762 2867 galeam

978 2884 1165 2915 sustinuisset,
1180 2888 1268 2916 neque
1286 2879 1407 2907 thoracis
1424 2878 1521 2907 sordes
1541 2879 1696 2911 lolerasset-,
1713 2877 1762 2904 sed
