1944 3077
115 131 169 163 ’129
679 134 729 164 DE
746 133 900 163 ISAACil)

963 134 1070 164 TGELO
1086 134 1161 164 LIB.
1178 134 1205 164 ῐ.
1693 134 1750 166 730

116 187 174 223 ροτς
190 187 381 214 κινδυνώδεσιν
396 195 402 203 ·
417 197 428 214 ‹
453 188 629 216 Ἐκύκλωσάν
647 197 680 224 με
697 189 764 215 ὡσεὶ
779 189 906 224 μέλισσαι

963 189 1085 217 oratione
1111 189 1224 217 minime
1247 189 1473 222 consentiebant;
1492 193 1519 216 et
1536 194 1565 217 ut
1582 189 1607 217 in
1628 189 1750 217 dicendo

115 233 223 269 κηρίον,
238 234 285 260 καὶ
295 234 334 269 τῷ
349 234 463 269 ὀνόματι
480 235 583 270 Κυρίου
600 236 750 270 ἠμυνάμην
769 235 881 267 αὐτούς.
893 246 902 261 ι

963 235 1035 261 nulla
1055 235 1244 267 distinctione,
1261 235 1298 262 ita
1311 236 1393 263 etiam
1411 236 1437 263 in
1449 236 1555 270 agendo
1575 236 1645 264 adeo
1670 237 1745 263 nulla

115 281 202 307 Αὐτὸς
218 280 310 314 μέντοι
340 280 468 315 βασιλεὺς
484 281 740 316 ἀντιφθεγγομένην
765 281 907 317 προδήλως

963 280 1145 308 noderatione
1162 289 1228 308 usus
1249 287 1301 312 est.
1317 287 1346 309 ιιι
1359 290 1454 315 parum
1486 282 1597 309 abesset
1622 283 1687 316 quin
1704 282 1744 308 ul-

114 327 149 360 τῇ
160 325 269 361 γλώττῃ
283 325 461 359 καθυπέφηνε
475 326 544 360 μετὰ
557 325 644 360 βραχὺ
666 325 715 360 τὴν
733 325 906 360 προαίρεσιν,

963 325 1092 353 :iscendis
1105 327 1225 354 inimicis
1241 328 1429 355 Andronicum
1443 328 1607 359 imitaretur,
1620 327 1749 362 neglecto

115 372 164 398 καὶ
178 370 274 406 ὥσπερ
285 372 315 397 ὲν
330 372 369 406 τῷ
386 371 477 405 λέγειν
490 371 521 398 οὐ
532 371 709 401 διεστείλατο,
724 371 795 397 οὕτω
805 372 856 397 κάν
869 369 908 405 τῷ

963 371 1004 399 illo
1032 372 1208 406 Salomonio,
1240 381 1295 408 quo
1322 374 1424 400 dicitur
1440 368 1455 400 ⁴‹
1475 379 1604 408 praestare
1626 381 1680 400 non
1707 372 1746 400 fa-

117 417 250 451 πράττειν
263 417 293 444 οὐ
307 418 508 449 συνεστείλατο,
535 417 604 443 ἀλλὰ
626 417 724 453 μικριιῦ
743 417 906 453 διημιλλήθη

963 428 1020 447 cere
1032 425 1125 448 votum
1141 429 1223 456 quant
1239 427 1333 448 votum
1357 429 1411 448 non
1435 421 1561 449 reddere.
1581 430 1589 446 ι
1699 411 1701 413 ’

121 462 288 497 ’Δνδρονίκῳ
310 463 340 488 τὸ
355 463 579 498 προσκεκρουκὺς
597 462 750 497 σινόμενος,
764 465 802 498 μὴ
835 464 866 490 τὸ
894 463 942 491 τοῦ
958 466 1132 502 Σολομῶντος
1155 467 1298 504 ὲπῃνεκὼς
1325 468 1339 495 ὅ
1360 475 1459 503 φησιν’
1491 477 1500 493 ι
1524 467 1639 501 Ἀγαθὸν
1661 466 1690 493 τὸ
1708 465 1750 502 μὴί

116 505 248 537 εὔξασθαι
265 505 281 540 ἢ
299 505 429 539 εὔξασθαι
441 507 488 532 καὶ
508 506 544 541 μὴ
556 506 712 534 ἀποδοῦναι.
738 516 747 532 ι

160 551 188 577 Ὅ
201 551 229 578 δέ
244 559 275 584 γε
298 552 344 577 τοῦ
366 551 478 578 Ἰκονίου
506 551 653 582 σουλτάνος
684 549 727 587 (ἦν
747 552 776 579 δὲ
799 553 910 580 εἰσέτιὸ

92 609 97 616 ι
115 597 320 629 Κλιτζασθλὰν,
340 598 471 632 εὐγηρίαν
490 599 565 632 ἄγων
578 599 626 626 καὶ
637 599 758 634 γεγονὼς
775 599 846 634 ὑπὲρ
863 599 910 635 ἔτη

115 645 150 670 τὰ
160 644 360 678 ἑϐδομήκοντα)
373 644 418 670 τὸν
433 645 605 679 Ἀνδρονίκου
623 646 780 677 ἑνωτισθεὶς
796 645 911 673 θάνατον

115 691 164 717 καὶ
174 690 225 725 τὴν
248 690 400 725 ἀνάρρησιν
426 689 564 717 Ίσαακίου
594 692 759 726 πυθόμενος,
775 700 911 718 καταστο-

115 736 232 771 χάζεται
259 737 379 771 ἀρίστωε
407 736 456 763 ὃσα
473 737 549 769 εἰκὸς
566 739 612 763 ἐπὶ
627 739 686 768 ταῖς
705 737 760 764 τῶν
775 737 910 772 βασιλέων

117 781 283 816 μεταθέσεσί
297 790 325 808 τε
340 782 388 808 καὶ
401 782 574 816 παραλύσεσι
593 783 728 816 γίνεσθαι,
746 782 793 808 καὶ
810 782 912 816 μᾶλλον

115 828 141 853 εί
156 827 275 862 πόλεμος
292 827 418 853 ἀνθέλκει
438 828 581 863 ἑσπέριος,
596 828 644 854 καὶ
667 828 795 862 πολέμων
810 829 824 854 ὁ
839 827 911 861 κρά-

115 881 209 903 τιστος
218 881 225 888 ·
237 873 283 899 καὶ
296 873 328 908 δὴ
341 873 468 909 εἰσϐολὴν
483 874 605 900 ποιεῖται
618 874 689 900 κατὰ
705 873 752 900 τοῦ
771 874 825 899 τῶν
838 874 911 909 Θρᾳ-

115 919 222 954 κησίων
242 918 356 953 θέματος
369 920 402 945 δι’
415 920 533 946 εὐΐππου
549 921 597 947 καὶ
607 919 724 946 εὑόπλου
737 919 910 954 στρατεύμαο

115 975 174 998 τος,
188 967 235 993 τοῦ
253 967 330 1002 Σαμῆ
360 968 456 1002 ἀμηρᾶ
475 967 706 1003 στρατηγοῦντος.
739 966 845 994 Οὐκοῦν
863 967 911 993 ἀν-

115 1013 189 1048 δρῶν
214 1013 400 1048 κεκενωμένου
419 1013 509 1049 εὑρὼν
535 1014 565 1039 τὸ
585 1012 633 1040 τοῦ
649 1012 802 1039 Κελὸιανοῦ
824 1012 911 1047 κλίμα

117 1059 191 1086 ὅπλα
216 1059 311 1094 φέρειν
340 1059 450 1086 εἰδότων
475 1059 595 1094 (πάντες
623 1059 678 1094 γὰρ
702 1059 740 1090 ὡς
763 1059 910 1094 χείμαρροι

119 1105 313 1140 μετεῤῥύησαν
324 1106 394 1141 πρὶς
409 1106 455 1132 τὸν
464 1106 563 1132 νεωστὶ
578 1105 628 1140 τὴν
638 1105 786 1140 ἁλουργίδα
803 1105 911 1139 ἐμπορ-

996 554 1108 581 lnterim
1127 553 1212 581 Iconii
1235 554 1362 582 sultanus
1385 553 1579 582 Clizastltlanis
1605 554 1676 581 felici
1701 562 1746 581 se-

961 603 1040 627 necta
1060 599 1132 626 ultra
1146 607 1248 626 annum
1262 607 1312 626 Lxx
1329 607 1501 634 progressus,
1519 607 1580 626 cum
1596 600 1747 626 Andronici

961 645 1114 677 interitum,
1141 646 1185 673 cui
1214 646 1394 673 successisset
1421 646 1552 677 Isaacins,
1582 646 1747 678 audivisset,

960 696 987 719 et
999 699 1030 718 ea
1043 699 1102 726 quae
1120 692 1147 718 in
1174 693 1374 726 imperatorum
1398 692 1603 719 mutationibus
1624 691 1749 718 accidere

961 738 1061 769 solent.
1083 737 1162 773 48],
1190 738 1342 772 praesertim
1362 738 1385 765 si
1409 738 1510 765 bellum
1541 738 1575 764 ab
1600 737 1750 765 Occidente

960 783 1152 818 gravissimum
1172 789 1280 818 urgeat,
1293 783 1468 818 sagacissime
1481 783 1643 812 divinasset.
1659 783 1754 810 lectis-

961 830 1032 857 simo
1047 830 1171 865 equitatu
1188 834 1215 857 et
1233 831 1318 857 armis
1331 830 1547 857 instructissimo
1565 830 1591 856 in
1603 828 1749 855 Thraciam

962 875 1171 909 impressionem
1189 875 1265 907 facit,
1284 875 1364 902 Same
1381 875 1480 902 Amera
1502 875 1583 902 duce.
1610 874 1662 908 Qui
1687 881 1751 900 cum

960 920 1120 948 Celbianom
1135 925 1251 948 tractum
1264 920 1402 948 bellicosis
1415 920 1481 947 viris
1497 927 1613 947 vacuum
1626 919 1750 946 invenis-

962 971 1004 993 set
1018 967 1125 999 (omnes
1135 967 1208 994 enim
1221 966 1353 993 torrentis
1364 966 1450 994 instar
1462 966 1495 993 ad
1508 966 1641 993 isaacium
1653 971 1750 992 recens

962 1013 1081 1046 imperio
1109 1013 1227 1047 potitum
1255 1013 1470 1044 conﬂuxerant),
1500 1013 1601 1039 multos
1624 1011 1755 1038 homines

963 1057 1047 1092 cepit.
1065 1063 1187 1085 armenta
1207 1062 1235 1085 et
1257 1066 1354 1093 greges
1370 1058 1459 1085 omnis
1482 1058 1589 1092 generis
1612 1057 1703 1091 abegit
1724 1061 1755 1084 et-

963 1104 1058 1132 multis
1073 1104 1214 1131 manubiis
1229 1112 1309 1131 suutn
1325 1105 1477 1132 exercitum
1492 1104 1680 1138 locupletavit.

117 1152 279 1187 στησάμενον
298 1153 451 1187 Ἰσαάκιον)
479 1152 642 1188 ἀνθρώπους
673 1161 704 1179 τε
742 1152 857 1184 πολλοὺς
891 1151 1058 1188 ἐχειρώσατο
1071 1152 1116 1178 καὶ
1128 1151 1205 1183 ζώων
1233 1152 1335 1188 ἠλασεν
1368 1152 1468 1186 ἀγέλας
1495 1152 1685 1182 παντοδαπῶν,
1705 1151 1753 1178 καὶ

118 1196 259 1231 ὠφελειῶν
275 1196 364 1223 ἄλλων
375 1197 405 1223 τὸ
418 1197 518 1223 οἰκεῖον
534 1196 668 1231 ἐνέπλησε
685 1196 855 1231 στράτευμα.

161 1240 379 1275 Ἦρεμησάντων
395 1241 423 1268 δὲ
438 1242 485 1267 καὶ
502 1241 556 1267 τῶν
582 1240 658 1275 ἑῴων
674 1240 758 1267 ἐθνῶν
775 1240 866 1270 ἄλλοις
881 1247 910 1265 τε

118 1286 302 1321 προσκαίροις
335 1286 566 1322 φιλοτιμήμασιν,
596 1286 666 1313 ἀλλὰ
684 1287 716 1322 δὴ
733 1286 781 1313 καὶ
793 1286 912 1320 emt:in

118 1330 276 1365 ἀπολήψεσι
300 1331 393 1366 φόρων
407 1331 497 1365 (οὕτω
510 1330 565 1366 γὰρ
584 1331 609 1357 οε
625 1332 653 1363 ἐς
666 1331 739 1366 ἡμᾶς
751 1330 913 1366 ὑπερκαθή-

120 1385 201 1412 μενοι
230 1377 373 1411 Ῥωμαίων
404 1377 527 1412 μετιέναι
554 1377 627 1404 ἴσασι
638 1377 668 1404 τὸ
685 1376 843 1410 ἀλλόφυλον,
863 1376 913 1411 τὴν

118 1423 262 1458 οἰκουρίαν
275 1422 491 1457 μεταδιώκοντες
509 1423 554 1450 ἴσα
567 1423 614 1450 καὶ
631 1423 835 1458 θαλαμηπόλοις
847 1423 912 1449 νεά-

119 1478 203 1502 νισιν,
219 1470 248 1497 αἳ
260 1470 324 1505 περὶ
335 1470 467 1497 ταλασίαν
483 1469 704 1505 διαπονοῦνται),
729 1469 863 1503 ἠθέλησεν
881 1468 911 1500 ἐξ

997 1238 1050 1266 Ubi
1077 1237 1234 1265 Orientales
1249 1238 1354 1272 ’gentes
1371 1245 1434 1264 cum
1464 1237 1527 1264 aliis
1551 1245 1601 1272 pro
1627 1241 1753 1272 tempore

963 1284 1133 1316 muneribus,
1152 1287 1209 1310 tum
1223 1283 1323 1310 annuis
1336 1283 1447 1310 tributis
1460 1284 1573 1318 placatae
1587 1284 1754 1318 quieverunt

964 1332 1016 1367 (sic
1039 1331 1114 1358 enim
1139 1336 1233 1358 nostra
1253 1334 1333 1357 aetate
1362 1330 1549 1357 Romanorum
1572 1331 1755 1365 imperatores

965 1385 1028 1405 cum
1046 1377 1176 1404 Barbarie
1193 1385 1274 1412 agere
1299 1376 1399 1408 solent,
1427 1376 1501 1404 donli
1520 1377 1606 1404 instar
1627 1376 1754 1404 nentinm

965 1422 1117 1458 puellarum
1130 1422 1307 1456 desidentes),
1319 1430 1405 1449 uxore
1420 1422 1551 1449 defuncta
1568 1422 1752 1457 alienigenam

965 1468 1068 1495 ducere
1083 1467 1190 1498 statuit.
1206 1472 1234 1494 et
1245 1475 1294 1502 per
1309 1467 1413 1502 legatos
1429 1468 1500 1494 Belae
1523 1467 1669 1502 Hungariae
1682 1467 1756 1500 regis

119 1517 283 1548 ἀλλοεθνοῦς
308 1517 404 1551 γένους
419 1516 510 1552 ἑαυτῷ
525 1516 749 1552 μνηστεύσασθαι
766 1516 890 1551 γαμετήν
902 1523 909 1530 ·

965 1513 1058 1546 filiam,
1080 1513 1203 1540 nondum
1227 1513 1322 1540 decem
1343 1521 1430 1540 annos
1454 1517 1560 1545 natam,
1577 1513 1673 1540 ambit.
1700 1513 1753 1540 Sed

119 1563 154 1598 ἢν
168 1562 223 1597 γὰρ
235 1561 441 1597 ἐμνηστεύσατο
456 1562 603 1597 πρότερον,
622 1560 730 1595 θανάτῳ
746 1559 910 1587 ἀπεδάλετο.

119 1608 177 1635 Καὶ
190 1608 222 1643 δὴ
233 1608 497 1642 κοινολογησάμενος
513 1607 556 1633 διὰ
569 1607 711 1642 πρεσὸέων
721 1606 761 1641 τῷ
775 1607 825 1641 τῆς
839 1605 911 1639 Οὔγ-

120 1653 204 1689 γρίας
218 1654 284 1689 ῥηγὶ
299 1652 338 1688 τῷ
352 1653 423 1688 Βελᾷ
435 1653 534 1686 ἄγεται
551 1653 590 1683 είς
606 1653 725 1686 γυναῖκα
744 1651 793 1686 τὴν
805 1650 910 1679 ἐκείνου

120 1700 272 1736 θυγατέρα,
288 1700 338 1734 τῆς
365 1699 559 1734 δεκαετηρίδος
573 1697 651 1725 οὗπω
665 1698 786 1734 ἀκριϐῶς
800 1698 910 1733 ἁψαμέ-

119 1755 180 1781 νην.
199 1747 278 1773 Τὰδέ
293 1745 464 1780 γαμοδαίσια
480 1745 556 1771 θύειν
573 1745 627 1771 ἀπδ
649 1744 801 1780 χρημάτων
825 1743 911 1778 δημο-

121 1794 187 1820 σίων
200 1793 468 1828 σμικρολογούμενος
483 1791 579 1826 ἀμισθὶ
593 1791 680 1818 ταῦτα
691 1791 725 1818 ὲκ
737 1789 792 1817 τῶν
803 1790 911 1816 οἰκείων

121 1840 248 1872 συνέλεγε
262 1839 359 1874 χώρων
370 1846 377 1854 ·
391 1840 437 1865 καὶ
451 1838 532 1864 ἔλαθε
548 1838 592 1864 διὰ
609 1837 851 1872 σμικροπρέπειαν
864 1835 912 1862 καὶ

119 1887 204 1917 ἄλλας
215 1886 264 1920 μὲν
278 1886 370 1916 πόλεις
382 1885 630 1920 καλαμησάμενος,
648 1883 677 1910 αἳ
693 1883 752 1910 κατ’
766 1881 912 1916 Ἀγχίαλον

121 1931 313 1968 συνῳκίζοντο,
327 1930 418 1966 ἑαυτῷ
430 1930 458 1957 δὲ
472 1930 590 1966 μάλιστα
601 1930 648 1955 καὶ
667 1928 815 1965 Ῥωμαίοις
830 1928 913 1954 ὲκτιο-

118 1978 248 2013 λεμώσας
261 1978 324 2008 τοὺς
340 1976 410 2003 κατὰ
421 1976 467 2003 τὸν
483 1973 571 2011 Αἶμον
582 1975 613 2002 τὸ
627 1976 690 2010 ὅρος
703 1974 875 2010 Βαρϐάρους,
886 1972 911 2000 οἱ

119 2025 211 2052 Μυσοὶ
223 2024 358 2059 πρότερον
377 2022 564 2058 ὠνομάζοντο,
581 2022 641 2049 νυνὶ
655 2021 683 2048 δὲ
697 2021 796 2056 Βλάχοι
814 2019 912 2055 κικλή-

121 2079 246 2097 σκονται.
274 2065 358 2096 Οὗτοι
377 2069 433 2104 γὰρ
462 2070 523 2099 ταῖς
546 2068 715 2103 δυσχωρίαις
737 2066 911 2098 πεποιθότες,

121 2119 169 2144 καὶ
184 2118 242 2148 τοῖς
270 2116 412 2152 φρουρίοις
438 2115 638 2151 θρασυνόμενοι
654 2115 672 2141 ὃ.
683 2114 797 2141 πλεῖστά
812 2114 841 2140 τέ
857 2113 912 2139 εἱσι

121 2164 169 2190 καὶ
186 2162 255 2196 ὀρθὰ
284 2162 344 2189 κατ’
358 2162 512 2196 ἀποτόμους
540 2161 655 2195 κείμενα
668 2160 783 2194 πέτρας,
804 2159 850 2185 καὶ
864 2157 911 2185 ἄλ-

963 1559 1028 1587 dum
1055 1567 1089 1587 ex
1103 1560 1251 1587 tenacitate
1277 1559 1388 1594 nuptias
1409 1568 1442 1587 ex
1466 1561 1522 1587 fisci
1536 1559 1653 1594 pecunia
1685 1559 1759 1586 cele-

963 1605 1042 1632 brare
1057 1605 1140 1641 482
1157 1605 1320 1632 reformidat
1337 1611 1365 1632 et
1376 1610 1503 1640 sumptus
1518 1605 1579 1632 illos
1592 1605 1626 1632 ab
1638 1606 1759 1632 urbibus

962 1655 990 1678 et
1003 1651 1152 1686 provinciis
1174 1651 1277 1678 all‘atim
1293 1652 1387 1685 exigit,
1408 1659 1469 1678 cum
1488 1652 1555 1679 alias
1572 1651 1664 1684 urbes,
1685 1659 1756 1686 υτον-

962 1698 1057 1726 sertim
1079 1698 1213 1726 Anchialo
1243 1699 1385 1730 finitimas,
1411 1698 1517 1730 afflixit,
1542 1702 1598 1725 tum
1621 1698 1754 1725 Barbaros

962 1744 1048 1771 Haemi
1065 1745 1165 1772 montis
1188 1745 1295 1772 accolas
1314 1745 1367 1772 sibi
1385 1749 1414 1771 et
1429 1745 1551 1771 [lo-uano
1575 1744 1692 1778 imperio
1713 1744 1754 1769 in-

962 1789 1127 1817 festissimos
1147 1790 1279 1822 reddidit,
1298 1790 1344 1822 ιιιιί
1362 1790 1427 1817 οιὶιη
1453 1790 1531 1825 Mysi,
1558 1797 1632 1816 nunc
1659 1789 1756 1817 Blachl

962 1836 1151 1863 nominantur.
1167 1836 1199 1863 ili
1222 1837 1296 1863 enim
1321 1837 1456 1869 angustiis
1473 1843 1499 1864 et
1525 1836 1646 1863 castellis
1673 1826 1757 1868 freti,

962 1892 1023 1920 quae
1048 1885 1166 1920 plurima
1187 1885 1293 1914 habent
1313 1885 1461 1920 praeruptis
1483 1886 1556 1912 saxis
1579 1884 1750 1916 inaedificata,

962 1938 1025 1958 cum
1044 1932 1120 1966 prius
1132 1931 1216 1958 etiam
1241 1931 1381 1958 Rotnanos
1408 1938 1505 1965 parum
1525 1935 1668 1962 curarent.
1690 1934 1753 1957 tum

962 1985 1012 2012 per
1037 1985 1150 2005 causam
1183 1978 1273 2005 abacti
1298 1977 1406 2012 pecoris
1425 1981 1452 2004 et
1480 1977 1656 2004 vexationum
1681 1983 1752 2010 quas

962 2025 1126 2051 tolerassent
1162 2030 1257 2059 aperte
1286 2024 1458 2051 defecerunt.
1489 2023 1555 2058 Ejus
1589 2021 1757 2049 defectionis

963 2071 1102 2107 principes
1112 2076 1140 2099 et
1149 2076 1277 2100 auctores
1290 2072 1366 2099 fuere
1379 2071 1434 2099 duo
1445 2079 1477 2099 ex
1490 2070 1537 2098 illa
1546 2074 1626 2105 gente
1641 2070 1756 2101 fratres,

962 2116 1061 2143 Petrus
1083 2121 1111 2144 et
1133 2116 1223 2145 Asan:
1237 2117 1284 2152 qui
1301 2125 1336 2144 ne
1356 2118 1416 2144 sine
1432 2124 1514 2144 causa
1530 2124 1574 2143 res
1592 2124 1678 2143 novas
1691 2123 1753 2142 mo-

961 2163 1006 2190 liri
1032 2163 1202 2195 viderentur,
1230 2164 1426 2198 imperatorem
1451 2163 1585 2199 Cypsellis
1606 2163 1757 2197 degentem

121 2211 182 2236 λοτε
209 2209 259 2244 μὲν
281 2208 354 2235 κατὰ
378 2208 524 2242 Ῥωμαίων
544 2206 788 2242 ὲμεγαλαύχησαν,
804 2205 866 2231 τότε
881 2204 910 2230 δὲ

963 2209 1076 2241 adeunt,
1089 2213 1216 2244 petentes
1228 2215 1256 2236 ut
1268 2209 1295 2236 in
1309 2209 1447 2236 Romanas
1457 2209 1578 2244 legiones
1587 2208 1756 2238 referantur,

122 2256 261 2290 πρόφασιν
278 2254 437 2289 εὑρηκότες,
454 2253 468 2280 ὃ
483 2253 515 2288 δὴ
538 2253 660 2287 λέγεται,
686 2252 842 2288 Πάτροκλον
862 2252 912 2287 τὴν

119 2301 176 2327 τῶν
188 2300 297 2327 οἰκείων
313 2299 482 2335 Θρεμμάτων
494 2300 647 2333 ἀπαγωγὴν
660 2299 707 2325 καὶ
718 2299 840 2325 κάκωσιν
849 2299 913 2325 ἑαυ-

120 2347 187 2379 τῶν,
203 2347 231 2377 ὲς
240 2346 410 2372 ἀποστασίαν
422 2345 463 2381 [Ρ.
476 2345 540 2380 εδη
557 2345 686 2380 λαμπρὰν
697 2344 911 2378 ἁνεσκίρτησαν.

121 2390 213 2418 Ἦσαν
239 2391 269 2417 δὲ
294 2391 319 2416 οι
335 2389 382 2416 τοῦ
399 2389 486 2416 κακοῦ
515 2389 690 2424 πρωτουργοὶ
715 2388 763 2415 καὶ
788 2387 912 2419 τὸ-ἕθνος

121 2437 182 2462 ὃλον
197 2436 392 2466 ἀνασείσαντες
407 2435 510 2470 Πέτρος
526 2444 567 2466 τις
591 2436 639 2461 καὶ
655 2435 750 2466 Ἀσὰν,
769 2435 912 2468 ὁμογενεῖς

122 2482 170 2510 καὶ
180 2482 373 2516 ταυτόσπορθι,
397 2482 421 2507 οἳ
442 2483 488 2507 καὶ
504 2481 543 2516 μὴ
558 2481 677 2516 δρῶντες
689 2481 737 2516 τὴν
753 2481 912 2516 νεωτέρισιν

121 2529 328 2563 ἀπροφάσιστον
345 2529 477 2563 προσίασι
496 2528 602 2563 βασιλεῖ
616 2528 797 2564 σκηνουμένῳ
811 2528 840 2554 ἐν
855 2528 913 2557 τοῖς

122 2574 293 2609 mutuom,
310 2597 317 2607 ,
331 2574 490 2609 αἰτούμενοι
520 2574 809 2610 συστρατολογηθῆναι
845 2574 913 2600 Ῥω-

124 2619 219 2655 μαίοις
234 2619 281 2646 καὶ
295 2619 340 2646 διὰ
357 2619 493 2654 βασιλείου
511 2621 677 2656 γράμματός
702 2621 778 2655 σφίσι
794 2620 913 2660 βρξιὸευ-

123 2665 203 2701 θῆναι
215 2666 316 2700 χωρίον
328 2674 354 2692 τι
367 2666 589 2702 Βραχυπρόσοδον
604 2662 680 2693 κατᾶ
693 2667 740 2694 τὸν
756 2664 843 2702 Αἷμον
855 2668 913 2693 κεί-

124 2719 215 2746 μενον.
248 2711 318 2738 “Δλλ“
336 2712 473 2747 ἀπέτυχον
496 2712 544 2738 τοῦ
576 2713 727 2748 αἱτήματος
739 2721 746 2728 '
763 2711 797 2749 ἦν
827 2713 881 2747 γὰρ
894 2714 912 2746 ἡ

123 2757 184 2784 θεία
194 2757 414 2793 ἒπικρατεστέρα
429 2758 547 2793 κίνησις.
569 2758 804 2794 ’Υπετονθόρυσαν
816 2758 863 2786 οὖν
873 2759 911 2792 ὡς

123 2804 323 2840 ταροφθέντες,
345 2805 456 2836 εἰκαίως
473 2804 501 2831 δὲ
514 2806 560 2831 καὶ
572 2805 620 2840 τὴν
639 2806 749 2840 αἴτησιν
763 2807 909 2833 ὲπανατειυ

123 2851 237 2887 νάμενοι
265 2850 443 2886 παρέπτυσάν
460 2859 485 2877 τι
504 2851 552 2878 καὶ
568 2851 643 2887 ῥῆμα
659 2851 836 2889 θερμότερον,
862 2853 910 2889 τὴν

963 2261 991 2283 et
1011 2256 1064 2283 sibi
1081 2256 1212 2291 praedium
1237 2255 1327 2291 exigui
1355 2255 1461 2283 reditus
1487 2256 1513 2283 in
1540 2255 1634 2282 Hmmo
1659 2260 1758 2282 monte

963 2303 1046 2330 situm
1065 2303 1231 2338 assignetur.
1250 2302 1288 2329 Ea
1305 2293 1341 2329 τε
1351 2310 1406 2328 non
1432 2302 1576 2337 impetrata
1594 2302 1667 2335 (nam
1684 2301 1754 2327 fato-

964 2356 1024 2374 rum
1039 2349 1079 2375 vis
1093 2347 1267 2382 prudentiam
1280 2347 1427 2374 humanam
1440 2347 1613 2381 superabat),
1623 2346 1757 2373 submur—

963 2394 1110 2422 mnrabant
1123 2399 1152 2421 ut
1169 2394 1320 2428 contempti
1335 2398 1363 2420 et
1377 2394 1431 2420 voti
1446 2394 1582 2428 impotes;
1596 2399 1623 2420 et
1638 2393 1753 2420 verbum

963 2440 1095 2467 audacius
1119 2441 1284 2469 emiserunt.
1305 2447 1360 2474 quo
1381 2440 1562 2468 defectionem
1589 2444 1617 2466 ct
1638 2447 1669 2466 ea
1691 2447 1756 2474 quae

963 2485 1075 2513 domum
1087 2486 1192 2513 reversi
1208 2487 1295 2513 acturi
1308 2491 1403 2514 essent
1417 2487 1581 2518 innuebant,
1597 2487 1667 2513 Asm
1683 2494 1752 2519 pra--

963 2532 1072 2565 sertim,
1089 2533 1174 2560 homo
1190 2532 1321 2560 audacior
1334 2538 1363 2560 et
1377 2534 1528 2565 crudelior,
1545 2534 1589 2560 cui
1607 2532 1642 2559 ob
1663 2531 1753 2565 impu-

963 2578 1085 2605 dentiam
1114 2578 1230 2606 Joannis
1259 2578 1493 2606 sebastocratoris
1513 2578 1592 2612 jussu
1621 2575 1753 2609 colaphos

962 2623 1044 2659 483
1059 2623 1227 2659 infringitur.
1248 2624 1286 2651 Ita
1303 2632 1357 2650 non
1374 2623 1475 2650 infecta
1494 2622 1576 2648 modo
1590 2629 1620 2648 re
1633 2621 1750 2650 dimissi.

963 2670 1010 2696 sed
1027 2670 1202 2697 contumeliis
1217 2670 1300 2697 etiam
1315 2669 1418 2696 irritati
1437 2667 1564 2695 homines
1588 2666 1633 2694 isti
1653 2666 1750 2693 nefarii

962 2721 990 2743 et
1013 2716 1192 2744 conscelerati
1214 2716 1353 2751 quomodo
1380 2719 1478 2742 contra
1509 2715 1648 2741 Romanos
1676 2721 1752 2747 gras-

962 2762 1012 2788 sati
1026 2762 1091 2794 sint,
1108 2762 1172 2797 quis
1187 2762 1282 2789 verbis
1293 2761 1497 2796 consequatur?
1516 2769 1576 2796 qnze
1589 2760 1678 2787 oratio
1692 2764 1751 2786 tan»

963 2811 1020 2834 tum
1040 2807 1173 2835 malorum
1187 2807 1299 2842 pelagus
1315 2807 1534 2842 complectatur?
1555 2806 1608 2834 Sed
1626 2806 1753 2834 nondum

962 2854 997 2881 de
1013 2853 1065 2888 his,
1083 2861 1117 2882 ne
1131 2853 1254 2881 historia:
1271 2853 1357 2882 series
1372 2854 1607 2888 interrunipatur..
