1944 3077
84 131 140 163 745

635 129 685 160 DE
705 126 857 158 ISAACIO
876 126 1028 157 ANGELO
1048 128 1121 157 LIB.
1140 128 1164 158 Ι.

1663 127 1716 157 illi

85 189 131 216 διὰ
148 188 203 215 τῶν
217 188 311 221 δεξιῶν
327 187 429 220 ὅπλων,
449 185 504 213 τῶν
521 185 679 221 συνάρσεων
692 184 796 220 δηλαδὴ
819 183 875 210 τῶν

940 183 1007 211 oriis
1023 184 1134 211 scriniis
1148 185 1310 220 deprompta
1326 185 1447 219 templis,
1471 193 1532 219 qua:
1556 192 1653 211 aurum
1671 186 1718 212 ba-

84 235 171 269 ἁγίων
195 233 311 266 ἀνδρῶν,
344 231 413 259 ἀλλὰ
438 231 485 258 καὶ
503 230 548 258 διὰ
564 231 620 257 τῶν
642 230 796 266 ἀριστερῶν
817 229 872 255 τῶν

85 279 299 316 κρατυνομένων
315 279 387 312 ξίφει
407 278 454 305 καὶ
471 277 576 313 θώρακι
590 277 636 303 τὸν
655 276 872 310 ἀντικαθήμενον

86 327 218 361 πολέμιον
246 325 347 360 μετιὼν
361 345 369 357 ,
390 324 457 359 μηδὲ
478 323 627 359 χρημάτων
651 322 788 353 ὑποτιθεὶς
814 321 874 356 φεί-

83 373 191 404 δεσθαι,
215 372 282 398 ἀλλὰ
301 372 349 398 καὶ
362 370 451 398 ταῦτα
467 370 636 404 διαφθείρειν
651 370 690 401 εἰς
707 368 877 403 στρατευμά-

86 427 142 444 των
158 418 333 450 συναγωγὴν,
354 417 417 443 ἐπεὶ
432 416 480 443 καὶ
501 416 566 443 ἄνευ
583 415 638 442 τῶν
665 415 726 442 καθ’
749 412 818 449 αἷμα
836 413 875 448 τῷ

87 462 199 497 βασιλεῖ
222 461 436 496 συναπτομένων
453 461 502 488 καὶ
522 461 577 488 τῶν
600 461 658 487 ὅσοι
679 461 728 492 τὰς
754 461 876 495 οἰκήσεις

88 509 127 543 μὴ
144 508 225 539 tm;
238 506 312 542 εἶχον
335 508 386 542 τῆς
408 507 522 539 πόλεως,
547 507 648 538 πάντες
671 506 814 541 ὑπέκυψαν
838 507 877 542 τῷ

87 555 195 589 Βρανᾷ,
222 554 276 580 κάκ
301 553 356 580 τῶν
385 553 485 586 ἔξωθεν
511 553 561 579 οὒκ
582 551 616 589 ἦν
631 553 878 588 ὲπεισενέγκασθαι

89 601 265 634 στράτευμα.
283 596 331 630 Οἷς
353 599 385 634 δὴ
408 599 455 626 τοῦ
473 599 614 634 Καίσαρος
639 598 730 633 λόγοις
752 599 879 634 καθάπερ

89 646 226 680 ὲνδελεχεῖ
256 645 390 680 βουπλῆγι
422 645 590 680 τιτρώμενος
625 645 742 680 ἀνένηψέ
769 654 798 671 τε
831 644 879 671 τοῦ

90 692 178 727 κάρου
205 692 252 718 καὶ
277 691 327 726 τῆς
347 691 463 725 ἁκηδίας
487 691 681 726 μεθήρμοστο.
705 691 754 717 καὶ
778 690 881 725 ἤρξατο

92 737 237 772 συλλέγειν
254 737 443 772 συμμαχικόν.
461 737 507 772 Μὴ
521 737 647 771 εὐπορεῖν
664 737 693 763 δὲ
709 737 798 770 λέγων
815 745 881 772 χρυο

93 783 190 814 σίνων,
209 784 240 810 ὲκ
254 782 308 809 τῶν
325 782 473 818 βασιλικῶν
490 782 624 817 ταμιείων
645 782 770 818 ἀργύρεα
795 782 880 818 σκεύη

92 828 258 864 ἀνελόμενος
272 829 484 863 παρακατέθετο
497 827 586 855 ταῦτα
601 830 657 859 τοῖς
669 829 783 863 χρυσίου
798 829 881 854 εὐπο-

96 875 174 910 ροῦσι
186 875 325 910 τεμένεσι,
342 875 389 901 καὶ
403 875 438 900 τὰ
452 874 558 900 ἐκεῖθεν
574 874 739 910 πορισθέντα
754 875 885 910 χρήματα

94 921 136 952 είς
153 921 287 956 συλλογὴν
301 921 415 947 διέδωκε
431 921 574 955 στρατιᾶς,
598 921 650 947 κᾶν
673 921 787 955 ὕστερον
815 921 886 955 μετὰ

94 967 145 1002 τὴν
163 969 243 1002 νίκην
262 967 310 993 καὶ
329 967 359 992 τὸ
378 967 491 1002 χρυσίον
506 967 556 993 οὐκ
572 966 700 993 ἀπέδωκε
719 967 765 993 καὶ
783 967 815 994 τὰ
833 975 887 994 πα-

98 1013 323 1048 ρακατατεθέντα
350 1013 483 1040 ἀνείλετο.
519 1013 631 1048 Ἀμέλει
660 1014 708 1040 καὶ
733 1013 763 1040 ὲν
790 1014 889 1049 βραχεῖ

95 1059 186 1093 καιρῷ
209 1059 223 1084 ὁ
241 1058 290 1092 μὲν
313 1058 455 1093 Κορῤάδος
479 1058 534 1084 ἀπὸ
558 1058 614 1084 τῶν
641 1058 712 1084 κατὰ
737 1059 787 1094 τὴν
806 1060 886 1086 πόλιν

97 1104 252 1138 συναγήοχε
269 1104 394 1130 Λατίνων
413 1103 529 1134 ἱππότας
544 1103 588 1139 [Ρ.
602 1103 665 1139 2-55]
687 1105 752 1140 περὶ
768 1105 834 1137 τοὺς
848 1106 888 1137 δὶς

97 1150 196 1177 ἑκατὸν
215 1150 263 1176 καὶ
281 1150 466 1184 πεντήκοντα,
488 1149 592 1181 πάντας
615 1150 813 1185 ἁρειμανίους,
841 1152 889 1178 καὶ

97 1197 199 1229 πεζοὺς
219 1196 428 1227 πεντακοσίους.
444 1195 502 1222 Οὐκ
517 1195 603 1229 ὀλίγοι
618 1196 640 1221 δ’
652 1196 888 1232 ὲστρατολογήθη-

97 1251 149 1270 σαν
163 1243 210 1270 καὶ
225 1242 280 1269 ἀπὸ
307 1241 488 1277 Ἰσμαηλιτῶν
506 1242 553 1269 καὶ
575 1242 630 1268 τῶν
652 1243 728 1278 ὲῲων
756 1242 868 1278 Ἰϐήρων
880 1262 888 1275 ,

99 1289 161 1316 κατ’
189 1288 326 1324 ἐμπορίαν
351 1287 539 1323 στειλαμένων
566 1288 616 1323 τὴν
644 1289 673 1319 ἐς
697 1288 746 1324 τὴν
766 1289 890 1324 βασιλίδα

97 1335 154 1362 τῶν
168 1335 284 1362 πόλεων.
303 1335 339 1361 Τὸ
354 1334 383 1361 δὲ
404 1334 471 1370 περὶ
487 1334 532 1360 τὸν
557 1333 670 1369 βασιλέα
692 1334 827 1369 ἐπίσημον
850 1336 890 1369 τῷ

98 1382 176 1416 γένει
196 1381 245 1408 καὶ
265 1380 354 1412 ἄλλως
382 1381 447 1415 περὶ
467 1380 516 1416 τὴν
541 1380 679 1415 βασίλειον
703 1380 789 1416 αὐλὴν
803 1380 891 1407 εἰλού-

100 1436 184 1462 μενον
206 1428 272 1463 περὶ
293 1427 357 1462 τοὺς
379 1426 483 1462 χιλίους
509 1427 660 1462 ἡρίθμητο.
685 1426 827 1460 Τοσαύτην
840 1425 862 1452 δ’
877 1427 891 1453 ό

100 1474 242 1509 Κορῤάδος
259 1473 331 1509 ὑπὲρ
347 1473 396 1500 τοῦ
420 1473 586 1508 κρατοῦντος
610 1472 789 1508 εἰσηνέγκατο
806 1480 890 1498 σπου.

99 1520 148 1556 δὴν
158 1521 230 1547 ὥστε
243 1520 417 1555 θεόπεμπτον
429 1519 532 1555 ἀγαθὸν
543 1521 613 1546 κατὰ
625 1519 722 1554 καιρὸν
732 1519 770 1554 τῷ
785 1518 891 1554 βασιλεῖ

101 1568 219 1594 ἐπιστὰν
238 1568 296 1598 τοῖς
314 1566 416 1593 ἆπασιν
443 1566 592 1600 ἐλογίζετο.
622 1566 700 1592 Ἔστι
729 1566 751 1593 δ’
776 1566 820 1592 ὅτε
853 1565 891 1601 τῷ

101 1610 208 1646 βασιλεῖ
225 1611 494 1645 ὲσθίοντιὲποφθεὶς,
513 1621 522 1636 ι
534 1610 596 1637 Εἴθε
609 1611 706 1643 οὕτως,
720 1620 730 1637 ι
744 1611 892 1638 ὑποστενά-

101 1654 150 1687 Ea;
163 1654 270 1691 είρηκε,
288 1664 298 1680 c
314 1655 368 1682 τῶν
383 1655 453 1681 κατὰ
468 1655 513 1681 τὸν
548 1655 688 1690 ἐφεστῶτα
708 1656 825 1690 πόλεμον
844 1657 893 1683 ὲπ-

101 1700 211 1734 ιμιλου,
221 1700 318 1735 ὥσπερ
330 1700 393 1736 γίνῃ
401 1700 605 1736 τρεχέδειπνος,
618 1701 664 1727 ἐπὶ
675 1700 710 1727 τὰ
722 1700 892 1736 προκείμενα

103 1743 240 1779 βρώματα
264 1744 457 1779 λιχνευόμενος
480 1744 528 1770 καὶ
543 1744 608 1778 ὃλην
623 1745 674 1778 τὴν
689 1745 818 1779 φροντίδα
836 1747 892 1777 τοίς

103 1790 359 1824 παρακενουμένοις
387 1790 524 1825 διαχαλῶν
551 1790 759 1825 δαιτρεύμασιν.
776 1800 785 1817 ι
819 1791 848 1818 '0
863 1791 892 1818 δὲ

102 1834 273 1870 ἐρυθριάσας
284 1835 332 1862 ἐπὶ
339 1835 379 1871 τῷ
391 1837 494 1872 ῥήματι
511 1836 599 1873 τούτῳ
614 1837 662 1863 καὶ
677 1837 892 1872 πυρῤωπότερος

103 1882 200 1915 φανεὶς
215 1876 381 1908 ἐαυτοῦκαὶ
396 1882 541 1917 μειδιάσας
553 1882 732 1917 βεϐιασμένον
744 1883 892 1911 ἐπελάϐετο

103 1927 154 1961 τῆς
167 1927 293 1961 χλανίδος
306 1927 354 1954 τοῦ
369 1928 521 1963 Καίσαρος,
533 1928 583 1955 καὶ
597 1929 802 1964 διασεσοϐηκὼς
815 1928 892 1957 εἶπεν

102 1971 140 2003 ὡς
163 1980 172 1997 ι
193 1973 273 1999 Κατὰ
290 1973 398 2008 καιρὸν,
419 1969 441 1999 ῶ
457 1970 544 2006 οὗτος,
560 1973 780 2009 ὲστιαθησόμεθά
795 1983 824 2001 τε
845 1976 892 2002 καὶ

105 2017 294 2052 μαχεσόμεθα.
315 2026 325 2043 ›
351 2018 493 2052 Ἐγένοντο
513 2018 541 2044 δὲ
561 2019 610 2045 καὶ
631 2019 785 2054 διοσημεῖαι
814 2029 892 2055 τηνι-

104 2063 212 2089 καῦτα·
229 2064 336 2099 ἡμέρας
355 2065 410 2099 γὰρ
431 2065 547 2099 ἀστέρες
570 2064 727 2100 ἐφάνησαν,
745 2067 791 2092 καὶ
809 2068 823 2093 ὸ
838 2067 892 2102 ἀὴρ

103 2108 266 2144 ταραχώδης
293 2108 382 2143 ὤφθη,
410 2109 457 2135 καὶ
477 2109 542 2144 περὶ
564 2110 610 2136 τὸν
633 2109 709 2145 ἥλιον
735 2111 810 2147 πάθη
830 2112 892 2139 τινὰ

104 2154 314 2189 συμϐεϐήκασιν
341 2154 359 2181 ἃ
384 2163 467 2188 φασιν
498 2155 619 2190 ἅλωνας,
650 2156 688 2188 ὼς
713 2158 781 2192 μηδὲ
796 2158 892 2185 τοῦτον

902 859 923 886 Β

904 1531 926 1561 C

930 230 1042 261 bebant.
1057 231 1260 266 Oppigneravit,
1273 235 1302 258 et
1323 231 1468 265 pecuniam
1490 231 1553 258 inde
1577 236 1719 265 acceptam

930 276 963 302 ad
977 276 1161 311 colligendum
1184 277 1335 304 exercitum
1351 276 1502 309 distribuit,
1517 277 1642 312 quamvis
1660 280 1722 312 post

931 320 1073 347 victoriam
1093 328 1146 348 nec
1164 322 1309 355 pecuniam
1335 321 1455 349 restituit
1471 326 1499 349 et
1515 330 1578 349 vasa
1594 322 1639 348 illa
1656 322 1722 350 abs-

932 367 1004 394 tulit.
1027 367 1169 394 Conradus
1188 375 1255 394 vero
1271 368 1369 403 exiguo
1388 373 1510 402 tempore
1527 368 1633 402 equites
1647 367 1722 395 Lati-

933 419 984 439 nos
998 413 1025 438 in
1043 413 1109 440 urbe
1129 412 1240 440 circiter
1254 412 1318 440 CCL
1337 414 1426 448 coegit
1445 422 1540 441 omnes
1554 414 1630 441 viros
1643 413 1722 441 belli-

933 458 1104 491 cosissimus,
1114 464 1141 485 ct
1155 458 1262 494 pedites
1278 459 1308 491 D,
1324 467 1373 486 nec
1389 460 1467 493 pauci
1480 468 1513 487 ex
1526 459 1722 492 Ismaelitis,ct

933 504 1114 532 Orientalium
1134 504 1241 532 Iberum
1259 505 1349 537 multi,
1366 506 1412 540 qui
1426 505 1584 540 negotiandi
1599 512 1682 532 causa
1693 505 1721 532 in

935 549 1033 577 urbem
1061 554 1214 581 venerant,
1243 551 1355 578 nomina
1379 551 1485 578 militiae
1511 551 1659 578 dederunt.
1684 550 1725 578 Ex

935 603 1035 630 genere
1054 595 1207 623 illustribus
1223 601 1251 623 et
1273 597 1377 631 alioqui
1395 597 1527 630 palatium
1549 598 1726 632 frequentare

936 641 1028 668 solitis
1042 642 1074 668 ad
1092 643 1166 670 mille
1180 642 1374 670 connumerati
1393 647 1469 670 sunt.
1489 642 1634 670 Conradus
1658 649 1725 669 vero

938 692 1013 715 tanta
1032 689 1210 716 contentione
1224 689 1304 724 500
1317 689 1493 724 imperatoris
1505 694 1597 724 partes
1611 688 1727 715 tuendas

938 735 1079 769 suscepit,
1106 740 1137 762 ut
1161 735 1196 762 ab
1221 736 1350 762 omnibus
1378 735 1513 763 divinitus
1539 735 1640 762 missus
1666 742 1727 761 esse
1752 771 1755 772 ν

939 783 1062 815 tempore
1079 782 1198 809 maxime
1211 783 1367 809 necessario
1383 782 1553 809 crederetur.
1566 781 1657 816 Atque
1677 781 1729 807 ali-
1747 782 1749 784 ’

938 826 1048 860 quando
1056 827 1089 854 ad
1101 827 1295 863 imperatorem
1310 828 1499 856 comedentem
1514 830 1654 863 ingressus
1665 834 1728 854 cum

936 873 1059 907 suspirio
1075 873 1164 901 dixit:
1180 883 1189 899 ι
1205 874 1312 902 Utinam
1330 875 1366 901 ita
1382 882 1439 901 rem
1456 875 1583 901 bellicam
1602 881 1727 906 curares,

937 921 967 943 ut
982 912 1113 944 alacriter
1129 918 1162 945 ad
1179 926 1265 946 coma:
1279 919 1408 946 lauticias
1422 919 1547 945 accurris
1558 922 1586 945 et
1604 918 1728 944 animum

938 963 966 988 in
982 963 1083 997 patinis
1101 963 1197 991 habes.
1215 973 1224 989 ι
1241 964 1281 991 Eo
1296 964 1370 991 dicto
1388 964 1538 998 imperator
1560 963 1683 994 erubuit,
1701 967 1731 990 ct

939 1009 1079 1043 prehenso
1090 1009 1164 1036 illius
1182 1010 1265 1044 pallio
1280 1018 1342 1036 cum
1356 1010 1412 1036 risu
1425 1014 1521 1037 coacto
1530 1009 1598 1037 dixit
1610 1018 1616 1036 :
1630 1018 1638 1034 ι
1657 1009 1730 1036 Heus

940 1058 979 1087 tu,
996 1061 1047 1081 suo
1065 1059 1191 1089 tempore
1212 1060 1239 1082 et
1260 1055 1435 1083 cmnabimus
1460 1061 1488 1083 et
1517 1055 1695 1082 bellabimus.
1717 1063 1727 1080 ι

940 1100 1010 1127 Tum
1024 1108 1134 1135 quoque
1149 1106 1257 1128 ostenta
1276 1106 1475 1136 apparuerunt.
1498 1101 1566 1128 Nam
1585 1101 1670 1128 stellae
1686 1101 1730 1127 in«

939 1146 1031 1173 terdiu
1048 1152 1113 1174 sunt
1135 1153 1301 1182 conspectae,
1320 1156 1367 1175 aer
1393 1147 1569 1175 turbulentus
1591 1147 1654 1179 fuit,
1674 1147 1729 1174 cir-

940 1192 995 1219 culi
1013 1200 1082 1227 quas
1101 1200 1179 1220 areas
1200 1198 1300 1220 vocant
1323 1193 1410 1220 solem
1434 1193 1628 1226 ambirerunt;
1658 1192 1731 1219 unde

939 1241 1034 1267 lumen
1063 1241 1122 1276 ejus
1150 1249 1205 1268 non
1230 1249 1330 1276 purum
1361 1240 1408 1267 sed
1443 1240 1574 1275 pallidius
1604 1238 1730 1266 emicuit.

941 1286 1093 1321 imperator
1116 1294 1182 1314 vero
1217 1291 1292 1313 tanto
1321 1285 1444 1313 exercitu
1476 1290 1572 1312 coactu
1595 1288 1731 1319 quantum

942 1340 986 1359 res
1002 1332 1141 1365 sinebant,
1157 1340 1211 1359 non
1229 1332 1335 1359 diutius
1348 1331 1534 1359 cunctandum
1551 1335 1579 1358 et
1593 1329 1644 1357 sub
1659 1334 1732 1358 tecto

941 1378 1124 1406 desidendum
1142 1386 1203 1406 esse
1225 1384 1301 1406 ratus
1324 1383 1377 1412 est,
1391 1379 1438 1405 sed
1460 1377 1582 1404 vicissim
1598 1385 1672 1404 arma
1688 1384 1732 1404 se-

942 1424 1051 1452 ditiosis
1084 1424 1238 1453 inferenda.
1274 1425 1369 1460 Itaque
1410 1425 1571 1452 thoracatus
1596 1424 1667 1451 intra
1700 1431 1733 1451 ea

942 1471 1044 1499 moenia
1060 1471 1162 1506 quibus
1178 1471 1286 1498 Manuel
1304 1471 1455 1506 imperator
1470 1470 1664 1498 Blacbcrnium
1682 1476 1732 1504 pa-

941 1517 1039 1545 latium
1053 1518 1165 1549 muniit,
1177 1523 1254 1545 stans
1274 1517 1433 1552 hujusmodi
1447 1517 1576 1544 oratione
1600 1520 1733 1551 cognatos

943 1567 970 1591 et
984 1563 1108 1598 proxime
1124 1567 1246 1591 astantes
1259 1563 1360 1590 milites
1377 1562 1553 1590 continuavit
1566 1570 1573 1588 :
1586 1572 1595 1588 ι
1613 1561 1733 1589 Omnino

943 1613 1066 1644 praestat,
1084 1609 1195 1644 Deoque
1210 1609 1315 1644 gratius
1332 1615 1386 1642 est,
1405 1613 1436 1637 ut
1460 1608 1566 1636 subditi
1590 1616 1641 1643 pro
1664 1608 1734 1644 legi-

945 1655 1011 1683 timo
1026 1655 1190 1690 imperatore
1207 1655 1284 1691 501
1310 1660 1432 1690 pugnent
1458 1663 1540 1690 quam
1567 1662 1629 1682 cum
1660 1654 1735 1682 sedi-

944 1702 1015 1730 tioso
1031 1710 1063 1729 ac
1077 1702 1166 1729 civilis
1179 1702 1242 1729 belli
1262 1706 1375 1729 auctore
1392 1709 1421 1729 se
1436 1702 1618 1736 conjungant.
1640 1700 1669 1728 Si
1685 1700 1734 1735 qui

943 1754 1009 1774 vero
1025 1752 1089 1774 sunt
1102 1754 1220 1781 quorum
1235 1747 1320 1773 animi
1335 1746 1465 1773 vacillent
1481 1753 1513 1772 ac
1528 1745 1673 1777 lluctuent,
1685 1749 1736 1772 aut

943 1790 1057 1819 Omnino
1071 1791 1104 1818 ad
1122 1791 1286 1818 seditiosum
1315 1798 1413 1826 magno
1439 1791 1544 1826 impetu
1573 1789 1676 1818 amoris
1692 1789 1735 1816 fe-

943 1843 1051 1870 rantur,
1062 1841 1091 1864 et
1104 1845 1186 1873 quem
1203 1838 1264 1864 heri
1279 1843 1309 1864 ut
1325 1838 1462 1872 mancipia
1485 1838 1628 1865 dominum
1642 1837 1735 1864 colue-

942 1888 1018 1917 runt,
1031 1891 1095 1911 eum
1110 1883 1192 1911 hodie
1210 1885 1345 1919 rejiciant,
1358 1884 1443 1911 abiis
1455 1884 1629 1919 impetratam
1645 1884 1729 1911 velim

942 1938 1001 1958 rem
1015 1929 1129 1957 omnino
1143 1931 1341 1965 aequissimam,
1358 1935 1387 1957 ut
1399 1929 1475 1956 domi
1494 1929 1624 1957 sedentes
1638 1929 1733 1957 neutri

943 1977 1126 2012 opitulentur,
1138 1977 1227 2004 donec
1242 1976 1336 2011 pratlio
1350 1976 1487 2011 dirempta
1514 1976 1598 2003 fuerit
1621 1980 1733 2003 contro-

942 2024 1043 2058 versia,
1060 2031 1092 2051 ac
1106 2028 1163 2050 tum
1181 2028 1210 2050 ut
1228 2018 1321 2051 caeteri
1348 2031 1411 2050 cum
1434 2023 1540 2050 victore
1563 2030 1591 2049 se
1617 2023 1733 2058 conjun-

943 2071 1022 2103 gant;
1038 2072 1087 2094 aut
1099 2068 1191 2094 statim
1209 2071 1274 2094 ante
1292 2075 1412 2102 pugnam
1423 2066 1457 2094 ad
1472 2067 1578 2094 hostem
1590 2067 1691 2094 abeant
1701 2074 1734 2094 ac

943 2121 994 2148 pro
1005 2114 1064 2148 ejus
1080 2114 1169 2140 salute
1182 2113 1327 2144 dimicent,
1347 2120 1402 2147 quo
1415 2112 1529 2147 gratiam
1548 2112 1583 2139 ab
1596 2120 1629 2139 eo
1647 2113 1734 2140 victo-

944 2159 1013 2186 riam
1033 2160 1132 2194 adepto
1146 2160 1278 2194 majorem
1294 2158 1399 2186 ineant.
1416 2159 1484 2186 Nam
1502 2166 1545 2186 me
1563 2159 1675 2194 quidem
1689 2159 1732 2186 la-

104 2200 225 2235 καθαρδν
237 2201 284 2226 καὶ
300 2200 445 2231 ἀθόλωτον,
465 2201 522 2227 ἀλλ’
534 2201 685 2236 ὼχρότερον
698 2203 886 2230 ἀποόισκεύειι

945 2205 999 2233 biis
1013 2204 1161 2238 honorare,
1179 2205 1263 2233 corde
1281 2213 1346 2233 vero
1373 2205 1452 2233 alteri
1480 2205 1605 2233 addictos
1626 2213 1687 2233 esse
1701 2214 1733 2234 ac

103 2246 134 2272 τὺ
153 2247 224 2279 φῶς.
248 2247 389 2282 Τοσαύτην
401 2246 436 2280 δ’,
460 2247 497 2279 ὼς
520 2247 639 2275 ἐνεδίδου
668 2248 703 2274 τὰ
728 2250 891 2284 πράγματα,

105 2292 293 2329 συνηθροικὼς
315 2294 329 2320 ό
352 2293 479 2328 βασιλεὺς
498 2293 631 2327 στρατιὰν
646 2294 717 2328 ἔγνω
735 2295 772 2330 μὴ
792 2296 891 2322 ἀναδύ-

103 2339 183 2366 εσθαι
195 2341 244 2366 καὶ
258 2338 367 2375 μέλλειν
379 2340 465 2366 εἰσέτι
480 2340 636 2375 καθήμενος
648 2341 814 2376 ὑπωρόφιος,
833 2342 891 2368 ἀλλ’

103 2389 133 2411 εν
149 2386 190 2420 τῷ
206 2386 286 2420 μέρει
302 2385 351 2412 καὶ
373 2386 456 2418 αὐτὸς
483 2385 603 2421 ξιφήρης
624 2387 742 2422 ὀφθῆναι
764 2387 803 2423 τῷ
826 2389 893 2415 ἀπο-

103 2430 202 2466 στᾶτῃ.
216 2430 285 2462 Σκτὰς
296 2430 387 2458 τοίνυν
398 2430 590 2465 θωρακοφόρος
606 2430 672 2457 εἵσω
685 2431 733 2457 τοῦ
746 2432 891 2467 περιϐόλου

102 2477 150 2512 τῆς
166 2476 283 2510 πόλεως,
299 2477 328 2503 ὃν
342 2477 356 2503 ὁ
376 2476 504 2511 βασιλεὺς
516 2478 646 2513 ἀνήγειρε
659 2479 787 2515 Μανουὴλ
800 2479 891 2515 ἔρυμα

101 2523 157 2550 τῶν
174 2524 205 2549 ιν
218 2523 386 2558 Βλαχέρναις
403 2523 532 2558 ἀρχείων,
549 2524 743 2560 παρεθάρρυνε
754 2525 845 2560 λόγοις
860 2527 891 2553 τὸ

105 2569 239 2604 συγγενὲς
271 2569 319 2595 καὶ
349 2569 380 2594 τὺ
407 2568 553 2603 παρεστὼς
584 2569 702 2604 ἐγγύθεν
729 2571 888 2606 ὁπλιτικὸν,

102 2616 192 2643 τοιάδε
220 2615 489 2650 παρακελευόμενοςσ
516 2625 525 2642 ι
549 2617 684 2651 Κρεῖσσόν
706 2618 763 2644 ἐστι
787 2619 890 2654 δήπου-

102 2663 160 2694 θεν,
179 2662 227 2688 καὶ
240 2662 317 2697 παρά
332 2670 363 2696 γε
380 2663 439 2698 Θεῷ
459 2663 665 2697 ἀνεπέγκλητον
679 2683 688 2697 ,
703 2664 752 2690 τοῦ
769 2665 889 2700 ἐννόμως

103 2708 275 2743 κρατοῦντος
290 2708 517 2744 προκινδυνεύειν
530 2709 595 2741 τοὺς
615 2709 660 2735 ὐπ’
674 2710 774 2745 ἀρχὴν,
791 2711 807 2746 ἢ
823 2712 888 2745 γοῦν

102 2755 275 2790 προσρέπειν
287 2755 367 2789 ἀνδρὶ
380 2757 547 2791 νεωτεριστῇ
565 2756 611 2782 καὶ
626 2757 686 2782 κατ’
701 2756 825 2791 ἀλλήλων
842 2758 890 2784 ἐκ·

100 2800 295 2835 πολεμῶσαντι
313 2801 342 2827 τὸ
354 2801 539 2835 ὁμέγλωττον.
555 2802 586 2828 Εἰ
602 2801 631 2828 δέ
645 2810 717 2834 τινες
734 2802 789 2829 εἷεν
804 2812 888 2839 μετα-

99 2846 290 2881 χαϐευομένην
303 2846 412 2880 ἔχοντες
426 2848 477 2882 τὴν
488 2846 604 2882 γνώμην
618 2847 665 2873 καὶ
681 2848 886 2883 ἀμφιτάλαντον

262 2895 398 2926 Ρλτιοι..
421 2896 443 2926 G
450 2906 480 2927 tt.
496 2895 663 2927 CXXXIX.

947 2259 1030 2280 omne
1047 2252 1169 2280 studium
1186 2252 1305 2284 deferre,
1326 2252 1399 2279 haud
1417 2252 1474 2279 scio
1490 2259 1523 2278 an
1540 2252 1575 2279 ab
1600 2252 1655 2279 ullo
1671 2259 1735 2287 pro-

944 2299 1004 2326 bari
1018 2299 1134 2326 autDeo
1150 2299 1260 2333 placere
1282 2298 1380 2333 possit.
1405 2298 1454 2333 qui
1476 2298 1614 2333 aequitatis
1638 2306 1734 2327 amans

945 2343 972 2370 in
988 2343 1141 2370 animorum
1158 2350 1285 2369 recessus
1302 2341 1429 2377 inquirit.
1454 2342 1521 2369 Nam
1540 2342 1576 2369 ab
1600 2349 1633 2370 eo
1657 2344 1732 2378 quod

943 2389 977 2416 iis
992 2389 1070 2424 pejus
1083 2393 1125 2416 est
1139 2396 1170 2416 ac
1183 2388 1306 2415 omnium
1323 2387 1605 2422 impudentissimum,
1622 2389 1733 2416 animus

943 2443 1052 2470 quoque
1067 2435 1209 2467 abhorret,
1220 2434 1350 2462 videlicet
1371 2442 1406 2462 ne
1421 2434 1468 2469 qui
1486 2442 1586 2470 pugnae
1603 2440 1730 2470 tempore

943 2481 976 2508 ad
1003 2485 1149 2516 tyrannum
1176 2480 1306 2508 deﬁciant
1333 2484 1362 2508 et
1389 2481 1521 2518 probatos
1549 2481 1634 2508 etiam
1655 2481 1731 2507 viros

943 2528 1069 2563 exemplo
1085 2535 1135 2555 suo
1152 2531 1342 2562 corrumpant.
1357 2527 1386 2555 ld
1404 2527 1477 2562 quod
1500 2527 1526 2554 in
1549 2527 1647 2554 avibus
1669 2534 1731 2561 quas

943 2573 1073 2609 gregatim
1091 2573 1184 2600 volant
1196 2574 1330 2600 cernitur.
1347 2573 1415 2600 Nam
1430 2572 1477 2600 ubi
1499 2580 1552 2599 una
1564 2571 1729 2604 subvolarit,

942 2619 1054 2654 reliqua:
1069 2626 1165 2646 omnes
1187 2626 1241 2645 una
1259 2619 1391 2646 avolant:
1407 2618 1454 2646 ubi
1480 2625 1534 2644 una
1561 2617 1729 2649 consederit,

942 2665 1055 2700 reliqua:
1070 2665 1152 2692 etiam
1168 2665 1322 2692 consident.
1342 2673 1351 2690 ι
1370 2663 1433 2691 Haec
1445 2667 1593 2698 propterea
1608 2662 1728 2695 dicebat,

941 2711 1013 2746 quod
1043 2710 1175 2738 Joannem
1205 2710 1285 2746 502
1318 2710 1565 2737 sebastocratorem
1599 2713 1728 2744 patruum

941 2765 1020 2785 suum
1031 2762 1191 2792 suspectum
1204 2756 1322 2784 habebat
1335 2761 1365 2783 ut
1377 2760 1406 2783 et
1420 2754 1507 2783 veteri
1521 2755 1728 2784 necessitudine

940 2809 968 2832 et
980 2805 1084 2831 recenti
1100 2804 1231 2831 ullinitate
1245 2810 1307 2829 cum
1323 2802 1410 2829 Brana
1435 2802 1626 2836 conjunctum,
1649 2802 1728 2836 cujus

942 2851 1023 2879 tiliam
1041 2858 1095 2878 non
1114 2851 1150 2878 ita
1167 2849 1273 2884 pridem
1287 2848 1343 2876 tilio
1354 2855 1405 2876 suo
1415 2848 1608 2884 desponderat.
1622 2847 1729 2881 Quibus

1536 2897 1571 2926 24

1481 2947 1492 2961 1
