1944 3077
89 123 147 156 ’149

632 120 680 151 DE
702 119 853 150 ISAACIO
874 118 1025 149 ANGELO
1043 119 1118 149 LIB.
1136 119 1162 149 Ι.

1658 119 1712 150 ’150

89 181 105 207 ὀ
131 179 272 216 Κορῤάδος
301 178 483 210 διακινεῖται,
511 177 705 212 φοινικοδαφὲς
727 177 796 211 μετὰ
819 175 874 202 τῶν

934 182 1043 210 )ugnam
1079 174 1173 202 inituri
1201 174 1311 202 lanceas
1335 174 1422 202 instar
1449 174 1533 201 turris
1566 179 1714 201 erexerunt

88 226 167 260 αὐτῷ
185 226 320 252 συνόντων
333 225 456 252 Λατίνων
470 224 501 250 τὸ
515 224 570 252 τῶν
583 224 674 251 ὅπλων
690 224 759 258 ἔχων
775 223 874 256 ἐπίση-

91 279 153 304 μον.
171 269 259 301 Αὐτὸς
273 271 364 304 μέντοι
377 270 443 297 ἄνευ
462 269 559 304 θυρεοῦ
576 269 728 304 τηνικαῦτα
746 268 876 303 διηγωνί-

88 316 162 348 ζετο,
179 317 212 342 ὲκ
220 316 248 342 δὲ
262 316 336 342 λίνου
350 316 536 351 πεποιημένον
547 315 662 350 ὕφασμα
671 315 736 349 οἴνῳ
747 314 876 349 αὐστηρῷ

92 361 194 392 ίκανῶς
207 362 347 396 ῂλισμὲνῳ
366 361 510 396 διάϐροχον
533 361 665 391 πολλάκις
690 360 876 395 περιπτυχθέν

91 406 172 440 δίκην
197 406 322 441 θώρακος
342 406 465 432 ἐνεδύετο
481 414 488 421 ·
518 407 547 437 ἐς
563 406 692 432 τοσοῦτον
713 406 735 432 δ’
751 404 784 440 ἦν
800 407 876 432 ἀντι-

92 449 180 480 τυπές
207 450 269 476 ἁλσὶ
297 450 344 475 καὶ
366 449 430 484 οἴνῳ
454 451 624 485 συμπιληθὲν
651 452 687 481 ὠς
712 451 758 477 καὶ
784 450 877 485 βέλους

92 493 165 522 εἶναι
193 496 296 527 παντὸς
329 496 534 530 στεγανώτερον
559 505 566 512 ·
590 496 759 531 ἡριθμοῦντο
787 495 809 522 δ’
838 495 878 527 είς

90 533 281 568 ὀκτωκαίδεκα
290 543 338 569 καὶ
352 542 429 578 [247]
441 542 526 568 πλείω
536 541 568 568 τὰ
577 543 623 568 τοῦ
633 541 794 576 ὑφάσματος
807 550 877 576 συμ-

91 588 252 622 πτύγματα.
279 587 399 622 Ποιήσας
421 587 449 613 δὲ
465 587 495 613 τὸ
518 587 681 622 μεταίχμιον
711 586 879 622 βραχύτερον

94 634 174 664 αὖθις
199 634 320 660 ἵσταται.
348 634 403 659 Καὶ
423 633 486 659 ἐπεὶ¹
505 634 530 659 οί
548 633 597 667 μὲν
616 633 693 664 πεζοὶ
708 633 758 661 τὰς
778 633 879 667 λόγχας

91 681 131 711 ὡς
147 680 217 714 πρὸς
235 681 397 714 συμπλοκὴν
423 680 576 713 ἀνέστησαν
599 680 738 715 πυργηδὸν
754 688 879 714 παρατα-

92 725 207 760 ξάμενοι
217 726 314 760 (ἀσπὶς
327 725 382 759 γὰρ
395 725 499 751 ἀσπίδα
511 726 558 751 καὶ
572 725 655 760 κόρυς
665 725 767 760 κόρυθα
776 725 878 760 ἤρειδε,

91 770 141 797 καὶ
166 771 190 796 oi
212 770 307 805 Oupcoi.
329 770 455 804 ἀλλήλοις
472 769 632 804 συνέμυον),
647 770 671 796 οί
687 770 715 795 δὲ
731 771 824 800 ίππεῐς
845 770 880 796 τὰ

90 817 193 851 δόρατα
220 816 406 850 ὴγκωνίσαντο
424 816 472 842 καὶ
489 816 523 841 τὰ
537 815 592 841 τῶν
607 815 697 841 ποδῶν
709 816 809 850 κέντρα
825 817 880 846 τοῖς

90 861 188 891 ἵπποις
200 861 354 895 ἐνέπειραν,
367 859 418 895 ἤδη
434 859 462 886 δὲ
477 860 523 886 καὶ
542 859 572 885 τὸ
586 858 631 885 τοῦ
648 858 779 893 βασιλέως
789 859 881 892 τάγμα

90 905 284 940 ἐπηκολούθει,
296 905 357 931 οὐδὲ
368 905 417 940 τὴν
429 904 541 939 πρώτην
555 904 696 939 ἔμπτωσιν
704 904 751 930 τοῦ
763 905 828 938 περὶ
835 904 881 930 τὸν

91 952 236 988 Κορῤἀδον
265 951 456 982 ὀπλιτεύοντος
480 950 595 982 πεζικοῦ
625 950 686 976 οὐδὲ
718 951 766 985 τὴν
793 951 881 985 ῥόθιον

92 999 246 1033 ἐπαγωγὴν
261 998 316 1025 τῶν
339 998 446 1024 ίππέων
463 998 488 1023 οἱ
507 998 572 1032 περὶ
583 997 629 1023 τὸν
644 997 751 1031 Βρανᾶν
767 998 882 1031 ὑπενεγ-

92 1044 191 1075 κόντες
202 1065 210 1077 ,
231 1044 266 1070 τὰ
283 1044 357 1070 νῶτα
375 1043 578 1077 μεταὸαλόντες
595 1042 801 1069 διασκίδνανται
814 1052 822 1058 ·
836 1044 883 1070 ἐπὶ

91 1090 120 1116 δὲ
134 1089 242 1120 τούτοις
262 1089 310 1116 καὶ
321 1089 355 1115 τὰ
367 1089 451 1115 λοιπὰ
467 1087 663 1123 διαθροηθέντα
678 1088 807 1123 τάγματα
824 1089 884 1123 τρέ-

93 1143 193 1162 πονται
220 1135 289 1170 πρὸς
315 1136 416 1169 φυγήν.
440 1135 527 1166 Αὐτὸς
551 1135 574 1161 δ’
597 1136 612 1160 ό
629 1135 737 1169 Βρανᾶς
762 1136 883 1169 γεγωνὸν

93 1181 238 1215 κεκραγὼς
260 1181 308 1207 καὶ
324 1181 461 1215 διάτορον,
480 1189 489 1206 ι
506 1180 757 1214 Στῆσε,Ῥωμαῖοιο
773 1181 884 1213 πλείους

92 1226 150 1261 γὰρ
165 1226 234 1262 πρὸς
251 1225 398 1256 ἐλάττονας
413 1225 600 1260 μαχεσόμεθα,
616 1225 786 1260 καὶπρῶτος
795 1225 883 1259 ἔγωγε

93 1272 167 1297 κατὰ
192 1271 247 1297 τῶν
272 1271 396 1297 ἑνωπίων
417 1270 528 1306 ἐμϐαλῶ
549 1271 703 1305 πολεμίων,
723 1280 734 1297 ι
762 1271 809 1298 καὶ
826 1271 884 1306 ἅμα

93 1317 166 1352 δρῶν
180 1317 195 1343 ὃ
210 1317 364 1349 ὑπετίθετο,
376 1317 575 1352 παλίνστροφον
589 1317 640 1351 μὲν
653 1317 749 1344 οὐδένα
760 1318 885 1352 ποιήσειν

96 1364 205 1399 ῑσχυσε,
222 1366 294 1392 κατὰ
306 1365 335 1390 δὲ
348 1364 396 1390 τοῦ
410 1364 553 1399 Κορράδου
574 1364 641 1398 ἄτερ
663 1362 779 1397 κόρυθος
801 1372 884 1398 μαχο-

99 1409 184 1444 μένου
201 1409 233 1434 τὸ
247 1408 312 1443 δόρυ
328 1407 431 1439 ῐουνεν,
450 1408 482 1433 οὺ
502 1408 617 1442 καιρίως
639 1406 662 1433 δ’
686 1406 794 1438 ἔϐαλεν,
817 1407 885 1433 ἀλλὰ

96 1457 129 1481 τὸ
160 1455 211 1489 μὲν
226 1455 271 1481 τὶν
296 1454 344 1481 τοῦ
365 1454 505 1487 Καίσαρος
528 1451 604 1488 ὦμον
623 1453 783 1488 παραξέσαν
809 1453 885 1479 ᾰλιον

97 1499 153 1526 τῶν
167 1500 275 1526 ἐκείνου
293 1502 395 1534 χειρῶν
416 1499 552 1534 ἐξερρύη,
571 1501 584 1526 ὁ
601 1499 623 1525 δ’
641 1498 812 1533 ἀμφοτέραις
837 1498 884 1524 τοῦ

97 1546 203 1571 οἰκείου
223 1546 322 1578 ξυστοῦ
338 1545 492 1580 λαϐόμενος
505 1545 667 1579 ὶμπήγνυσι
686 1544 766 1570 τοῦτο
781 1546 814 1580 τῇ
834 1553 886 1571 πα-

100 1592 166 1626 ρειᾷ
180 1592 228 1618 τοῦ
242 1591 345 1626 Βρανᾶ,
430 1591 589 1625 σκοτοδίνης
604 1591 709 1617 ἐκεῖνον
720 1590 885 1626 ἐμπίπλησι,

98 1637 148 1663 καὶ
171 1637 389 1673 κατακρημνίζει
409 1637 457 1664 τοῦ
477 1637 561 1664 ἵππου
584 1637 700 1672 Βρανᾶν.
727 1637 763 1663 Τὸ
785 1636 808 1663 δ’
834 1637 887 1663 ἀπὸ

97 1682 178 1709 τοῦδε
194 1682 375 1717 περιστάντες
393 1683 475 1709 αὑτὸν
488 1684 511 1709 οί
527 1683 671 1718 δορυφόροι
687 1682 734 1709 τοῦ
749 1683 888 1718 Καίσαρος

99 1730 356 1765 καταδορατίζουσι.
383 1731 453 1757 Φασὶ
483 1730 512 1756 δὲ
535 1730 572 1761 ὡς
600 1731 628 1755 ἑν
648 1729 686 1764 τῷ
701 1729 818 1764 πρώτως
836 1730 888 1755 ὑπὸ

99 1777 243 1811 Κορράδου
263 1777 404 1812 τρωθῆναι
422 1777 470 1811 τὴν
490 1777 620 1812 τελευτὴν
646 1776 774 1810 πτοηθεὶς
796 1777 888 1810 ἱκετη-

102 1820 183 1854 ρίασε
211 1820 320 1856 Βρανᾶς
345 1821 393 1847 τοῦ
418 1821 455 1855 μὴ
477 1820 616 1852 τεθνάναι,
636 1821 683 1846 τὸν
703 1821 731 1846 δὲ
748 1820 888 1854 Κορῥάδον

101 1866 203 1900 ἐκείνῳ
220 1865 258 1901 μὴ
272 1867 373 1901 χρῆναι
385 1866 502 1893 δεδιέναι
516 1865 717 1901 ἀποκρίνασθαι
735 1873 740 1879 ·
756 1865 817 1891 οὐδὲ
833 1866 888 1900 γὰρ

100 1912 183 1947 ἁήδές
201 1921 227 1938 τι
241 1913 367 1939 πείσεται
381 1912 503 1947 ἕτερονῆ
518 1911 568 1947 τὴν
584 1912 705 1946 κεφαλὴν
721 1912 800 1946 μόνον
817 1911 887 1937 ἀπο-

101 1960 267 1992 κοπήσεται.
291 1959 324 1984 '0
341 1959 389 1985 καὶ
402 1957 577 1993 παραχρῆμα
596 1957 886 1990 πέπονθεν.Ἀκόσμου

100 2004 131 2030 δέ
153 2005 204 2039 τῆς
225 2004 318 2039 φυγῆς
348 2004 499 2039 γενομένης
520 2004 636 2035 ἕκαστος
661 2002 707 2029 τὸν
727 2002 788 2029 καθ’
807 2003 888 2028 αὑτὸν

101 2050 209 2076 διώκων
234 2049 344 2085 ἀνῄρει.
363 2049 449 2076 Τοῦτο
475 2049 503 2075 δὲ
525 2049 683 2084 ἀρχομένης
703 2048 811 2083 συμϐὰν
838 2049 887 2082 τῆς

101 2097 208 2132 τροπῆς
232 2097 264 2122 οὑ
296 2096 454 2131 περαιτέρω
479 2095 636 2130 προϐέϐηκε
653 2103 661 2110 ⁸
686 2096 733 2121 καὶ
756 2095 887 2129 Ῥωμαῖοι

101 2144 159 2179 γὰρ
190 2143 339 2178 ὁμογενοῦς
367 2141 503 2176 ἐφείδοντο
525 2142 657 2176 αἵματος,
682 2141 729 2167 καὶ
751 2141 828 2167 αὐτοὶ
859 2141 888 2168 δὲ

928 223 1003 254 (nam
1029 221 1135 255 (-lipcus
1156 221 1287 255 clipeum,
1312 220 1388 256 galea
1409 220 1514 256 galeam
1542 220 1666 255 urgebat,
1685 226 1714 247 et

928 272 1004 294 scuta
1023 267 1233 301 collidebantur)
1250 270 1278 293 et
1291 267 1400 301 equites
1425 265 1542 293 subditis
1560 266 1715 294 calcaribus

927 322 1013 349 equos
1026 314 1138 341 directis
1152 314 1235 340 hastis
1246 314 1430 345 concitarunt,
1441 314 1619 349 imperatoria
1633 315 1714 341 etiam

928 360 1034 395 legione
1048 360 1209 392 subsecuta;
1222 359 1315 387 Brante
1330 360 1441 391 milites,
1456 368 1489 387 ne
1503 360 1592 395 primo
1603 360 1714 395 quidem

928 407 1031 440 impetu
1050 405 1192 433 Corradini
1208 405 1346 432 exercitus
1359 405 1485 435 tolerato.
1497 405 1622 433 obversis
1635 406 1717 439 tergis

930 452 1107 486 dissipantur,
1121 451 1220 478 deinde
1236 455 1341 478 caetera:
1351 451 1434 478 etiam
1451 451 1571 486 legiones
1586 451 1613 478 in
1627 451 1717 486 fugam

929 502 1087 525 vertuntur.
1105 497 1208 524 Branas
1230 503 1296 524 vero
1314 501 1415 531 quanta
1441 503 1507 523 voce
1530 500 1638 530 poterat
1661 496 1718 522 cla-

930 544 1048 571 mitans:
1066 552 1076 568 ι
1089 542 1176 573 State,
1186 542 1318 569 Romani:
1332 542 1425 576 plures
1440 541 1513 568 enim
1528 549 1591 568 cum
1607 541 1719 576 paucio-

930 587 1009 614 ribus
1027 586 1219 622 pugnabimus,
1229 590 1256 613 et
1271 585 1376 620 primus
1386 592 1437 620 ego
1452 585 1556 612 hastam
1572 586 1598 612 in
1613 586 1718 613 hostem

931 633 1058 664 vibrabo,
1074 642 1084 658 ι
1104 632 1187 666 idque
1216 631 1289 666 quod
1316 631 1397 658 alios‘
1411 631 1717 666 monebatexscquens,

933 678 1069 706 neminem
1085 685 1150 705 sane
1166 686 1180 704 a
1194 677 1257 711 fuga
1278 677 1427 707 revocavit,
1449 677 1496 704 sed
1519 677 1573 704 telo
1594 677 1622 704 in
1645 678 1721 704 Con-

933 724 1028 751 radum
1048 723 1106 750 sine
1121 723 1197 757 galea
1214 727 1380 756 pugnantem
1398 721 1504 748 directo
1520 729 1575 748 non
1591 722 1720 749 lethatcm

934 769 1018 796 ictum
1038 768 1074 795 illi
1092 768 1195 798 intulit.
1213 768 1260 794 scd
1273 767 1391 795 Cmsaris
1413 767 1492 802 505
1517 768 1633 795 humero
1660 777 1722 802 per-

932 814 1027 841 stricto
1042 815 1124 841 telqu
1139 822 1153 840 e
1170 814 1296 840 manibus
1311 814 1411 840 amisit.
1424 814 1459 840 At
1471 814 1516 840 ille
1528 814 1633 841 hastam
1643 822 1721 841 suam

934 865 1051 894 utraque
1076 867 1159 886 manu
1186 859 1352 894 prehensum
1376 859 1413 886 ita
1440 860 1467 885 in
1493 859 1589 886 Branaa
1611 861 1721 887 maxilla

933 906 1037 941 deﬁgit,
1052 910 1081 932 ut
1096 905 1193 932 oborta
1213 905 1347 939 vertigine
1365 912 1437 939 equo
1459 905 1679 940 praecipitaretur
1693 909 1723 932 et

932 961 948 980 a
965 952 1131 980 satellitibus
1156 952 1272 980 Cazsaris
1300 951 1508 978 confoderetur.
1535 950 1631 982 Aiunt.
1657 958 1721 978 cum

933 999 1023 1035 primo
1034 999 1148 1025 vulnere
1167 1002 1279 1032 accepto
1296 1002 1412 1024 mortem
1427 997 1635 1031 deprecaretur,
1649 996 1722 1024 Con-

933 1045 1030 1072 radum
1044 1052 1107 1072 eutn
1125 1044 1196 1071 bono
1215 1043 1306 1070 animo
1322 1050 1382 1070 esse
1394 1042 1521 1078 jnssisse,
1538 1050 1629 1078 neque
1647 1043 1721 1070 enim

933 1091 1082 1124 quidquam
1117 1089 1228 1124 gravius
1249 1095 1331 1122 quam
1351 1088 1449 1122 capitis
1475 1088 1678 1115 truncationem
1696 1088 1722 1115 ei

934 1133 1112 1162 metuendum
1124 1140 1199 1161 esse:
1212 1133 1293 1166 idque
1306 1132 1398 1159 statim
1413 1131 1524 1159 accidit.
1540 1131 1568 1158 ln
1580 1132 1626 1159 illa
1636 1132 1724 1159 etl‘usa

935 1179 998 1215 fuga
1015 1179 1171 1214 proximum
1185 1184 1351 1212 quemquam
1372 1176 1487 1210 quilibet
1504 1176 1624 1209 occidit;
1639 1177 1724 1211 idque

934 1224 1071 1259 principio
1086 1223 1156 1258 fuga:
1171 1222 1303 1249 duntaxat
1323 1222 1424 1249 factum
1446 1229 1503 1248 non
1525 1222 1641 1249 ulterius
1658 1228 1723 1256 pro-

935 1270 1027 1297 cessit.
1042 1269 1110 1296 Nam
1120 1273 1148 1295 et.
1160 1268 1277 1295 Romani
1286 1273 1402 1302 cognato
1415 1267 1539 1302 sanguini
1556 1268 1722 1302 parcebant:

936 1320 965 1342 et
983 1315 1000 1341 ii
1017 1322 1086 1350 quos
1105 1313 1353 1349 persequebantur,
1368 1314 1469 1347 quippe
1488 1321 1532 1340 res
1546 1313 1644 1347 capitis
1659 1321 1725 1348 age-

936 1361 1028 1393 batur,
1040 1369 1145 1388 summa
1155 1359 1331 1387 festinatione
1343 1358 1528 1393 aufugiebant.
1538 1359 1633 1386 Castra
1644 1367 1659 1386 a
1667 1358 1726 1386 vic—

939 1407 1047 1434 toribus
1070 1406 1178 1440 direpta
1193 1409 1267 1437 sunt,
1290 1412 1341 1431 nec
1366 1404 1501 1431 militibus
1524 1404 1657 1431 duntaxat
1676 1404 1726 1432 sed

937 1453 1049 1480 urbanae
1072 1452 1155 1479 etiam
1171 1450 1342 1477 multitudini
1367 1450 1465 1485 praeda:
1491 1450 1612 1477 fuerunt.
1629 1451 1659 1477 ln
1674 1450 1728 1478 hac

899 1514 921 1545 Ο
937 1507 1028 1534 pugna
1043 1498 1242 1526 Constantinus
1262 1497 1404 1524 Stetltatus
1429 1496 1569 1527 occubuit,
1594 1497 1671 1523 hasta
1698 1496 1727 1523 in

939 1545 1051 1580 inguine
1065 1544 1236 1576 vulneratus,
1251 1544 1292 1570 vir
1309 1543 1397 1570 bonus
1413 1548 1442 1570 et
1467 1543 1575 1576 suavis;
1599 1544 1647 1578 qui
1663 1551 1726 1570 cum

938 1590 1065 1618 Anchiali
1081 1590 1231 1625 provinciae
1258 1594 1398 1624 praessct,
1421 1589 1535 1616 Branam
1555 1598 1607 1616 non
1628 1594 1728 1624 sponte

939 1642 1061 1669 secutus,
1078 1643 1130 1663 nec
1144 1635 1207 1670 ipsi,
1230 1640 1259 1661 ut
1284 1634 1507 1669 exspectabatur,
1529 1634 1727 1667 commodavit,

939 1689 990 1708 nec
1027 1682 1205 1715 semetipsum
1245 1680 1436 1712 conservavit,
1468 1680 1617 1714 quominus
1651 1679 1728 1707 ferro

940 1726 1077 1757 interiret,
1090 1726 1216 1760 quamvis
1230 1725 1430 1760 astrologorum
1453 1725 1513 1759 ejus
1537 1725 1626 1751 aetatis
1647 1724 1730 1760 506

939 1773 1086 1807 princeps;
1111 1772 1240 1798 nimirum
1266 1771 1396 1806 scrupulo
1423 1764 1517 1804 aliquo
1542 1770 1728 1797 minutissima

939 1818 1072 1852 deceptus
1089 1817 1117 1843 in
1133 1817 1252 1843 tentorio
1265 1821 1413 1848 manserat,
1431 1816 1537 1843 hostem
1552 1816 1726 1850 ingruentem

941 1864 1012 1890 nihil
1029 1863 1139 1890 timens.
1154 1862 1304 1889 Ferebatur
1322 1866 1413 1888 autem
1426 1862 1521 1888 Branae
1537 1869 1570 1888 ex
1586 1860 1652 1888 artis
1675 1860 1728 1888 ob-

939 1909 1095 1937 servatione
1111 1907 1267 1943 praedixisse
1281 1906 1340 1933 fore
1356 1911 1385 1933 ut
1408 1914 1441 1933 eo
1455 1907 1500 1933 die
1521 1906 1616 1933 urbem
1638 1907 1728 1941 ingre-

940 1956 1054 1983 deretur
1064 1959 1092 1982 et
1103 1961 1201 1988 magno
1214 1961 1275 1980 cum
1289 1952 1434 1987 splendore
1448 1952 1639 1986 triumpharet.
1649 1952 1727 1985 Quod

940 2007 1033 2029 utrum
1062 1999 1164 2027 dixerit
1181 2007 1278 2031 necne,
1290 1998 1423 2026 afﬁrmare
1447 2006 1501 2025 non
1523 1998 1728 2032 possumznovi

940 2047 1012 2074 enim
1031 2046 1109 2072 fama
1129 2053 1181 2071 non
1200 2051 1309 2078 semper
1327 2043 1354 2070 in
1381 2043 1536 2078 hujusmodi
1568 2042 1728 2070 rumoribus

941 2091 1022 2118 ﬁdem
1038 2090 1190 2117 habendam
1205 2097 1276 2116 esse.
1293 2088 1345 2115 Sed
1361 2088 1383 2115 si
1406 2088 1451 2115 illa
1467 2089 1535 2114 dixit
1556 2096 1616 2122 qua:
1633 2087 1728 2115 ferun-

943 2141 997 2169 tur,
1013 2141 1090 2162 vates
1106 2134 1201 2168 utique
1217 2134 1348 2169 deceptus
1364 2137 1417 2165 est,
1434 2138 1464 2159 ut
1488 2141 1531 2158 res
1557 2133 1614 2167 ipsa
1636 2132 1728 2159 decla-

102 2189 129 2215 ol.
158 2189 320 2223 διωκόμενοι
348 2188 395 2214 τὸν
433 2187 497 2221 περὶ
538 2186 627 2220 ψυχῆς
656 2186 798 2221 τρέχοντες
828 2186 877 2220 μεθ

943 2183 1025 2215 ravit,
1048 2181 1100 2209 nisi
1117 2181 1178 2216 quis
1195 2180 1266 2207 forte
1281 2179 1434 2214 astrologia:
1460 2178 1570 2205 deditus
1592 2186 1654 2205 eum
1672 2186 1728 2205 non

104 2237 216 2270 ἁπάσης
238 2234 327 2270 ὁρμῆς
354 2233 565 2268 ἀπεδίδρασκον.
599 2232 779 2259 Ἐσκύλευται
800 2230 847 2258 οὖν
874 2232 882 2258 ί

940 2235 1055 2264 prorsus
1077 2227 1221 2254 aberrasse
1235 2233 1286 2253 nec
1305 2231 1392 2252 artem
1415 2224 1528 2251 omnino
1550 2227 1730 2251 vanam‘esso

102 2281 194 2317 χάραξ
207 2281 260 2307 ὑπὸ
274 2281 328 2306 τῶν
344 2278 495 2310 νικώντων,
513 2278 562 2304 καὶ
580 2278 618 2308 είς
630 2276 785 2311 διαρπαγὴν
800 2277 882 2303 ἐκκεί-

941 2280 1087 2312 propterea
1100 2271 1344 2307 contendat,quod
1362 2277 1444 2306 caput
1458 2271 1518 2306 ejus
1534 2275 1561 2297 et
1575 2270 1671 2296 dexter
1680 2271 1730 2304 pes

106 2335 188 2362 μενος
202 2324 235 2361 ἦν
250 2326 281 2352 οὗ
298 2325 378 2360 μόνον
396 2325 452 2355 τοῖς
463 2323 511 2350 τοῦ
528 2322 659 2358 βασιλέως
675 2322 882 2358 στρατεύμασιν

940 2330 974 2349 eo
1002 2321 1046 2348 die
1071 2319 1157 2347 hastis
1170 2319 1248 2345 atlixa
1261 2325 1310 2352 per
1326 2318 1415 2345 lorum
1431 2317 1554 2343 traducta
1573 2320 1646 2347 sunt,
1663 2323 1731 2343 una-

103 2359 173 2400 ἀλλὰ
190 2359 238 2399 καὶ
253 2359 309 2402 τοῖς
325 2371 502 2405 ἐκχεομένοις
520 2369 726 2400 ἀστυπολίταις.
756 2368 882 2403 Ἀναιρεῖ-

941 2375 995 2402 que
1010 2371 1092 2401 caput
1108 2363 1318 2392 circumforanei
1332 2362 1485 2395 cujusdam,
1499 2361 1546 2395 qui
1561 2359 1642 2388 Poeta
1657 2359 1732 2387 dice-

103 2428 150 2446 ται
164 2419 193 2445 δέ
209 2418 280 2445 κατὰ
299 2417 395 2443 τοῦτον
414 2416 459 2442 τδν
476 2415 595 2450 πόλεμον
617 2415 664 2440 καὶ
682 2415 882 2446 Κωνσταντῖνος

945 2413 1038 2445 batur,
1053 2419 1107 2438 non
1120 2411 1147 2437 in
1167 2410 1240 2437 bello
1263 2409 1336 2440 caesi,
1351 2408 1398 2435 sed
1419 2412 1480 2442 post
1502 2407 1638 2434 illustrem
1656 2405 1730 2432 illam

103 2467 118 2492 ὸ
130 2465 278 2500 Στηθάτος,
297 2464 362 2498 περὶ
379 2462 425 2488 τὸν
440 2461 563 2496 βουϐῶνα
578 2461 662 2496 λόγχῃ
677 2460 803 2495 τρωθεὶς,
823 2460 882 2495 ὰνὴι

946 2458 1091 2486 victoriam
1109 2457 1187 2491 jussu
1207 2453 1392 2490 imperatoris,
1410 2452 1484 2480 haud
1507 2452 1565 2479 scio
1591 2458 1646 2486 quo
1664 2450 1729 2481 ﬁne,

104 2511 209 2546 ἀγαθὸς
231 2511 279 2537 καὶ
295 2509 426 2545 μείλιχος,
445 2508 474 2540 ὃς
492 2508 594 2534 διέπων
614 2507 664 2542 τὴν
690 2506 826 2542 ἐπαρχίαν
841 2507 882 2541 τῆ‹

946 2503 1094 2532 interfecti.

112 2542 258 2593 ’Ᾰγχιᾶλου
280 2542 330 2592 οίιχ
353 2542 471 2587 ἑκόντως
495 2554 698 2590 ἐπηκολούθησε
721 2554 760 2589 τῷ
777 2553 869 2589 Βρανᾷ
882 2573 888 2584 ,
909 2551 966 2579 ἀλλ’
982 2550 1045 2577 οὔτε.
1059 2549 1105 2576 τὸν
1126 2547 1349 2593 προσλαϐόμενοι)
1369 2544 1458 2593 ὢνησέ
1482 2553 1533 2593 ,τι.,
1548 2542 1649 2593 ..καθὼς
1684 2542 1732 2568 καὶ

106 2586 438 2637 προσεδοκᾶτο,’ίίρανᾶν,
453 2586 500 2625 καὶ
516 2586 680 2633 ἑαυτὺνιοὺνκ
701 2586 821 2629 eaeam";
837 2586 885 2623 τοῦ
919 2594 1042 2631 μαχαίρᾳ
1058 2594 1162 2624 πεσεῖν,
1177 2592 1232 2618 τῶν
1246 2591 1306 2617 τότε
1331 2589 1504 2637 ἀστρολόγων
1517 2589 1530 2614 ὁ
1546 2586 1732 2637 δοκιμὼιτατρς

105 2629 154 2680 ὢν,
187 2646 256 2672 ἀλλά
273 2629 303 2672 τι,
317 2629 366 2680 την
399 2629 505 2670 ἐκείνου
518 2629 628 2676 γνῶσιν.
652 2641 819 2676 διαδραμὺν,
838 2640 875 2670 ὡς
894 2629 977 2670 ἔοικε,
1010 2635 1326 2680 λεπτεπίλεπτονιὴσυχῇ
1364 2633 1455 2680 μένειν
1468 2631 1600 2680 Tenet-nev
1612 2629 1658 2678 ἐπὶ
1683 2629 1732 2680 τῇς

107 2673 225 2725 σκηνῆς,
243 2690 289 2715 καὶ
325 2673 402 2715 ἐπιὸν
416 2688 466 2714 οὑκ
479 2673 568 2712 ἔδεισε
597 2685 628 2711 τὸ
643 2673 783 2719 πολέμιον.
803 2683 927 2717 Ἐλέγετο
943 2683 971 2708 δὲ
985 2681 1024 2716 τῷ
1041 2680 1132 2715 Βρανᾷ
1156 2678 1287 2725 ’ροιϐάσαι
1313 2674 1517 2725 προρρητικῶς,
1534 2675 1579 2725 ,ἐκ
1601 2673 1657 2698 τῶν
1683 2673 1734 2725 τῆς

105 2717 224 2768 τέχνης-
241 2731 382 2759 ἐκὸάσεων
412 2729 643 2765 τεκμαιρόμενος,
674 2717 798 2760 minus
827 2730 877 2762 τὴν
892 2726 999 2761 ἡμέραν
1028 2724 1137 2758 ἐκείνην
1166 2722 1217 2768 της
1244 2717 1661 2768 πόλεως,ἐντοῗεσελειῖσεται
1687 2717 1734 2768 καὶ

105 2760 289 2813 Optat-taedeat
320 2760 491 2811 περιφανῶς.
518 2760 607 2799 ίΐοῦτο
621 2773 649 2798 δὲ
665 2773 690 2799 εί
704 2773 755 2807 μὲν
787 2760 867 2803 αὐτὸς
896 2760 1004 2806 άληθῶς
1020 2770 1130 2804 εἴρηκεν
1150 2765 1333 2813 ὸ-ξτηθάτοςί
1355 2763 1486 2813 atmiis);
1501 2762 1666 2813 opif-tonui,
1690 2760 1735 2813 eu

109 2804 182 2858 μηδ’ι
212 2819 336 2856 ἀψευδῶς
357 2804 404 2846 ’τά
424 2804 510 2845 πάντα
525 2818 542 2852 ἡ
560 2817 638 2852 φήμη
657 2804 826 2851 μυθεύεται,
843 2813 930 2841 ὁπόσα
942 2804 1123 2850 ’περιλάλητα
1137 2811 1241 2838 τιθέναι
1254 2809 1338 2844 φιλεῖ,
1362 2807 1423 2833 Ὅτι
1443 2806 1482 2839 δὲ,
1501 2805 1628 2839 εἰδῶμεν
1649 2804 1735 2830 ὁπόσα
