1944 3077
93 180 147 213 ’153

647 183 698 212 DE
723 181 875 212 ISAACIO
895 181 1047 212 ANGELO
1067 182 1142 212 LIB.
1165 181 1190 211 Ῑ.

1667 174 1720 208 754

95 246 130 274 τῃ
145 236 383 272 ἐπηκολούθησαν.
398 238 444 264 καὶ
458 238 534 274 παρὰ
547 238 679 272 βασιλέως
695 239 879 273 λαμϐάνοντες

943 246 1033 273 :osque
1046 246 1097 273 pro
1114 238 1210 265 amicis
1228 237 1309 264 colat.
1326 237 1391 270 Qure
1406 243 1470 263 cum
1489 235 1569 270 legati
1591 235 1721 262 submur-

96 284 127 309 τὸ
146 282 315 316 ἀνέγκλητον
336 283 433 316 ἀγαθοὶ
451 284 499 309 καὶ
520 284 611 309 πιστοὶ
631 284 798 318 Θεράποντες
814 285 843 314 ὲς
854 284 884 310 τὸ

99 329 199 363 μέλλον
215 328 328 355 ἔσεσθαι
345 329 528 361 συνετίθεντο,
543 330 597 355 κάκ
613 329 666 356 τῶν
685 329 773 364 ἔργων
795 330 884 356 αὐτῶν

99 374 241 406 ὑποδεῖξαι
266 375 316 409 τὴν
332 375 479 409 μετάνοιαν
495 374 538 408 ἐφ’
552 372 592 406 οἷς
609 375 640 402 ἐκ
663 375 815 410 παρανοίας
837 384 885 402 πε-

99 421 282 456 παρῳνήκασι
306 421 378 447 κατὰ
401 420 448 447 τοῦ
470 420 567 456 κυρίου
585 420 718 454 βασιλέως
737 421 886 454 ὲφοπλισά-

100 474 187 500 μενοι.
205 465 237 491 Εἰ
252 465 279 491 δὲ
295 465 433 499 βασιλεὺς,
456 466 536 499 φασὶ,
557 466 588 492 τὸ
613 466 664 500 τῆς
677 466 768 501 ψυχῆς
786 466 883 500 θυμού-

99 519 181 545 μενον
196 511 320 536 πλουτῶν
334 511 504 545 ἀμετάθετον
516 511 565 538 οὐκ
578 511 710 546 αὐτῆμαρ
726 511 882 545 καταπέψει

96 555 148 590 τὴν
171 555 335 590 ὀργιλότητα
348 575 355 586 ,
374 555 431 582 ἀλλ’
451 556 579 582 ὲσέπειτα
597 557 691 592 στήσει
707 557 739 583 τὰ
756 557 883 592 ἡμαρτη-

100 601 169 636 μένα
187 602 279 635 σφίσιν
293 602 384 633 αὐτοῖς
395 622 402 633 ,
422 602 452 628 ὃν
471 603 593 636 ὑπέτυφε
610 603 690 629 κότον
714 603 754 634 είς
769 603 883 636 σπινοῆ-

100 657 149 683 ρας
165 648 352 683 ἀναρριπίζων
368 648 466 682 Θυμοῦ,
488 650 535 675 καὶ
556 649 634 676 αὐτοὶ
652 649 814 683 φευξοῦνται
830 650 883 675 ἀπὸ

101 694 249 728 προσώπου
277 695 324 720 τοῦ
349 695 481 729 βασιλέως
503 697 550 722 καὶ
574 696 621 721 τὸν
639 696 714 730 παρὰ
730 696 793 731 Ιτοῖς
826 696 885 729 φιλ-

934 289 1098 316 murassent,
1116 284 1262 318 imperator
1278 283 1440 317 impunitate
1455 281 1585 308 omnibus
1606 289 1721 308 conces-

935 338 974 362 sa,
988 338 1035 357 eos
1048 330 1095 364 qui
1109 330 1277 357 accedebant
1301 329 1418 364 benigne
1434 332 1576 362 susceptos
1588 327 1720 354 monebat

937 381 967 403 ut
995 376 1166 410 poenitentia:
1195 376 1232 403 ob
1259 376 1390 402 violatum
1416 374 1608 409 jusjurandum
1630 373 1721 400 decla-

936 422 1027 449 randae
1045 430 1125 449 causa
1143 422 1326 456 patriarcbam
1344 421 1474 453 adirent,
1499 428 1583 455 seque
1608 420 1721 446 anathe-

937 471 1009 493 mate
1024 467 1092 493 solvi
1106 470 1241 501 peterent,
1255 473 1310 501 quo
1338 473 1353 492 a
1381 465 1500 497 civibus,
1515 473 1577 492 cum
1609 465 1718 491 ill0rum

937 512 1058 540 Cacinora
1071 520 1104 539 ex
1116 512 1239 539 turribus
1251 515 1417 546 spectarent,
1428 511 1551 538 obstricti
1565 514 1668 537 essent.
1684 510 1722 536 Ac

934 559 1024 590 multi,
1036 559 1137 594 quibus
1150 559 1245 593 religio
1254 558 1329 585 cordi
1339 563 1409 588 erat.
1419 558 1456 585 ita
1473 558 1600 585 fecerunt
1613 558 1722 586 :caeteri

933 613 999 632 vero
1009 610 1077 631 nuttt
1098 605 1195 639 capitis
1213 604 1346 631 duntaxat
1363 603 1544 630 admonitioni
1560 603 1597 630 illi
1618 602 1724 630 assensi

934 650 1023 685 magni
1037 650 1129 684 templi
1144 650 1297 684 ingressum
1321 653 1349 676 et
1365 649 1568 676 confessionem
1583 656 1632 682 pro
1646 648 1725 683 nugis
1757 679 1759 681 ἱ

934 697 1101 728 habuerunt;
1112 696 1242 722 netlicam
1257 696 1341 722 fuisse
1353 695 1485 730 quosdam
1496 695 1661 729 petulantes,
1675 694 1724 728 qui

101 740 247 774 εχθροῦσιν
265 739 354 766 ἔθνεσι
390 740 537 775 Ῥωμαίοις
571 741 736 776 ζητήσουσιν
770 741 885 776 ἔσχατον

943 750 1000 769 cum
1014 742 1155 774 exiissent,
1167 742 1359 776 imperatorem
1371 741 1519 768 deriserint
1534 744 1561 767 et
1573 740 1727 767 subsanna-

103 784 236 819 σταθμὸν,
262 787 375 811 κάκεῖνα
407 785 565 820 Ῥωμαίους
587 787 752 821 ἐργάσονται
773 787 825 813 ὅσα
848 784 888 818 οἷς

102 831 315 867 προσερρύησαν
329 832 395 868 δρᾷν
412 832 538 866 ὤφειλον,
565 834 627 860 ἐπεὶ
650 834 719 868 μηδὲ
742 835 835 860 καινὸν
865 835 889 861 εἰ

102 875 189 911 διφῴη
209 886 251 908 τις
266 877 313 904 τὸν
329 879 478 905 ἀντίπαλον
496 879 543 905 καὶ
561 879 723 906 κολακεύσει
737 879 843 906 τουτονὶ
852 881 890 911 ὡς

103 922 202 956 φίλιον.
217 922 263 948 τὸν
275 924 376 949 οἰκεῖον
391 923 528 958 εὑρίσκων
539 924 679 959 πολέμιον.
692 924 784 951 Ταῦτα
799 925 823 950 of
840 924 889 958 μὲν

103 968 236 1003 πρέσϐεις
255 969 474 1004 ὗπετονθόρυσαν
490 978 497 985 ·
512 969 639 1005 βασιλεὺς
653 971 680 997 δὲ
701 971 784 997 πᾶσιν
799 971 889 1006 ἀμνη-

104 1022 135 1040 στ
141 1014 183 1040 ίαν
216 1014 332 1049 ὲϐράϐευ
338 1024 366 1041 σε
381 1035 386 1046 ,

940 787 996 814 rint
1010 787 1079 814 nihil
1095 795 1156 814 esse
1173 787 1236 814 novi
1253 787 1386 816 dicentes.
1402 786 1484 820 510
1500 785 1522 812 si
1540 786 1562 811 is
1577 784 1622 818 qui
1640 784 1727 811 sacri-

938 833 1035 860 ﬁculus
1046 833 1110 860 olim
1120 833 1217 860 fuisset
1227 833 1300 866 (nam
1311 833 1336 859 id
1346 833 1428 860 etiam
1438 832 1462 859 ei
1477 831 1585 858 crimini
1597 830 1726 864 dabatur)

937 878 1004 913 ipsis
1017 879 1099 906 etiam
1113 886 1144 905 ca
1155 878 1350 912 praescriberet
1365 885 1425 912 quae
1440 885 1455 904 a
1476 885 1561 911 puero
1571 876 1726 904 didicisset.

941 924 1018 952 Multi
1036 925 1083 958 qui
1100 924 1133 951 ad
1155 924 1273 951 Asanem
1291 927 1319 950 et
1341 924 1452 950 Petrum
1475 931 1503 949 se
1532 922 1725 954 contulerant,

937 970 1019 1005 paulo
1032 974 1094 1004 post
1109 970 1281 1004 imperatoris
1294 969 1393 996 litteris
1407 969 1528 996 revorati
1545 972 1620 995 sunt.

411 1016 458 1042 καὶ
488 1016 550 1047 τοὺς
581 1017 743 1051 προσιόντας
768 1017 891 1052 εὐμενῶς
907 1017 1123 1052 προσδεχόμενος
1149 1016 1266 1052 παρῄνει
1294 1015 1449 1050 μετάμελον
1468 1016 1554 1050 ἐπἰτῇ
1565 1013 1721 1048 παραϐάσει

103 1057 159 1083 τῶν
181 1058 250 1092 προς
271 1058 352 1084 αὑτὸν
378 1059 587 1094 ὀμωμοσμένων
614 1061 813 1092 ἐνδείκνυσθαι,
843 1061 889 1087 καὶ
909 1061 1033 1096 ἀρχιερεῖ
1067 1060 1234 1086 ὀπτάνεσθαι
1268 1060 1307 1094 τῷ
1329 1059 1454 1094 μεγάλῳ,
1471 1058 1519 1085 καὶ
1537 1057 1629 1092 ζητεῖν
1647 1057 1720 1084 ἐκεῖ·

105 1101 152 1127 θεν
169 1101 247 1128 λύσιν
261 1102 309 1128 τοῦ
322 1103 494 1138 άναθέματος
511 1101 587 1138 ᾧπερ
623 1105 721 1135 αὐτοὺς
755 1105 780 1131 οἱ
815 1105 863 1139 τῆς
891 1105 994 1134 πόλεως
1016 1105 1158 1139 οἰκήτορες
1177 1103 1379 1134 καθυπέϐαλον,
1406 1103 1508 1130 ἄνωθεν
1530 1101 1648 1133 ἑστῶτες
1668 1101 1724 1127 τῶν

104 1145 304 1180 πυργοϐάρεων
316 1147 361 1172 καὶ
372 1146 406 1172 τὰ
422 1147 486 1181 παρ’
503 1147 593 1173 αὐτῶν
602 1148 735 1182 θεώμενοι
752 1148 890 1182 δρωμενο..
912 1149 966 1174 Καὶ
998 1149 1091 1174 πολλοὶ
1124 1148 1162 1182 τῷ
1178 1148 1334 1182 πατριάρχῃ
1353 1147 1554 1182 προσήλοοσαν,
1571 1146 1642 1177 ὅσοις
1653 1146 1724 1176 τέως

105 1189 250 1219 εὐλαϐείας
273 1189 378 1223 μετῆν·
395 1190 420 1215 οἱ
440 1189 470 1216 ’δ’
488 1191 563 1217 ἄλλοι
589 1192 622 1226 τῇ
646 1191 808 1217 κατανεύσει
834 1193 884 1223 τῆς
904 1191 1025 1226 κεψαλῆς
1056 1191 1086 1218 τὸ
1117 1192 1202 1225 πέρας
1226 1191 1274 1226 τῆς
1295 1190 1491 1225 παραιφάσεως
1510 1189 1724 1225 συμμετρήσίιν-

103 1241 152 1263 τες
173 1232 208 1263 ὡς
228 1233 310 1266 λῆρον
335 1233 473 1268 ἡγήσαντο
498 1235 548 1269 τὴν
571 1235 610 1265 εἰς
636 1234 682 1261 τὸν
710 1235 796 1269 μέγαν
816 1234 885 1261 νεὼν
905 1235 996 1268 ἄφιξίν
1012 1244 1041 1262 τε
1074 1237 1120 1262 καὶ
1137 1235 1323 1270 ὲξαγόρευσιν.
1363 1234 1415 1260 Ἐὦ
1432 1235 1484 1269 γὰρ
1501 1234 1590 1268 λέγειν
1603 1233 1639 1264 ὡς
1651 1231 1722 1268 ἦσαν

105 1276 131 1302 οἶ
154 1276 209 1302 τῶν
230 1276 393 1303 ἀτασθάλων
412 1278 481 1311 μετὰ
495 1278 543 1313 τὴν
566 1279 597 1303 ἐκ
612 1278 760 1313 προσώπου
782 1278 830 1305 τοῦ
864 1279 996 1313 βασιλέως
1034 1279 1170 1312 ὲξέλευσιν
1189 1278 1361 1312 διεχλεύαζον
1395 1278 1476 1304 αὑτὸν
1504 1278 1550 1304 καὶ
1564 1277 1716 1310 ἐξεμυκτή-

107 1319 193 1354 ριζον,
211 1321 258 1347 καὶ
278 1321 308 1347 οὐ
325 1321 418 1347 καινὸν
437 1322 530 1354 ἔλεγον
565 1323 588 1347 εἰ
621 1322 681 1356 Θεῷ
701 1323 833 1357 πρότερον
866 1323 1026 1357 κληρωθεπς,
1052 1323 1113 1348 ἐπεὶ
1145 1321 1287 1348 καὶτοῦτο
1302 1321 1544 1356 προσοιεϐέϐλητο,
1561 1322 1652 1347 ἐκεῖνα
1673 1321 1722 1347 καὶ

106 1365 198 1396 αὐτοῖς
217 1365 361 1399 ὑφηγεῖται
389 1365 436 1391 νῦν
459 1366 543 1392 ὁπόσα
570 1366 661 1401 δήκαὶ
682 1367 710 1399 ἐξ
740 1358 842 1400 ὲφῆϐου
874 1367 1036 1393 ὃεδίδακται.
1064 1365 1159 1392 Πολλοὶ
1197 1365 1224 1391 δὲ
1251 1366 1297 1392 καὶ
1318 1366 1356 1400 cf)
1378 1365 1460 1391 ’Δσὰν
1487 1366 1534 1390 καὶ
1556 1364 1596 1400 τῷ
1630 1363 1725 1398 Πέτρῳ

105 1409 320 1443 προσερῤύησαν
331 1417 337 1424 ·
347 1409 415 1435 ἀλλὰ
428 1411 475 1435 καὶ
489 1408 562 1436 οὗτοι
577 1411 723 1445 γράμμασι
737 1411 886 1446 βασιλικοῖς
905 1410 973 1444 μετὰ
990 1410 1087 1444 μικρὸν
1102 1409 1300 1444 ἐπανήλθοσαν.

143 1467 169 1490 ι’.
185 1462 266 1489 ’Λλλο
292 1463 314 1489 δ’
340 1463 385 1488 ἐπὶ
410 1463 515 1494 τούτοις
545 1464 786 1500 παρηκολούθησεν
808 1464 888 1499 ἔργον

107 1508 338 1544 παραλογώτατον
353 1516 361 1524 '
384 1509 398 1534 ὁ
424 1509 478 1543 γὰρ
505 1509 633 1543 βασιλεὺς
650 1512 733 1536 πᾶσιν
757 1512 888 1537 ἐνέδωκεν

977 1464 1021 1491 10.
1037 1464 1101 1491 Post
1117 1465 1173 1491 haec
1191 1465 1357 1499 imperator,
1372 1463 1445 1498 quod
1461 1463 1534 1490 baud
1551 1463 1617 1490 satis
1634 1463 1730 1491 mirari

944 1517 1039 1544 queas,
1056 1511 1192 1537 concessit
1207 1511 1337 1537 omnibus
1353 1515 1407 1536 tam
1426 1510 1533 1537 civibus
1547 1518 1628 1544 quam
1647 1517 1728 1544 pere-

106 1554 231 1590 ἀτεχνῶς
252 1555 380 1585 ἀστυκοῐς
408 1562 437 1580 τε
461 1554 508 1581 καὶ
530 1555 696 1591 ἁλλοχὼροις
722 1557 889 1592 διεκχεῖσθαι

943 1556 1038 1590 grinis.
1064 1560 1094 1582 ut
1116 1556 1185 1583 urbe
1207 1556 1287 1582 etTusi
1309 1564 1404 1583 omnes
1427 1563 1475 1583 eos
1494 1556 1564 1583 male
1579 1560 1732 1583 tractarent

106 1602 154 1628 καὶ
167 1600 260 1632 κακῶς
279 1600 346 1635 δρᾷν
377 1599 471 1626 ὀπόσοι
497 1601 565 1636 πρὸς
583 1601 690 1636 Βρανᾶν
709 1602 891 1636 μετετάξαντο

106 1646 161 1674 τῶν
177 1655 207 1673 τε
235 1646 320 1680 ἀγχοῦ
349 1647 398 1679 τῆς
428 1646 535 1679 πόλεως
564 1648 688 1683 ἀγροτῶν
711 1649 758 1674 καὶ
773 1648 828 1675 τῶν
842 1643 891 1683 τὴν

108 1693 280 1728 Προποντίδα
293 1692 430 1728 λαχόντων
448 1694 488 1725 είς
505 1695 621 1728 οἴκησιν.
641 1695 695 1720 Kal
710 1694 760 1729 τὴν
780 1695 828 1729 μὲν
843 1694 891 1729 τῆς

106 1740 215 1775 ἡμέρας
245 1740 353 1774 ἐκείνης
378 1740 499 1774 διάδοχον
531 1740 617 1767 νύγτα
646 1741 709 1767 καθ’
726 1742 760 1777 ἢν
785 1742 891 1776 Βρανᾶς

106 1786 307 1819 κατηγώνιατο,
333 1786 433 1812 ὲνίεται
461 1788 521 1818 ταῖς
545 1787 647 1818 οίκίαις
672 1787 726 1813 τῶν
753 1787 892 1822 δυστήνων

106 1831 280 1864 Προποντίων
307 1831 335 1857 τὸ
362 1831 404 1867 [Ρ.
428 1831 492 1867 250]
519 1832 601 1866 ὑγρὸν
620 1833 687 1867 πῦρ,
714 1832 728 1858 ὃ
752 1835 808 1864 τοῖς
833 1833 893 1860 στέ-

104 1883 202 1909 γουσιν
229 1875 365 1906 ἐφυπνοῦν
393 1876 502 1903 σκεύεσι
515 1878 584 1903 κατὰ
599 1878 647 1909 τὰς
662 1879 805 1913 ἀστραπὰς
820 1880 893 1912 ἐξαί-

105 1930 177 1956 φνης
210 1922 322 1956 προΐησι
338 1921 371 1948 τὰ
393 1922 533 1957 ὲξάλματα
556 1923 606 1950 καὶ
634 1926 746 1960 πιμπρᾷ
778 1925 838 1952 καθ’
856 1923 893 1953 ὧν

104 1968 269 1994 διεκπῐπτον
301 1968 420 2001 ἀφίεται.
453 1969 490 1995 To
513 1969 541 1995 δὲ
573 1969 672 2004 λάϐρον
689 1971 808 2005 ἐμπεσὸν
837 1974 894 2004 τοῖς

105 2013 273 2048 δρυφάκτοις
302 2015 491 2051 ἐπυρπόλησεν
516 2015 590 2042 ἄταν
617 2017 798 2053 οἰκοδόμημα,
837 2019 892 2045 εἴτε

105 2057 221 2091 τέμενος
245 2059 324 2085 τοῦτο
352 2059 430 2093 ἆγιον
455 2057 489 2095 ἦν
514 2060 569 2086 είτε
599 2063 722 2095 σεμνεῖον
752 2063 824 2097 ίερὺν
839 2064 894 2089 εῐτε

105 2103 213 2137 οἴκημα
242 2103 376 2130 ἰδιωτικόν
397 2111 403 2118 ”
437 2106 484 2131 καὶ
507 2105 553 2131 τοῦ
583 2106 669 2132 κακοῦ
700 2107 776 2142 napi
803 2108 894 2134 πᾶσαν

104 2148 219 2182 δόκησιν
241 2149 401 2181 ἐπελθόντος
427 2151 456 2176 οὐ
487 2151 568 2185 μόνον
595 2152 629 2178 τὰ
657 2153 779 2188 μέλαθρα
793 2153 824 2180 τὸ
839 2155 894 2190 πῦρ

106 2194 258 2227 ἐπενέμετο
274 2196 320 2221 καὶ
337 2195 428 2229 ἡῳλὺξ
445 2196 542 2231 μικροῦ
551 2197 671 2233 διεῖρπεν
682 2199 812 2234 αἰθέριος,
826 2200 895 2226 ἀλλὰ

107 2240 157 2266 καὶ
173 2240 222 2270 τὰς
235 2239 329 2271 οὐσίας
344 2241 510 2267 ἐπεϐόσκετο
532 2242 587 2268 τῶν
604 2243 766 2278 ἀνθρώπων,
787 2245 894 2277 οὐδενὸς

108 2285 233 2319 ἁρπάσαι
249 2293 275 2310 τι
291 2286 339 2311 καὶ
365 2288 539 2320 μετενεγκεῖν
561 2287 670 2322 ἔχοντος
684 2290 708 2315 εί
726 2290 763 2325 μὴ
777 2291 826 2317 ὅσα
841 2291 895 2318 τῶν

107 2331 261 2366 χρημάτων
288 2331 439 2364 εὐάγκαλα.
470 2333 549 2359 Κατὰ
560 2334 588 2360 δὲ
610 2334 659 2369 τὴν
685 2337 743 2369 μετ’
759 2337 844 2372 αὐτὴν
857 2337 895 2364 ἔω

109 2375 211 2407 ἔξεισιν
227 2377 264 2407 ὡς
289 2377 324 2416 ἐκ
346 2379 540 2414 προσκλήσεως
557 2381 588 2407 τὺ
612 2382 757 2409 Λατινικὸν
773 2385 867 2418 στῖφος
881 2384 895 2410 ὅ

106 2421 147 2456 τῷ
163 2422 296 2457 Κορῤάόῳ
309 2423 430 2459 Καίσαρι
453 2426 634 2452 συνετέτακτο
649 2427 696 2453 καὶ
722 2428 751 2454 τὸ
768 2429 894 2462 ἀγελαῖον

109 2468 160 2494 καὶ
177 2468 317 2502 πτωχεῦον
332 2469 433 2504 πλῆθος
445 2470 494 2505 τῆς
506 2471 620 2504 πόλεως,
636 2473 684 2498 καὶ
698 2474 733 2500 τὰ
744 2474 824 2508 πέριξ
838 2475 896 2502 δια-

107 2512 271 2547 δραμόντες,
283 2515 307 2540 οί
326 2515 375 2550 μὶν
386 2515 426 2541 ἔτι
441 2516 475 2542 τὰ
490 2517 560 2543 ὅπλα
573 2519 714 2553 φέροντες,
729 2521 753 2546 οἱ
768 2521 790 2546 δ’
806 2522 894 2556 ἀμυν-

107 2560 197 2594 τηρίῳ
213 2561 253 2594 τῷ
267 2561 464 2595 παρευρεθέντι
479 2563 624 2597 χρώμενοι,
638 2565 664 2591 τί
682 2567 730 2600 μὲν
746 2566 794 2601 οὐχ
805 2568 896 2602 ἥρπα-

109 2613 171 2636 σαν,
203 2605 230 2631 τί
253 2606 281 2632 δὲ
308 2607 443 2642 χείριστον
474 2609 526 2635 οὐκ
555 2610 736 2644 εῑργάσαντος
756 2613 895 2647 οἰκήματα

107 2650 292 2684 κατήρειψαν,
312 2652 358 2678 τὸν
374 2651 448 2679 ἔνδον
475 2653 591 2680 πλοῦτον
615 2656 818 2690 περιεϐάλοντο,
835 2658 896 2692 ἱερὰ

108 2696 300 2731 ἀνηρεὺνησαν
314 2700 521 2734 φροντιστήριοι,
539 2699 642 2727 ἔπιπλα
667 2703 809 2736 ἀφείλοντο
823 2712 894 2730 παν-

109 2740 175 2774 αγῆ,
192 2742 279 2775 σκεύη
295 2741 374 2776 τίμια
390 2743 575 2778 ὲϐεϐήλωσαν,
598 2746 705 2780 σεμνῶν
724 2748 896 2781 μοναζόντων

109 2785 163 2829 ουκ
189 2786 344 2821 ᾐδέσθησαν
374 2789 480 2821 πολιὰν,
509 2790 621 2825 ἀρετῆς,
651 2791 746 2826 ἦνκαὶ
768 2793 896 2829 πολέμιος

108 2828 165 2856 οἶδε
196 2832 291 2866 τιμᾷν,
317 2832 466 2866 ἡλόγησαν,
481 2835 527 2861 καὶ
545 2835 588 2861 ἵνα
604 2836 638 2862 τὰ
660 2837 746 2863 πολλὰ
761 2837 894 2872 συντέμω,

109 2877 201 2903 πᾶσαν
235 2876 357 2904 κάκωσιν
370 2878 430 2904 καθ’
445 2875 482 2906 ὧν
499 2880 618 2916 ἐπῄεσαν
629 2882 813 2914 ἐπεδείξαντο.
828 2883 895 2910 Πολ-

943 1602 988 1634 qui
1007 1601 1039 1628 ad
1054 1602 1170 1628 Branatn
1187 1602 1357 1633 defecerant,
1373 1602 1565 1634 suburbanos,
1581 1602 1689 1629 villicos
1703 1607 1731 1630 et

943 1648 1118 1681 Propontidis
1137 1649 1252 1676 incolas.
1267 1649 1361 1682 anue
1379 1654 1459 1676 nocte
1482 1657 1543 1683 qua:
1566 1649 1663 1676 Brante
1686 1650 1730 1676 iu-

943 1695 1054 1721 tcritum
1081 1699 1228 1721 consecuta
1253 1699 1295 1721 est
1308 1714 1315 1725 ,
1332 1694 1443 1722 Grzecus
1461 1695 1530 1730 ignis
1545 1695 1669 1722 aediﬁciis
1696 1695 1730 1722 ad

942 1740 1043 1767 fretum
1062 1740 1123 1766 sitis
1139 1740 1271 1775 injicitur,
1289 1740 1335 1774 qui
1352 1740 1379 1767 in
1399 1740 1470 1767 vasis
1486 1741 1623 1772 occultus,
1638 1741 1731 1768 subito

943 1786 1058 1820 fulguris
1071 1786 1157 1813 instar
1171 1786 1303 1817 emicans,
1323 1786 1415 1813 omnia
1443 1793 1503 1820 quae
1527 1785 1674 1820 contigerit
1690 1786 1731 1812 in-

943 1832 1045 1859 cendit.
1064 1831 1115 1864 Qui
1132 1839 1194 1858 cum
1208 1832 1236 1858 in
1252 1831 1372 1858 tabulata
1389 1832 1540 1863 incidisset,
1556 1832 1649 1858 omnia
1663 1831 1731 1859 aedi-

944 1879 1004 1906 ﬁcia
1020 1883 1073 1906 tam
1085 1887 1161 1906 sacra
1176 1886 1258 1913 quam
1282 1878 1396 1913 profana
1408 1899 1415 1910 ,
1441 1883 1495 1905 tam
1520 1878 1625 1912 privata
1648 1885 1730 1912 quam

943 1924 1053 1960 publica
1071 1924 1204 1951 incendit.
1226 1924 1255 1951 ld
1276 1924 1376 1950 malum
1400 1931 1462 1950 cum
1483 1927 1732 1958 prmlerexspecta-

945 1972 1047 1997 tionem
1057 1970 1214 2000 accidisset.
1227 1978 1281 1997 non
1299 1970 1372 1997 aedes
1392 1969 1473 1996 modo
1489 1969 1597 1996 ﬂamma
1608 1969 1635 1995 in
1646 1969 1731 1995 altum

944 2017 1015 2043 elata
1027 2017 1074 2044 sed
1082 2017 1166 2043 etiam
1177 2017 1248 2043 bona
1258 2016 1422 2043 miserorum
1431 2015 1605 2046 absumebat,
1615 2022 1677 2042 cum
1690 2014 1734 2041 ni-

945 2062 981 2088 hil
991 2063 1097 2096 eripere
1108 2066 1155 2089 aut
1166 2062 1315 2089 transferre
1324 2061 1492 2096 possentnisi
1504 2068 1585 2094 parva
1595 2060 1730 2095 quadam.

945 2109 1084 2136 Postridie
1102 2117 1183 2135 mane
1208 2108 1304 2135 Latina
1329 2108 1428 2134 cohors
1442 2107 1560 2134 Conradi
1576 2106 1691 2134 Ctesaris
1705 2110 1733 2133 et

945 2154 1101 2189 promiscua
1116 2160 1143 2181 et
1157 2154 1324 2188 paupercula
1344 2154 1424 2181 turba
1439 2153 1507 2180 urbe
1522 2153 1674 2188 egreditur.
1698 2153 1731 2180 lli

946 2201 1170 2234 circumjacentia
1182 2200 1261 2234 511
1272 2200 1364 2226 omnia
1373 2199 1524 2234 pervagati,
1534 2199 1630 2234 partim
1643 2199 1734 2226 adhuc

946 2246 1054 2275 armati.
1075 2244 1172 2278 partim
1197 2245 1259 2271 telis
1274 2245 1363 2271 obiter
1378 2245 1495 2281 arreptis
1509 2265 1515 2275 ,
1530 2243 1596 2278 quid
1609 2251 1664 2270 non
1689 2251 1733 2270 ra-

946 2291 1077 2326 puerunt?
1087 2298 1141 2324 quo
1155 2291 1258 2317 scelere
1273 2290 1478 2317 abstinuerunt?
1492 2289 1638 2316 diruerunt
1649 2289 1732 2320 aedes,

945 2344 1013 2371 opes
1039 2336 1237 2371 diripuerunt,
1257 2336 1425 2362 monasteria
1443 2335 1558 2362 scrutati
1574 2335 1732 2370 suppellec-

946 2382 1004 2409 tilia
1017 2387 1191 2409 sacrosancta
1205 2382 1398 2414 abstulerunt,
1418 2389 1481 2408 vasa
1497 2381 1618 2416 pretiosa
1642 2380 1734 2415 profa-

945 2432 1059 2460 narunt,
1075 2427 1261 2454 venerabilem
1276 2427 1474 2454 monachorum
1489 2431 1660 2454 senectutem
1676 2434 1731 2453 non

946 2475 1058 2503 reveriti
1076 2479 1150 2506 sunt;
1164 2474 1295 2501 virtutem
1313 2480 1394 2507 quam
1411 2473 1499 2500 hostis
1510 2473 1592 2500 etiam
1605 2471 1731 2498 venerari

946 2521 1025 2553 solet,
1042 2519 1354 2556 neglexerunt;denique
1370 2526 1404 2545 ne
1422 2519 1473 2545 sim
1490 2517 1633 2553 prolixior,
1650 2523 1731 2543 omne

946 2567 1082 2594 malorum
1109 2573 1196 2601 genus
1221 2565 1346 2600 quolibet
1362 2572 1455 2592 secum
1473 2564 1637 2590 attulerunt.
1655 2561 1731 2588 Multi

946 2612 1019 2648 quod
1028 2612 1064 2639 ob
1072 2611 1255 2647 direptionem
1268 2610 1368 2638 :edium
1380 2617 1493 2637 suarum
1501 2610 1730 2638 murmurassent,

947 2658 1029 2685 occisi
1045 2661 1120 2684 sunt.
1140 2658 1181 2684 Ac
1198 2664 1230 2684 ea
1244 2656 1387 2683 calamitas
1410 2655 1493 2681 latius
1512 2656 1606 2688 vagata
1621 2659 1652 2679 ac
1669 2651 1732 2678 diu-

948 2703 1001 2729 tius
1014 2707 1041 2729 et
1056 2702 1184 2730 acerbius
1209 2706 1331 2736 grassata
1344 2704 1436 2730 esset,
1450 2699 1502 2726 nisi
1519 2698 1629 2732 quidam
1654 2696 1730 2732 gravi

947 2748 1040 2776 dolore
1057 2748 1187 2775 commoti
1204 2755 1263 2774 eam
1276 2740 1596 2778 audaciam'imperatori
1610 2743 1730 2770 indicas-

946 2798 1018 2826 sent,
1035 2801 1152 2828 eumque
1177 2791 1363 2826 perpulissent
1390 2795 1420 2817 ut
1448 2788 1516 2816 viris
1541 2788 1682 2816 nobilibus
1703 2792 1731 2815 et

946 2838 1079 2874 dignitate
1091 2837 1284 2873 pnestantibus
1298 2835 1388 2863 missis
1404 2835 1624 2870 importunorum
1641 2834 1730 2861 homio

947 2891 1013 2911 num
1030 2884 1162 2917 impetum
1180 2881 1367 2916 repressisset.
