1944 3077
251 181 304 212 755

865 184 1014 214 NlCETrE
1033 185 1237 216 CHONIAT/E

1813 192 1859 223 156

250 239 292 265 7.0".
303 238 330 264 (ζὲ
347 238 395 265 καὶ
419 238 525 264 ὅτιτῶν
544 238 606 265 κατ’
621 236 696 265 οἷκον
711 240 918 275 σκυλευομένων
949 240 1103 275 ὑπέμυξαν,
1134 241 1249 269 ῡάνατον
1279 241 1397 278 εὕραντο
1422 244 1452 270 τὸ
1497 244 1638 279 ζημίωμα.
1656 245 1864 280 Προύκοψιᾶᾱν

249 283 281 309 τὸ
293 283 381 309 δεινὸν
398 283 446 309 καὶ
460 283 641 325 χρονιώτερον
658 284 770 317 γεγονὸς
802 284 880 319 ὤφθη
906 285 955 312 καὶ
992 284 1232 321 περιαλγέστερον,
1259 287 1283 313 εί
1319 287 1356 323 μή
1378 296 1451 319 τινες
1480 289 1674 322 ἀνενεγκόντες
1700 290 1800 324 βασιλεί
1835 292 1865 319 τὰ

248 327 399 360 τελούμενα
409 327 456 353 καὶ
469 327 723 361 βαρυαλγήσαντες,
739 329 776 360 ώς
807 329 892 360 εἰκὸς,
920 329 1056 362 ὐπὲνυξαν
1075 329 1144 363 πρὸς
1177 330 1331 365 διόρθωσιν.
1352 331 1406 358 Καὶ
1433 332 1542 364 στείλας
1557 332 1638 364 εὐθύς
1651 341 1727 365 τινας
1743 333 1794 360 τῶν
1807 336 1867 361 κατ’

248 369 362 402 ἀξῖωτιν
375 371 422 396 καὶ
438 370 518 404 γένος
544 372 704 406 περιφανῶν
720 372 859 398 ἀνέστειλε
874 381 903 399 τε
937 373 984 404 τὰς
1000 372 1055 400 τῶν
1075 373 1202 401 ἀτάκτων
1229 376 1330 410 ὁρμὰς,
1366 376 1413 402 καὶ
1444 376 1595 412 κατέληξεν
1624 377 1709 409 οὕτως
1731 377 1778 412 ὀψέ
1810 387 1866 405 ποτε

247 416 282 439 τὰ
299 414 339 445 είς
367 414 438 448 μέγα
469 414 553 449 μέρος
579 415 736 450 ἀφανισμοῦ
752 416 806 441 τῶν
832 417 921 443 ἐκεῖσε
933 416 1108 451 τολμώμενα.

285 469 342 496 Hoc
351 471 433 496 modo
444 470 595 497 vastatione
607 479 711 505 magna:
721 472 805 505 partis
817 473 1038 500 suburbanorum
1055 474 1077 501 A

246 515 428 543 :edificiorum
445 516 489 542 \‘ix
507 516 615 543 tandem
626 517 712 548 finita,
726 522 753 543 et
768 518 802 544 ab
817 518 976 546 hominibus
991 519 1039 553 qui

248 561 365 588 aliorum
383 562 462 588 malis
477 561 635 588 alliciuntur
650 563 694 588 vix
711 562 776 590 satis
792 563 883 590 adhuc
897 564 1039 598 deplorata

246 607 360 642 opifices
376 608 486 638 urbani.
502 609 547 642 qui
564 615 595 634 ea
611 616 671 642 qum
684 609 739 643 jam
759 610 873 643 exposui
891 618 944 636 non
960 610 1040 645 512

247 655 407 689 probaram,
421 663 475 681 non
491 655 634 682 ferendum
650 663 710 683 esse
727 657 776 683 rati
793 657 866 691 quod
882 657 972 684 Latini
986 666 1039 685 non

247 700 331 727 modo
359 701 444 728 libere
459 705 487 728 et
505 701 658 729 insolenter
678 702 814 736 jactarent
843 703 958 730 Branam
973 711 987 730 a
1007 711 1037 731 se

248 747 416 774 debellatum
426 755 498 778 esse.
513 747 559 775 sed
576 749 657 774 etiam
672 747 697 774 in
711 748 885 776 suburbanos
899 750 1038 777 Romanos

249 794 463 821 intolerabiliter
477 795 593 829 grassati
612 799 720 826 essent,
737 795 765 821 in
783 795 912 822 cohortes
926 799 954 821 et
971 795 1038 829 pha-

251 840 344 874 langes
370 841 517 867 centuriati
538 841 625 868 instar
647 841 756 868 hiberni
774 841 907 868 torrentis
922 841 948 868 in
965 841 1038 869 Lati-

251 894 348 913 norum
361 887 434 914 a'des
446 888 566 914 irruunt.
576 888 661 922 igitur
672 888 793 915 confuste
801 896 881 915 voces
891 896 944 916 non
958 889 1039 916 aliter

1134 474 1204 500 Ἀλλ’
1217 475 1294 502 οὔπω
1309 475 1395 503 ταῦτα
1422 476 1615 512 διετεορήνητο
1632 477 1754 510 ἀκριὸὦς
1769 477 1869 510 ὁπόσοις

1089 519 1143 545 τῶν
1161 521 1313 556 ἀνθρώπων
1342 522 1416 557 ψυχὴ
1447 522 1585 556 φίλοικτος
1609 522 1657 550 καὶ
1669 524 1700 549 ti»
1713 523 1797 558 δάκρυ
1815 525 1869 556 ταῖς

1090 567 1146 593 τῶν
1166 568 1324 603 πασχόντων
1349 569 1492 596 ἀναπιδύει
1522 569 1690 604 θερμότερον
1714 572 1868 605 συμφοραῖς,

1091 614 1136 639 καὶ
1152 614 1182 640 τὸ
1196 616 1246 649 τῆς
1259 615 1362 646 πόλεως
1378 616 1659 650 χειρωνακτικὸψκαὶ
1686 615 1748 642 ὅσον
1761 616 1789 642 οὔ
1815 624 1869 642 συν-

1091 660 1259 693 επευδόκησε
1287 662 1343 691 τοῖς
1368 661 1472 692 λοιποῖς
1487 661 1534 688 ἐπὶ
1546 661 1580 687 τὰ
1595 661 1762 696 ἱστορημένα
1778 661 1824 696 ἤδη
1837 662 1869 696 τῷ

1091 704 1182 737 λέγειν
1198 714 1254 739 μοι,
1279 705 1366 732 δεινὸν
1396 706 1567 740 ἡγησάμενοι
1582 707 1606 732 εί
1621 706 1670 740 οὐχ
1684 706 1757 735 ὅπως
1774 705 1870 732 ἐλευθε-

1094 751 1258 785 ροστομοῦσι
1285 753 1395 778 Λατῖνοι
1418 753 1465 778 καὶ
1483 752 1661 786 βρενθὺονται
1685 752 1724 786 τῷ
1735 752 1779 778 ὑπ’
1792 752 1870 778 αὐτῶν

1093 797 1332 831 καταγωνισθῆναι
1346 798 1465 832 Βρανᾶν,
1491 798 1558 824 ἀλλὰ
1574 798 1621 823 καὶ
1642 797 1714 823 κατὰ
1729 797 1781 824 τῶν
1795 798 1870 823 ἀστυι

1093 843 1224 876 γειτόνων
1242 844 1318 876 σφίσι
1335 844 1481 878 Ῥωμαίων
1494 844 1702 878 διαπεπράχασι
1723 843 1756 869 τὰ
1766 842 1869 869 ἀνύποι-

1093 897 1152 921 στα,
1170 889 1240 915 κατὰ
1253 889 1395 923 φάλαγγας
1410 889 1595 924 ἀγηγερμὲνοι
1610 890 1658 915 καὶ
1674 890 1787 922 σπείρας
1801 888 1871 923 δίκην

249 942 333 969 quam
358 935 485 969 gregibus
499 942 596 970 gruum
613 940 662 962 aut
677 936 852 970 graculorum
874 936 1040 971 obstrepen-

1098 935 1245 971 χειμάρρου
1260 938 1322 966 ταῖς
1335 936 1390 962 τῶν
1404 935 1560 962 Λατινικῶν
1574 936 1663 970 γενῶν
1676 936 1775 965 οἰκίαις
1796 943 1870 968 προσ-

250 981 335 1010 tibus.
353 985 399 1007 aut
413 981 590 1008 venatoribus
601 982 729 1008 latratum
743 989 840 1009 canum
851 983 1040 1015 incitantibus,

250 1036 342 1056 aerem
360 1028 520 1062 implebant,
532 1033 614 1063 atque
631 1029 676 1056 alii
695 1029 763 1056 alios
780 1030 881 1057 tunicis
897 1029 1041 1064 prehensis

252 1073 429 1108 instigabant.
448 1073 534 1100 Nemo
552 1073 589 1100 ibi
612 1073 778 1100 audiebatur
794 1075 840 1107 qui
859 1082 953 1108 pacem
977 1082 1042 1102 sna-

251 1119 359 1146 debat:
377 1126 473 1146 omnes
501 1123 531 1146 ut
554 1119 665 1154 aspides
683 1127 764 1146 aures
788 1119 956 1146 obturabant
971 1140 978 1152 ,
1005 1127 1041 1146 ue

253 1165 406 1199 sapientem
428 1172 558 1199 magnum
574 1165 712 1192 audirent.
727 1165 795 1192 Eum
812 1164 1042 1191 eireumforanca‘.

253 1210 341 1236 turba:
366 1217 531 1236 concursum
555 1217 610 1236 non
636 1209 717 1236 modo
733 1209 866 1237 effrenata
889 1209 1040 1240 iracundii.

253 1256 299 1283 sed
314 1256 397 1282 etiam
411 1256 506 1283 aliente
524 1256 648 1290 pecunia;
666 1256 803 1290 cupiditas
818 1255 942 1290 regebat.
957 1256 1042 1282 Puta-

251 1302 319 1328 bant
336 1302 410 1327 cuim
428 1308 456 1327 se
471 1300 576 1327 Latinis
589 1300 689 1335 exiguo
704 1301 798 1327 labore
813 1300 921 1327 aedibus
948 1301 1043 1334 expul-

252 1348 300 1377 sis.
318 1345 451 1380 quidquid
467 1346 494 1372 in
512 1346 544 1372 iis
567 1350 642 1372 esset
661 1345 848 1378 reconditum,
868 1349 899 1372 ut
916 1345 969 1373 sub
984 1345 1043 1372 An-

251 1393 367 1420 dronico
392 1385 544 1422 fecissent.
559 1392 727 1426 direpturos.
753 1392 854 1419 Verum
881 1399 935 1419 non
960 1392 1042 1419 modo

252 1448 300 1474 spe
316 1448 364 1466 sua
373 1439 508 1469 frustrati.
520 1438 567 1466 sed
574 1439 656 1465 etiam
666 1438 836 1465 contrarium
849 1437 1040 1472 suntexperti.

253 1487 322 1513 Nam
341 1484 492 1512 adversarii
508 1483 701 1511 animadverso
716 1484 802 1518 plebis
820 1488 916 1511 contra
932 1491 962 1511 se
977 1491 1043 1511 con-

252 1531 343 1558 citata:
357 1532 473 1564 impetu,
489 1530 547 1557 vias
557 1530 691 1564 publicas.
705 1538 767 1564 quae
781 1530 814 1556 ad
833 1531 955 1565 ipsorum
969 1530 1043 1557 aedes

254 1577 403 1605 ducebant.
421 1577 547 1604 maximis
565 1577 689 1604 trabibus
707 1577 916 1604 obstruxerunt.
933 1582 960 1604 et
981 1577 1042 1604 tho-

1096 981 1254 1016 ρήγνυνται.
1269 981 1303 1007 Λί
1316 990 1345 1007 τε
1363 981 1410 1008 οὖν
1426 982 1529 1015 ἄσημοι
1548 982 1638 1015 φωναὶ
1657 981 1702 1007 τὸν
1717 982 1783 1015 ἀέρα
1798 979 1871 1014 ἐπλή-

1094 1035 1170 1062 ρουν,
1185 1026 1223 1058 ὡς
1236 1027 1291 1053 οὐδ’
1309 1028 1333 1053 εί
1357 1027 1472 1053 κολοιῶν
1486 1027 1502 1061 ἦ
1527 1028 1654 1060 γεράνων
1668 1027 1684 1062 ἢ
1699 1026 1792 1061 ψάρων
1801 1025 1870 1052 ἔθνεα

1093 1073 1246 1108 κλαγγηδὸν
1276 1072 1474 1108 ἐπτερύσσοντο
1486 1073 1502 1108 ἢ
1523 1072 1679 1105 ὲπέχλωζον
1693 1072 1817 1108 θηρευταὶ
1830 1071 1871 1098 καὶ

1092 1118 1249 1151 ἐπεθώῠζον
1265 1118 1428 1153 κυνηγέται,
1441 1118 1575 1153 ἀλλήλους
1587 1126 1616 1144 τε
1634 1117 1804 1153 παρεκάλουν
1818 1117 1869 1143 ὲπι-

1094 1164 1234 1199 σπώμενοι
1246 1164 1300 1190 τῶν
1328 1163 1475 1199 χιτωνίων.
1504 1164 1559 1190 Καὶ
1580 1164 1633 1190 οὐκ
1651 1161 1685 1198 ἦν
1699 1163 1755 1189 ἐκεῖ
1770 1171 1809 1193 τις
1824 1161 1870 1187 τῶν

1093 1209 1299 1245 εἰσηγουμένων
1323 1210 1357 1236 τὰ
1373 1209 1441 1244 πρὸς
1471 1210 1584 1244 εἰρήνην
1597 1211 1745 1244 κατήκοος,
1760 1207 1814 1235 ἀλλ’
1838 1207 1870 1239 ὡς

1094 1256 1207 1286 ἀσπίδες
1221 1256 1255 1281 τὰ
1269 1252 1328 1282 ὦτα
1357 1255 1468 1290 βύοντες
1493 1255 1583 1281 πάντα
1615 1256 1784 1291 παρέτρεχον
1798 1254 1868 1288 σοφὸν

1094 1299 1252 1336 φαρμακόν.
1274 1299 1442 1334 Ἥγεμόνευε
1456 1299 1485 1325 δὲ
1500 1300 1549 1334 τῆς
1573 1299 1637 1326 τότε
1659 1300 1713 1326 τῶν
1735 1299 1862 1334 ἀγοραίων

1095 1346 1249 1382 συνδρομῆς
1264 1347 1295 1374 οὺ
1320 1347 1400 1382 μόνον
1415 1346 1502 1381 θυμὸς
1525 1347 1634 1380 ἄλογος,
1661 1347 1729 1373 ἀλλὰ
1742 1347 1786 1373 καὶ
1799 1348 1812 1373 ὸ
1823 1346 1870 1372 τῶν

1094 1393 1245 1429 ἀλλοτρίων
1271 1393 1387 1429 ὴῤῥένου
1412 1393 1482 1427 ἔρως
1497 1393 1661 1428 χρημάτων·
1682 1392 1765 1428 ᾤοντο
1788 1392 1837 1427 γὰρ
1846 1392 1870 1418 ἐν

1096 1439 1193 1474 βραχεῖ
1208 1440 1281 1474 πόνῳ
1296 1439 1358 1470 τοὺς
1372 1439 1504 1469 Λατίνους
1519 1440 1655 1473 ἐκστῆσαι
1666 1438 1817 1473 οἰκημάτων
1830 1436 1870 1463 καὶ

1094 1486 1244 1520 διαρπάσαι
1259 1484 1300 1520 [Ρ.
1324 1484 1389 1520 251]
1414 1484 1488 1511 ἅπαν
1506 1485 1749 1520 ἀπραγματεύτως
1769 1484 1796 1510 τὸ
1807 1483 1869 1509 ἔνδον

1095 1531 1337 1566 κειμηλιούμενον,
1367 1531 1463 1566 διόπερ
1475 1531 1546 1557 κατὰ
1561 1531 1626 1561 τοὺς
1645 1531 1756 1565 χρόνους
1772 1529 1815 1556 τοῦ
1830 1529 1870 1562 βα-

1098 1578 1194 1609 σιλέως
1216 1578 1387 1611 Ἀνδρονίκου
1407 1577 1625 1613 διαπεπράχασι.
1639 1577 1703 1609 Tol;
1728 1577 1755 1604 δὲ
1771 1577 1808 1607 είς
1818 1575 1869 1602 τοὺ-

255 1623 339 1650 racati
358 1623 384 1649 in
402 1623 603 1650 munitionibus
614 1623 679 1654 illis,
691 1624 767 1651 densi
784 1623 864 1658 513
880 1624 953 1650 inter
965 1630 1025 1649 sese
1036 1643 1043 1655 ,

1098 1623 1203 1650 ναντίον
1228 1624 1260 1650 τὰ
1292 1624 1347 1650 τῶν
1378 1623 1496 1650 ἐλπίδων
1526 1623 1746 1658 μετέστραπται.
1774 1623 1802 1648 Οἱ
1823 1621 1870 1655 γὰρ

254 1670 449 1697 constiterunt.
466 1669 500 1695 At
516 1669 664 1696 eollectitia
687 1669 766 1695 turba
779 1677 850 1703 δοριξ
863 1668 963 1696 vallum
977 1669 1044 1696 illud

253 1715 449 1743 transcendere
463 1719 560 1742 conata
583 1722 637 1741 non
661 1715 742 1742 modo
757 1715 824 1742 nihil
843 1715 977 1749 profecit,
995 1715 1044 1742 sed

253 1762 336 1789 etiam
354 1769 368 1788 a
388 1761 493 1789 Latinis
520 1761 591 1788 male
615 1765 732 1788 tractata
751 1765 803 1788 est.
818 1760 886 1788 Nam
903 1768 966 1788 cum
985 1761 1044 1788 sine

253 1809 326 1836 ferro
353 1813 381 1836 et
405 1808 491 1839 nudi,
511 1807 634 1842 plerique
658 1807 742 1834 etiam
761 1807 824 1834 vino
846 1807 938 1834 obruti
955 1807 1043 1838 {cum

253 1855 370 1882 armatis
378 1854 626 1890 congrederentur,
639 1859 697 1881 tum
708 1855 819 1882 demum
831 1853 897 1888 quid
912 1853 1045 1881 fecissent

255 1902 418 1933 cernebant.
433 1901 624 1935 Epimctln-um
637 1901 802 1928 Prometheo
817 1900 970 1928 stultiorem
983 1901 1061 1928 esse‘

253 1948 461 1984 intelligebant,
478 1955 541 1975 cum
573 1952 621 1974 aut
654 1947 761 1982 sagittis
785 1947 832 1974 icti
855 1951 903 1974 aut
921 1946 1046 1974 cominus

253 1995 390 2023 vulnerati
419 1995 496 2021 humi
521 1994 751 2029 procumbebant.
777 1993 816 2021 Ac
844 1998 901 2020 toto
936 1993 1045 2027 vesperi

256 2050 343 2077 usque
361 2042 387 2069 in
405 2042 600 2075 crepusculum
626 2041 727 2067 malum
744 2040 812 2067 illud
830 2040 949 2067 duravit.
968 2040 1046 2067 Mane

254 2093 346 2115 autem
361 2095 424 2114 cum
448 2086 566 2113 Romani
584 2087 686 2121 majore
703 2086 808 2120 impetu
834 2085 866 2112 ad
894 2086 1046 2113 securidum

255 2134 382 2169 praelium
400 2141 429 2160 se
444 2138 582 2168 pararent,
601 2132 729 2167 plurimis
743 2132 856 2159 armatis
873 2132 942 2159 hosti
962 2140 1048 2167 oppo-

257 2180 319 2207 sitis
331 2199 339 2211 ,
356 2187 418 2206 cum
443 2178 510 2206 clari
533 2178 584 2204 viri
603 2178 637 2204 ab
654 2177 821 2212 imperatore
840 2175 917 2204 missi
939 2184 987 2203 eos
1004 2183 1047 2202 re-

256 2229 416 2261 presserunt
429 2245 436 2255 ,
452 2231 510 2252 tum
534 2223 624 2251 Latini
642 2223 735 2250 stultis
756 2222 850 2249 fucum
871 2222 996 2249 fecerunt
1017 2229 1049 2249 ac

258 2272 375 2299 multum
403 2271 437 2298 de
464 2271 574 2298 fervore
602 2270 648 2297 illo
675 2268 874 2296 restinxerunt.
908 2268 1048 2295 Ronnanos

258 2318 332 2346 enim
348 2317 395 2352 qui
422 2318 450 2344 in
479 2325 569 2352 pugna
597 2316 756 2343 ceciderant
771 2336 779 2348 ,
802 2315 909 2342 Latinis
925 2314 1050 2342 vestibus

259 2366 372 2393 indutos
396 2365 521 2400 rasisque
547 2364 640 2392 barbis
667 2364 694 2391 in
718 2371 830 2390 suarum
847 2363 949 2390 aedium
964 2363 1053 2390 vesti-

260 2413 333 2439 bulis
354 2412 521 2443 collocatos,
549 2418 598 2445 pro
621 2410 802 2446 popularibus
826 2409 884 2437 suis
908 2409 1050 2436 lamentati

259 2463 340 2492 sunt;
357 2463 384 2485 et
399 2458 433 2485 iis
447 2457 494 2493 qui
511 2458 545 2484 ab
564 2458 730 2492 imperatore
743 2456 876 2488 aderant,
894 2455 956 2483 illos
971 2463 1052 2482 mon-

259 2504 384 2537 strando,
398 2509 530 2539 rogarunt
547 2512 582 2531 ne
595 2503 688 2531 denuo
698 2503 833 2531 committi
848 2503 973 2538 praalium
986 2509 1054 2530 seve

260 2551 303 2579 his
318 2551 414 2578 iisdem
428 2550 554 2578 cladibus
564 2558 633 2584 quas
641 2549 865 2577 cernerentaﬂici
880 2553 1051 2584 paterentur.

258 2597 310 2631 Qui
325 2605 388 2626 cum
402 2596 483 2633 514.
495 2596 541 2624 illa
554 2596 587 2624 ad
598 2596 712 2631 opiﬁces
727 2596 893 2631 perferrent,
909 2600 937 2623 et
954 2603 1052 2623 mone-

260 2647 322 2672 rent
339 2648 369 2670 ut
385 2644 413 2670 in
431 2647 556 2671 mortuos
571 2642 724 2678 deligerent
748 2641 844 2669 oculos
858 2661 866 2674 ,
893 2648 977 2676 seque
1006 2640 1054 2667 illa

258 2689 378 2724 probare
401 2692 554 2723 negarent.
578 2687 623 2715 vix
647 2687 756 2715 tandem
776 2686 870 2722 populi
902 2685 1052 2713 colluviem

259 2735 383 2762 emollire
400 2738 552 2768 potuerunt
566 2753 573 2765 ,
591 2737 621 2759 ut
638 2732 665 2759 in
685 2732 820 2760 oﬂicinam
843 2730 960 2766 quisque
974 2737 1052 2757 suam

259 2784 459 2808 reverteretur.
476 2779 595 2807 Facilius
622 2783 715 2806 tamen
742 2778 917 2812 impetratum
952 2781 994 2803 est
1023 2780 1055 2803 ut

261 2826 430 2863 gravissimis
444 2825 669 2861 paciﬁcatoribus
682 2824 808 2853 obsecuti
819 2824 853 2851 ab
869 2823 953 2851 armis
961 2823 1053 2851 disce-

263 2871 371 2901 derent,
389 2871 462 2905 quod
486 2876 516 2898 ut
534 2871 670 2898 matutino
695 2875 818 2905 tempore
834 2878 888 2897 non
904 2874 1054 2897 consuetus

264 2915 319 2944 dux
335 2916 396 2944 illos
411 2918 694 2953 armarat,nccmagis
709 2925 792 2953 quam
809 2917 913 2945 ferrum
930 2920 1051 2944 acuerat.

1097 1671 1221 1706 διάφοροι
1245 1670 1282 1701 ὼς
1307 1668 1376 1696 εἶδον
1401 1671 1452 1705 τὴν
1467 1671 1512 1696 ἐπ’
1545 1669 1646 1701 αὐτοὺς
1661 1669 1715 1696 τῶν
1731 1666 1870 1703 ξυγκλύδων

1098 1717 1240 1752 σύρροιαν,
1261 1717 1309 1747 τάς
1321 1725 1351 1742 τε
1375 1716 1531 1750 λεωφόρους
1557 1715 1808 1750 περιεφρᾶιγμωσαν
1823 1720 1870 1747 με·

1098 1761 1206 1795 γίστοις
1237 1761 1378 1795 σκόλοψιν,
1404 1761 1466 1787 ὅσαι
1481 1761 1541 1786 κατ’
1562 1760 1664 1792 αὐτοὺς
1673 1759 1739 1794 ἦγον
1755 1759 1785 1786 τὸ
1797 1765 1870 1792 παρο-

1102 1807 1190 1840 δεῦον,
1206 1808 1253 1833 καὶ
1264 1806 1482 1842 θωρακισθέντες
1504 1806 1590 1842 βύζην
1605 1807 1635 1832 ὲν
1648 1807 1702 1837 τοῖς
1713 1804 1871 1843 ὀχυρῴμασιν

1098 1854 1228 1889 ἔστησαν.
1248 1853 1278 1879 '0
1290 1853 1314 1880 δ’
1337 1852 1466 1886 ἀγελαῖος
1491 1852 1570 1888 ὔχλος
1586 1853 1718 1883 πολλάκις
1734 1851 1782 1886 μὲν
1796 1850 1870 1883 ὑπερ-

1099 1901 1178 1935 ϐῆναι
1193 1899 1228 1926 τὰ
1254 1898 1512 1934 περισταυρώματα
1537 1898 1685 1934 ὥρμησαν,
1708 1897 1738 1923 οὑ
1755 1897 1828 1932 μόνον
1846 1894 1870 1920 δὲ

1098 1949 1155 1978 τοῖς
1176 1946 1249 1973 κατὰ
1264 1946 1365 1973 σκοπὸν
1377 1945 1426 1972 οὐκ
1434 1945 1530 1971 ἔδοσαν
1545 1945 1644 1978 πέρας,
1656 1944 1722 1970 ἀλλὰ
1736 1943 1782 1970 καὶ
1792 1939 1871 1970 κακῶς

1100 1994 1153 2020 ὑπὸ
1183 1993 1237 2020 τῶν
1263 1991 1386 2018 Λατίνων
1413 1990 1537 2017 ἔπαθον⁸
1562 1991 1726 2026 ἀσιδήριυτοι
1758 1988 1809 2023 γὰρ
1832 1985 1871 2011 καὶ

1099 2040 1198 2074 γυμνοὶ
1213 2038 1282 2073 πρὸς
1293 2037 1486 2072 ὡπλισμένους
1504 2036 1668 2072 μαχόμενοι.
1684 2037 1707 2062 oi
1724 2035 1835 2061 πλεῖστοι
1847 2030 1871 2057 δὶ

1101 2089 1148 2112 καὶ
1163 2084 1323 2120 οἰνόφλυγες
1338 2084 1425 2115 ὅντες,
1457 2083 1517 2110 τότε
1529 2083 1543 2109 ὃ
1563 2083 1612 2110 καὶ
1635 2083 1718 2118 ἔδρων
1741 2083 1873 2114 ἐγίνωσκον

1101 2131 1210 2158 καὶτὸν
1233 2130 1388 2166 Ἐπιμηθέα
1403 2129 1450 2156 τοῦ
1479 2129 1650 2164 Προμηθέως
1678 2127 1873 2160 καταδεέστερον

1102 2178 1213 2214 ᾔδεσαν,
1225 2176 1305 2203 ὁπότε
1322 2175 1481 2211 βαλλόμενοι
1501 2175 1555 2202 ἀπὸ
1584 2175 1670 2207 τόξων
1687 2174 1703 2209 ἢ
1719 2170 1874 2208 παρασταδὸν

1101 2222 1281 2257 οὐταζόμενοι
1299 2221 1369 2248 κατὰ
1386 2221 1439 2256 γῆς
1454 2221 1580 2247 ἔπιπτον.
1599 2220 1654 2247 Καὶ
1669 2219 1718 2253 τὴν
1734 2218 1780 2252 μὲν
1794 2215 1873 2251 δείλην

1066 2261 1165 2312 υόλην
1192 2268 1242 2302 τῆς
1271 2267 1378 2302 ἡμέρας
1406 2266 1518 2312 ,ἐκείνης
1545 2265 1628 2312 μέχρι
1659 2265 1754 2312 καὶηὲῃς
1776 2261 1873 2312 βὲθεζαν

1103 2313 1223 2349 ἑσπέραν
1252 2311 1323 2338 οὕτω
1347 2311 1479 2346 κατίσχυε
1499 2313 1529 2337 τὸ
1552 2311 1642 2337 δεινόν
1659 2319 1666 2326 υ
1699 2309 1772 2344 ἡλίου
1787 2307 1813 2333 δὲ
1834 2306 1873 2330 τὸν

1102 2360 1232 2396 ὁρίζοντα.
1254 2357 1481 2393 ὑπεραναὸάντος
1511 2357 1583 2392 μετὰ
1615 2355 1738 2391 μείζονος
1757 2352 1874 2387 Ῥωμαῖοι

1103 2406 1194 2442 ῥύμης
1212 2405 1250 2435 ὡς
1273 2405 1313 2436 εἰς
1340 2402 1488 2438 ἀγώνισμα
1514 2402 1642 2440 δεύτερον
1669 2397 1872 2442 συνηθροίζοντοξ

1103 2438 1249 2482 πλείστους
1263 2449 1331 2485 μετὰ
1342 2449 1397 2475 τῶν
1411 2449 1501 2475 ὃπλων
1532 2438 1760 2483 προὸεόλημένοι.
1778 2442 1840 2469 Ἀλλ’
1853 2438 1875 2465 οῖ

1102 2507 1133 2525 τε
1153 2497 1328 2527 συνελθόντες
1351 2496 1384 2522 ἐκ
1402 2494 1535 2530 βασιλέως
1551 2494 1659 2529 λόγιμοι
1679 2492 1769 2524 ἄνδρες
1787 2487 1872 2516 αὐτοὺς

1103 2543 1273 2573 ἀνέστειλαν,
1291 2541 1338 2567 καὶ
1353 2541 1377 2567 οἱ
1398 2541 1430 2566 ἐκ
1443 2540 1494 2574 τῆς
1510 2539 1636 2566 Λατίνων
1658 2536 1743 2572 φυλῆς
1770 2539 1874 2560 καταπο-

1104 2589 1250 2625 φισάμενοι
1271 2588 1334 2619 τοὺς
1363 2585 1473 2622 εὐήθεις
1507 2585 1679 2611 κατέσϐεσαν
1703 2582 1732 2608 τὸ
1752 2579 1814 2607 πολὺ
1829 2575 1872 2608 τῆς

1103 2635 1205 2672 ὁρμῆς·
1225 2634 1428 2668 συναγαγόντες
1440 2631 1496 2667 γὰρ
1512 2631 1575 2663 τοὺς
1589 2631 1618 2657 ὲν
1631 2629 1669 2665 τῷ
1681 2628 1786 2662 πολέμῳ
1800 2631 1872 2652 κατα·

1104 2683 1238 2712 λύσαντας
1251 2682 1280 2708 τὸ
1291 2680 1341 2715 ζῇν
1357 2678 1522 2714 Ῥωμαίους,
1538 2678 1586 2704 καὶ
1597 2676 1666 2711 μετὰ
1681 2675 1729 2710 τὴν
1742 2672 1792 2699 τῶν
1803 2676 1872 2704 περι-

1105 2728 1252 2763 ϐλημὰτων
1278 2725 1423 2760 ἀφαίρεσιν
1463 2723 1600 2756 δείξαντες
1625 2723 1654 2748 ἐν
1678 2718 1736 2767 χρῷ
1762 2719 1871 2767 κοξδριξςζ

1105 2760 1230 2809 ἐξέθεντο
1244 2773 1315 2800 κατὰ
1330 2772 1379 2808 τὴν
1397 2770 1505 2797 αὔλειον
1521 2769 1608 2804 σφῶν,
1624 2767 1672 2795 καὶ
1699 2762 1817 2809 πλαστῷς
1834 2760 1863 2785 ὲπ

1105 2808 1197 2853 αὺτοῖς
1209 2821 1247 2852 ὡς
1271 2820 1314 2854 ἐφ’
1342 2817 1487 2853 ὁμογενέσι
1512 2814 1699 2850 παθηνάμενοι
1713 2808 1870 2855 ὑπεδείκνυον

1105 2869 1162 2899 τοῖς
1188 2853 1353 2903 προσιοῧσιν
1379 2865 1411 2891 ὲκ
1442 2862 1587 2899 βασιλέως,
1613 2859 1663 2886 καὶ
1690 2853 1818 2903 interﬁci”:

1107 2895 1273 2949 ἀνασχέσθαι
1290 2912 1336 2939 καὶ
1350 2895 1460 2941 ἐσαῦθις
1474 2906 1643 2944 συρῤαίναι
1658 2903 1770 2938 πόλεμον
1781 2897 1822 2925 καὶ
1837 2895 1871 2924 τις
