1952 3076
217 163 268 194 759

838 163 988 194 NICE'LE
1007 163 1211 194 CHONIATAE

1787 162 1842 194 760

214 219 353 248 mandavit
385 224 413 247 ut
438 219 506 247 citra
531 219 735 247 cunctationem
763 220 858 247 exiret.
886 220 911 248 ls
934 228 999 247 vero

1057 220 1147 256 πόρρω
1159 219 1202 256 [Ρ.
1217 218 1281 256 255]
1306 219 1354 253 τῆς
1391 218 1530 254 Ἀδριανοῦ
1553 217 1692 252 κείμενον)
1721 217 1839 252 ιπέμενε

212 274 274 293 cum
299 265 472 300 imperatoris
495 272 558 300 erga
575 273 604 292 se
626 265 835 299 benignitatem,
860 273 922 292 eum
951 273 1000 293 suo

212 317 313 345 genere
329 317 383 337 non
399 310 619 337 censentieutem
645 315 672 337 et
696 310 731 337 ab
753 311 927 345 imperatoria
945 310 1001 338 atil-

213 357 296 383 nilate
307 356 512 387 abhorrentem,
525 356 597 382 haud
608 356 815 383 dissimulanter
824 365 893 392 aegre
906 358 999 389 ferret,

211 406 239 430 et
256 401 426 436 magniﬁcam
442 402 515 428 illam
529 409 606 436 spem
617 410 669 428 non
682 402 756 429 aliud
766 403 865 430 aﬂ'erre
875 410 1001 431 cerneret

213 447 266 474 nisi
284 451 314 474 ut
327 447 428 474 calceis
440 446 584 479 Caesareis,
597 455 611 473 a
625 447 706 481 vulgo
716 447 864 480 distinctis,
878 453 1001 476 uteretur

213 493 257 527 (eo
284 492 442 524 accedebat,
468 492 540 527 quod
568 500 651 520 cruce
678 493 758 520 domo
780 501 871 521 secum
898 499 1001 529 gestata

212 538 384 566 Palmstinam
397 538 431 564 ab
444 537 578 573 [Egyptiis
593 538 754 566 Sarracenis
770 539 824 573 jam
840 545 1000 573 occupatam

212 585 330 611 invisere
345 585 538 616 constituerat,
548 589 576 611 et
589 584 678 611 obiter
692 585 866 618 imperatoris
877 593 1000 612 sororem

211 631 352 664 duxerat),
370 631 466 657 annuit
483 630 527 657 ille
545 631 654 665 quidem
672 639 701 658 se
725 632 919 665 imperatorem
934 639 1001 658 con-

212 682 356 704 venturum
370 682 398 704 et
422 677 523 703 brllum
540 685 592 702 una
615 675 882 705 administraturum.
899 678 1000 705 Verum

212 730 274 749 eum
297 723 370 750 Deus
397 722 528 749 Romanis
552 722 642 756 plures
656 723 747 749 clades
772 731 820 757 per
838 723 938 758 Mysins
957 724 1000 750 in-

211 767 282 794 ferre
295 767 475 798 decrevisset,
492 772 596 794 uuuato
612 768 740 799 consilio,
759 777 828 796 nave
845 769 998 796 ﬁrmissima

210 819 238 840 et
255 821 323 840 nova
341 821 507 844 conscensa,
527 814 554 841 iu
572 814 744 841 Palaestinam
761 816 914 842 contendit.
930 815 998 842 Cum

211 859 274 894 Tyri
289 860 450 894 appulisset,
475 868 490 887 a
517 860 694 894 popularibus
710 861 768 887 suis
784 861 868 888 veluti
897 870 997 888 numen

1053 266 1101 297 τὰς
1115 266 1245 301 δυνάμεις
1256 265 1404 296 συνελθεῖν,
1412 264 1550 299 ἐπέσκηψε
1561 264 1588 291 δὲ
1598 264 1700 291 καὶτὸν
1712 264 1842 300 Καίσαρι

1054 312 1194 347 Κορράδον
1225 312 1308 346 μηδέν
1333 320 1358 338 τι
1385 311 1559 346 μελλήσαντα
1585 311 1717 344 ἐξελθεῖν.
1753 311 1783 337 '0
1813 311 1844 337 δὲ

1052 359 1238 393 δυσχεραίνων
1255 358 1395 393 προδήλως
1409 358 1476 392 πρὸς
1491 357 1525 392 ἣν
1541 356 1642 392 εὕρατο
1657 357 1688 382 ἐκ
1707 356 1843 391 βασιλέως

1053 402 1256 437 φιλοφροσύνης
1266 402 1304 434 ὡς
1321 402 1358 437 τῷ
1371 402 1500 437 βασιλείῳ
1514 401 1589 436 κήδει
1599 401 1764 436 ἀσύμφωνον
1792 402 1844 427 καὶ

1052 448 1091 483 τῷ
1103 449 1200 475 ἑαυτοῦ
1213 448 1287 481 γένει
1313 448 1468 484 ἀπᾴδουσαν
1483 456 1489 463 ·
1506 447 1578 482 ὀρῶν
1589 447 1617 473 δέ
1631 447 1678 473 καὶ
1692 447 1742 478 τὰς
1754 447 1846 482 ὑπερ-

1053 495 1174 528 ηφάνους
1190 494 1304 526 ἐλπίδας
1338 493 1531 527 καταληξάσας
1544 494 1572 524 ἐς
1587 493 1668 528 μόνον
1682 493 1712 519 τὸ
1728 493 1766 528 μὴ
1782 494 1844 524 τοῖς

1053 540 1161 571 πολλοῖς
1186 541 1350 575 ὀμόχριυμον
1377 539 1505 574 ὑπόδημα
1531 539 1579 566 τοῦ
1607 539 1687 568 ποδὸς
1715 538 1757 574 (rb
1785 538 1843 564 τῶν

1055 585 1205 621 Καισάρων
1237 586 1309 620 λέγω
1341 585 1530 620 παράσημον),
1546 585 1594 612 καὶ
1611 584 1699 615 ἄλλως
1711 584 1739 610 δὲ
1760 592 1843 610 σταυ-

1055 634 1212 669 ροφορήτας
1237 633 1344 660 οἴκοθεν
1358 634 1402 659 καὶ
1423 634 1472 668 τὴν
1485 633 1514 664 ἐς
1527 632 1711 667 Παλαιστίνην
1725 632 1838 658 ὁδεῦσαι

1053 679 1140 705 πάλαι
1153 680 1323 714 προθέμενος
1339 679 1389 714 ἤδη
1399 679 1616 713 κατασχεθεῖσαν
1627 679 1680 704 ὑπὸ
1691 678 1745 705 τῶν
1768 678 1842 704 κατᾶ

1051 725 1100 759 τὴν
1113 724 1251 758 Αἴγυπτον
1267 725 1444 759 Σαρακηνῶν,
1474 725 1521 750 καὶ
1535 727 1674 761 πάρεργον
1701 724 1763 751 ὀδοῦ
1785 724 1838 759 τὴν

1053 770 1122 804 μετά
1147 771 1196 804 τῆς
1225 771 1343 805 ἀδελφῆς
1359 770 1406 797 τοῦ
1434 771 1567 805 βασιλέως
1584 770 1744 802 ἐπιτελέσας
1756 769 1842 796 συνά-

1050 825 1141 850 φειαν,
1151 816 1282 843 ἐπένευσε
1292 815 1548 851 μὲνσυνεξιέναιτῷ
1557 815 1662 850 βασιλεῖ
1675 816 1843 842 auten-16:1-

1050 860 1145 887 θέσϐαι
1154 861 1199 887 τὸν
1209 862 1390 895 προκείμενον
1406 861 1533 895 πόλεμον,
1548 861 1585 892 ὼς
1594 861 1616 886 δ’
1627 861 1794 895 ἀντέκρουσε
1811 862 1843 887 τὸ

209 893 348 939 quoddam
366 893 686 939 susceptusrsarracenis
698 906 809 938 restitit,
835 911 863 934 et
880 907 996 943 Joppen,

1057 905 1246 939 βεϐουλεῦευαι
1262 905 1328 932 Θεδν
1352 907 1514 940 κακοτυχείν
1532 906 1777 940 εἰσέτιῬωμαίους
1789 907 1843 932 ὑπο

210 959 270 986 qua:
287 950 366 986 517
382 959 456 978 nunc
475 952 528 978 Are
544 952 656 982 dicitur,
670 952 777 986 aliaque
792 953 890 986 oppida
917 961 997 980 recu-

210 997 327 1031 peravit.
347 997 399 1024 Sed
424 997 488 1031 quia
507 997 560 1024 illis
585 1005 695 1032 quoque
718 997 785 1024 locis
809 999 899 1027 fatalis
923 999 998 1027 cala-

213 1043 294 1070 mitas
309 1043 496 1077 impendebat,
513 1043 590 1069 multi
607 1043 731 1077 praaclari
746 1048 774 1070 et
799 1044 885 1071 fortes
901 1044 997 1077 duces,

210 1089 257 1123 qui
275 1088 462 1116 Christianum
485 1089 551 1115 illud
574 1089 627 1116 iter
642 1089 714 1116 ultro
734 1093 762 1116 et
778 1090 835 1117 suis
852 1090 999 1125 stipendiis

210 1139 408 1169 susceperant,
436 1134 596 1169 perierunt;
626 1139 655 1162 et
678 1135 735 1170 ipse
762 1135 905 1164 Conradus
943 1144 997 1164 non

211 1181 299 1208 multo
314 1184 386 1216 post,
410 1181 455 1208 vix
477 1180 552 1208 edito
574 1180 725 1215 speeimine
743 1181 853 1208 virtutis
880 1186 906 1209 et
934 1190 1000 1216 pru-

211 1227 311 1255 dentia:
339 1236 408 1260 suae.
436 1232 465 1254 ut
489 1227 625 1263 Agarenis
659 1227 835 1254 admirationi
865 1231 954 1260 esset,
983 1235 998 1254 a

210 1272 311 1300 Chasio
335 1273 454 1307 quodam
471 1272 617 1300 occiditur.
636 1272 709 1299 Gens
730 1277 822 1299 autem
835 1271 998 1299 Chasiorum

211 1326 277 1346 suos
290 1319 432 1353 principes
449 1318 485 1345 ita
501 1318 590 1345 vereri
609 1323 637 1345 et
653 1320 802 1345 observare
828 1322 856 1344 et
875 1318 902 1344 in
914 1318 999 1353 jussis

211 1372 308 1392 eorum
325 1363 509 1398 exsequendis
522 1363 591 1390 adeo
606 1363 706 1390 alacris
728 1370 789 1391 esse
801 1363 910 1395 dicitur,
930 1367 960 1391 ut
975 1364 999 1392 si

212 1413 318 1437 tantum
331 1409 482 1444 supercilio
500 1408 675 1443 magistratus
692 1409 826 1441 innuerit,
850 1409 944 1436 statim
965 1409 999 1436 de

214 1456 330 1491 rupibus
349 1463 379 1483 se
397 1455 578 1491 praecipitent,
591 1455 619 1482 in
635 1462 716 1483 enses
731 1455 849 1488 irruant,
867 1455 896 1482 in
912 1455 1000 1483 undas

213 1501 353 1534 desiliant,
369 1502 396 1529 in
412 1502 502 1537 ignem
519 1509 548 1530 se
560 1501 730 1536 conjiciant;
755 1505 783 1528 et
798 1501 831 1528 ad
857 1508 906 1528 eos
924 1501 1001 1528 missi

213 1553 284 1580 quos
300 1553 396 1572 eorum
414 1546 553 1581 principes
566 1546 672 1573 occisos
686 1546 793 1578 volunt,
821 1550 852 1573 ut
878 1546 1001 1580 hospites

214 1596 241 1618 et
255 1592 335 1619 amici
351 1592 465 1624 adeunt,
480 1597 508 1620 ct
523 1595 572 1618 aut
588 1600 617 1619 se
635 1592 736 1619 habere
751 1593 824 1627 quod
845 1592 884 1619 eis
897 1592 1002 1626 dicant,

214 1641 262 1664 aut
284 1637 389 1671 legatos
413 1638 508 1665 venire
531 1638 703 1670 simulantes,
725 1645 797 1672 saepe
826 1638 1003 1666 dominorum

214 1689 326 1709 suorum
350 1683 524 1711 adve:sarios
546 1683 713 1718 pugionibus
745 1683 886 1716 occidunt,
929 1683 1003 1710 nulla

214 1727 384 1756 (lillicultatis
409 1734 437 1756 et
461 1729 597 1763 explorati
621 1728 748 1763 supplicii
765 1728 871 1756 ratione
900 1728 1004 1761 habita,

215 1774 322 1802 etiamsi
335 1775 452 1802 alterum
465 1782 519 1802 non
540 1775 703 1803 occiderint.

1051 951 1164 982 Μυσῶν,
1180 951 1223 977 ἐπ’
1241 951 1331 982 ἄλλοις
1341 951 1434 985 τρέπει
1445 951 1490 977 τὸν
1499 951 1571 978 νοῦν.
1585 951 1645 984 Νῆα
1660 952 1714 985 γὰρ
1727 951 1844 986 ἐξαρτύ-

1053 1004 1102 1028 σας
1110 996 1216 1031 εὐπαγῆ
1226 1005 1255 1022 τε
1265 996 1310 1022 καὶ
1319 996 1507 1030 νεογόμφωτον
1517 996 1562 1022 τὸν
1572 995 1688 1029 πλοῦνξὲς
1698 997 1845 1024 Παλαιστί-

1051 1051 1101 1078 νην
1113 1042 1199 1074 ἔθετο,
1213 1043 1260 1069 καὶ
1275 1044 1307 1077 τῇ
1335 1042 1417 1078 Τύρῳ
1433 1043 1620 1077 προσορμίσας
1633 1044 1680 1068 καὶ
1703 1043 1778 1076 παρὰ
1789 1044 1845 1069 τῶν

1053 1090 1143 1114 ἐκεῖσε
1154 1089 1293 1123 ὁμογενῶν
1305 1086 1349 1115 οἷά
1357 1098 1397 1120 τις
1407 1089 1538 1123 κρείττων
1548 1089 1659 1122 ὁραθεὶς
1667 1089 1715 1115 καὶ
1727 1089 1846 1124 προσδε-

1052 1135 1125 1170 χθεὶς
1142 1135 1257 1170 δύναμις
1287 1137 1343 1167 τοῖς
1353 1136 1524 1169 Σαρακηνοῖς
1540 1137 1713 1171 ἀντεφέρετο,
1731 1137 1845 1168 Ἰόππην

1053 1181 1309 1216 ἐπανασωσάμενος,
1322 1182 1395 1217 ἥνῦν
1405 1183 1472 1208 ’Ᾱκε
1486 1182 1607 1216 λέγεται,
1624 1183 1671 1208 καὶ
1687 1182 1785 1215 ἐτέρας
1797 1182 1845 1209 πό-

1052 1227 1108 1259 λεις
1117 1230 1172 1260 τοῖς
1179 1229 1335 1262 ὁμοφύλοις.
1344 1229 1424 1255 Ἀλλὰ
1434 1229 1488 1264 γὰρ
1499 1230 1540 1256 ὅτι
1556 1232 1602 1256 καὶ
1613 1230 1647 1256 τὰ
1660 1231 1717 1256 ἐκεῖ
1726 1230 1843 1264 πάσχειν

1053 1273 1146 1304 κακῶς
1153 1273 1303 1309 ἀφώριστο,
1314 1273 1387 1300 ἄλλοι
1394 1282 1422 1299 τε
1434 1274 1512 1300 καλοὶ
1523 1274 1569 1300 καὶ
1576 1275 1696 1307 γενναῖοι
1705 1273 1846 1301 ἀπώλοντο

1054 1317 1205 1352 στρατηγοὶ
1220 1318 1269 1352 τὴν
1300 1318 1371 1344 κατὰ
1401 1318 1518 1353 Χριστὸν
1547 1318 1655 1350 ἑκόντες
1669 1319 1716 1345 καὶ
1730 1319 1846 1350 οἰκείοις

1053 1361 1180 1396 ὀψωνίοις
1198 1363 1310 1396 πορείαν
1335 1363 1518 1397 στειλάμενοι,
1553 1363 1601 1390 καὶ
1618 1363 1700 1394 αὐτὸς
1715 1363 1744 1390 δὲ
1765 1364 1844 1390 ἀναι-

1055 1407 1140 1441 ρεῖται
1161 1406 1213 1432 ὑπὸ
1235 1407 1379 1439 Χασισίου,
1399 1407 1496 1441 μικρόν
1510 1415 1537 1433 τι
1554 1407 1690 1438 ἐπιδιοὺς,
1707 1407 1755 1433 καὶ
1779 1407 1845 1434 ὅσον

1055 1453 1153 1488 πεῖραν
1168 1454 1219 1488 τῆς
1231 1453 1314 1479 αὑτοῦ
1325 1453 1454 1488 ἀνδρείας
1463 1461 1493 1479 τε
1507 1453 1554 1479 καὶ
1569 1453 1728 1488 φρονήσεως
1751 1452 1845 1480 δοῦναι

1054 1500 1110 1530 τοῖς
1128 1499 1289 1535 ’Λγαρηνοϊς
1298 1500 1345 1526 καὶ
1361 1499 1565 1534 θαυμασθῆναι.
1582 1498 1663 1531 Γένος
1676 1499 1705 1526 δέ
1731 1501 1801 1526 εἰσιν
1816 1499 1843 1526 οι

1055 1543 1179 1570 Χασίσιοι
1209 1543 1346 1578 τοσαύτην
1375 1543 1523 1577 λεγόμενον
1550 1545 1645 1578 τηρεῖν
1661 1544 1701 1578 τῷ
1729 1545 1844 1579 ἄρχοντι

1046 1590 1130 1624 νσφῶν
1158 1590 1291 1625 συστολὴν
1303 1591 1350 1616 καὶ
1363 1590 1418 1616 τῶν
1428 1588 1627 1624 ἐντελλομένιυν
1641 1589 1791 1625 πλήρωσιν,
1806 1590 1844 1621 ὡς

1052 1637 1100 1663 καὶ
1114 1636 1184 1663 κατὰ
1200 1636 1331 1671 κρημνῶν
1344 1636 1424 1663 ὠθεῖν
1435 1635 1550 1667 ἑαυτοὺς
1563 1635 1668 1661 ἐκείνου
1683 1635 1726 1661 ἐπ’
1741 1635 1843 1670 ὀφρύσι

1052 1684 1196 1715 νεύσαντος
1228 1684 1309 1718 μόνον
1342 1685 1390 1710 καὶ
1419 1682 1545 1718 χορεύειν
1577 1682 1651 1709 κατὰ
1679 1681 1767 1715 ξιφῶν
1797 1682 1845 1709 καὶ

1053 1730 1158 1757 ὑδάτων
1185 1729 1367 1756 διαϐάλλεσθαι
1396 1731 1444 1756 καὶ
1473 1729 1544 1755 κατὰ
1581 1729 1669 1763 πυρὸς
1700 1728 1845 1759 ἀκοντίζε-

1055 1775 1128 1802 σθαι.
1147 1776 1254 1811 ’Δμέλει
1271 1784 1313 1802 τοι
1330 1777 1375 1802 καὶ
1391 1775 1460 1809 πρὸς
1475 1775 1522 1807 οὓς
1544 1775 1576 1801 ἂν
1592 1774 1722 1801 ἐθέλωσιν
1736 1774 1761 1800 οἱ
1790 1774 1845 1803 τῶν

215 1821 355 1848 Χασισίων
382 1808 585 1854 ἐξουσιάζοντες
611 1821 808 1848 ἀποστέλλουσι
838 1821 902 1852 τοὺς
932 1822 1002 1855 σφᾶς
1021 1821 1222 1858 ἀναιρήσοντας
1235 1831 1243 1840 ο
1278 1824 1302 1850 οι
1320 1823 1348 1849 δὲ
1367 1823 1404 1852 Lb;
1435 1822 1519 1856 φίλιοι
1536 1821 1695 1857 προσιόντες
1712 1821 1728 1854 ἢ
1747 1822 1795 1846 καὶ
1806 1820 1844 1852 ὡς

215 1865 349 1900 ἐπήλυδες
371 1865 486 1897 ἐκείνοις
515 1865 644 1899 ὀφθέντες
659 1865 676 1900 ἦ
691 1874 716 1892 τι
741 1865 795 1891 τῶν
824 1865 1003 1900 καθηκόντων
1022 1867 1110 1892 εἰπεῖν
1136 1866 1256 1901 ἔχοντες,
1279 1866 1295 1898 ἢ
1327 1866 1374 1892 καὶ
1399 1865 1436 1897 ὡς
1451 1865 1581 1899 πρέσϐεις
1612 1865 1641 1896 ἐξ
1665 1863 1750 1890 ἐονῶν
1766 1864 1844 1899 ἣκειν

215 1909 409 1944 πλαττόμενοι,
428 1902 577 1944 πλήττουσι
589 1909 722 1940 πολλάκις
753 1909 938 1944 παραξιφιδίῳ
965 1910 1013 1936 καὶ
1033 1909 1177 1936 οανατοῦσι
1209 1911 1272 1941 τοὺς
1305 1910 1361 1940 τοῖς
1387 1909 1492 1944 κυρίοις
1509 1908 1598 1934 αὐτῶν
1614 1907 1789 1941 ἁντίφρονας.
1807 1907 1845 1942 μὴ

215 1953 246 1980 τὸ
258 1953 307 1980 τοῦ
325 1954 488 1989 πράγματος
501 1952 619 1988 ἐργῶδες
631 1952 700 1984 ὅλως
727 1953 757 1979 ἐν
769 1952 807 1987 νῷ
830 1952 1002 1987 βαλλόμενοι,
1024 1953 1087 1988 μηδ’
1116 1954 1156 1980 ὃτι
1168 1953 1200 1980 ἐκ
1231 1962 1277 1979 του
1291 1951 1661 1988 δὴπουϐενάναιρεοήσονται
1676 1951 1742 1984 γοῦν
1756 1951 1844 1983 αὐτοι,

217 1996 266 2023 καὶ
283 1997 320 2031 μὴ
336 1996 381 2023 τὸν
394 1996 490 2031 ἐτέρου
508 1995 754 2031 καταπραξάμενοι
773 1996 899 2023 θάνατον.

252 2044 402 2078 Imperator
419 2051 485 2071 vero
500 2043 612 2070 circiter
628 2042 672 2070 bis
686 2042 761 2070 mille
786 2042 901 2070 delectis
926 2042 1004 2075 viris,

217 2090 319 2126 quibus
338 2097 414 2117 arma
441 2094 469 2117 et
494 2089 603 2116 veloces
619 2096 706 2124 equos
732 2088 818 2120 dedit.
834 2088 1006 2116 Taurocomo

218 2136 251 2164 ad
264 2137 358 2164 hostes
372 2135 534 2168 contendit;
550 2135 745 2169 impedimenta
771 2135 875 2168 omnia,
892 2135 961 2162 lixas
977 2138 1006 2162 et

219 2180 330 2208 calones
342 2179 547 2214 Adrianopolim
579 2179 618 2207 ire
633 2181 725 2215 jussit.
754 2179 861 2207 Interea
882 2180 1008 2214 specula-

1103 2041 1172 2068 Ἀλλ’
1186 2041 1200 2068 6
1213 2040 1263 2076 μὲν
1283 2039 1411 2075 βασιλεὺς
1433 2040 1497 2073 περὶ
1525 2038 1673 2074 δισχιλίους
1683 2037 1846 2070 δπιλὲκτους

1061 2087 1225 2123 ἀποκρίνας,
1251 2086 1300 2113 καὶ
1311 2085 1418 2117 τούτοις
1435 2085 1506 2112 ὅπλα
1530 2086 1577 2111 καὶ
1589 2084 1690 2115 ἵππους
1702 2083 1847 2114 ὠκύποδας

1060 2134 1178 2166 διαδοὺς,
1195 2133 1324 2168 ὥρμησεν
1336 2133 1368 2158 ἐκ
1382 2130 1429 2157 τοῦ
1457 2130 1643 2166 Ταυροκώμου
1662 2129 1730 2164 πρὸς
1752 2128 1781 2155 τὸ
1795 2137 1847 2155 που

1060 2179 1165 2214 λὲμιον,
1178 2178 1228 2213 τὴν
1242 2178 1264 2204 δ’
1285 2177 1442 2212 ἀποσκευὴν
1456 2177 1545 2202 πᾶσαν
1557 2177 1603 2202 καὶ
1618 2176 1662 2201 τὸν
1680 2174 1848 2209 ὑπηρετικὸν

220 2231 294 2254 tores
307 2226 389 2261 518
405 2225 534 2252 nuntiant
551 2225 665 2252 Blachos
688 2226 746 2253 loea
769 2225 880 2253 Lardea:
893 2225 1003 2253 ﬁnitima

1061 2224 1139 2258 ὄχλον
1154 2224 1182 2254 ἐς
1203 2221 1423 2258 ’Δδριανούπολιν
1454 2222 1560 2247 ἱκέσθαι
1588 2220 1740 2255 διατεῖάχει
1756 2227 1762 2234 ·
1780 2220 1805 2246 ol
1819 2219 1848 2246 δὲ

220 2276 354 2303 vastare,
391 2279 423 2299 ac
460 2271 553 2299 multis
597 2272 696 2299 occisis
737 2279 786 2299 nec
831 2271 1009 2306 paucioribus

220 2317 309 2351 captis
334 2324 397 2344 cum
427 2318 544 2345 maxima
574 2318 664 2352 praeda
696 2317 838 2345 discedere
867 2318 1008 2346 smtuisse.

221 2363 399 2398 Igiturnoctu
417 2363 540 2390 classicis
562 2363 725 2391 canentibus
750 2371 901 2391 conscenso
926 2372 1008 2399 equo,

221 2415 284 2436 cum
307 2409 340 2435 ad
365 2409 509 2436 Basternas
535 2409 600 2442 (loci
626 2417 726 2436 nomen
756 2411 808 2442 est)
828 2410 1009 2444 pervenisset,

221 2455 297 2482 nullo
309 2454 387 2482 hoste
396 2459 556 2490 apparente,
569 2455 662 2489 quiete
671 2455 834 2483 refocillavit
847 2456 1009 2482 exrreitnm.

222 2501 326 2529 Triduo
342 2507 403 2538 post
415 2502 479 2530 inde
503 2502 654 2537 digressus.
678 2509 757 2528 mane
776 2501 894 2528 Berroen
917 2509 1012 2528 vorsus

223 2549 276 2577 iter
291 2548 454 2584 ingreditur.
471 2547 539 2575 Cum
567 2546 689 2573 nondum
715 2552 832 2581 quatuor
849 2555 1012 2581 parasangas

223 2595 414 2632 processisset,
445 2594 513 2622 mali
539 2593 654 2620 nuntius
677 2593 764 2623 adest,
792 2593 874 2619 llmlll)
899 2593 1011 2627 quidam

223 2644 390 2678 expeditus,
417 2642 465 2677 qui
494 2641 592 2676 spiritu
624 2648 656 2667 ex
685 2639 859 2667 festinatione
896 2638 1012 2666 subinde

226 2691 384 2725 interrupto
408 2693 501 2716 narrat
530 2688 624 2715 hostes
651 2695 706 2714 non
737 2687 832 2721 procul
860 2685 922 2712 inde
950 2693 1012 2711 cum

226 2736 317 2770 prada
335 2736 448 2766 reverti.
477 2742 509 2762 ac
525 2734 693 2769 pedetentim
711 2733 767 2760 fere
786 2732 924 2762 incedere,
939 2731 1013 2765 quod

225 2786 252 2808 et
269 2780 375 2808 nullum
395 2781 501 2808 hostem
526 2779 696 2807 invenissent
719 2782 747 2805 et
764 2776 902 2804 manubiis
921 2776 1013 2804 onusti

226 2831 328 2854 essent.
343 2827 432 2860 Quare
448 2827 539 2855 statim
549 2826 671 2854 exercitu
684 2825 755 2851 inter
767 2823 853 2850 duces
865 2822 1015 2850 distributo

226 2871 324 2900 etaeie
351 2873 494 2907 instructa,
513 2881 573 2901 eam
589 2872 661 2900 viam
684 2869 784 2898 institit
808 2876 861 2904 qua
886 2867 1014 2896 incedere

1061 2269 1227 2304 ἠγγέλλοντο
1240 2268 1315 2303 παρὰ
1329 2268 1382 2294 τῶν
1399 2268 1526 2302 ὸπτήρων
1538 2267 1571 2293 τὰ
1586 2266 1650 2300 περὶ
1665 2265 1708 2291 τὴν
1725 2265 1848 2300 Λαρδέαν
1880 2263 1886 2274 ⁷

1062 2315 1241 2350 κατατρέχειν
1258 2314 1357 2348 χωρία,
1375 2314 1422 2339 καὶ
1436 2313 1579 2343 πλείστους
1593 2313 1642 2347 μὲν
1653 2312 1847 2342 ἀπεκτονέναι,

1060 2361 1111 2387 οὐκ
1139 2360 1268 2390 ἐλάττους
1284 2359 1311 2385 δὲ
1327 2358 1527 2393 συνειληφέναι,
1557 2358 1602 2384 καὶ
1632 2358 1670 2389 ὡς
1696 2357 1850 2388 ἐπαναζευ-
1879 2394 1884 2398 ν

1062 2407 1154 2441 γνύειν
1168 2406 1303 2440 ἐγνώκασι
1320 2405 1425 2432 πολλῶν
1456 2404 1680 2439 ἐμπεπλησμένοι
1695 2403 1848 2437 ὠφελειῶν.
1875 2430 1881 2438 ι

1069 2453 1207 2487 Ἐννύχιος
1233 2452 1324 2481 τοίνυν
1350 2451 1403 2478 ὐπδ
1431 2451 1563 2484 σάλπιγγι
1587 2451 1630 2476 τὸν
1646 2450 1730 2476 ἵππον
1744 2449 1849 2480 ἀναϐὰς

1063 2498 1221 2533 ἐπορεύετο,
1237 2498 1284 2523 καὶ
1299 2496 1369 2522 κατὰ
1380 2495 1462 2522 τόπον
1487 2495 1549 2521 τινὰ
1561 2495 1715 2529 Βαστέρνας
1736 2493 1851 2527 λεγόμε-

1063 2553 1108 2570 νον
1120 2544 1270 2578 ἀφιγμένος
1279 2542 1460 2569 διανέπαυσεν
1475 2541 1567 2567 ἐκεῖσε
1582 2540 1631 2574 τὴν
1652 2539 1793 2574 στρατιὰν,
1813 2539 1850 2574 μὴ

1063 2590 1283 2624 ἐπιφαινομένων
1297 2588 1351 2614 τῶν
1367 2587 1515 2621 πολεμίων.
1532 2586 1608 2613 Μετὰ
1622 2585 1651 2612 δὲ
1659 2586 1732 2619 spei;
1745 2585 1850 2620 ἡμέρας

1065 2635 1108 2671 [Ρ.
1124 2635 1189 2670 ξδι]
1218 2635 1326 2661 ἐκεῖθεν
1358 2635 1468 2669 ἀπάρας
1492 2634 1542 2665 τῆς
1569 2632 1634 2658 εὐθὺ
1657 2632 1706 2666 τῆς
1731 2631 1851 2666 Βερρόης

1065 2681 1321 2716 ἑπορθρευσάμενος
1340 2681 1454 2716 ἥπτετο.
1475 2679 1545 2705 Ἀλλ’
1571 2677 1648 2704 οὔπω
1667 2677 1850 2711 παρασάγγας

1065 2728 1187 2762 παρῆλθε
1206 2728 1351 2762 τέσσαρας,
1367 2726 1413 2752 καί
1425 2734 1467 2756 τις
1479 2725 1595 2757 εὔζωνος
1609 2724 1753 2758 ἐφίσταται
1770 2723 1849 2756 ἀνὴρ.

1065 2775 1096 2801 τὸ
1106 2775 1154 2808 τῆς
1168 2773 1296 2807 ἀγγελίας
1308 2775 1378 2807 ἐχων
1391 2772 1436 2798 ἐπὶ
1448 2771 1494 2797 τοῦ
1515 2768 1661 2805 προσώπου
1695 2769 1789 2799 κακὸν,
1806 2769 1852 2794 καὶ

1066 2821 1142 2854 ἐλεγε
1176 2819 1207 2845 τὸ
1228 2818 1334 2853 πνεῦμα
1364 2818 1493 2853 συχνάκις
1519 2815 1740 2849 ἀνακαλούμενος
1765 2814 1850 2847 αγχοῦ

1068 2875 1119 2894 που
1149 2866 1205 2900 μετ’
1232 2864 1420 2902 αἰχμαλωσίας
1441 2863 1471 2890 τὺ
1489 2861 1633 2890 ἀντίπαλον
1661 2860 1851 2897 ὑποστρέφειν,
