1944 3077
58 104 119 138 761

611 111 661 141 DE
682 111 832 141 ISAACIO
852 112 1006 141 ANGELO
1028 113 1103 145 LIB.
1124 114 1164 144 ll.

1660 116 1715 148 762

59 165 228 200 ἀνειμένην
246 164 281 192 τὰ
292 166 406 193 πλεῖστα
417 167 466 202 τὴν
478 168 592 203 πορείαν
608 169 671 196 κατ’
683 171 767 207 ἄμφω
781 174 871 199 ποιοὺ-

925 170 1018 198 hustcs
1033 171 1202 198 ferebantur.
1227 172 1302 204 Quos
1333 171 1379 199 ubi
1409 172 1528 200 vidimus
1545 178 1573 200 et
1596 173 1716 202 vicissim

62 219 172 245 μενον,
187 211 274 238 ὄτιτε
296 212 393 239 οὐδένα
419 212 544 249 ἑώρακεν
570 215 732 252 ἀντίμαχον,
757 219 805 245 καὶ
835 219 874 250 ὠς

61 258 218 293 ἔμφορτον
246 259 415 294 παμπόλλων
442 261 578 297 ληϊσμῶν.
609 263 715 290 Αὐτίκα
738 265 804 299 γοῦν
835 266 875 297 είς

61 304 222 339 ἡγεμόνας
237 304 268 331 τὸ
292 306 372 332 συνὸν
394 307 492 343 ἐκείνῳ
514 307 609 335 διελὼν
639 311 810 345 στράτευμα,
827 310 875 337 καὶ

65 351 174 385 σχῆμα
200 352 381 386 παρατάξεως
409 353 547 388 θέμενος,
589 355 689 383 ὥδευεν
720 357 829 391 ἐκείνην
841 358 875 392 ἣν

63 396 232 431 ὁδοιπορεῖν
256 397 367 431 ἐλέγετο
392 398 422 424 τὸ
452 399 592 434 πολέμιον.
622 401 697 428 Ἐπεὶ
710 402 739 428 δὲ
768 402 874 436 εἴδαμέν

64 449 98 467 τε.
112 441 167 466 καὶ
180 440 335 476 ἐθεάθημεν
355 443 539 478 (σννειπόμην
556 445 611 480 γὰρ
629 447 676 472 καὶ
696 446 779 478 αὺτδς
794 446 874 481 βασι-

65 487 112 513 λεῖ
131 485 421 522 ὑπογραμματεύων),
450 490 541 524 οἱμὲν
568 491 671 518 Σκύθαι
703 493 750 519 καὶ
777 493 874 528 Βλάχοι

66 531 122 567 τὴν
141 533 220 560 λείαν
239 534 406 569 παραδόντες
433 537 505 562 τισὶν
520 537 550 568 ἐξ
565 537 656 564 αὐτῶν
681 539 791 574 μοίραις
814 541 874 566 ἐκέ-

67 580 178 606 λευσαν
204 580 255 612 τὰς
286 581 495 616 ὲπιτομωτέρας
524 584 706 617 ἀναλέγεσθαι
737 586 790 612 τῶν
804 586 874 612 όδῶν

68 627 121 652 καὶ
136 625 191 661 τὴν
214 626 327 660 πορείαν
339 628 500 660 ἐπιτείνειν,
529 629 581 661 ἕως
593 630 626 656 ἂν
642 631 802 665 ἐφὰψωνται
820 634 873 659 τῶν

68 672 225 707 ὁρειαίων·
255 674 279 699 οἱ
295 673 318 699 δ’
331 672 405 700 ἄλλοι
429 677 633 710 συστραφέντες
659 677 781 712 ἐδέχοντο
792 679 875 705 εὐπε-

69 718 131 748 τῶς
147 719 215 750 τοὺς
229 720 290 746 κατ’
305 720 395 746 αὐτῶν
408 722 612 757 ἱππαζομένους
636 723 799 758 Ῥωμαίους,
828 725 873 752 τὸν

69 764 195 799 πάτριον
211 767 301 797 αὐτοῖς
320 766 367 792 καὶ
381 766 468 801 ἠθάδα
478 768 578 802 τρόπον
594 770 759 804 μαχὸμενοι·
786 770 874 797 ἐπιόν-

69 817 119 840 τες
136 809 196 844 γὰρ
211 810 329 845 ⁴Ιγιρίεσαν
342 811 461 846 βέλεμνα
472 814 519 839 καὶ
531 813 625 848 δόρασι
638 815 869 848 προσεπλέκοντο.

72 855 148 890 μετὰ
170 855 259 892 βραχὺ
274 856 301 883 δὲ
318 858 516 892 μεταϐαλόντες
545 860 595 894 τὴν
612 860 701 895 ὁρμὴν
718 861 759 892 είς
782 862 871 897 φυγὴν

72 901 124 928 καὶ
137 903 324 930 καταδιώκειν
341 904 429 930 ὀπίσω
451 906 527 939 σφῶν
551 906 589 937 ὡς
604 907 733 940 φυγάδων
748 908 778 934 τὸ
794 908 872 934 ἀνθι-

73 947 215 982 στάμενον
244 949 427 983 ἐρεθίζοντες,
454 949 532 981 αὖθις
557 951 594 982 ὡς
621 953 681 979 οὐδὲ
710 954 801 988 πτηνὰ
827 956 872 981 τὸν

71 993 148 1028 ἀέρα
159 993 296 1026 τέμνοντα
311 995 345 1022 τὰ
366 996 439 1022 νῶτα
453 998 493 1028 είς
508 997 558 1032 τὴν
570 997 625 1024 τῶν
638 998 727 1032 ὄψεων
759 1008 873 1034 μετατι-

73 1039 189 1073 θέμενοι
213 1040 307 1076 χώραν
334 1041 447 1068 ἐνώπιοι
462 1044 519 1074 τοῖς
537 1044 661 1070 ἐπιοῦσιν
673 1044 809 1079 ἐμάχοντο
825 1047 872 1072 καὶ

74 1085 170 1120 πολλῷ
183 1088 371 1122 γενναιότερον
388 1088 597 1116 συνεπλέκοντο.
614 1090 666 1116 Καὶ
692 1091 774 1117 τοῦτο
806 1091 871 1118 πολ-

74 1130 157 1163 λάκις
188 1133 381 1167 πεποιηκότες,
407 1134 445 1165 ὡς
473 1135 526 1170 ήδη
553 1135 607 1161 τῶν
629 1136 774 1170 Ῥωμαίων
802 1135 872 1173 ἦσαν

75 1179 318 1213 ἐπικρατέστεροι,
331 1181 422 1207 οὐκέτ’
435 1180 591 1216 ἐμέμνηντο
603 1182 658 1208 τῶν
673 1182 794 1216 ἐλίξεων,
805 1185 872 1212 ἀλλὰ

76 1225 112 1251 τὰ
128 1225 195 1261 ξίφη
209 1226 406 1260 γυμνώσαντες
420 1228 467 1254 καί
484 1237 546 1255 τινα
567 1229 632 1264 βοὴν
646 1231 872 1266 ἐκπληκτικωτά-

76 1279 129 1306 την
156 1272 324 1306 ἐκρήξαντες
353 1273 452 1309 μικροῦ
490 1276 538 1301 καὶ
579 1275 745 1311 ἐννοήματος
778 1278 872 1314 τάχιον

85 1316 235 1351 Ῥωμαίοις
248 1320 387 1351 ἐνέπεσον,
417 1321 465 1346 καὶ
483 1321 529 1346 τὸν
545 1322 699 1356 μαχόμενον
713 1324 814 1358 ὁμοίως
826 1325 871 1351 καὶ

78 1362 125 1388 τὸν
141 1363 343 1399 δειλαινόμενον
359 1366 618 1400 καταλαμὸάνοντες
635 1368 801 1404 ἐξεθὲριζον.
817 1371 870 1397 Καὶ

78 1409 139 1442 τάχ’
155 1409 188 1435 ἂν
205 1409 254 1443 τὴν
281 1410 342 1437 τότε
371 1412 479 1446 ἡμέραν
503 1412 528 1438 οἱ
558 1413 660 1440 Σκύθαι
689 1414 763 1449 μέγα
793 1415 871 1448 κλέος

79 1455 215 1489 ἀράμενοι
249 1458 497 1492 κατεκαυχήσαντο
524 1458 603 1492 ἡμῶν
630 1460 678 1485 καὶ
701 1460 757 1495 λαῷ
771 1461 870 1496 ἄφρονι

80 1499 183 1532 ὃνειδος
199 1501 401 1536 παρεδόθημεν,
420 1503 444 1528 εί
457 1503 494 1537 μὴ
506 1504 588 1534 αὐτὸς
608 1504 777 1538 ἐπεϐοήθησε
793 1505 871 1540 βασι-

80 1546 145 1577 λεὺς
162 1547 202 1572 ἔτι
222 1547 272 1581 τὴν
291 1549 356 1582 περὶ
379 1549 461 1575 αὐτὸν
489 1548 559 1583 ἔχων
573 1550 714 1585 ἀκραιφνῆ
729 1552 869 1586 φάλαγγα,

81 1593 150 1620 αἵτε
163 1594 313 1627 σάλπιγγες
345 1595 470 1629 ὲτιίτορον
498 1595 669 1628 ἁλαλάξασαι
686 1597 733 1622 καὶ
758 1598 785 1624 al
807 1599 890 1636 χαλ-θ

81 1639 210 1673 κόστομοι
227 1639 352 1670 κώδωνες
364 1640 528 1674 διηχήσασαι
540 1642 573 1668 τά
588 1650 617 1667 τε
632 1642 687 1668 τῶν
714 1643 871 1677 δρακόντων

81 1685 197 1718 ὀφθέντα
211 1686 377 1719 εἰκάσματα,
394 1686 411 1712 ἃ
431 1687 478 1713 ἐπὶ
496 1687 619 1730 δοράτων
634 1688 775 1723 ᾑώρηνται
792 1699 870 1725 περι-

83 1730 236 1764 σοὸούμενα
266 1731 414 1766 πνεύμασι,
442 1734 504 1764 τοὺς
531 1734 678 1768 πολεμίους
693 1735 870 1769 κατέπληξαν

83 1777 236 1809 φαντασίαν
246 1777 423 1812 παρασχόντα
438 1779 561 1812 μείζονος
575 1781 717 1814 στρατιᾶς.
732 1781 801 1807 Τότε
820 1783 871 1816 μὲν

82 1821 129 1848 οὖν
143 1822 270 1857 βασιλεὺς
287 1823 374 1858 βραχύ
391 1833 415 1850 τι
432 1826 482 1859 τῆς
498 1825 688 1859 αἰχμαλωσίας
706 1827 743 1858 ὡς
756 1828 787 1853 ἐκ
809 1828 873 1854 στό-

85 1876 169 1902 ματος
185 1868 277 1903 θηρῶν
288 1870 454 1903 ἀφαρπάσας
484 1870 616 1897 κατέλαϐε
640 1873 688 1907 τὴν
719 1872 874 1908 ’Δδριανού-

85 1915 174 1945 πολιν,
199 1915 232 1950 ἢν
266 1915 388 1950 βαδίζειν
421 1916 556 1951 προύθετο
581 1917 741 1953 παρεικώς·
766 1920 820 1946 τῶν
843 1921 873 1947 δὲ

86 1961 230 1996 βαρόἀρων
241 1963 291 1988 οὐκ
305 1961 533 1998 ὴρεμούντων,ἦν
546 1964 655 1998 παρῆκε
670 1966 778 2000 τρέχειν
795 1966 873 1999 αὖθις

85 2007 181 2034 είλετο.
209 2008 263 2033 Καὶ
281 2008 312 2042 δὴ
339 2009 488 2044 γενόμενος
517 2011 589 2036 κατὰ
609 2011 729 2046 Βερῤόην
755 2013 803 2044 τὰς
817 2013 872 2040 τῶν

87 2052 195 2081 Σκυθῶν
221 2054 268 2080 καὶ
285 2053 386 2079 Μυσῶν
413 2054 574 2081 ἀνέστελλεν
601 2057 738 2091 ἐκδρομὰς
762 2059 810 2083 καὶ
833 2058 874 2084 δι’

87 2098 188 2133 ἀνδρῶν
215 2098 265 2133 μὲν
296 2099 493 2134 ἡκριὸωκότων
521 2100 552 2126 τὸ
569 2103 744 2135 στρατηγεῖν,
771 2103 820 2129 καὶ
833 2103 872 2129 δι’

88 2144 180 2171 ἐαυτοῦ
194 2145 222 2170 δὲ
244 2145 293 2179 οὐχ
318 2145 429 2180 ἥκιστα.
460 2146 490 2172 Οἱ
511 2146 539 2172 δὲ
567 2147 668 2181 καίπερ
699 2148 871 2182 ὑφορώμενοι

93 2190 240 2224 Ῥωμαίους
253 2190 301 2216 καὶ
330 2190 462 2224 βασιλέως
474 2190 610 2225 παρόντος
628 2191 870 2225 ἐπιστρεφόμενοι,

88 2237 158 2271 ὅμω;
171 2234 203 2262 αὖ
220 2236 300 2263 πάλιν
312 2236 467 2262 ἐπετίθεντο
485 2236 635 2270 λαθραίως,
646 2233 696 2263 ὧδέ
714 2245 752 2271 πη
768 2237 872 2272 ἐμϐάλ-

87 2283 175 2314 λοντες
188 2282 224 2313 ὡς
238 2283 468 2318 πολεμητείοντες
497 2283 543 2309 καὶ
574 2283 736 2318 καραδοκεῖν
752 2284 790 2315 ὡς
813 2285 874 2310 ἐπι-

88 2331 164 2362 όντας
175 2330 274 2361 αὐτοὺς
287 2331 482 2366 παρεχόμενοι,
501 2330 595 2357 ἄλλοθι
613 2330 640 2356 δὲ
660 2330 872 2364 μεταϐαίνοντες

89 2374 183 2400 καὶάεί
198 2384 223 2401 τι
239 2375 503 2410 δρῶντεςὲπιτυχές.
520 2373 573 2401 Ἦν
585 2376 607 2401 δ’
619 2376 664 2401 ὅτε
682 2376 728 2402 καὶ
745 2375 872 2410 βασιλεὺς

90 2421 135 2455 μὲν
147 2422 185 2452 εἰς
205 2420 387 2454 ’Λγαθέπολιν
402 2421 527 2456 ἤλαυνεν,
542 2422 700 2456 ἐπισχήσων
720 2422 783 2453 τοὺς
798 2421 870 2457 Βαρ-

89 2467 185 2501 ϐἁρους
197 2467 251 2493 τῶν
266 2467 418 2501 ἐκδρομῶν,
436 2467 513 2493 αὐτοὶ
529 2468 556 2493 δὲ
579 2468 628 2498 τὰς
644 2467 742 2502 κώμας
765 2467 872 2502 ἔκειρον

89 2511 116 2538 αἶ
129 2512 243 2544 ἄγχιστα
270 2508 340 2545 ἦσαν
369 2511 419 2545 τῆς
445 2511 699 2542 Φιλιππουπόλεως.
735 2511 777 2548 [Ρ.
807 2511 871 2548 255]

89 2558 219 2584 Κάκείνου
250 2558 318 2592 πρὸς
339 2558 370 2584 τὸ
385 2558 490 2592 πάσχον
517 2559 641 2589 ἐπιόντος
670 2559 769 2586 ἐκεῖνοι
792 2557 871 2591 αὖθις

90 2604 235 2638 ἐπήὶαυνον
252 2603 280 2636 ἐξ
296 2601 334 2630 ὢν
353 2604 366 2630 ὀ
383 2603 511 2639 βασιλεὺς
531 2605 708 2631 ἀπανίστατο.
740 2604 833 2632 Ταῦτα
844 2604 873 2631 δ’

91 2650 172 2676 ἐποίει
199 2650 297 2685 ἅτερος
321 2650 376 2677 τῶν
401 2651 551 2685 ἀδελφῶνὸ
573 2651 667 2684 Ἀσὰν,
688 2651 817 2686 ἀγχίνους
833 2651 872 2677 ὢν

92 2697 269 2731 διαφερόντως
283 2697 334 2723 κὰν
348 2699 405 2730 τοῖς
414 2698 528 2733 ἀπόροις
542 2698 729 2732 ἐπινοῆσαιτὰ
744 2698 872 2734 ξύμφορα

92 2740 265 2770 ἱκανώτατος.
284 2740 415 2775 Ἐγνώκει
441 2741 487 2768 οὖν
502 2743 515 2768 ὁ
530 2741 658 2777 βασιλεὺς
673 2743 720 2769 καὶ
733 2742 815 2769 πάλιν
831 2744 872 2774 είς

95 2787 137 2821 τὴν
153 2787 277 2823 Ζαγορὰν
294 2788 441 2819 είσελθεῖν,”
452 2788 499 2815 καὶ
510 2788 547 2821 ώς
562 2786 617 2816 οἷόν
632 2797 661 2815 τε
675 2789 869 2824 πειράσασθαι,

95 2835 318 2871 παραστήσασθαι
348 2836 410 2868 τοὺς
431 2835 552 2868 Μυσούς.
585 2836 638 2864 Καὶ
651 2836 682 2871 δὴ
700 2836 801 2872 ἐξάρας
817 2836 871 2863 ἀπό

883 1485 905 1516 C

926 217 1066 251 conspecti
1096 224 1192 244 sumus
1216 219 1289 247 (nam
1315 223 1343 245 et
1365 225 1415 251 ego
1449 219 1641 253 imperatorem
1670 228 1718 254 pro

926 263 1016 290 scriba
1032 262 1205 297 comitabar),
1222 263 1330 298 Scythre
1345 268 1372 290 et
1384 263 1487 296 Blachi,
1506 264 1597 298 przeda
1617 265 1718 292 cohor-

928 309 1002 336 tibus
1015 308 1121 343 aliquot
1133 316 1248 336 suorum
1263 309 1362 337 tradita
1379 318 1426 338 eos
1443 311 1606 347 compendia
1633 311 1718 338 itine-

927 363 988 382 rum
1008 355 1107 382 sectari
1119 359 1147 382 et
1165 355 1332 386 accelerare.
1348 355 1414 382 dum
1442 361 1571 384 montana
1598 359 1718 391 attinge-

927 406 999 432 rent,
1016 401 1169 436 jusserunt.
1180 401 1262 436 519
1278 402 1386 436 Reliqui
1398 402 1553 436 conglobati
1565 403 1717 429 Romanun:

926 446 1080 480 equitatum
1110 446 1248 480 intrepide
1276 452 1456 480 exceperunt,
1484 447 1572 481 patrio
1600 448 1654 474 ritu
1670 456 1719 482 pu-

926 497 1053 526 gnantes.
1071 491 1137 518 Nam
1167 499 1230 518 cum
1257 491 1431 522 accederent.
1460 493 1572 526 sagittas
1590 493 1720 527 conjicie-

926 537 991 564 banl
1007 542 1036 564 ct
1059 537 1146 564 hastis
1168 537 1428 572 congrediebantur.
1458 538 1542 564 Paulo
1567 546 1632 564 vero
1659 545 1719 572 post

926 583 1030 618 impetu
1049 583 1075 609 in
1092 582 1183 618 fugam
1200 590 1347 613 converso,
1367 583 1493 610 hostibus
1504 583 1537 610 ad
1554 591 1720 618 persequen-

926 628 990 655 dum
1029 628 1162 660 irritatis,
1195 635 1292 655 rursus
1333 628 1420 654 instar
1452 629 1595 655 volucrum
1628 629 1719 655 subito

924 673 1030 701 reversi
1047 673 1162 700 adversa
1192 673 1282 701 fronte
1309 674 1396 701 multo
1425 674 1522 701 fortius
1539 674 1718 701 dimicabant.

925 721 985 754 Quo
1002 729 1074 754 saepe
1090 720 1162 747 facto
1176 728 1238 748 cum
1252 722 1307 755 jam
1322 721 1481 755 superiores
1492 725 1597 751 essent.
1610 722 1720 748 omissis

925 767 981 794 illis
996 766 1169 794 anfractibus
1187 766 1294 800 gladios
1318 767 1489 793 strinxerunt
1507 776 1513 793 :
1535 771 1563 793 et
1592 767 1719 794 horribili

925 814 1045 840 clamore
1060 813 1170 840 sublato
1184 813 1258 840 dicto
1269 813 1352 840 citius
1367 813 1394 840 in
1407 814 1543 840 Romanos
1559 814 1714 842 iri-nerunt.

923 863 952 886 ct
966 863 1123 894 pugnantes
1139 863 1166 885 et
1181 858 1317 894 fugientes
1333 866 1365 886 ex
1381 866 1460 893 :cquo
1490 859 1661 886 occiderunt.
1680 859 1720 886 Ac

923 913 957 932 eo
972 905 1016 931 die
1038 904 1157 931 fortasse
1170 912 1297 939 magnam
1321 905 1414 939 adepti
1436 905 1550 940 gloriam
1576 910 1720 939 contemp-

924 950 1023 978 tissimi
1039 950 1131 984 populi
1161 950 1242 977 nobis
1271 950 1460 982 insultassent,
1489 950 1541 978 nisi
1569 950 1719 985 imperator

924 1003 986 1023 cum
1001 996 1134 1030 phalange
1147 1003 1197 1022 sua
1210 996 1299 1023 adhuc
1325 996 1430 1029 integra
1458 997 1673 1031 supervenisset,
1690 1002 1719 1024 et

924 1041 1056 1068 incitatus
1084 1041 1262 1069 classicorum
1289 1047 1429 1069 cantuset
1454 1043 1566 1077 clangor
1589 1043 1717 1070 tubarum

923 1091 951 1115 et
971 1087 1058 1114 rictus
1076 1087 1209 1114 biantium
1223 1087 1386 1119 draconum,
1403 1088 1491 1115 hastis
1517 1089 1642 1123 suspensi
1659 1093 1687 1115 et
1703 1097 1717 1115 a

922 1133 1013 1160 ventis
1039 1133 1144 1168 agitati,
1164 1133 1258 1160 hostes
1282 1134 1393 1168 majoris
1416 1134 1555 1161 exercitus
1587 1135 1718 1169 opinione

925 1180 1096 1206 terruissent.
1111 1181 1150 1207 Ac
1166 1185 1231 1206 tunc
1258 1171 1408 1214 imperator
1431 1188 1514 1215 parva
1543 1182 1716 1216 captivorum

923 1229 1001 1260 parte
1018 1225 1094 1252 velut
1110 1233 1143 1252 ex
1167 1226 1293 1253 faucibus
1305 1226 1425 1253 ferarum
1448 1232 1553 1261 erepta,
1588 1227 1715 1254 instituto

924 1270 1025 1298 itinere
1044 1272 1158 1302 omisso,
1175 1271 1384 1306 Atlrianopolim
1403 1273 1536 1307 pervertit.
1562 1273 1644 1308 520
1663 1274 1717 1301 Sed

923 1318 987 1353 quia
1003 1317 1110 1344 barbari
1125 1326 1180 1345 non
1194 1319 1382 1353 quiescebant.
1393 1327 1476 1353 quam
1488 1319 1559 1346 viam
1573 1321 1715 1351 omiserat.

922 1362 1016 1390 denuo
1052 1370 1165 1391 currere
1195 1364 1331 1397 instituit;
1357 1370 1385 1391 et
1411 1365 1531 1391 Berroen
1564 1366 1716 1400 profectus,

923 1408 1085 1436 Blachorum
1111 1413 1138 1436 et
1163 1408 1338 1444 Scytharum'
1367 1410 1545 1437 excursiones
1576 1419 1638 1437 cum
1670 1419 1718 1445 per

922 1455 1008 1481 duces
1039 1455 1075 1481 rei
1113 1455 1215 1481 bellica:
1244 1456 1347 1489 peritos
1374 1460 1430 1482 tum
1461 1464 1509 1490 per
1537 1457 1716 1491 semetipsum

923 1501 1067 1535 repressit.
1080 1501 1132 1534 Qui
1146 1502 1197 1529 etsi
1216 1503 1354 1529 Rouianos
1366 1502 1535 1528 verebantur
1547 1507 1574 1529 et
1598 1503 1714 1537 impera-

923 1546 990 1573 toris
1006 1547 1180 1580 prrcsentiam
1195 1547 1393 1577 formidabant.
1409 1553 1499 1574 tamen
1524 1548 1622 1574 iterum
1647 1549 1715 1575 clam

922 1593 1135 1623 insidiabantur.
1167 1593 1202 1619 ita
1229 1599 1409 1621 excurrentcs
1440 1598 1469 1620 ut
1486 1602 1582 1629 pugna:
1602 1595 1672 1621 avidi
1689 1599 1718 1621 ct

921 1639 1039 1666 subinde
1070 1639 1247 1674 exspectantli
1286 1640 1461 1673 viderentur;
1502 1644 1530 1667 et
1560 1641 1627 1667 alias
1662 1641 1717 1668 alio

923 1685 1090 1716 transibant,
1102 1693 1153 1711 nec
1165 1693 1281 1720 usquam
1301 1685 1495 1712 occasionibus
1508 1685 1631 1712 deerant.
1646 1685 1715 1712 Cum

923 1731 1076 1765 imperator
1090 1731 1122 1757 ad
1136 1739 1184 1758 eos
1199 1731 1391 1765 reprimendus
1408 1731 1600 1765 Agathopulim
1617 1739 1715 1765 prope-

924 1777 1012 1808 rabat,
1028 1777 1065 1803 illi
1083 1785 1165 1812 pagos
1190 1778 1373 1812 Philippopoli
1391 1778 1530 1812 proximos
1545 1778 1689 1804 vastabant
1707 1786 1714 1804 :

924 1830 987 1849 cum
1010 1823 1116 1849 alllictm
1143 1823 1213 1857 parti
1239 1822 1432 1854 succurrebat,
1452 1823 1490 1849 illi
1516 1830 1548 1849 eo
1574 1822 1716 1849 irruebant

924 1868 997 1894 unde
1013 1868 1058 1895 ille
1077 1869 1252 1896 discesserat.
1271 1869 1335 1896 llaac
1354 1869 1423 1896 alter
1439 1869 1524 1897 frater
1540 1869 1610 1895 Asan
1632 1869 1715 1895 facie-

923 1913 981 1946 bat,
995 1914 1077 1940 homo
1090 1914 1328 1949 ingeniosissimus
1340 1918 1368 1941 et
1381 1914 1407 1940 in
1422 1914 1505 1940 rebus
1521 1914 1612 1940 dubiis
1628 1914 1715 1940 soler-

925 1961 1058 1988 tissimus.
1083 1961 1176 1995 ltaque
1204 1960 1354 1995 imperator
1380 1968 1442 1987 cum
1470 1961 1560 1990 denuo
1583 1959 1715 1993 Zagoram

925 2006 1064 2038 invadere,
1088 2011 1115 2033 et
1142 2011 1274 2041 quantum
1297 2006 1410 2037 liceret,
1445 2005 1598 2040 periculum
1626 2005 1715 2031 facere

924 2052 1088 2079 instituisset
1115 2059 1150 2078 an
1177 2051 1267 2086 Mysos
1294 2051 1327 2078 ad
1354 2051 1522 2078 deditionem
1551 2050 1716 2084 compellere

926 2103 1027 2132 posset.
1045 2098 1224 2132 Philippopoli
1241 2098 1395 2125 Triadizam
1416 2097 1556 2132 digressus
1574 2101 1625 2124 est.
1647 2096 1713 2124 [mle

925 2145 999 2171 enim
1028 2144 1151 2171 [brutum
1183 2144 1264 2171 facile
1291 2145 1361 2171 adiri
1389 2151 1478 2179 posse,
1508 2143 1608 2170 alicubi
1632 2144 1715 2174 etiam

925 2190 1021 2223 planos
1037 2190 1160 2217 tramites
1176 2194 1280 2224 patere.
1298 2190 1364 2216 item
1378 2197 1456 2224 aquae
1469 2189 1573 2216 aﬂ‘atim
1586 2194 1613 2216 et
1629 2189 1715 2224 pabu-

924 2235 979 2263 lum
992 2236 1125 2271 jumentis
1138 2240 1285 2270 suppetere
1300 2236 1437 2267 audierat,
1463 2235 1484 2263 si
1509 2237 1571 2270 quis
1588 2244 1621 2262 eo
1647 2241 1715 2262 tem-

925 2283 1030 2316 pestive
1061 2281 1295 2317 proficisceretur.
1320 2282 1389 2313 Quia
1420 2289 1485 2308 vero
1511 2282 1608 2309 bruma
1635 2281 1713 2316 521

925 2329 1056 2358 instabat.
1069 2333 1097 2356 et
1113 2328 1227 2355 flumina
1246 2328 1286 2363 (in
1309 2328 1401 2363 gelido
1426 2329 1474 2355 illo
1492 2332 1521 2355 et
1547 2330 1707 2362 septentrio

924 2374 980 2402 nali
993 2373 1147 2409 praesertim
1162 2373 1283 2409 climate)
1296 2374 1488 2409 congelabant.
1505 2378 1532 2402 et
1545 2374 1716 2402 densissima;

924 2420 1002 2448 nives
1013 2428 1067 2447 nou
1085 2421 1172 2447 solum
1186 2424 1286 2447 terram
1301 2420 1463 2455 operiebant
1484 2425 1512 2447 et
1526 2420 1609 2447 valles
1622 2419 1715 2454 exple-

923 2467 1001 2498 bant,
1021 2467 1069 2494 sed
1089 2467 1188 2494 aedium
1205 2474 1316 2501 quoque
1338 2467 1412 2494 fores
1434 2467 1627 2498 obstruebant,
1651 2474 1715 2492 eum

924 2518 1053 2540 conatum
1073 2513 1101 2540 in
1118 2521 1232 2540 vernum
1254 2518 1362 2547 tempus
1371 2513 1487 2544 distulit,
1503 2517 1530 2539 et
1546 2512 1670 2539 exercitu
1688 2511 1715 2537 in

925 2558 970 2584 illa
987 2558 1129 2593 provincia
1159 2558 1307 2586 hibernare
1322 2559 1410 2593 jusso,
1434 2565 1497 2585 cum
1527 2556 1663 2590 expeditis
1687 2555 1714 2582 in

924 2604 1021 2631 urbem
1039 2612 1168 2632 reversus
1192 2605 1265 2632 ludis
1287 2604 1465 2632 Circensibus
1493 2609 1521 2630 et
1548 2601 1713 2637 spectaculis

924 2650 1045 2678 animum
1062 2652 1208 2683 recreavit,
1224 2650 1302 2678 Veris
1318 2651 1397 2677 initio
1408 2658 1502 2676 rursus
1512 2653 1607 2676 contra
1624 2647 1713 2682 Mysos

924 2705 1061 2732 egressus.
1075 2702 1103 2725 et
1119 2698 1209 2725 tribus
1225 2697 1339 2732 integris
1351 2696 1492 2724 mensibus
1519 2695 1546 2721 in
1566 2694 1711 2721 obsidione

924 2737 1018 2770 Loliiii
1036 2745 1139 2771 castelli
1152 2744 1253 2771 frustra
1270 2751 1332 2770 cum
1342 2742 1460 2770 maximo
1473 2742 1567 2769 labore
1580 2748 1712 2768 consum-

926 2790 989 2826 ptis,
1009 2790 1111 2818 infecta
1137 2798 1166 2818 re
1182 2789 1294 2817 demum
1320 2789 1416 2816 rediit.
1442 2788 1508 2816 Nam
1538 2785 1714 2822 Propontidis

924 2836 1078 2870 amoenitas,
1111 2835 1275 2864 suavissima
1303 2834 1475 2869 diversoria,
1504 2833 1664 2861 venationes
1685 2838 1715 2867 οι
