1944 3077
79 122 150 153 765

633 125 684 154 DE
704 125 854 156 ISAACIO
872 125 1023 156 ANGELO
1039 126 1113 156 ΜΒ.
1135 125 1176 154 ΙΙ.

1667 116 1720 148 766

80 182 144 209 καὶ
171 181 216 216 τῷ
245 181 316 216 τόξῳ
331 181 380 216 τὴν
407 182 573 218 πεποίθησιν
597 182 706 217 ἔχοντες
738 183 891 219 Ῥωμαίους

944 184 1119 212 abducendos
1141 191 1201 210 esse
1224 183 1314 213 datos,
1342 179 1481 207 Michaelis
1498 185 1607 213 quoque
1634 177 1728 204 arcbi-

80 229 291 265 λῃστεύουσιν.
306 229 363 255 Οὐκ
377 228 471 264 ὀλίγην
495 229 541 255 οὖν
554 229 593 264 τῷ
606 230 700 264 τρόπῳ
719 230 806 265 τούτῳ
829 239 890 256 συν-

82 273 218 309 αγηὸχει
233 274 357 308 δύναμιν,
376 275 424 301 καὶ
437 275 524 301 ἐπιὼν
536 274 599 306 τούς
610 284 639 301 τε
658 275 816 311 πατριώτας
831 276 893 302 ἐαυ-

84 320 144 347 τοῦ
161 321 195 351 ἐς
207 320 254 346 τὸν
266 320 418 355 γεωργικὸν
430 320 507 355 δχλον
516 321 562 347 καὶ
575 321 628 346 τῶν
643 321 722 353 ζώων
732 322 892 356 ἐλυμαίνετο

85 367 127 392 τὰ
147 367 207 392 ὑπὸ
218 365 313 398 ζυγὸν,
327 366 372 392 καὶ
387 365 451 397 τοὺς
459 367 607 398 Λαοδικεῖς
620 367 648 393 δὲ
665 367 776 403 Φρύγας
796 377 893 402 μυρία-

87 411 153 445 κῶς
173 410 329 442 ἐκάκωσεν,
359 410 456 446 ὥσπερ
484 412 531 438 καὶ
554 413 616 444 τοὺς
643 413 698 439 τῶν
711 413 814 440 Χωνῶν
836 413 891 439 τῶν

87 457 178 491 ἐμῶν
192 457 352 491 οἰκήτορας,
363 457 413 489 τὰς
427 458 532 490 ἅλωνας
553 459 624 485 κατὰ
639 459 686 486 τὸν
698 459 801 494 θέρειον
827 468 892 486 και-

91 503 145 537 ρὸν
161 502 314 537 πυρπολῶν
331 504 377 529 καὶ
390 503 421 529 τὸ
437 504 591 538 προστυχὸν
607 504 645 535 ὼς
658 505 790 540 πολέμιος
802 505 891 540 χειρί-

91 556 172 579 στως
194 548 392 582 διατιθέμενοςο
412 548 449 574 ἐῶ
461 549 515 583 γὰρ
527 549 617 583 λέγειν
625 549 662 580 ὡς
677 551 741 581 τοὺς
754 550 892 584 Τούρκους

91 593 419 630 φιλανθρωπευομένους
448 595 557 629 ἐνιαχοῦ
575 595 643 630 πρὸς
653 595 685 621 τὺ
704 595 736 622 ὲκ
762 596 892 629 γειτόνων

92 638 181 672 σφίσι
205 639 403 674 Χριστώνυμον
420 639 515 670 κακῶς
529 639 634 674 ἔφασκε
649 641 697 667 καὶ
710 641 889 676 ἐπέπληττεν.

100 685 253 719 Ἐμϐαλὼν
268 685 296 711 δὲ
316 686 363 711 καὶ
380 687 413 720 τῇ
430 686 524 720 Καρίᾳ
550 686 599 712 καὶ
616 686 730 718 πολλοὺς
752 686 806 713 τῶν
833 687 892 713 ἐκεῖ

93 730 295 766 προνομεύσας
310 732 365 762 τοῖς
380 730 533 766 Βαρὸἀροις
557 731 708 758 ἐκδέδωκεν
722 732 762 762 είς
777 732 892 765 ἀπαγω-

93 777 164 810 γήν.
188 775 269 803 Ἀλλὰ
285 776 330 802 καὶ
337 776 383 801 τὸν
399 775 467 801 νεὼν
483 776 530 802 τοῦ
545 777 765 811 ἀρχιστρατήγου
779 777 891 812 Μιχαὴλ

93 822 110 847 ὁ
124 821 231 855 ἄνομος
246 817 326 851 οὗτος
338 821 471 856 διαφῆκεν
484 822 638 856 ἐμπρῆσαι,
657 822 739 857 ἔργον
764 823 891 857 μέγιστον

942 231 1021 258 ducis
1040 229 1181 267 templum.
1203 234 1271 261 opus
1294 225 1441 252 maximum
1459 227 1486 251 et
1510 221 1730 253 celeberrimum,

941 276 1013 312 quod
1047 266 1180 309 elegantia
1208 271 1289 307 524
1315 277 1343 299 et
1370 269 1541 304 longitudine
1566 267 1620 295 divi
1649 266 1730 294 Mocii

940 321 1070 356 martyris
1095 319 1180 346 aedem
1205 319 1231 344 in
1261 317 1329 344 urbe
1364 315 1538 349 imperatrice
1568 312 1728 347 superabat,

941 367 1049 394 incendi
1064 372 1160 400 passus
1171 368 1223 391 est.
1238 363 1272 390 Ut
1283 367 1374 389 autem
1390 359 1546 395 lmjusmodi
1560 357 1731 385 facinoribus

941 414 1038 449 plenus
1053 411 1162 439 tandem
1178 410 1211 436 ad
1224 409 1361 436 sultanum
1381 407 1471 437 rediit,
1488 409 1516 432 et
1532 406 1680 439 imperator
1694 402 1729 430 ad

941 458 1028 487 Iconii
1045 457 1193 492 principem
1209 454 1404 484 Caicbosroen.
1433 452 1510 486 cujus
1533 457 1611 486 pater
1640 457 1730 484 nuper

941 505 1088 532 defunctus
1113 507 1184 534 erat,
1216 501 1322 535 legatos
1345 499 1429 529 misit.
1446 497 1520 532 quod
1534 505 1596 524 eum
1613 504 1628 523 a
1651 496 1727 522 Man-

941 550 1028 585 gapha
1047 550 1074 576 in
1089 548 1272 583 cogitationes
1285 550 1313 573 et
1329 546 1451 572 actiones
1463 551 1517 570 non
1534 543 1618 570 b0nas
1633 541 1728 568 induci

941 596 1062 626 videbat.
1083 600 1110 622 et
1124 592 1315 628 largitionibus
1341 588 1499 624 impetravit
1515 593 1546 615 ut
1569 588 1614 614 ille
1632 587 1727 614 deser-

943 645 986 667 tus
998 647 1030 666 ac
1045 638 1170 673 proditus
1185 637 1218 663 ad
1239 644 1267 662 se
1287 635 1454 664 mitteretur,
1473 640 1504 660 ea
1525 637 1614 659 tamen
1631 631 1728 658 condi-

942 685 1017 712 tione
1036 687 1067 710 ut
1086 682 1267 709 defectionem
1295 687 1347 706 nec
1372 679 1459 712 capite
1479 684 1530 703 nec
1555 674 1729 702 mulilatione

941 732 1086 759 ltesioneve
1104 728 1186 756 ullius
1200 727 1315 754 membri
1330 727 1429 753 lueret.
1445 724 1503 757 Qua
1518 723 1551 749 de
1572 728 1654 749 causa
1668 727 1729 747 orn-

942 778 986 805 nis
1011 776 1124 804 alterius
1143 775 1206 801 mali
1226 780 1323 807 expers
1342 772 1376 799 ad
1405 771 1566 798 diuturnum
1588 773 1728 795 carcerem

941 827 984 850 est
1000 823 1169 856 (damnatus.
1199 819 1227 846 ld
1256 820 1356 845 factum
1384 816 1452 843 adeo
1487 813 1594 842 caeteris
1620 810 1728 838 Sullani

95 867 148 893 καὶ
163 866 338 902 περίπυστον
356 866 434 896 δντα.
450 867 498 893 καὶ
522 856 724 902 ὑπερϐαίνοντα
747 856 776 898 ἐς
794 856 891 899 κάλλος

944 868 1083 898 fratribus.
1104 866 1151 901 qui
1167 872 1282 900 regnum
1305 870 1367 890 cum
1393 869 1426 888 eo
1449 860 1609 889 diviserant,
1631 856 1729 891 displi-

95 912 148 939 καὶ
166 912 218 946 τὴν
232 913 272 943 είς
288 912 375 946 μῆκος
395 911 509 938 ἔκτασιν
525 912 556 938 τὸ
574 913 604 938 ἐν
623 914 656 948 τῇ
680 913 797 948 βασιλίδι
817 914 893 940 πόλει

944 915 1009 947 cuit,
1028 918 1058 941 ut
1072 918 1099 941 et
1115 919 1190 939 arma
1207 911 1232 938 ei
1245 909 1348 937 illaturi
1367 907 1479 938 fuerint,
1498 905 1571 941 quod
1587 904 1727 931 hominem

95 959 146 984 τοῦ
164 957 390 993 καλλιμάρτυρος
417 958 529 985 Μωκίου
556 958 682 993 τέμενος.
709 959 795 991 Ὠςδέ
826 968 891 986 ποτε

944 960 1087 996 profugum
1103 963 1131 986 et
1144 957 1294 992 supplicem
1311 954 1434 990 pecunia:
1447 959 1528 980 causa
1542 951 1728 978 Romanorum

97 1003 172 1038 πρὸς
191 1004 237 1029 τὸν
253 1003 368 1030 σουλτὰν
383 1004 549 1036 ὲπανέξευξε
566 1004 696 1031 τοιούτων
710 1006 891 1040 παρανομιῶν

944 1005 1101 1040 imperatori
1118 1003 1295 1039 prodidisset,
1313 1000 1366 1027 nisi
1379 999 1505 1034 specioso
1519 1003 1650 1031 responso
1673 995 1730 1021 ira-

97 1049 223 1084 πλήρης,
238 1050 285 1075 καὶ
300 1049 412 1075 πύθοιτο
439 1049 567 1084 βασιλεὺς
587 1050 638 1076 οὐκ
660 1051 701 1082 είς
725 1051 830 1084 ἀγαθὰς
847 1051 889 1076 ὲν-

944 1050 1070 1079 cundiam
1086 1050 1197 1077 illorum
1218 1049 1364 1083 placasset.
1380 1045 1477 1073 Aiebat
1490 1044 1575 1083 enim
1592 1050 1622 1069 se
1636 1040 1730 1077 pacifi-

97 1095 178 1126 νοίας
197 1096 245 1121 καὶ
276 1096 389 1130 πράξεις
407 1096 461 1136 τὸν,
481 1096 650 1132 Ἰκονιάρχην
685 1097 793 1130 ἐνάγειν
823 1097 891 1123 Καῖ-

944 1097 1056 1125 cationis
1081 1103 1147 1130 ergo
1174 1095 1251 1122 illum
1280 1092 1430 1123 remisisse,
1458 1096 1630 1124 nequaquam
1663 1094 1730 1113 vero

98 1142 222 1176 χοσρόην
236 1142 298 1177 ἄρτι
312 1143 380 1176 πρὸς
394 1132 500 1177 πατρὸς
521 1142 708 1173 ἐκλελοιπότος
731 1143 761 1168 τὸ
780 1143 830 1177 ζῇν
841 1142 890 1177 τὴν

944 1142 1110 1178 prodidisse;
1127 1146 1153 1168 ct
1167 1140 1306 1167 hominem
1323 1145 1422 1173 vagum
1447 1136 1475 1163 iu
1503 1135 1621 1169 patriam
1649 1131 1730 1159 resti-

99 1186 194 1221 ἀρχὴν
207 1187 254 1213 τοῦ
282 1187 394 1213 Ἰκονίου
407 1187 565 1221 δεξάμενον,
582 1187 712 1221 πρέσϐεις
726 1188 829 1215 ἔστειλε
844 1188 891 1214 καὶ

944 1188 1036 1221 tuisse,
1051 1192 1080 1214 ut
1095 1195 1146 1214 nec
1160 1187 1217 1221 ipse
1230 1186 1299 1213 alios
1314 1192 1365 1212 nec
1378 1185 1468 1219 ipsum
1481 1182 1527 1210 alii
1542 1187 1626 1216 porro
1637 1185 1732 1214 perse-

99 1233 235 1267 χρήματα
265 1232 416 1267 παρασχὼν
444 1233 484 1267 τῷ
515 1233 630 1259 σουλτὰν
655 1234 891 1268 καταπροδοθέντα

944 1239 1102 1269 queremur.
1119 1234 1208 1267 Atque
1221 1233 1279 1259 haec
1295 1231 1439 1258 hactenus.

99 1277 158 1313 εἶχε
175 1279 222 1304 καὶ
239 1279 416 1312 ἀνάπεμπτον
434 1278 507 1313 αὐτῷ
527 1279 674 1312 γενόμενον
701 1279 747 1306 τὸν
780 1280 949 1314 Μαγκαφᾶν,
983 1280 1056 1315 πλήν
1088 1288 1120 1313 γε
1143 1279 1202 1314 μεθ’
1231 1277 1378 1312 ὁμολογίας
1395 1276 1442 1302 καὶ
1460 1275 1579 1304 πίστεως
1605 1272 1642 1308 μὴ
1657 1271 1728 1298 ὥστ*

100 1322 276 1356 τούπιτίμιον
304 1322 436 1356 αὐτῷτῆς
445 1323 613 1354 ἀποστασίας
628 1323 766 1349 κείσεσθαι
799 1324 947 1359 θάνατονῆ
984 1325 1066 1359 μέρος
1084 1321 1328 1359 περικοπῆναικαὶ
1346 1319 1551 1353 διαλωὸηοῆναι
1563 1316 1609 1344 τοῦ
1640 1315 1731 1351 πώμα-

100 1375 160 1397 τοςσ
180 1364 211 1393 οὗ
225 1366 306 1400 χάριν
328 1366 439 1401 ἀπαθὴς
454 1366 548 1401 ἑτέρου
581 1367 681 1399 παντὸς
703 1367 796 1401 ὀφθεὶς
821 1368 907 1394 κακοῦ
923 1368 1010 1402 δεσμὰ
1024 1368 1209 1400 κατακέκριτο
1226 1365 1331 1401 χρόνια.
1367 1362 1502 1390 Τοσοῦτον
1535 1361 1564 1389 δὲ
1593 1360 1623 1387 τὸ
1648 1360 1730 1395 ἔργον

100 1410 161 1436 τάδε
178 1409 224 1435 τοῦ
238 1409 352 1436 σουλτάν
372 1411 429 1440 τοῖς
444 1409 547 1441 λοιποῖς
561 1410 644 1437 αὐτοῦ
671 1411 858 1446 κασιγνήτοις,
877 1411 953 1448 [25η
974 1412 1067 1438 ὀπόσοι
1090 1411 1140 1446 τὴν
1167 1409 1299 1445 πατρῴαν
1316 1409 1402 1443 ἀρχὴν
1424 1406 1605 1434 συνδιείλονῑο
1620 1404 1730 1436 ἐκείνῳ,

102 1454 257 1488 ἀποθύμιον
284 1454 381 1487 ἔδοξεν,
397 1454 467 1480 ὥστε
498 1455 544 1480 καὶ
568 1455 638 1481 ὅπλα
667 1455 770 1491 ηραντο
790 1455 822 1482 ἂν
857 1456 916 1482 κατ’
936 1456 1018 1482 αὑτοῦ
1044 1455 1081 1487 ὡς
1107 1455 1250 1489 ἄνθρωπον
1267 1454 1295 1485 ἐς
1327 1453 1408 1479 αὐτὸν
1433 1451 1564 1482 ἑκουσίως
1580 1448 1732 1482 ἀφιγμένον

102 1498 293 1532 συνειληφότος
307 1498 353 1525 καὶ
369 1498 585 1533 καταπροδόντος
600 1499 745 1533 Ῥωμαίων
768 1499 874 1534 βασιλεῖ
888 1500 932 1526 ἐπὶ
952 1499 1105 1535 λήμμασιν,
1122 1500 1146 1525 εί
1164 1498 1200 1534 μὴ
1213 1494 1290 1530 οὗτος
1306 1496 1483 1530 εὐπρόσωπον
1498 1495 1583 1525 τιθεὶς
1597 1494 1646 1527 τὴν
1661 1492 1730 1518 από-

101 1548 196 1575 κρισιν
219 1541 266 1566 ἐπὶ
286 1541 453 1575 συμδάσεσιν
471 1541 641 1573 ἀποστεῖλαι,
656 1542 686 1568 οὺ
702 1541 755 1577 μὴν
769 1543 986 1578 καταπροδοῦναι
1006 1543 1199 1577 διισχυρίζετο,
1225 1542 1272 1568 καὶ
1287 1541 1410 1575 πλάνητα
1424 1540 1488 1566 ὅντα
1506 1539 1535 1570 ὲς
1549 1537 1599 1573 τὴν
1614 1535 1733 1571 πατρίδα-

102 1585 279 1618 ιαιταγαγιῖν,
310 1584 346 1615 ὡς
363 1585 461 1618 μηκέτι
491 1584 621 1611 διώκοντα
645 1583 714 1612 εἶναι
740 1587 786 1613 καὶ
807 1587 982 1623 διωκόμενον.
997 1589 1050 1615 Καὶ
1065 1588 1152 1615 ταῦτα
1167 1589 1216 1622 μὲν
1230 1585 1301 1622 εἶχεν
1318 1587 1417 1617 οὕτως.

138 1630 175 1666 γ’.
189 1632 247 1657 Οὐκ
265 1629 298 1665 ἦν
311 1631 340 1656 δὲ
354 1631 510 1658 λυκάϐαντα
521 1631 670 1666 παρελθεῖν
684 1633 721 1668 μή
737 1641 763 1659 τι
777 1634 892 1668 ὲπενεγι
909 1641 929 1668 c

103 1678 187 1704 κοντα
213 1678 302 1704 κοινὸν
334 1677 538 1712 ἀποτρόπαιον,
572 1677 610 1709 ὡς
637 1679 717 1713 εἰπερ
757 1679 789 1705 τὺ
815 1679 894 1705 Θεῖον

103 1723 262 1750 ἐπέκλωσεν
293 1722 502 1758 ἁνειρηνεύτους
536 1723 586 1755 τὰς
614 1723 722 1759 ἠμέρας
746 1724 802 1750 τῶν
831 1725 893 1751 καθ’

103 1769 178 1804 ἡμᾶς
193 1768 323 1804 μερόπων
353 1768 560 1803 παραδραμεῖψ
576 1769 613 1800 ὼς
629 1771 683 1805 γάρ
695 1778 722 1796 τι
749 1770 894 1798 ἑνδεόντων

106 1814 174 1848 πρὸς
202 1813 232 1839 τὸ
257 1813 378 1847 καθῆκον
403 1813 454 1847 τῆς
482 1814 680 1848 μαστιγώσεως
709 1815 764 1842 τῶν
787 1818 820 1842 ἐκ
845 1815 894 1842 τοῦ

104 1859 196 1894 κύκλῳ
212 1859 386 1894 Βαρὸαρικοῦ
408 1859 566 1894 μαχισμῶν,
583 1860 632 1886 καὶ
649 1861 795 1895 ὑπερόριον
807 1863 892 1889 κακὸν

105 1903 276 1938 εἰσεκώμασε
292 1905 454 1939 Φρεδέριχος
466 1905 480 1930 ὁ
493 1904 548 1930 τῶν
561 1904 723 1940 Ἀλαμανῶν
742 1907 804 1942 ρήξ.
819 1908 894 1943 Πρὸς

106 1950 158 1985 γὰρ
172 1950 218 1976 τὸν
231 1949 343 1984 βασιλέα
366 1950 652 1985 διαπρεσὸευσάμενος
689 1952 836 1984 Ἰσαάκιον.
855 1954 894 1985 ὡς

106 1997 150 2023 διὰ
165 1996 257 2029 φιλίας
271 1996 363 2030 ῂτείτο
375 1995 425 2028 τῆς
447 1996 590 2030 Ῥωμαίων
599 1997 652 2032 γῆς
672 2000 802 2033 παριέναι
813 2000 894 2033 αὑτός

107 2050 137 2068 τε
150 2042 195 2068 καὶ
211 2042 273 2068 ὅσον
283 2042 308 2068 οὶ
327 2042 456 2076 ὲιρέποιτο
469 2043 630 2078 στράτευμα
645 2044 674 2070 ὲν
704 2044 744 2080 τῷ
762 2046 893 2081 ἀπαίρειν

108 2089 146 2120 είς
171 2087 366 2122 Παλαιστίνην,
396 2088 443 2114 καὶ
472 2088 505 2114 τὰ
528 2089 598 2124 πρὸς
614 2090 645 2116 τὸ
665 2090 715 2125 ζῇν
727 2091 893 2127 ὠνουμένοις

107 2135 199 2165 αὐτοῖς
211 2133 400 2169 χορηγεῖσθαι,
418 2135 506 2160 καὶτὸ
522 2135 619 2162 δοκοῦν
641 2137 688 2163 ἐπὶ
698 2137 805 2170 τούτοις
819 2139 893 2174 αὐτῷ

110 2181 242 2215 σημανεῖν
272 2179 308 2206 δι’
346 2179 456 2206 οἰκείων
497 2181 702 2216 ἀνταποστολῆς
736 2183 890 2217 πρέσϐεων.

109 2226 250 2252 Στέλλεται
260 2225 350 2252 τοίνυν
365 2225 433 2260 πρὸς
447 2225 529 2252 αὐτὸν
544 2227 558 2252 ὸ
569 2226 616 2253 τοῦ
627 2227 729 2262 δρόμου
745 2228 893 2263 λογοθέτης

115 2273 241 2306 Ἰωάννης
257 2272 398 2302 ὁΔούκας,
418 2272 463 2297 καὶ
482 2271 588 2303 πίστεις
605 2273 667 2304 δοὺς
690 2274 737 2300 καὶ
753 2274 843 2302 λαῦὼν
855 2275 893 2307 ὡς

985 1636 1012 1663 5.
1035 1636 1130 1670 Neque
1154 1643 1220 1662 vero
1242 1635 1313 1662 ullus
1337 1641 1425 1661 annus
1448 1633 1519 1660 elabi
1537 1635 1646 1667 poterat
1664 1631 1731 1666 quin

946 1683 1055 1718 publice
1077 1681 1252 1709 abominandi
1282 1681 1386 1715 aliquid
1415 1675 1537 1711 afferret,
1570 1686 1624 1705 non
1652 1678 1733 1705 aliter

945 1735 1027 1763 quam
1051 1727 1072 1754 si
1090 1727 1217 1754 Numinis
1236 1725 1389 1760 indignatio
1408 1724 1445 1751 illi
1467 1723 1546 1758 525
1568 1723 1641 1750 aetati
1668 1730 1732 1757 per-

945 1777 1027 1808 petua
1047 1773 1118 1800 bella
1143 1772 1319 1799 decrevisset.
1337 1770 1420 1804 Quasi
1439 1771 1514 1797 enim
1539 1769 1655 1796 Barbari
1677 1769 1732 1795 cir-

945 1817 1083 1845 cumcirca
1111 1817 1213 1844 nostris
1235 1815 1391 1843 cervicibus
1417 1814 1593 1841 imminentes
1621 1813 1654 1840 ad
1680 1820 1731 1840 nos

945 1863 1118 1898 castigandus
1146 1870 1201 1889 non
1232 1862 1299 1889 satis
1324 1864 1437 1893 essent,
1466 1860 1549 1888 etiam
1580 1859 1730 1894 longinquo

945 1909 1018 1936 malo
1040 1916 1136 1936 sumus
1158 1907 1293 1942 oppressi.
1325 1906 1393 1934 Nam
1417 1906 1577 1933 Fridericus
1603 1905 1730 1931 Aleman-

945 1963 1043 1983 norum
1058 1962 1106 1981 rex
1121 1954 1217 1989 legatis
1236 1953 1270 1980 ad
1292 1952 1427 1980 lsaacium
1447 1953 1643 1986 imperatorem
1664 1949 1731 1977 mis-

945 2001 983 2028 sis
1006 1999 1084 2034 petiit
1099 2003 1129 2025 ut
1147 1999 1198 2025 sibi
1215 2006 1277 2025 cum
1295 1997 1424 2024 omnibus
1445 1995 1534 2030 copiis
1557 1995 1730 2022 Palaestinam

945 2046 1103 2081 petentibus
1130 2053 1179 2079 per
1206 2045 1345 2072 Romanas
1371 2042 1529 2078 provincias
1554 2045 1649 2076 pacate
1680 2041 1732 2067 iter

945 2093 1035 2120 facere
1051 2098 1080 2120 et
1102 2095 1287 2120 commeatum
1303 2098 1395 2118 emere
1409 2090 1517 2119 liceret.
1532 2093 1561 2116 et
1577 2095 1654 2114 suam
1668 2094 1732 2114 sen-

948 2138 1064 2165 tentiam
1094 2144 1144 2171 per
1175 2136 1303 2170 proprios
1328 2135 1433 2170 legatos
1467 2132 1520 2161 sibi
1551 2132 1730 2167 significaret.

944 2183 1063 2210 Mittitur
1087 2182 1171 2217 igitur
1196 2181 1229 2208 ad
1253 2189 1317 2208 eum
1336 2181 1427 2208 dronti
1452 2179 1592 2215 logotheta
1608 2177 1733 2205 Joannes

945 2229 1054 2262 Ducas;
1079 2228 1188 2262 fideque
1213 2227 1276 2254 data
1290 2231 1318 2255 et
1335 2230 1446 2261 accepta
1464 2233 1557 2261 regem
1571 2225 1630 2253 sine
1645 2224 1731 2252 male-

945 2275 1009 2302 ficio
1035 2274 1227 2306 transiturum,
1257 2273 1362 2301 nullam
1385 2273 1493 2304 urbem,
1518 2271 1624 2299 nullum
1651 2270 1732 2306 oppi-

109 2319 187 2349 αὐτὸς
202 2318 251 2352 μὲν
266 2318 280 2343 ό
299 2317 350 2352 ῥὴξ
363 2318 412 2353 τὴν
424 2318 476 2344 ὑπὸ
501 2318 655 2353 Ῥωμαίους
669 2320 772 2355 ἀμαχεὶ
788 2320 892 2348 διελεύ-

947 2321 1024 2352 dum,
1040 2321 1146 2347 nullum
1172 2319 1314 2347 castellum
1345 2323 1394 2346 aut
1425 2326 1524 2353 pagum
1551 2318 1730 2349 violaturum,

111 2372 183 2390 σεται
197 2363 243 2389 καὶ
263 2363 345 2398 μηδέν
361 2371 386 2389 τι
402 2363 504 2398 δράσας
529 2365 631 2390 ὲσείται
647 2365 741 2397 κακὸν,
757 2366 787 2392 ού
804 2367 891 2399 πόλιν,

111 2408 139 2434 οὐ
155 2406 263 2441 κώμην,
284 2407 315 2433 οὐ
333 2407 476 2442 φρούριον,
493 2409 524 2434 οὑ
547 2408 697 2443 πολίχνιον,
720 2410 852 2445 Ῥωμαῖοι
866 2412 894 2438 δὲ

112 2452 288 2488 προϐαλοῦσιν
303 2453 378 2487 αὐτῷ
390 2453 424 2479 τὰ
438 2454 579 2487 ἐπιτήδεια
591 2454 751 2488 ἅφθονα,ώς
774 2457 812 2491 μή
822 2465 894 2488 τινος

113 2497 247 2530 σπανίζειν
263 2499 311 2533 τὴν
325 2498 370 2524 ὑπ’
385 2498 467 2526 αὑτὸν
478 2499 619 2534 στρατιὰν,
633 2501 691 2527 ἀλλ’
708 2501 894 2536 ἀπραγμόνως

111 2545 156 2571 καὶ
170 2546 240 2572 κατὰ
251 2545 349 2579 λαιμὸν
376 2545 451 2580 ἔχειν
474 2545 569 2580 ὥσπερ
595 2547 792 2582 ἑπεμὸυόμενα
820 2549 892 2579 ὅσοις

111 2592 243 2627 ἄνθρωποι
252 2592 397 2626 τρέφονται
409 2593 456 2618 καὶ
470 2589 516 2618 οἶα
525 2594 581 2624 τοῖς
592 2593 684 2623 ἵπποις
696 2594 890 2628 συμϐάλλεται,

114 2637 177 2672 μετὰ
187 2636 283 2670 καιρὸν
296 2635 404 2662 ἐκεῖθεν
420 2636 543 2663 ἐπάνεισι
565 2638 610 2663 καὶ
627 2637 755 2670 ἀγγέλλει
769 2637 802 2663 τὰ
824 2636 892 2672 ξυμ-

113 2682 265 2716 φωνηθέντι
281 2681 321 2715 τῷ
332 2681 448 2716 βασιλεῖ.
461 2682 515 2708 Καὶ
528 2682 542 2708 ὁ
555 2682 680 2716 βασιλεὺς
693 2683 741 2716 τῆς
759 2683 890 2717 ξυλλογῆς

113 2728 162 2754 τῶν
173 2727 259 2754 ὠνίων
277 2727 405 2762 φροντίδα
420 2727 523 2762 τίθησι,
544 2728 588 2754 καὶ
598 2725 632 2762 ἦν
649 2727 678 2761 ἐξ
702 2728 889 2763 ἐπιτάγματος

115 2773 161 2799 ὑπὸ
170 2771 223 2798 τῶν
236 2771 415 2805 ὲπαρχιωτῶν
428 2771 526 2797 αὐτίκα
539 2772 750 2806 μεταφερόμενα
762 2772 823 2798 καθ’
843 2771 889 2802 οὓς

115 2817 203 2851 ιμελλε
219 2815 321 2847 τόπους
345 2817 358 2842 ὁ
377 2815 427 2851 ρὴξ
441 2815 609 2851 διέρχεσθαι.
632 2816 674 2847 Ὠς
691 2816 718 2843 δὲ
739 2817 785 2842 καὶ
808 2816 888 2848 αὐτὸς

944 2369 1083 2396 Romanos
1102 2370 1286 2393 commeatum
1303 2364 1329 2392 ei
1356 2364 1466 2392 abunde
1493 2363 1730 2398 suppeditaturos.

944 2414 1046 2448 utejus
1061 2412 1201 2440 exercitus
1220 2411 1296 2439 nulla
1323 2419 1354 2438 re
1381 2410 1537 2438 necessaria
1562 2413 1667 2441 careat.
1682 2408 1730 2436 sed

943 2460 1034 2487 omnia
1058 2459 1084 2485 in
1108 2462 1236 2493 promptu
1254 2456 1444 2492 copiosissime
1473 2455 1573 2483 habeat
1594 2463 1655 2489 quas
1676 2458 1730 2480 tam

942 2504 1073 2539 jumentis
1094 2511 1176 2537 quam
1204 2502 1364 2529 hominibus
1384 2501 1447 2529 usui
1479 2505 1554 2534 sunt,
1581 2498 1730 2534 aliquando

943 2554 1005 2583 post
1044 2548 1202 2575 revertitur.
1236 2548 1273 2585 [is
1314 2546 1520 2574 conditionibus
1554 2543 1730 2575 renuntiatis,

946 2595 1096 2629 imperator
1131 2602 1179 2628 per
1211 2593 1370 2628 provincias
1396 2592 1481 2619 edicit
1513 2596 1560 2621 ut.
1596 2597 1650 2624 qua
1681 2596 1730 2615 rex

942 2643 1110 2670 transiturus
1126 2646 1210 2674 esset,
1224 2644 1393 2669 commeatus
1406 2643 1594 2674 comportetur
1613 2644 1619 2664 :
1642 2636 1730 2671 ipsius

943 2697 1009 2716 vero
1025 2689 1052 2716 in
1070 2689 1137 2716 lines
1154 2689 1290 2715 ltotnanns
1313 2687 1453 2722 ingressus
1472 2685 1607 2712 victorum
1630 2690 1730 2718 genere

942 2741 970 2763 ct
984 2735 1116 2771 dignitate
1132 2735 1214 2770 526
1225 2735 1361 2762 clarorum
1387 2732 1487 2759 litteris
1511 2730 1638 2757 nuntiato
1652 2736 1728 2756 euin-

942 2782 1004 2809 dem
1034 2781 1213 2817 Logothetatn
1238 2780 1329 2807 denuo
1359 2779 1453 2810 mittit,
1475 2784 1584 2812 unaque
1610 2784 1671 2804 cum
1694 2783 1728 2802 eo

942 2827 1128 2856 Andronicum
1160 2827 1392 2858 Cantacuzonum,
1408 2824 1455 2859 qui
1480 2823 1552 2859 regis
1582 2822 1728 2850 transitum
