1952 3076
240 129 290 161 811

848 130 996 160 NICETz‘E
1015 130 1218 163 CHONIATE

1807 141 1860 174 812

238 195 248 212 ι
266 186 468 221 Cognoscamus
494 185 572 219 prius
594 183 644 211 has
659 193 669 209 ι
698 184 799 218 inquit,
833 193 842 210 ι
863 184 1019 219 imperatorl

1075 186 1213 222 ραθὺρων,
1228 188 1277 215 οὐκ
1289 190 1424 225 ὲπεζύγου
1440 191 1571 227 Κέρκωψί
1588 200 1618 218 τε
1637 192 1684 219 καὶ
1702 193 1796 228 μίμοις
1818 203 1863 222 και

236 232 335 258 deinde
353 231 420 258 alias
437 230 535 257 adduci
558 230 666 265 jubeto.
683 239 692 255 ι
717 229 795 262 Quod
824 229 928 256 dictum
957 237 1020 257 cum

237 285 333 304 omnes
355 281 382 303 et
409 276 460 302 viri
485 281 514 302 et
542 276 673 302 mulieres
691 275 746 302 risu
768 275 952 310 excepissent,
974 275 1021 302 ille

237 324 329 349 colore
344 326 448 349 mutato
470 326 498 348 et
518 321 562 347 vix
581 328 705 355 repressa
722 321 863 347 iracundia
887 320 1020 347 morionis

237 368 378 395 licentiam
393 367 475 394 minis
487 367 641 401 castigavit.
656 367 729 393 Loca
742 367 835 394 et-situ
847 371 875 393 et
888 367 1021 401 temperie

237 414 309 441 aeris
323 420 432 440 amoma
453 413 682 444 consectabatur,
706 416 733 439 et
758 419 791 438 ex
815 411 969 438 intervallis
993 412 1020 438 in

235 459 332 485 urbem
363 458 469 485 redibat
484 477 491 488 ,
518 463 546 485 et
570 461 599 484 ut
622 458 736 492 phmnix
753 457 811 484 avis
837 465 892 484 non
911 465 1021 491 semper

234 504 467 538 conspiciebatur.
491 503 519 530 In
542 503 637 538 primis
651 511 716 530 vero
734 502 876 530 immensis
893 503 1022 529 substru-

234 550 372 576 ctionibus
389 550 577 576 delectabatur
591 567 598 577 ,
616 553 644 575 et
660 549 752 575 furore
781 548 900 582 quodam
927 549 961 574 ad
986 555 1019 574 ea

235 598 332 621 mel-at
354 603 414 628 qme
437 594 630 625 desiderabat,
657 594 746 620 olIicio
767 594 794 621 in
817 594 955 628 plerisque
974 601 1022 620 ne-

236 643 335 677 glecto.
363 642 392 668 In
420 646 538 675 utroque
565 641 666 675 palatio
696 641 791 667 balnea
820 646 849 667 et
879 641 1041 669 conclavia.

235 687 456 722 splendidissima
472 692 500 714 et
523 687 550 713 in
567 686 733 721 Propontide
757 692 933 721 sumptuosas
948 687 1022 714 aedes

234 734 390 766 aediﬁcavit,
402 737 430 760 et
444 733 549 760 insulas
565 740 660 768 parvas
674 733 742 759 mari
759 733 904 767 aggeribus
913 733 1021 767 expleto

234 780 375 806 excitavit.
397 779 465 806 Cum
492 779 590 806 turrin‘i
610 779 637 806 in
653 778 814 806 Blaehernio
831 779 932 813 palatio
957 786 1019 806 eum

237 826 408 857 munitionis,
427 831 456 852 ut
474 826 575 858 aiebat,
593 829 649 851 tum
672 833 728 852 suae
746 825 921 852 habitationis
937 831 1019 851 causa

240 878 383 898 «astruere
396 872 556 903 statuisset,
573 876 601 898 et
614 877 707 898 vetera
721 871 794 904 fana,
811 879 871 905 quae
888 871 914 897 in
929 871 1021 897 littore

237 919 358 952 neglecta
371 918 525 949 stabant,et
537 917 635 944 multas
647 917 766 943 illustres
778 916 854 943 urbis
868 917 964 943 domus
976 916 1023 943 de-

237 964 347 990 molitus
359 963 437 998 581
455 968 625 998 est,quarum
640 963 816 990 fundamenta
826 970 900 989 nunc
913 970 1022 997 quoque

238 1011 282 1036 vix
296 1010 355 1036 sine
374 1010 500 1044 lacrymis
510 1009 627 1044 spectari
643 1013 757 1043 queunt;
774 1009 1022 1043 splendidissimum

237 1056 372 1091 generalis
381 1054 611 1090 aditieium,qund
624 1059 708 1081 totum
720 1055 804 1080 latere
815 1054 906 1080 coctili
915 1057 1023 1080 consta-

241 1102 295 1135 bat,
309 1101 367 1129 solo
378 1102 496 1136 aequavit
507 1105 534 1127 ct
547 1106 645 1135 praeter
653 1100 706 1127 alia
718 1099 802 1126 multa
812 1098 1022 1134 inelytamlllan-

226 1147 347 1182 -ganiam
363 1147 475 1174 domum
489 1147 635 1178 destruxit,
647 1154 737 1180 neque
749 1146 840 1180 operis
859 1145 1021 1180 elegantiam

239 1199 267 1221 et
279 1193 493 1228 magnitudinem
509 1194 613 1219 veritus
626 1200 715 1227 neque
722 1192 855 1219 victorem
864 1196 1021 1226 martyrem,

236 1239 279 1266 cui
294 1246 326 1265 ea
341 1239 466 1266 dedicata
478 1242 547 1270 erat,
557 1239 704 1265 reveritus.
720 1237 816 1264 [Edent
834 1236 893 1263 Divi
905 1236 1020 1263 Michae-

237 1286 269 1310 lis
280 1273 589 1318 cmlestium‘eopiarum
602 1283 769 1315 archiducis,
784 1283 812 1309 iu
828 1286 910 1317 portu
925 1281 1018 1312 sitam,

237 1331 440 1356 iastauraturus
461 1350 468 1362 ,
486 1329 509 1356 si
527 1337 580 1363 qua
596 1329 624 1356 in
639 1329 740 1364 palatio
757 1335 911 1355 marmorea
929 1328 1020 1354 tabula

236 1376 383 1410 splendore
409 1380 437 1402 et
452 1380 592 1410 guttarum
607 1375 745 1402 varietate
761 1374 874 1402 illustris
889 1374 931 1401 vel
946 1374 1021 1408 pavi-

237 1426 358 1447 mentum
376 1421 486 1456 tegebat
510 1421 552 1447 vel
570 1421 688 1455 parietes
707 1419 832 1451 ornabat,
853 1426 886 1446 eo
903 1418 1021 1445 transfe-

230 1467 348 1493 .reudaln
364 1468 478 1494 curavit.
495 1466 548 1494 Sed
568 1471 597 1493 et
620 1465 778 1500 archangeli
794 1466 881 1500 pictas
893 1470 921 1491 et
940 1464 1017 1492 ﬁctas

1074 234 1236 268 παρασίτοις
1261 237 1308 262 καὶ
1324 237 1422 269 ἀοιδοῖς
1443 238 1476 264 τὰ
1497 239 1632 273 βασίλεια.
1650 239 1755 270 Τοῖςδὲ
1774 241 1864 267 τοιού-

1073 287 1129 309 τοις
1155 281 1169 306 ὁ
1195 280 1324 316 πάροινος
1356 283 1457 318 κόσμος
1481 280 1660 315 συνέζευκται
1683 285 1791 317 πάντως
1817 287 1866 312 καὶ

1073 325 1090 359 ἡ
1116 326 1186 353 κατὰ
1212 328 1262 359 τὰς
1294 328 1387 360 κοίτας
1413 329 1541 364 ἀσέλγεια
1573 331 1789 365 συνεφάπτεται,
1819 332 1867 358 καὶ

1072 370 1122 396 ὅσα
1149 373 1273 408 χρηστῆς
1301 374 1348 400 καὶ
1375 374 1468 409 ὑγιοῦς
1495 374 1636 409 βασιλείας
1660 377 1867 411 συνδιαφθείρει

1072 418 1248 446 κατάστασιν.
1270 420 1354 454 Ἀτὰρ
1375 421 1470 455 εἴρηκέ
1490 430 1556 447 ποτε
1572 422 1620 447 ὲπὶ
1632 422 1751 448 δείπνου.
1767 431 1777 448 ι
1804 415 1867 448 Ἐν-

1071 463 1172 497 ἑγκατέ
1188 473 1232 500 μοι
1245 465 1311 496 ἃλας
1325 466 1393 500 (40)·
1408 476 1417 492 ι
1433 467 1576 502 παρεστὼς
1589 467 1616 493 δὲ
1628 467 1682 494 τῶν
1695 467 1755 494 τότε
1771 457 1866 502 μίμων

1071 510 1085 536 ὁ
1095 511 1285 545 χαριέστατος,
1298 509 1319 546 ᾧ
1334 513 1365 539 τὸ
1378 513 1522 548 ἐπώνυμον
1534 514 1718 550 Χαλιϐούρης.
1734 515 1866 550 περιϐλέ-

1070 556 1191 591 ψάμενος
1204 558 1250 583 τὴν
1263 559 1317 584 τῶν
1331 559 1472 593 γυναικῶν
1500 560 1581 594 χορον
1596 561 1628 586 ἐκ
1641 569 1722 587 τινων
1738 561 1864 595 προσπό-

1071 601 1124 629 λων
1138 604 1185 629 καὶ
1194 605 1333 637 συγγενῶν
1344 604 1390 631 τοῦ
1403 605 1535 639 βασιλέως
1546 605 1751 640 κεκρατημένον
1767 616 1775 631 ι
1791 607 1866 632 Γνω-

1072 649 1188 683 σὸμεθα,
1199 659 1207 675 ι
1223 649 1293 683 εἷπε,
1313 660 1322 676 ι
1339 651 1453 685 πρώτως
1461 652 1572 683 ταύτας,
1585 649 1607 678 ὦ
1619 652 1728 686 βασιλεῦ
1739 661 1745 667 -
1755 651 1805 678 εἶθ’
1817 652 1866 678 οὖ-

1070 703 1123 726 τως
1136 696 1218 726 ἄλλας
1229 696 1414 732 εἰσενεχθῆναι
1427 697 1565 724 κέλευσον.
1578 699 1647 724 »Καὶ
1663 698 1730 732 πρὸς
1745 698 1774 723 τὸ
1787 699 1866 732 ῥῆμα

1071 741 1150 768 τοῦτο
1166 742 1250 768 πᾶσαί
1262 751 1290 768 τε
1303 744 1349 768 καὶ
1371 744 1472 774 πάντες
1490 743 1687 778 ἐξεκάγχασαν.
1704 743 1748 778 Τῷ
1762 744 1788 769 δὲ
1801 744 1865 777 τρέ-

1071 795 1150 812 πεται
1162 787 1176 812 ὁ
1187 786 1269 821 χρὼς,
1286 788 1333 815 καὶ
1349 788 1425 822 μόλις
1438 789 1484 815 τὸν
1498 789 1583 824 θυμὸν
1595 791 1623 816 ἑν
1638 790 1725 816 πείσει
1744 789 1865 819 κολάσας

1073 832 1266 866 ὲμὸριμήματι
1279 833 1328 866 τὴν
1352 833 1398 858 τοῦ
1417 833 1600 868 γελωτοποιοῦ
1616 834 1864 868 ἐλευυεροστομίαν

1073 877 1223 905 ἀνέστειλε.
1237 879 1419 905 Μεταδιώκων
1436 880 1464 905 δὲ
1480 881 1513 907 τὰ
1526 880 1580 907 τῶν
1596 880 1705 915 χωρίων
1719 878 1748 906 εὖ
1764 880 1860 915 ἔχοντα

1075 926 1121 951 καὶ
1132 924 1206 960 ὥρας
1220 927 1268 952 καὶ
1281 927 1390 959 θέσεως,
1407 927 1439 954 ἐκ
1450 928 1653 963 διαλειμμάτων
1663 929 1703 960 είς
1713 929 1762 964 τὴν
1775 938 1863 963 μεγα-

1073 971 1182 997 λόπολιν
1210 973 1390 1007 ἐπκνήρχετο,
1409 975 1456 1000 καὶ
1480 974 1551 1001 κατὰ
1570 974 1711 1009 περιόδους
1731 974 1770 1006 ὠς
1785 975 1862 1009 ὅρνις

1073 1018 1086 1042 ὀ
1100 1017 1190 1049 (Pol/t5,
1202 1018 1377 1045 επιυτιτάνετο
1401 1019 1478 1055 [285]
1493 1020 1580 1055 ’Υπὲρ
1592 1021 1645 1046 πᾶν
1661 1020 1688 1046 δὲ
1703 1020 1797 1054 ἕτερον
1812 1021 1862 1052 τὰς

1072 1062 1126 1088 τῶν
1153 1063 1313 1098 ὑπερόγκων
1336 1066 1495 1099 οἰκημάτων
1518 1067 1676 1101 ἀνεγέρσεις
1695 1067 1860 1100 nepti-taxos-

1072 1107 1146 1138 δαζε,
1173 1108 1364 1143 μανικώτερον
1388 1110 1434 1135 ἐπὶ
1451 1110 1485 1136 τὰ
1510 1111 1615 1145 ἐραστὰ
1641 1113 1782 1147 ἐμπηδῶν,
1809 1114 1862 1139 κάν

1072 1155 1127 1184 τοῖς
1143 1153 1282 1186 πλείστοις
1294 1155 1341 1181 τοῦ
1363 1157 1532 1190 καθήκοντος
1550 1158 1746 1193 ἐκφερόμενος.
1769 1159 1863 1190 Ἐντός

1072 1209 1100 1226 τε
1111 1198 1157 1226 οὖν
1173 1200 1227 1227 τῶν
1244 1200 1389 1235 βασιλείων
1400 1202 1563 1238 ἀμφοτέρων
1577 1203 1679 1240 λουτρὰ
1695 1206 1741 1231 καὶ
1755 1205 1863 1239 διαιτή-

1073 1254 1129 1276 σεις
1144 1245 1340 1280 λαμπροτάτας
1354 1246 1491 1281 ἐδείματο,
1515 1247 1563 1273 καὶ
1585 1249 1656 1274 κατὰ
1670 1249 1720 1283 τὴν
1737 1250 1863 1284 Προπον-

1072 1291 1131 1317 τίδα
1152 1291 1310 1322 πολυτελεῖς
1337 1292 1438 1326 δόμους
1466 1294 1606 1328 ἀνήγειρε,
1628 1294 1735 1328 νησίόιά
1760 1303 1789 1320 τε
1812 1295 1864 1329 τὴν

1072 1336 1209 1363 Θάλασσαν
1235 1337 1414 1372 ἁπογαιὼσας
1444 1339 1601 1374 εἰργάσατο.
1632 1341 1803 1375 Προοέμενος
1833 1342 1863 1367 δὲ

1072 1383 1120 1409 καὶ⁵
1143 1383 1247 1418 πύργον
1275 1385 1458 1420 τεκτήνασθαι
1484 1386 1555 1412 κατὰ
1576 1386 1608 1411 τὸ
1639 1387 1668 1412 ὲν
1692 1386 1862 1421 Βλαχέρναις

1072 1429 1213 1462 παλάτιον,
1234 1430 1294 1464 ἅμα.
1319 1429 1368 1465 μὲν
1385 1432 1425 1461 εἰς
1441 1431 1530 1465 ἔρυμα
1546 1431 1601 1458 τῶν
1625 1432 1797 1466 ἀνακτόρων,
1823 1432 1862 1464 ὠς

1072 1476 1187 1510 ἔφασκε,
1205 1477 1252 1502 καὶ
1270 1476 1436 1511 ὑπέρεισμα,
1448 1477 1523 1513 -ἆμα
1551 1478 1579 1504 δὲ
1601 1478 1649 1504 καὶ
1668 1479 1707 1510 εἰς
1723 1478 1862 1513 ἐνοίκησιν

236 1514 379 1548 nnagincs,
397 1515 440 1541 vel
453 1515 478 1540 in
497 1514 565 1541 urbe
580 1514 622 1540 vel
640 1513 701 1540 aliis
720 1513 786 1539 locis
803 1512 922 1547 praesidii
938 1518 1018 1538 causa

1071 1521 1171 1554 ἐαυτῷ,
1191 1521 1274 1553 ναούς
1293 1530 1322 1547 τε
1338 1522 1409 1548 κατά
1425 1511 1474 1558 τήν
1488 1523 1574 1558 ἀκτὴν
1587 1523 1672 1550 παλαι
1696 1524 1861 1558 ἱσταμένους

234 1559 385 1590 dedicatas,
402 1563 518 1585 vetusta:
533 1563 560 1585 et
578 1558 746 1584 admiranda:
762 1565 859 1583 manus
874 1565 968 1590 opera,
991 1557 1019 1582 in

231 1605 306 1631 idem
329 1605 459 1639 templum
474 1604 667 1639 congregabat,
684 1603 765 1638 582
782 1610 919 1630 sumntum
937 1603 1019 1629 eciam

235 1650 358 1683 studium
391 1649 542 1682 adhibuit,
574 1655 604 1676 ut
636 1649 820 1676 Monembasia
859 1647 1021 1675 transferret

235 1695 388 1723 Christum.
406 1695 454 1728 qui
472 1694 499 1721 in
518 1702 601 1722 cruce
619 1694 739 1721 trahitur
751 1714 758 1726 ,
777 1701 848 1728 opus
865 1694 1020 1721 admirabili

204 1762 207 1766 ,
234 1746 294 1768 arte
311 1744 339 1768 et
350 1741 498 1774 elegantia.
516 1741 589 1775 quod
604 1740 744 1767 cruciatus
754 1740 863 1767 Domini
879 1745 906 1766 et
919 1740 1020 1767 Serva-

235 1788 303 1813 toris
328 1787 415 1814 nostri
441 1786 646 1813 evidentissima
677 1790 870 1820 repnesentat;
889 1793 940 1812 nec
955 1793 1021 1812 con-

233 1835 339 1869 quievit
352 1835 512 1870 priusquam
523 1842 583 1862 eam
595 1835 740 1868 imaginem
756 1834 820 1861 dolo
835 1834 996 1861 abstulisset
1012 1842 1018 1860 :

235 1888 298 1906 nam
314 1885 408 1915 aperte
426 1881 494 1907 citra
512 1880 665 1915 perieulum
681 1880 707 1907 id
722 1880 815 1907 conari
832 1880 904 1906 haud
918 1880 1021 1914 potuis-

232 1932 286 1954 set.
318 1926 415 1954 2Ercas
440 1931 534 1961 portas
559 1926 627 1952 latas
652 1932 680 1953 et
707 1926 864 1958 altissimas,
879 1934 939 1960 qua:
955 1927 1019 1953 olim

232 1981 360 2008 magnum
386 1973 516 2007 palatium
540 1972 724 2005 claudebant,
752 1978 846 2000 nostra
861 1977 941 2000 actate
960 1980 1020 1999 car-

233 2029 334 2053 cerem,
352 2021 397 2055 qui
416 2020 479 2048 inde
494 2020 595 2047 Chalce
611 2020 723 2052 dicitur,
737 2019 910 2050 muniebant,
922 2021 1020 2047 eodem

230 2068 384 2094 transtulit.
408 2067 550 2094 Celebrem
581 2067 652 2093 aulae
674 2066 782 2098 aedem,
815 2066 888 2100 quod
919 2073 1020 2093 novum

235 2112 432 2139 monasterium
458 2112 560 2138 dicitur
573 2132 579 2144 ,
595 2111 671 2138 omni
691 2119 770 2138 sacro
795 2115 894 2138 ornatu
910 2131 917 2141 .
948 2112 1021 2138 vasis

233 2159 362 2185 omnibus
377 2158 515 2193 spoliavit.
531 2158 620 2192 Atque
643 2158 686 2185 bis
703 2158 785 2185 rebus
806 2158 977 2192 gloriabatur
991 2161 1019 2184 et

232 2204 400 2231 etl‘erebatur
422 2205 506 2239 magis
530 2212 610 2239 quam
634 2204 779 2238 quisquam
797 2204 868 2231 alius
881 2203 1017 2230 mirabilia

232 2258 316 2285 opera
332 2250 406 2277 laudi
423 2251 475 2277 sibi
501 2250 625 2278 duceret.
639 2250 706 2277 Nam
722 2257 784 2277 eum
801 2250 924 2277 umbram
949 2250 1016 2276 ima-

233 2297 288 2332 gini
313 2297 476 2331 pra-ferret,
505 2296 720 2324 subtractionem
747 2303 797 2331 pro
822 2295 961 2323 additione
990 2299 1019 2322 et

234 2341 475 2375 trauspnsilionem
492 2349 540 2375 pro
556 2341 728 2376 appositione
746 2341 876 2373 habebat,
892 2342 1020 2376 quamvis

233 2395 264 2413 ea
282 2387 386 2412 ilullum
409 2386 597 2413 beneﬁcentia:
614 2386 790 2413 simulacrum
806 2406 814 2419 ,
834 2394 948 2421 parvam
971 2391 1020 2414 aut

233 2431 335 2458 nullam
366 2431 507 2466 religionis
524 2433 645 2466 speciem
673 2432 788 2459 haberet
809 2441 816 2459 :
843 2440 932 2467 neque
950 2440 1016 2460 vero

232 2479 318 2506 Deum
335 2478 426 2508 irasbi,
442 2478 490 2504 sed
502 2478 594 2512 potius
610 2478 740 2512 gaudere,
757 2479 780 2505 si
794 2479 870 2506 aliud
885 2479 1018 2514 templum

234 2525 351 2560 pristino
375 2525 522 2560 splendore
550 2525 689 2559 privatum
714 2525 875 2554 volucribus
893 2526 973 2554 nidos
990 2531 1018 2554 et

230 2573 366 2600 crinaceis
381 2573 473 2600 foveas
490 2573 636 2607 pra-heret,
654 2571 728 2599 aliud
752 2580 817 2599 vero
834 2573 1016 2601 instauratum

1071 1569 1217 1603 ἀτημελεῖς
1234 1568 1384 1603 κατήρειψε
1408 1569 1456 1595 καὶ
1485 1569 1629 1600 πλείστους
1647 1569 1703 1595 τῶν
1722 1569 1794 1595 κατὰ
1810 1570 1861 1604 τὴν

1072 1615 1195 1650 βασιλίδα
1211 1615 1289 1641 πόλιν
1307 1615 1467 1650 περιφανῶν
1483 1617 1567 1642 οἰκίον
1584 1616 1661 1642 ἔθετο
1683 1617 1724 1647 είς
1746 1617 1861 1650 ἐρήμω-

1072 1667 1124 1692 σιν,
1137 1655 1174 1685 ὦν
1194 1659 1305 1690 ὲσδεῦρό
1320 1668 1390 1690 τινες
1406 1659 1496 1694 θέαμα
1519 1661 1571 1691 τοῖς
1585 1659 1715 1694 παριοῦσι
1732 1659 1860 1693 δακρύων

1071 1704 1146 1737 ἄξιον
1170 1705 1234 1736 τοὺς
1264 1705 1408 1739 θεμελίους
1439 1705 1648 1738 προϐάλλονται,
1675 1704 1723 1731 καὶ
1751 1705 1800 1739 τὴν
1827 1705 1861 1731 ἐκ

1072 1749 1184 1776 πλίνθου
1216 1749 1307 1784 πάσης
1333 1749 1420 1784 ὀπτῆς
1448 1750 1646 1784 λαμπροτάτην
1671 1749 1719 1775 τοῦ
1747 1750 1860 1782 γενιγοῦ

1071 1796 1217 1831 οἰκοδομὴν
1248 1796 1429 1831 κατηδάφισε.
1458 1796 1512 1822 Σὺν
1546 1796 1656 1827 πολλοῖς
1684 1796 1712 1822 δὲ
1738 1797 1786 1822 καὶ
1813 1796 1860 1822 τὸν

1071 1843 1236 1877 περίκλυτον
1260 1839 1335 1869 οἷκον
1359 1842 1413 1868 τῶν
1438 1842 1597 1876 Μαγγάνων
1612 1842 1758 1873 κατέϐαλε,
1789 1842 1859 1876 μήτε

1070 1888 1100 1915 τὸ
1112 1889 1158 1914 τοῦ
1177 1888 1259 1923 ἔργου
1272 1888 1370 1920 κάλλος
1384 1888 1433 1915 καί
1447 1887 1476 1914 τὸ
1495 1888 1610 1922 μέγεθος
1623 1887 1767 1919 αἰδεσθεὶς,
1789 1889 1861 1922 μήτε

1070 1934 1117 1959 τὸν
1144 1934 1344 1968 τροπαιοφόρον
1373 1933 1500 1968 μάρτυρα
1515 1933 1654 1967 πτοηθείς,
1735 1933 1861 1959 ἀνέκειτο

1071 1979 1174 2006 οὑτοσί.
1204 1980 1400 2006 Ἑπισκευάσαι
1425 1979 1454 2005 δὲ
1469 1979 1611 2013 βουληθεὶς
1624 1980 1672 2005 καὶ
1685 1979 1731 2005 τὸν
1764 1979 1794 2005 ὲν
1820 1979 1861 2013 τῷ

1071 2026 1184 2060 ἀνάπλῳ
1200 2024 1268 2052 νεὼν
1291 2024 1337 2052 τοῦ
1365 2025 1586 2061 ἀρχιστρατήγου
1614 2025 1669 2052 τῶν
1683 2026 1739 2052 ἄνω
1753 2025 1861 2058 τάξεων

1072 2073 1193 2107 Μιχαὴλ,
1210 2073 1236 2099 ετ
1246 2081 1288 2104 τις
1304 2073 1333 2098 ἐν
1343 2073 1427 2105 πλαξὶ
1441 2074 1500 2104 τοῖς
1515 2072 1662 2107 βασιλείοις
1680 2072 1771 2106 δόμοις
1790 2073 1862 2097 ὺπέ-

1072 2125 1177 2152 στρωτο
1191 2118 1239 2144 καὶ
1254 2119 1444 2153 περιημπῐσχε
1460 2118 1525 2149 τοὺς
1544 2117 1654 2152 τοίχους
1672 2117 1805 2151 καλλίστη
1829 2124 1861 2142 τε

1070 2164 1103 2198 τῇ
1118 2162 1292 2198 στιλπνότητι
1303 2164 1351 2189 καὶ
1367 2163 1475 2198 ῥανίσιν
1487 2163 1635 2197 ὲστιγμένη
1647 2161 1860 2196 ποικιλοχρόοις,

1071 2211 1160 2236 ἐκεῖσε
1185 2209 1415 2245 μεταχεκόμικεν.
1437 2209 1518 2237 ’Δλλὰ
1534 2209 1582 2236 καὶ
1600 2209 1633 2235 τὰ
1650 2208 1698 2235 τοῦ
1717 2208 1862 2243 ἀρχαγγέ-

1071 2255 1118 2282 λου
1134 2256 1178 2282 διὰ
1189 2257 1344 2291 χρωμάτων
1355 2256 1402 2282 καὶ
1416 2255 1540 2291 ψηφίδων
1556 2254 1720 2289 τυπώματα,
1736 2255 1826 2281 ὁπόσα
1842 2255 1859 2289 ἠ

1072 2302 1151 2332 πόλις
1178 2301 1289 2335 ἔστεγεν
1319 2301 1335 2336 ἢ
1364 2302 1473 2335 κώμαις
1502 2302 1549 2328 καὶ
1586 2300 1692 2336 χώραις
1717 2300 1862 2326 ἀνέκειντο

1071 2347 1255 2382 φυλακτήρια,
1283 2347 1374 2383 χειρὸς
1390 2348 1508 2382 ἀρχαίας
1531 2346 1601 2382 ἔργα
1620 2347 1669 2373 καὶ
1692 2347 1860 2381 Θαυμασίας,

1071 2395 1142 2420 κατὰ
1156 2394 1186 2420 τὸ
1199 2393 1265 2420 αὐτὸ
1279 2393 1441 2429 συνήθροισε
1455 2395 1577 2428 τέμενος.
1598 2393 1630 2419 'ﬂ
1655 2393 1684 2419 δὲ
1709 2392 1756 2418 τοῦ
1783 2392 1861 2426 βασι-

1069 2439 1138 2470 λέως
1170 2439 1265 2466 τούτου
1295 2440 1399 2475 σπουδὴ
1419 2441 1494 2471 ὅπως
1508 2441 1539 2466 ἐκ
1560 2441 1610 2474 τῆς
1631 2439 1678 2466 νῦν
1707 2440 1861 2474 λεγομένης

1070 2484 1264 2520 Μονεμόασίας
1282 2485 1458 2520 ἁνακομίσειε
1475 2485 1522 2511 τὸν
1541 2486 1587 2512 ἐπὶ
1610 2485 1726 2520 σταυρὸν
1745 2485 1861 2520 ἑλκόμε-

1070 2539 1116 2557 νον
1127 2531 1148 2557 Χ
1153 2528 1245 2566 ριστὶν
1257 2531 1293 2562 ὡς
1305 2531 1386 2566 ἔργον
1399 2531 1563 2565 ἀξιάγαστον
1578 2531 1625 2557 καὶ
1637 2531 1687 2566 τὴν
1699 2531 1798 2566 τέχνην
1811 2532 1860 2558 καὶ

1068 2578 1119 2613 τὴν
1147 2577 1228 2613 χάριν
1257 2577 1334 2604 οὐδὲν
1362 2578 1525 2604 ἀπελείπετο
1555 2578 1610 2604 τῶν
1648 2577 1860 2611 ὲκφανεστὰτων

873 2666 958 2696 Hier.
983 2666 1082 2697 Wolfii
1105 2670 1200 2697 noue.

264 2747 319 2780 (40)
342 2746 463 2781 Apparet
482 2746 618 2781 principio
648 2747 794 2782 legendum
821 2747 898 2779 ἃλας,
925 2746 950 2773 id
971 2752 1014 2774 est

225 2783 321 2808 salem.
334 2781 398 2808 Eam
410 2785 502 2808 Vocem
514 2783 621 2817 accepit
636 2781 729 2809 scurra
743 2783 820 2816 quasi
835 2783 949 2810 dixisset
965 2782 1013 2808 ἄλ-

227 2817 285 2848 λας,
308 2818 413 2843 Scilicet
431 2819 574 2849 γυναῖκας.
597 2818 685 2845 Locus
709 2819 752 2844 hic
772 2819 887 2852 exprimi
917 2818 1013 2844 Latine

220 2858 282 2878 'non
308 2853 375 2878 satis
399 2857 509 2886 potest;
528 2861 683 2888 quanquam
704 2854 796 2880 (ira-ee
821 2861 941 2888 quoque,
961 2853 1013 2879 nisi

1063 2748 1286 2786 pronuntiatione
1305 2750 1415 2786 juvetur
1440 2751 1471 2777 τὸ
1497 2750 1565 2782 ἅλας
1593 2756 1621 2778 et
1647 2749 1742 2783 ἄλλοις,
1770 2751 1855 2786 paulo

1064 2785 1156 2810 minus
1176 2785 1304 2819 lrigiduin
1318 2785 1438 2820 videtur,
1456 2794 1537 2821 quam
1551 2786 1573 2813 si
1589 2786 1664 2814 dicas
1676 2785 1731 2814 alia
1747 2785 1777 2813 et
1787 2787 1855 2820 alia,

1063 2825 1154 2845 scorta
1168 2820 1390 2855 submtelligens.
