1952 3076
248 130 302 162 819

859 129 1007 160 ΝΙΕΕΤΑΕ
1026 129 1232 163 (ΞΗΟΝΙΑΤιΕ

1775 131 1864 164 ’820

242 186 319 221 quasi
336 185 499 213 charitatem
525 191 602 212 suam
626 191 690 218 erga
715 183 829 211 fratrem
852 183 1024 211 indelebilem

1081 184 1208 219 βασιλεὺς
1224 186 1299 221 παρὰ
1317 185 1450 212 πλείστων
1465 185 1658 220 ἑνωτιζόμενος
1674 186 1860 214 ἐπιϐουλεύειν

241 236 270 258 et
285 231 448 258 ﬁrmissimis
467 230 558 257 nixam
580 229 720 256 radicibus
741 229 851 256 abolere
872 235 953 264 atque
976 237 1025 257 ex-

241 276 367 304 scindere
381 276 491 306 vellent,
506 275 685 310 quemjsolum
696 276 819 302 omnium
834 279 955 301 vastator
969 274 1026 301 An-

241 323 372 350 dronicus
387 330 442 349 non
462 321 587 349 laesisset.
605 322 691 358 lgitur
707 321 739 348 ad
764 321 920 348 Radaestutn
941 322 1025 348 mari-

241 367 335 394 timam
359 367 454 394 urbem
472 367 611 401 profectus
629 368 776 395 maximum
799 371 828 394 et
848 367 952 394 nomini
975 375 1025 394 suo

241 413 410 448 respondens
441 413 653 440 resurrectionis
687 412 788 440 festum
825 412 965 445 celebrat,
999 417 1027 440 et

239 459 343 487 Pascha
358 459 503 495 mysticum
519 459 641 486 immolat
659 463 686 486 et
700 458 836 491 comedit;
862 459 954 494 ibique
974 460 1026 487 Ba-

240 506 363 533 silacium
379 506 524 538 convenit,
541 505 677 532 inusitatae
694 505 756 532 vitae
776 504 926 537 hominem,
949 512 1025 532 eam-

239 559 292 586 que
326 551 485 586 opinionem
512 550 584 586 apud
615 558 711 578 omnes
739 555 918 578 consecutum
946 551 1024 585 quasi

240 599 332 625 futura
349 597 514 632 praevideret
526 602 608 632 atque
624 597 794 632 praediceret.
811 597 889 625 Unde
906 598 1025 624 maxima

241 645 383 671 hominum
400 644 553 679 frequentia
569 644 602 671 ad
619 651 681 671 eum
693 666 700 677 ,
717 649 748 671 ut
766 644 830 671 olim
845 644 878 671 ad
895 644 1024 671 Hammo-

238 691 282 717 nis
299 695 326 717 et
343 690 500 725 Amphiarai
525 691 667 717 oraculum
678 710 685 721 .
707 690 871 717 conﬂuebat.
889 691 1023 718 Cmterum

239 735 307 762 nihil
331 735 387 763 veri
406 740 433 762 et
451 735 587 770 perspicui
612 736 645 762 de
667 735 749 763 rebus
774 735 875 762 futuris
894 735 1025 770 loqueba-

240 786 285 808 tur
295 803 301 812 ,
321 782 368 809 sed
383 782 464 809 verba
479 782 591 809 confusa
602 803 609 814 ,
622 782 693 809 inter
706 790 735 809 se
749 782 909 810 dissidentia
923 787 949 809 et
962 791 1023 817 per-

239 827 317 862 plexa
336 827 485 860 fundebat;
501 833 528 854 et
542 828 664 862 quamvis
679 835 750 862 saepe
768 828 882 856 ridicula
898 830 1022 863 quaedam

239 873 420 910 admisceret,
436 878 526 900 tamen
546 873 654 900 turbam
681 878 818 907 pastorum
840 874 1020 908 agricolarum

239 923 267 946 et
294 919 426 953 remigum
451 919 483 946 ad
510 927 539 946 se
556 919 720 947 attrahebat.
736 920 803 947 Nam
820 920 967 946 mulierum
990 920 1024 948 ad

239 972 268 991 se
292 963 459 991 venientium
480 964 558 999 591
587 965 713 992 mammis
733 965 881 998 exploratis
906 969 934 992 et
963 966 1025 994 talis

239 1010 416 1036 contrectatis
431 1010 548 1037 obscura
565 1011 707 1044 promebat
722 1011 833 1038 oracula
845 1032 852 1044 ,
868 1015 897 1038 et
915 1011 948 1038 ad
965 1011 1024 1045 ple-

240 1063 339 1090 rasque
358 1056 522 1090 qutestiones
545 1056 614 1083 nihil
638 1057 831 1091 respondebat,
855 1061 884 1084 et
906 1064 969 1084 suas
983 1057 1025 1084 di-

239 1101 392 1129 vinationes
406 1101 653 1129 discursationibus
666 1108 692 1129 et
707 1102 809 1130 insanis
820 1102 941 1137 gestibus
963 1109 1025 1136 per-

239 1148 345 1183 agebat.
374 1148 507 1176 Astabant
533 1148 557 1175 ei
587 1156 696 1182 quoque
722 1153 843 1183 cognata;
885 1149 1022 1181 aniculae,

237 1195 369 1221 vecordes
385 1199 412 1221 et
427 1194 538 1225 insanae,
554 1202 614 1229 qme
627 1194 830 1221 consultoribus
849 1194 1024 1229 explicabant

239 1240 303 1276 quid
319 1240 356 1267 illi
373 1241 495 1267 Basilacii
513 1245 605 1275 gestus
622 1248 712 1267 rerum
725 1240 879 1267 futurarum
896 1240 1024 1276 designa-

238 1292 310 1319 rent,
340 1290 367 1314 et
397 1287 611 1324 taciturnitatem
640 1291 670 1313 ut.
694 1287 844 1320 sapientem
871 1286 1022 1314 orationem

238 1332 500 1366 interpretabantur.
528 1333 553 1359 ls
579 1332 768 1367 igiturhomo,
788 1337 819 1359 ut
845 1332 921 1365 dixi,
947 1337 1024 1360 vates

238 1379 319 1412 vulgo
337 1378 489 1404 habebatur
504 1383 532 1404 et
550 1378 640 1405 ftttura
657 1378 807 1412 prmdiccre
824 1378 972 1412 putabatur
983 1398 990 1410 .
1007 1387 1024 1406 a

239 1424 410 1451 mulierculis
425 1423 593 1458 praesertim,
614 1425 715 1459 quibus
740 1431 832 1460 turpes
857 1425 1024 1459 quaestiones

239 1473 267 1496 et
283 1469 420 1497 deformes
435 1470 552 1497 vestium
568 1470 745 1504 implexiones
760 1477 810 1505 pro
828 1471 894 1498 ludo
916 1476 944 1498 et
961 1471 1023 1506 joco

1079 232 1112 266 τῇ
1141 231 1224 258 αὐτοῦ
1247 232 1318 268 ἀρχῇ
1343 233 1389 259 καὶ
1404 231 1460 267 ζωῇ
1483 232 1528 258 τὸν
1543 232 1657 266 ἀδελφὸν
1679 232 1798 266 Ἀλέξιον
1816 235 1862 259 καὶ

1078 278 1309 313 παραπετάσματι
1336 278 1427 312 φιλίας
1453 277 1652 312 συγκαλύπτειν
1678 278 1800 313 πολλαχῆ
1832 279 1862 304 τὸ

1079 323 1252 358 μισάδελφον,
1277 323 1324 350 καλ⁵
1339 324 1377 355 ὼς
1391 324 1512 355 πλείονές
1526 324 1579 350 εἰσι
1596 323 1743 356 φιλαλέξιοι
1762 324 1863 358 μᾶλλον

1077 370 1150 405 ἥπερ
1174 371 1352 405 φιλισαάκιοι,
1371 370 1409 402 ὼς
1423 371 1504 405 λῆρον
1526 370 1706 404 ἀπεπέμπετο
1729 370 1763 397 τὰ
1785 371 1865 403 λεγό-

1079 425 1164 451 μενα,
1190 417 1257 451 μηδὲ
1278 417 1309 443 τὸ
1332 417 1504 448 ἐξεταστικὸν
1529 416 1566 447 ὡς
1594 416 1668 442 λίθον
1699 416 1863 451 Ἡράκλειον

1077 463 1224 496 προσάγων
1246 463 1292 489 καὶ
1319 462 1470 497 βασανίζων
1497 461 1552 488 τῶν
1576 463 1653 496 παρὰ
1668 462 1715 488 τοῦ
1743 462 1864 496 ἀδελφοῦ

1077 508 1271 543 πραττομένων
1288 509 1319 535 τὸ
1342 508 1480 544 κίὸδηλον,
1494 507 1563 534 ἀλλὰ
1577 509 1678 543 δριμὺς
1691 507 1730 535 ὢν
1753 509 1811 539 τοῖς
1828 510 1863 534 τά

1076 555 1188 582 τοιαῦτα
1219 555 1422 590 είσηγουμένοις
1451 554 1487 586 ὡς
1523 554 1615 588 ἔχουσι
1640 554 1708 588 πρὸς
1739 554 1863 586 εφέσεως

1077 601 1200 635 ἐξίτηλον
1220 602 1307 628 ποιεῖν
1331 601 1381 634 τὴν
1402 600 1570 627 ὰνέκπλυτον
1589 600 1636 625 καὶ
1651 597 1708 625 οἷον
1723 600 1762 630 είς
1780 598 1863 633 βάθος

1059 684 1061 687 ι
1076 647 1280 682 ἐγκεκαυμένην
1300 648 1332 681 τῇ
1348 646 1444 672 ἑαυτοῦ
1458 647 1530 681 ψυχῇ
1552 646 1620 681 πρὸς
1637 646 1683 672 τὸν
1696 645 1865 679 κασίγνητον

1077 693 1204 728 στοργὴν,
1222 693 1250 719 ὃν
1279 693 1358 726 μόνον
1381 693 1436 718 ἀπὸ
1450 693 1557 719 πάντων
1571 693 1585 717 6
1609 691 1735 727 λωϐητὴρ
1756 690 1864 725 Ἀνδρό-

1076 746 1150 768 νικος
1166 738 1216 764 ούκ
1232 738 1350 764 ὲςίνατο.
1375 737 1537 771 Ἀφιγμὲνος
1552 736 1642 762 τοίνυν
1656 736 1684 767 ἐς
1706 735 1753 770 τὴν
1770 744 1865 770 παρα-

1076 783 1245 810 θαλαττίδιον
1278 783 1431 809 Ῥαιδεστὺν
1453 782 1505 818 τὴν
1532 781 1664 817 μεγίστην
1691 781 1798 808 ὲκτελεί
1813 782 1865 806 καὶ

1076 829 1250 864 κυριώνυμον
1264 828 1449 863 ὰναστάσιμον
1466 827 1573 863 ἑορτὴν,
1585 827 1633 854 καὶ
1645 826 1703 853 θύει
1716 827 1761 852 καὶ
1775 826 1865 852 ἐσθίει

1074 875 1106 902 τὺ
1133 875 1229 910 Πάσχα
1253 875 1284 901 τὸ
1313 875 1453 910 μυστικόν.
1480 874 1565 901 Ἔνθα
1584 874 1631 900 καὶ
1651 873 1691 907 ’τῷ
1706 873 1866 906 Βασιλακίῳ

1076 920 1242 955 συγγίνεται.
1269 919 1323 947 Ἦν
1349 921 1372 947 δ’
1398 918 1474 951 οὗτος
1497 919 1661 954 ἁλλότροπόν
1689 926 1751 945 τινα
1774 918 1866 952 βίοτον

1076 967 1188 1002 μετιὼν,
1208 967 1256 994 καὶ
1273 967 1352 999 δόξαν
1377 968 1453 1002 παρὰ
1473 966 1581 992 πάντων
1596 965 1731 999 ἠνέγκατο
1753 972 1865 997 προφη-

1074 1013 1164 1040 τεύειν
1177 1014 1225 1040 καὶ
1237 1013 1401 1048 προϐλέπειν
1416 1013 1450 1039 τὰ
1465 1011 1632 1047 ἔμπροσθεν.
1649 1009 1710 1037 ὅθεν
1724 1010 1764 1040 εις
1779 1009 1864 1035 αὐτὴν

1074 1060 1108 1087 τὰ
1123 1060 1211 1095 πλήθη
1235 1060 1379 1095 συνέρρεον
1399 1059 1436 1090 ὡς
1455 1059 1509 1084 οὐδ’
1527 1059 1555 1089 ὲς
1579 1057 1736 1091 μυρμηκιὰν
1763 1056 1786 1081 οἱ
1810 1056 1864 1080 ἐπ-

1075 1106 1201 1138 ανιόντες
1214 1115 1244 1132 τε
1255 1106 1302 1133 καὶ
1312 1106 1431 1138 ἐξιόντες
1445 1105 1585 1138 φιλόπονοι
1602 1103 1746 1137 μύρμηκες
1760 1101 1777 1136 ἦ
1795 1100 1865 1135 γοῦν

1075 1153 1100 1180 οἱ
1121 1154 1150 1184 ἐς
1168 1153 1314 1186 Ἄμμωνος
1335 1151 1420 1178 πάλαι
1444 1150 1491 1177 καὶ
1514 1149 1671 1184 Ἀμφιάρεω
1687 1148 1863 1181 ἀφικόμενοι.

1081 1198 1152 1225 Ἀλλ’
1171 1198 1247 1224 οὐδὲν
1270 1196 1367 1232 ἀληθὲς
1393 1197 1439 1222 καὶ
1464 1195 1548 1230 σαφὲς
1569 1195 1632 1229 περὶ
1647 1194 1702 1220 τῶν
1719 1193 1861 1227 ἐσομένων

1075 1241 1152 1275 οὗτος
1173 1243 1338 1278 ἐφθέγγετο,
1367 1242 1562 1276 πεπλανημένα
1585 1241 1613 1268 δὲ
1634 1239 1683 1266 καὶ
1706 1239 1864 1272 ἀσύμφωνα

1075 1290 1181 1320 ἑαυτοῖς
1198 1289 1244 1315 xui.
1261 1289 1384 1323 γριφώδη
1399 1287 1499 1323 διεξῄει
1524 1287 1650 1322 ῥήματα)
1667 1287 1695 1313 ὲν
1712 1284 1822 1316 πολλοῖς
1834 1284 1863 1310 δὲ

1075 1335 1122 1362 καὶ
1147 1335 1263 1368 γέλωτος
1278 1333 1491 1368 διατεχνὼμενος
1504 1333 1577 1365 ἀξια,
1594 1333 1639 1359 τὸν
1661 1330 1863 1365 ἁγελαιοκὸμον

1074 1380 1149 1414 ὅμως
1166 1379 1299 1413 καὶπρὸς
1326 1378 1400 1405 ὖννιν
1424 1378 1569 1412 ἀφορῶντα
1594 1377 1641 1403 καὶ
1665 1376 1763 1409 κώπην
1795 1375 1862 1400 ἐπε-

1078 1427 1165 1452 σπᾶτο
1182 1424 1261 1452 λεών.
1279 1425 1340 1452 Τῶν
1361 1425 1415 1459 γὰρ
1430 1423 1635 1464 ἀφικνουμένων
1656 1423 1685 1453 ἐς
1707 1422 1788 1448 αὐτὸν
1813 1428 1864 1454 γυ-

1075 1471 1177 1499 ναικῶν
1193 1471 1326 1506 ὲμάστιυε
1342 1465 1406 1502 τοὺς
1432 1469 1562 1504 μαστοὺς,
1585 1469 1632 1495 καὶ
1650 1467 1807 1503 περιαθρῶν
1829 1468 1865 1493 τὰ

239 1514 316 1541 cordi
329 1520 418 1541 erant.
444 1515 570 1543 Cordatis
589 1524 655 1542 vero
675 1516 833 1544 hominibus
847 1518 957 1552 ineptus
981 1517 1024 1544 hi—

1076 1517 1169 1553 σφυρὰ
1183 1517 1215 1552 λη
1221 1518 1274 1552 ρῶν
1289 1517 1336 1543 ἐπὶ
1348 1516 1454 1547 τούτοις
1473 1514 1507 1551 ἦν
1521 1515 1568 1541 καὶ
1581 1512 1775 1548 ἀποφοιὸάζων
1787 1513 1865 1540 ἀδιά-

239 1559 308 1586 strio
321 1564 349 1586 et
362 1568 459 1587 vecors
473 1560 642 1587 silicernium
659 1561 811 1588 videbatur.
833 1562 918 1588 Erant
940 1562 1022 1590 etiam

239 1605 286 1639 qui
309 1612 372 1631 eum
396 1605 547 1640 Pythonico
570 1605 668 1640 spiritu
695 1614 755 1633 esse
782 1607 926 1641 praeditum
954 1607 1024 1634 haud

240 1651 358 1678 absurde
372 1651 577 1686 conjectarent;
592 1659 709 1685 quorum
725 1651 895 1687 egojudiciis
906 1653 1024 1680 maxime

240 1697 384 1724 assentior.
410 1697 607 1732 Imperatorem
632 1705 721 1731 neque
748 1702 776 1725 ut
805 1703 880 1725 tanta
904 1700 1025 1733 potentia

240 1742 383 1777 prreditum
410 1742 536 1776 excepit;
565 1751 653 1776 neque
689 1743 846 1770 salutationi
873 1744 932 1778 ejus
965 1752 1024 1778 qua3

240 1794 299 1816 crat
317 1798 323 1815 :
347 1797 355 1813 ι
373 1789 463 1821 Salve,
480 1789 698 1823 pater'Basilaci,
718 1799 727 1814 ι
754 1789 913 1823 respondit;
936 1797 1024 1824 neque

241 1835 322 1861 tacito
338 1839 406 1861 nutu
419 1834 515 1868 capitis
527 1834 627 1869 gratias
640 1834 694 1868 egit
711 1843 717 1860 :
736 1835 783 1862 sed
796 1835 851 1862 huc
865 1839 946 1870 atque
961 1836 1025 1862 illuc

240 1880 326 1906 instar
341 1879 407 1913 pulli
424 1879 517 1914 equini
530 1884 578 1906 aut
588 1879 706 1906 hominis
717 1879 815 1907 furiosi
828 1881 930 1908 saltans
944 1881 1024 1915 592

239 1925 434 1952 accedentibus
448 1924 603 1956 maledixit,
625 1925 806 1953 Constantino
831 1926 1024 1960 Mesopotami-

240 1977 304 1998 tano
329 1971 355 1997 in
383 1971 489 2005 primis,
513 1971 559 2005 qui
587 1974 644 1997 tum
667 1971 771 1998 Isaacio
798 1972 1025 2000 familiarissimus

240 2024 308 2046 επὶ.
333 2019 389 2046 Nec
415 2019 465 2054 ipsi
492 2019 610 2053 denique
640 2019 797 2054 imperatori
826 2028 953 2055 parcens,
980 2021 1024 2048 vix

241 2066 349 2092 tandem
372 2065 503 2100 inquietis
529 2065 582 2092 illis
605 2065 800 2101 agitationibus
823 2067 949 2100 omissis,
971 2069 1025 2096 sci-

239 2113 326 2146 pione,
339 2119 419 2146 quem
437 2111 563 2139 manibus
578 2111 718 2146 gestabat.
738 2113 863 2148 imaginis
879 2114 1025 2148 imperato-

240 2158 371 2191 ris,qua:
389 2157 415 2183 in
441 2158 501 2192 ejus
527 2158 654 2185 oratoria:
678 2159 755 2185 cellae
788 2159 893 2193 pariete
917 2159 1024 2194 depicta

240 2207 317 2233 erat,
339 2195 426 2229 oculis
447 2203 549 2234 erasis,
569 2204 650 2230 etiam
665 2204 767 2237 pileum
785 2204 819 2230 de
835 2205 924 2238 capite
951 2205 1024 2232 illius

240 2248 348 2274 auferre
362 2248 499 2277 studebat.
516 2249 580 2280 Qua:
595 2257 656 2275 cum
672 2249 780 2276 fecisset
794 2269 800 2281 ,
821 2249 971 2284 imperator
991 2258 1025 2278 co

241 2293 329 2319 tleliro
344 2293 472 2327 despecto
488 2294 610 2326 recessit,
625 2294 743 2328 populus
758 2302 824 2321 vero
839 2295 886 2330 qui
904 2303 935 2322 ea
950 2295 1025 2322 vitle-

242 2344 301 2369 rat,
314 2339 382 2365 nihil
399 2340 462 2366 boni
479 2340 661 2366 ominabatur.
675 2340 708 2368 Ut
725 2348 789 2367 vero
800 2340 882 2367 etiam
895 2347 1024 2369 eventum

242 2393 295 2412 non
313 2385 391 2419 plane
405 2385 439 2411 ah
456 2386 509 2411 illis
522 2386 605 2420 signis
619 2386 769 2414 abhorrere
783 2387 917 2419 constitit,
931 2388 1023 2422 cujus-

241 2439 295 2464 que
316 2430 409 2462 Opinio
430 2430 464 2457 de
487 2431 619 2458 Basilacio
646 2432 805 2458 confirmata
824 2436 876 2465 est,
898 2440 968 2467 qum,
996 2438 1026 2460 ut

242 2478 309 2506 dixi.
326 2485 426 2511 anceps
440 2477 515 2511 prius
530 2482 557 2503 et
573 2477 600 2503 in
618 2477 755 2512 plerisque
769 2477 851 2504 dubia
866 2478 964 2505 fuerat.
990 2477 1026 2506 Ut

242 2529 334 2551 autem
358 2523 507 2557 imperator
530 2522 654 2558 Cypsella
681 2524 826 2557 pervenit,
856 2523 1024 2551 exerciluum

243 2576 347 2605 partem
367 2569 547 2602 centuriavit,
567 2574 688 2604 partem,
714 2577 775 2603 quae
800 2571 921 2597 nondum
941 2571 1025 2597 adve-

241 2623 339 2648 nerat.
369 2616 547 2651 exspectavit.
583 2615 636 2643 Sed
659 2615 811 2642 nobilitatis
835 2624 931 2650 magna
962 2624 1027 2652 pars

241 2671 312 2697 :egre
334 2663 407 2690 ferre
433 2670 462 2689 se
482 2662 613 2689 simulans
635 2661 709 2696 qttod
735 2661 816 2696 longo
840 2666 961 2696 tempore
992 2662 1026 2688 ab

243 2709 406 2742 imperatore
436 2708 559 2743 neglecta
581 2712 662 2739 esset,
689 2707 815 2742 quodque
848 2715 892 2735 res
919 2708 1025 2742 publica

243 2753 322 2787 593
336 2761 479 2787 perperam
497 2757 525 2779 et
540 2757 641 2779 temere
656 2752 905 2783 administraretur,
921 2760 983 2780 cum
997 2761 1025 2779 re

243 2807 307 2825 vera
329 2799 393 2825 illud
406 2804 553 2833 spectaret,
569 2798 641 2833 quod
660 2807 690 2825 ex
708 2799 814 2833 imperii
831 2799 1027 2826 mutationibus

245 2851 272 2869 se
288 2844 404 2878 plurima
421 2846 606 2873 emolumenta
623 2845 763 2880 percipere
781 2845 1025 2879 animadvertebat,

1078 1572 1188 1598 γνωστα
1201 1563 1288 1597 λόγια.
1322 1562 1481 1589 Ἀπεσιώπα
1502 1561 1529 1587 δὲ
1545 1561 1614 1587 κάπὶ
1635 1561 1696 1591 ταῖς
1721 1559 1864 1590 πλείσταις

1075 1610 1130 1636 τῶν
1157 1609 1280 1636 πεύσεων
1308 1610 1390 1643 αἵπερ
1415 1607 1490 1642 αὐτῷ
1517 1608 1592 1642 παρὰ
1617 1606 1671 1633 τῶν
1695 1605 1866 1640 προσιόντων

1076 1656 1228 1690 ἐπήγοντο,
1258 1655 1305 1681 καὶ
1336 1655 1385 1684 τὰς
1414 1654 1516 1684 οἰκείας
1549 1651 1664 1687 πράξεις
1694 1651 1866 1686 μεταϐάσεσι

1075 1702 1201 1732 τοπικαῖς
1212 1701 1258 1727 καὶ
1274 1701 1474 1735 σχηματισμοῖς
1486 1699 1614 1733 ἐπέραινε
1639 1698 1776 1728 Πανικοτς.
1799 1698 1865 1724 Συν-

1076 1747 1181 1773 εστῶτα
1197 1746 1225 1772 δὲ
1241 1746 1339 1780 γύναια
1362 1745 1464 1780 γραῖκά
1489 1753 1550 1771 τινα
1577 1743 1807 1779 οἰστρηλατοῦντά
1833 1752 1862 1770 τε

1076 1792 1124 1819 καὶ
1137 1792 1358 1825 κωθωνιζόμενα,
1379 1791 1451 1818 κατά
1467 1790 1544 1824 γένος
1559 1790 1635 1825 αὐτῷ
1658 1790 1862 1824 συναπτόμενα,

1076 1838 1231 1873 ὑφηγοῦντο
1245 1839 1300 1869 τοῖς
1312 1837 1514 1871 παραϐάλλουσι
1527 1838 1561 1862 τά
1574 1837 1624 1863 ὑπὸ
1635 1837 1682 1862 τοῦ
1697 1836 1862 1862 Βασιλακίου

1075 1883 1237 1918 τελούμενα,
1257 1885 1271 1909 ὃ
1288 1892 1314 1909 τι
1341 1883 1395 1910 τῶν
1416 1883 1608 1917 γενησομένων
1634 1882 1863 1916 τεκμηριάζουσι,

1077 1932 1124 1957 καὶ
1138 1931 1187 1965 τὴν
1204 1930 1282 1965 σιγὴν
1297 1930 1334 1961 ὥς
1350 1939 1376 1956 τι
1392 1929 1582 1963 φθεγγομένην
1606 1930 1653 1955 καὶ
1675 1928 1864 1962 ύποδηλοῦσαν

1079 1977 1159 2009 σοφὸν
1171 1976 1352 2010 διεσήμαινον.
1365 1974 1374 2010 f
1384 1974 1414 2002 Ρ.
1425 1974 1488 2010 288]
1506 1974 1608 2001 Ἐδόκει
1620 1972 1666 2000 οὖν
1677 1974 1691 2000 ὁ
1704 1974 1775 2008 ἀνὴρ
1785 1971 1863 2005 οὗτος

1079 2023 1137 2052 τοῖς
1155 2023 1203 2056 μὲν
1227 2020 1344 2054 πολλοῖς,
1369 2021 1408 2052 ὡς
1422 2021 1474 2054 ἔχω
1496 2021 1591 2052 είπὼν,
1612 2019 1793 2055 προφητικῦς,
1815 2021 1864 2046 καὶ

1077 2066 1276 2101 προσημαίνων
1291 2066 1324 2092 τὰ
1336 2067 1542 2101 συμϐησόμενα,
1559 2067 1605 2092 καὶ
1623 2065 1730 2100 μάλισθ’
1749 2066 1864 2097 ὁπόσαις

1075 2111 1130 2137 τῶν
1152 2110 1291 2144 γυναικῶν
1315 2111 1343 2136 αἱ
1369 2111 1423 2137 τῶν
1441 2111 1564 2136 πεύσεων
1578 2111 1691 2145 ἄσεμνοι
1707 2110 1754 2136 καὶ
1774 2110 1864 2144 ἀσχή-

1079 2163 1159 2189 μονες
1183 2154 1237 2181 τῶν
1257 2154 1419 2189 ἐσθημάτων
1443 2154 1631 2188 ὲγκομϐὡσεις
1655 2154 1692 2185 ὠς
1707 2154 1802 2180 παιδιά
1822 2163 1865 2185 τις

1040 2196 1063 2224 D
1077 2200 1311 2236 περιεσποὺδαστο
1332 2201 1431 2235 γέλωτι
1459 2200 1623 2235 σύμμικτος,
1647 2202 1703 2231 τοῖς
1718 2201 1741 2226 δ’
1756 2202 1785 2232 ἐς
1801 2201 1865 2228 νοῖιν

1077 2246 1210 2281 βάπτουσι
1227 2247 1373 2282 περίεργόν
1382 2256 1408 2273 τι
1421 2247 1467 2274 καὶ
1482 2246 1671 2280 γελωτοποιῶν
1683 2247 1731 2272 καὶ
1741 2246 1866 2281 ληρῶδες

1076 2292 1216 2327 γερόντιον
1239 2293 1337 2327 ἥγητο.
1355 2293 1414 2319 Εἰσὶ
1431 2293 1452 2319 δ’
1466 2294 1491 2320 οἳ
1514 2294 1561 2320 καὶ
1577 2293 1711 2327 πνεύματι
1734 2293 1864 2324 Πύθωνος

1076 2338 1190 2373 κάτοχον
1213 2339 1350 2373 εὐστόχως
1371 2339 1525 2374 εἰρήκασιν,
1552 2337 1593 2369 οἷς
1616 2338 1719 2373 ἐθέμην
1744 2339 1866 2372 μάλιστα

1077 2384 1124 2410 καὶ
1140 2385 1232 2414 αὑτός.
1264 2384 1332 2411 Τότε
1360 2385 1425 2419 γοῦν
1450 2385 1590 2411 ὲπιστάντι
1618 2384 1657 2418 τῷ
1681 2384 1865 2420 αὐτοκράτορι

1076 2429 1138 2456 οὔτε
1164 2431 1316 2465 προσέσχεν
1336 2430 1404 2461 ὅλως
1427 2430 1463 2461 ὠς
1479 2430 1706 2465 περιὸεὗλημένῳ
1726 2430 1865 2464 τοσαύτην

1077 2477 1124 2502 καὶ
1145 2476 1273 2510 τοιαύτην
1291 2475 1378 2510 ἰσχὺν,
1395 2475 1456 2502 οὒτε
1479 2476 1546 2510 πρὸς
1560 2475 1609 2510 τὴν
1624 2475 1706 2502 αὑτοῦ
1725 2484 1865 2509 προσηγο·

1079 2521 1139 2556 ρίαν
1154 2522 1187 2556 (ἡ
1207 2521 1236 2547 δὲ
1254 2519 1288 2556 ἦν
1306 2530 1315 2546 ι
1334 2521 1456 2556 Χαίροις,
1471 2517 1493 2547 ὧ
1505 2522 1590 2555 πάτερ
1604 2521 1749 2547 Βασιλάκιε
1761 2530 1770 2546 ι
1790 2522 1798 2553 )
1814 2521 1864 2556 τὴν

1077 2569 1222 2602 ἀπόκρισιν
1239 2567 1314 2594 ἔθετο
1335 2568 1352 2602 ἢ
1370 2567 1435 2601 γοῦν
1453 2566 1646 2602 ἁντησπάσατο
1669 2568 1758 2602 σιωπῇ
1775 2575 1863 2593 κατα-

1077 2617 1175 2648 νεύσας
1197 2618 1229 2651 τῇ
1254 2616 1370 2651 κεφαλῇ,
1387 2614 1444 2642 ἀλλ’
1457 2613 1506 2641 ὧδε
1519 2615 1630 2641 κάκεῖσε
1647 2614 1717 2649 μετὰ
1733 2615 1865 2641 πωλικῶν

1077 2663 1226 2697 φερόμενος
1242 2662 1438 2697 σκιρτημάτων
1454 2661 1502 2688 καὶ
1525 2661 1691 2695 παραφόρων
1715 2661 1865 2693 μετακινή-

1078 2716 1147 2734 σεων
1171 2707 1330 2741 ὲκαιιολόγει
1344 2708 1408 2738 τοὺς
1427 2707 1602 2741 προσιόντας,
1620 2705 1666 2732 καὶ
1685 2705 1802 2740 μάλιστα
1817 2705 1864 2730 τὸν

1077 2753 1308 2788 Μεσοποταμίτην
1345 2754 1561 2786 Κωνσταντῖνον,
1590 2752 1620 2783 ὃς
1648 2751 1681 2786 ἦν
1711 2752 1772 2777 τότε
1803 2751 1864 2777 λίαν

1077 2799 1250 2834 ᾠκειωμένος
1264 2799 1304 2833 τῷ
1320 2799 1434 2834 βασιλεῖ,
1457 2799 1519 2833 μηδ’
1536 2798 1619 2825 αὐτοῦ
1643 2798 1797 2832 φειδόμενος
1815 2798 1863 2824 τοῦ

1078 2843 1252 2880 κρατοῦντος.
1279 2845 1343 2879 Ὀψὲ
1362 2845 1391 2872 δὲ
1409 2846 1455 2872 καὶ
1472 2846 1546 2880 μέλις
1563 2845 1616 2871 τῶν
1638 2845 1762 2871 ἀτάκτων
1779 2843 1864 2878 λήξας
