1952 3076
94 123 147 155 821

628 123 677 153 DE
699 124 849 153 ISAACIO
869 125 1020 155 ANGELO
1042 125 1105 154 LIB
1138 124 1195 153 llI.

1669 125 1722 155 8'2?

94 179 242 212 κινήσεων,
261 177 312 211 τὴν
326 177 406 212 χεῖρα
420 176 544 208 ἐκτείνας
560 177 667 212 ἀχρειοῖ
684 178 727 204 δια
743 178 790 204 τοῦ
806 179 886 211 σκιμ-

947 188 998 214 tua:
1013 180 1059 206 diu
1075 180 1184 207 etclam!
1204 178 1312 210 nuituis,
1331 183 1387 205 tum
1403 178 1430 205 in
1453 183 1577 214 apertum
1599 180 1722 214 protulit-

97 234 200 256 πωνος.
228 225 257 251 ὃν
274 224 356 259 ἔφερε
376 225 435 252 ταῖν
451 226 551 260 χεροῖν,
568 226 618 261 τὴν
634 228 727 253 εἰκόνα
742 227 788 253 τοῦ
808 227 886 261 βασι-

97 272 177 303 λέως,
193 271 256 306 ἦτις
279 270 350 297 κατὰ
366 271 396 297 τδ
417 271 457 302 είς
478 271 561 306 εὐχὴν
576 271 651 306 αὺτῷ
666 273 888 306 ἀποτεταγμένον

102 317 214 344 οξκίδιον
226 315 370 352 χρώμασιν
393 316 440 343 ἐπὶ
450 316 539 351 τοίχου
552 317 699 353 ὲστήλωτο.
712 318 776 350 τοὺς
787 319 888 352 ὀφθαλ-

102 363 170 397 μοὺς
185 362 436 398 διαλωῦησάμενος.
460 362 594 398 Ὠρμήκει
616 363 645 390 δὲ
660 365 706 390 καὶ
719 365 766 391 τὸν
779 365 828 396 τῆς
845 373 890 391 κε-

99 408 191 442 φαλῆς
209 407 256 434 τοῦ
277 408 481 442 αὐτοκράτορος
498 409 575 434 πῖλον
597 409 720 444 ἁρπάσαι
736 410 783 436 καὶ
800 412 889 445 χαμαὶ

100 454 287 487 κατενεγκεῖν.
305 453 359 479 Καὶ
375 453 461 479 ταῦτα
477 454 526 488 μὲν
541 452 618 485 οὗτος
631 454 822 490 διεπεπράχεν
833 457 847 482 6
861 456 889 482 δὲ

101 499 229 534 βασιλεὺς
239 499 397 535 ἀφροσύνην
408 500 561 533 καταγνοὺς
572 500 618 528 τοῦ
630 501 775 536 ἀνδραρίου
785 502 890 529 ἐκεῖθεν

105 546 280 580 μεθίσταται.
295 545 391 576 Marci;
417 545 511 580 μέντοι
526 554 558 579 γε
576 547 634 578 τοῖς
649 547 869 582 συνειλεγμένοις
882 568 889 579 ,

101 591 252 625 ὀφθαλμοῖς
267 591 453 626 παραλαϐοῦσι
468 592 502 618 τὰ
513 592 643 626 γεγονότα
661 593 711 619 οὐκ
724 593 891 628 εὐσύμϐολος

101 637 157 662 τῶν
174 637 312 671 ἐσομένων
336 637 429 668 οἰωνὸς
452 637 658 672 συλλελόγιστο·
685 637 722 669 ὡς
739 639 768 665 δὲ
782 639 828 665 καὶ
843 639 892 670 τὰς

102 681 252 712 ἀποϐάσεις
268 682 298 708 οὗ
318 683 407 716 πάντη
433 682 586 718 ἀπᾳδούσας
603 685 660 714 τοῖς
677 683 822 717 συμϐόλοις
848 693 892 709 τε·

103 727 227 757 θέανται.
244 728 291 753 ἐπὶ
312 727 394 754 πλέον
411 727 526 760 ἕκαστος
543 728 584 754 ἐτι
598 728 648 763 τὴν
663 730 728 764 περὶ
744 728 793 755 τοῦ
809 729 893 756 Βασι-

103 773 199 799 λακὶου
221 772 299 805 δόξαν
321 773 485 808 ὲκράτυναν,
511 774 675 809 ἀμφιρρεπῆ
693 783 723 801 τε
746 774 839 807 οὖσαν,
856 776 893 807 ὡς

104 819 154 854 ἢδη
183 828 229 853 μοι
250 818 394 851 λέλεκται,
421 819 554 854 πρότερον
575 821 643 846 κάπὶ
671 822 727 852 τοῖς
754 822 894 852 πλείστοις

104 864 362 900 ἀμφισϐητήσιμον.
390 866 433 897 Ὠς
460 866 482 892 δ’
497 866 537 897 είς
555 867 590 892 τὰ
609 866 737 901 magna
753 869 768 894 6
784 868 894 903 κρατῶν

105 911 239 942 ἀφίκετο,
265 909 301 936 τὰ
324 910 372 944 μὲν
397 910 453 937 τῶν
478 911 690 946 στρατευμάτων
707 911 735 942 ἐς
751 911 893 946 φάλαγγας

106 957 154 982 καὶ
174 955 234 987 ἴλας
256 955 461 992 ξυνέταττε,τὰ
484 955 512 982 δὲ
539 955 700 991 καραδοκῶν
726 957 894 992 προσέμενεν

105 1000 264 1034 ἀφικέσθαι.
278 990 339 1026 Τῶν
349 1000 372 1026 δ’
384 997 414 1026 εὖ
425 999 578 1035 γεγονότων
595 1001 687 1035 συχνοὶ
698 1003 730 1036 τῇ
746 990 896 1037 ἀκομιστὶᾳ

105 1046 153 1072 τοῦ
172 1046 304 1081 βασιλέως
324 1047 355 1073 ὲκ
374 1046 480 1081 μακροῦ
503 1047 692 1082 δυσχεραίνειν
714 1047 894 1083 πλαττόμενοι

106 1093 155 1118 καὶ
175 1093 215 1126 τῷ
239 1092 276 1127 μὴ
291 1093 362 1119 κατὰ
380 1093 426 1118 τὺν
441 1093 534 1119 εἰκότα
551 1093 629 1126 λόγον
649 1093 683 1119 τὰ
696 1093 773 1120 κοινὰ
787 1093 895 1121 διοικεῖ-

109 1138 170 1164 σθαι
194 1137 361 1172 πράγματα,
385 1138 474 1164 εἰπεῖν
493 1138 514 1165 δ’
538 1138 721 1173 ἀληθέστερον
738 1139 787 1170 τὰς
812 1148 896 1174 μετα-

109 1182 192 1213 ϐολὰς
219 1183 272 1208 τῶν
299 1183 471 1217 πραγμάτων
496 1183 568 1210 κατὰ
585 1183 654 1210 πολὺ
672 1183 897 1219 συμῆαλλομένας

109 1228 200 1258 αὐτοῖς
216 1228 244 1259 ἐς
263 1228 457 1263 χρηματισμὸν
475 1229 707 1264 κατανοήσαντες,
728 1229 788 1256 τότε
803 1229 837 1256 τὰ
852 1230 895 1255 ἐν·

107 1272 238 1298 δεδυκότα
256 1274 289 1308 τῇ
311 1273 384 1308 ψυχῇ
406 1273 454 1300 καὶ
476 1273 690 1308 ὑποθαλπόμενα
711 1275 757 1301 τοῦ
781 1275 898 1310 στήθους

109 1317 318 1352 ἀναμηρύοντες
343 1309 386 1350 είς
413 1319 471 1352 φῶς
498 1321 683 1354 προήνεγκαν.
701 1309 829 1346 Τοίνυν
847 1321 897 1355 μὲν

109 1363 290 1397 αὐτοκράτωρ
316 1364 356 1395 εἰς
381 1364 544 1399 κυνηγέσιον
567 1365 698 1400 ὁρμηθεὶς
713 1365 842 1401 καὶπρὸς
859 1367 898 1401 τῷ

110 1408 229 1442 ἔφιππος
256 1409 372 1444 ὀφθῆναι
396 1410 538 1444 γινόμενος
561 1412 755 1446 μετεπέμπετο
777 1413 824 1439 καὶ
851 1413 898 1439 τὸν

109 1454 224 1487 ἀδελφὺν
250 1455 368 1488 Ἀλέξιον
393 1456 545 1489 συνεξιέναι
570 1457 596 1482 οι
618 1457 667 1484 καὶ
687 1457 897 1493 συνδιαχυθῆναι

110 1500 180 1525 κατὰ
195 1500 248 1526 τῶν
262 1501 349 1527 ἐκεῖσε
366 1502 464 1528 πεδῖων
480 1502 513 1528 τὰ
529 1502 618 1537 ποώδη
637 1502 683 1529 καὶ
696 1503 820 1538 ἀνθηρά·
839 1504 853 1530 6
868 1504 895 1530 δὲ
909 1516 933 1547 c

109 1544 178 1578 πρὸς
198 1545 228 1571 τὸ
250 1547 278 1572 ἐν
296 1547 391 1581 χερσὶν
405 1547 487 1582 ἔργον
502 1548 717 1583 ἑτοιμασάμενος
731 1549 897 1577 ἐπισπέσθαι

108 1591 134 1616 οι
150 1590 302 1623 ἀπείπατο,
320 1592 388 1627 πρὸς
408 1593 503 1627 σχάσιν
528 1593 626 1627 φλεϐὸς
641 1595 835 1631 ἑτοιμασοῆναι
854 1596 897 1622 λέ-

111 1644 179 1669 γων,
195 1636 366 1671 μαλακισμὸν
387 1638 604 1674 ὑποκρινάμενος
629 1641 766 1675 σώματος.
785 1643 840 1668 Καὶ
853 1642 898 1668 οὖ-

109 1689 166 1712 τως
189 1684 202 1708 6
221 1683 271 1717 μὲν
295 1683 378 1715 ἔξεισι
402 1684 449 1710 καὶ
472 1685 552 1719 μόνος
577 1686 623 1713 καὶ
638 1687 686 1722 τῆς
713 1689 898 1723 προκειμένης

111 1728 214 1763 ἔχεται,
224 1729 249 1754 οι
260 1728 288 1755 δὲ
299 1729 346 1755 τοῦ
359 1730 515 1765 σκέμματος
527 1732 718 1764 κοινωνοῦντες
731 1733 770 1767 τῷ
788 1734 898 1769 Ἀλεξὶῳ

110 1772 201 1808 λοιμοὶ
225 1775 271 1800 καὶ
294 1774 373 1800 κύϐοι
397 1777 442 1802 καὶ
464 1776 572 1810 εὔριποι
594 1779 638 1804 καῖ
657 1777 698 1812 [Ρ.
715 1778 778 1814 289]
796 1780 898 1813 σκηνῆς

110 1818 242 1853 γέμοντες
257 1819 395 1852 ἅνθρωποι
410 1820 477 1848 ὡσεὶ
497 1822 618 1854 mediae;
632 1823 705 1857 τρεῖς
721 1824 767 1849 τὸν
784 1824 896 1858 βασιλέα

111 1865 243 1899 προῖόντα.
266 1865 364 1896 ἰδόντες
391 1867 441 1901 τῆς
463 1868 567 1902 σκηνῆς
589 1869 657 1903 μετᾶ
671 1868 724 1894 τῶν
743 1869 826 1900 πέλας
850 1869 897 1895 καὶ

112 1908 198 1941 φίλων
212 1906 251 1940 οἷς
266 1910 445 1937 πεπολίτευτο
462 1913 510 1938 καὶ
531 1913 557 1938 οἱ
583 1914 748 1950 συνδιῲκουν
766 1916 840 1951 αὖτῷ
863 1918 897 1944 τὶ

112 1955 173 1980 κατ’
188 1955 291 1988 ἔφεσιν,
304 1957 523 1991 συναρπάζουσιν
540 1960 690 1994 εἰρωνικῶς
703 1961 750 1987 τὸν
767 1962 895 1995 ’Λλέξιον,

111 2000 161 2026 καὶ
178 2000 218 2030 εἰς
234 2001 283 2035 τὴν
302 2001 437 2036 βασίλειον
461 2004 564 2039 σκηνὴν
586 2006 680 2032 τοῦτον
694 2007 835 2040 εἰσάγουσι
851 2009 897 2034 καὶ

111 2046 325 2082 ἀναγορεύουσιν
343 2048 543 2084 αὐτοκράτορα.
555 2048 644 2077 Ἦσαν
660 2051 682 2077 ὁ*
701 2048 773 2078 οὗτοι
790 2054 804 2080 6
826 2053 897 2088 Βρα-

110 2090 162 2120 νᾶς
183 2090 338 2125 Θεόδωρος,
361 2092 375 2118 6
392 2093 572 2128 Παλαιολόγος
596 2095 742 2130 Γεώργιος,
760 2098 774 2123 6
791 2099 897 2134 Πετρα-

110 2135 193 2168 λίφας
210 2136 337 2171 Ἰωάννης
353 2137 401 2164 καὶ
415 2140 429 2165 6
452 2139 548 2166 Ῥαοὺλ
567 2141 779 2174 Κωνσταντῐνος,
792 2145 805 2169 6
822 2145 895 2171 Καν-

109 2181 280 2216 τακουζηνὺς
301 2182 411 2219 Μιχαὴλ
431 2185 479 2210 καὶ
501 2186 593 2220 συχνοὶ
609 2186 697 2222 ἕτεροι
713 2188 836 2223 ἀνάρσιοι
852 2190 900 2216 καὶ

112 2224 221 2259 εὔριποι
237 2225 388 2261 ἄνθρωποι,
407 2228 477 2254 κατὰ
495 2230 573 2263 γένος
586 2232 626 2265 τῷ
640 2230 746 2265 βασιλεῖ
763 2235 898 2260 συναπτό-

112 2277 200 2303 μενοι,
222 2271 269 2296 καὶ
287 2271 388 2306 σμῆνος
405 2272 469 2299 ἄλλο
490 2274 615 2307 ἀγελαῖον
631 2276 695 2311 περὶ
717 2276 748 2302 τὸ
768 2278 900 2304 σεϐαστο-

111 2315 276 2350 κρατορικὸν
301 2317 384 2343 πάλαι
408 2317 541 2353 ἁλητεῦον
556 2321 603 2346 καὶ
623 2322 715 2355 χαῖνον
731 2321 899 2357 ἑστιατόριον

114 2361 161 2387 καὶ
180 2363 274 2396 χαῖρον
290 2364 349 2394 ταῖς
366 2363 419 2389 τῶν
435 2365 608 2399 πραγμάτων
626 2366 796 2400 ἐξαλλαγαῖς.
813 2370 900 2404 Προσ-

110 2408 196 2441 χωρεί
218 2407 247 2433 δέ
264 2409 287 2434 el
306 2409 353 2435 καὶ
370 2410 438 2445 πρὸς
454 2411 539 2446 μόνην
557 2412 606 2447 τὴν
619 2412 673 2438 τῶν
689 2414 900 2447 νεοχμωθέντων

110 2452 243 2487 ὲνήχησιν
259 2453 331 2480 ἅπαν
354 2455 383 2480 τὸ
408 2457 602 2490 στρατιωτικὸν
619 2458 716 2490 ἰλαδὸν.
740 2460 786 2486 καὶ
802 2461 900 2487 ὁπόσον

116 2496 247 2533 Ἰσαακίῳ
257 2500 429 2535 προσέῤῥεπε
446 2501 643 2536 θεραπευτικὸν
657 2504 704 2530 καὶ
716 2504 835 2538 οίκίδιον,
854 2507 901 2533 καὶ

110 2544 192 2579 οἷπερ
211 2546 250 2576 εἰς
272 2545 370 2580 βουλῆς
386 2546 495 2581 ἀξίωμα
517 2549 650 2584 ἦρθησαν,
682 2550 712 2577 '0
730 2550 759 2577 δὲ
775 2551 900 2586 βασιλεὺς

111 2590 238 2624 ἀσήμους
261 2591 297 2618 τὰ
321 2592 417 2626 πρῶτα
437 2594 529 2627 φωνὰς
554 2596 594 2626 εἰς
612 2596 698 2630 ἀκοὴν
719 2596 800 2623 ὠτίου
824 2598 900 2630 δεξά-

113 2641 206 2667 μενος,
222 2632 283 2661 εἶτα
295 2635 342 2661 καὶ
355 2637 424 2663 κατὰ
439 2637 488 2672 τὴν
501 2639 616 2674 ἁρχικὴν
630 2640 746 2667 αὐλαίαν
759 2641 812 2668 τῶν
823 2643 900 2668 πλεί-

113 2686 185 2705 στων
205 2680 342 2715 θεώμενος
377 2683 529 2718 συνδρομὴν
561 2686 609 2712 καὶ
635 2686 684 2720 τὴν
713 2687 760 2713 τοῦ
785 2688 899 2722 ἀδελφοῦ

112 2724 267 2760 ἀνάρρησιν
289 2727 479 2763 ἐνηχούμενος,
497 2730 557 2763 μετ’
573 2730 603 2757 οὐ
629 2732 696 2758 πολὺ
715 2732 744 2758 δὲ
766 2733 813 2759 κοιλ¹
837 2734 900 2764 τοὺς

114 2770 295 2802 ἀγγέλλοντας
312 2773 380 2807 ἔχων
395 2776 474 2800 ταυτὶ
488 2776 521 2801 τὰ
538 2775 712 2811 τολμώμενα.
729 2778 794 2813 ἔστη
810 2787 839 2804 τε
852 2777 898 2804 τοῦ

115 2815 202 2842 ἵεσθαι
222 2817 333 2852 πρῦσω,
354 2819 400 2845 καὶ
424 2820 454 2846 τὸ
475 2820 522 2846 τοῦ
539 2821 656 2856 σταυροῦ
681 2824 793 2857 σημεῖον
811 2824 898 2859 ἑαυτῷ

936 225 1006 252 Cum
1031 230 1122 252 autem
1147 225 1294 259 imperator
1322 232 1472 251 conscenso
1491 233 1562 259 equo
1596 230 1722 252 venatum

939 271 1029 298 iturus
1042 271 1152 297 fratrem
1168 271 1303 301 Alexium.
1319 275 1348 296 ut
1364 278 1456 298 secum
1471 271 1557 298 exiret
1572 277 1599 298 et
1618 273 1646 298 iu
1660 271 1724 298 lter-

940 317 1013 344 bidis
1025 322 1053 344 et
1067 317 1173 344 ﬂoridis
1187 317 1242 344 illis
1261 317 1328 344 locis
1342 325 1393 344 una
1410 317 1605 349 obiectaretur,
1619 317 1722 344 accersi

937 362 1075 397 jussisset,
1093 362 1116 389 is
1129 361 1272 388 destinatis
1287 362 1470 396 exsequendis
1494 362 1628 393 intentus,
1643 362 1725 396 aegri-

941 406 1036 434 tudine
1061 411 1090 434 et
1113 414 1188 433 venae
1210 406 1332 433 sectione
1348 406 1493 438 simulata.
1516 406 1640 434 comitari
1661 414 1723 433 eum

942 451 1087 479 recusavit.
1104 451 1150 479 Sic
1165 451 1209 478 ille
1228 452 1302 478 solus
1324 456 1441 486 coeptum
1460 452 1512 478 iter
1536 453 1723 487 prosequitur.

941 497 1028 524 Alexii
1049 504 1115 524 vero
1129 498 1275 532 conjurati.
1295 497 1420 524 homines
1432 497 1516 527 leves,
1534 498 1723 528 conscelerati.

940 543 1038 578 euripo
1054 543 1260 572 mulahiliores.
1276 542 1346 570 fucis
1359 547 1387 569 et
1403 543 1472 570 dolis
1489 543 1592 575 referti,
1614 543 1659 570 ubi
1676 543 1726 569 im-

943 593 1096 624 peratorem
1109 597 1172 616 cum
1193 588 1357 615 satellitibus
1378 592 1406 615 et
1431 589 1544 618 amicis.
1564 597 1678 623 quorum
1699 589 1724 615 iu

943 633 1159 660 administranda
1175 640 1204 660 re
1221 633 1329 666 publica
1348 637 1377 660 et
1394 633 1592 667 cupiditatibus
1609 634 1666 660 suis
1681 642 1726 660 cx-

943 678 1051 712 plendis
1062 687 1144 712 opera
1160 680 1297 709 utebatur.
1312 679 1362 706 tria
1378 679 1490 706 circiter
1507 680 1592 706 stadia
1610 688 1624 705 a
1640 680 1730 707 tahcr-

944 724 1042 751 naculo
1054 724 1199 751 recessisse
1211 724 1348 755 viderunt,
1362 724 1485 751 Alexium
1498 724 1612 752 invitum
1625 726 1729 752 scilicrt

943 769 1087 803 abreptum
1100 773 1128 796 et
1139 769 1166 796 in
1180 769 1386 803 imperatorium
1401 771 1549 797 tentorium
1566 771 1727 806 perductum

946 814 1139 848 imperatorem
1167 815 1331 842 salutarunt.
1356 816 1438 843 Erant
1464 817 1491 843 hi
1515 817 1617 844 Brauas
1636 818 1725 844 ’l‘lien-

946 860 1031 887 tlorus
1042 880 1049 891 .
1064 860 1198 895 Georgius
1211 862 1378 896 Palii'ologus
1392 883 1399 894 ,
1418 862 1487 889 Raul
1509 862 1708 890 Constantium
1721 885 1729 894 ,

944 905 1152 933 Cantacuzenus
1171 907 1303 939 Michael,
1317 913 1346 934 et
1369 908 1415 935 alii
1433 908 1590 942 complures
1612 910 1728 943 improbi

945 955 972 978 et
987 951 1060 978 leves
1079 951 1222 986 homines,
1243 952 1399 987 imperatori
1425 954 1558 989 sanguine
1581 955 1684 989 juncti,
1700 961 1728 982 et

945 1004 1043 1030 agmen
1057 1005 1153 1024 eorum
1165 998 1211 1032 qui
1224 998 1305 1034 595.
1317 1006 1437 1026 mensam
1454 1000 1727 1028 sebastorratnricam

946 1041 1186 1074 consectabantur,
1201 1043 1279 1070 novis
1295 1043 1378 1071 rebus
1392 1045 1552 1079 gaudentes.
1568 1046 1652 1073 Totus
1664 1046 1727 1072 itmn

945 1086 1082 1114 exercitus
1103 1087 1149 1113 illo
1167 1093 1240 1114 motu
1264 1088 1397 1116 duntaxat
1421 1090 1518 1118 audito
1541 1093 1679 1118 turmaiiin
1697 1093 1730 1118 ad

947 1131 1070 1159 Alcxium
1098 1132 1208 1164 deﬁcit.
1233 1133 1374 1161 domestici
1403 1140 1535 1169 prmterca
1557 1142 1585 1163 ct
1611 1138 1729 1164 ministri

947 1178 1042 1205 lsaacii
1058 1186 1164 1211 omnes,
1181 1184 1208 1206 et
1223 1180 1268 1214 qui
1287 1180 1322 1207 ab
1338 1188 1370 1207 eo
1388 1181 1518 1215 dignitate
1533 1183 1669 1210 senatoria
1687 1192 1730 1210 ur-

949 1224 1003 1250 nati
1023 1228 1113 1251 erant.
1133 1225 1167 1252 At
1190 1226 1338 1260 imperator
1351 1227 1478 1256 obscuris
1498 1229 1634 1264 principio
1656 1232 1731 1256 voei—

948 1269 1000 1297 bus
1014 1271 1132 1305 acceptis
1143 1291 1151 1303 ,
1167 1271 1266 1300 deinde
1281 1273 1308 1300 in
1329 1274 1478 1301 tentorium
1493 1283 1572 1302 suum
1594 1283 1731 1303 concursu

949 1315 1130 1350 plurimorum
1158 1318 1216 1344 viso
1242 1323 1270 1345 et
1291 1318 1383 1346 fratris
1408 1319 1593 1347 deelaratiune
1619 1323 1731 1351 audita.

949 1369 1000 1388 nec
1017 1362 1102 1389 mullo
1120 1367 1182 1397 post
1202 1363 1373 1391 facinoribus
1395 1366 1454 1392 istis
1483 1367 1614 1394 nuntiatis
1627 1388 1633 1399 ,
1649 1376 1731 1395 cursu

949 1415 1086 1440 represso,
1102 1408 1181 1443 signo
1201 1409 1292 1436 crucis
1312 1418 1341 1436 se
1364 1411 1481 1443 muniit,
1499 1416 1526 1438 et
1546 1412 1645 1440 Christi
1667 1422 1734 1447 pate

950 1453 1094 1488 implorata
1109 1455 1195 1482 Deum
1211 1455 1310 1490 sapius
1322 1456 1411 1483 oravit
1423 1465 1452 1484 se
1466 1465 1498 1484 ex
1516 1459 1562 1485 illo
1575 1449 1733 1486 discrimine

950 1497 1076 1531 liberari;
1097 1504 1125 1526 et
1143 1499 1190 1527 Dei
1211 1500 1358 1528 tleuitricis
1373 1502 1518 1537 imaginem
1541 1511 1573 1530 ex
1589 1505 1650 1530 sinu
1667 1513 1733 1539 pro-

951 1544 1032 1571 latam
1047 1545 1145 1572 crebro
1160 1546 1329 1580 amplectens
1346 1548 1444 1582 partim
1465 1549 1653 1581 collaudahat.
1672 1559 1733 1584 par-

951 1589 999 1616 tim
1011 1592 1124 1625 supplex
1137 1591 1256 1619 elllictiut
1269 1593 1367 1620 orabat
1383 1599 1412 1620 ut
1422 1594 1569 1622 imminens
1582 1596 1732 1630 periculum

950 1635 1070 1670 elIugere
1083 1637 1187 1664 liceret.
1203 1637 1271 1665 Cum
1290 1644 1382 1666 autem
1396 1641 1529 1674 quosdam
1552 1644 1734 1676 comprehcn-

950 1681 1032 1708 dendi
1058 1683 1100 1708 sui
1122 1690 1202 1710 causa
1228 1683 1296 1711 laxis
1320 1685 1433 1713 habenis
1454 1686 1559 1714 irruere
1581 1695 1632 1715 nec
1658 1689 1732 1716 aliud

951 1728 1056 1761 spirare
1070 1733 1118 1755 aut
1131 1735 1254 1763 spectare
1270 1731 1321 1757 nisi
1341 1732 1526 1765 captivitatem
1547 1741 1622 1760 suam
1639 1742 1735 1761 ceruc-

951 1778 1009 1804 ret,
1031 1773 1121 1807 fugam
1148 1776 1258 1809 arripit;
1282 1781 1308 1803 et
1328 1778 1465 1804 verticoso
1487 1778 1569 1806 fluvio
1583 1799 1590 1810 ,
1615 1781 1660 1815 qui
1678 1781 1734 1808 illic

951 1819 1128 1852 praeterfluit,
1151 1828 1204 1847 non
1235 1821 1295 1848 sine
1326 1823 1449 1856 periculo
1481 1829 1610 1858 superato
1634 1826 1731 1860 pergit.

951 1864 1079 1898 Quamvis
1096 1866 1170 1893 enim
1187 1867 1291 1894 nullum
1311 1861 1398 1895 tutum
1412 1875 1551 1904 recepturi]
1574 1871 1654 1906 595
1676 1880 1735 1898 cer-

951 1916 1040 1942 neret,
1060 1915 1148 1938 tamen
1173 1917 1201 1938 ut
1220 1913 1334 1940 exitium
1359 1923 1372 1940 a
1396 1916 1488 1949 populi
1512 1916 1603 1942 furore
1628 1925 1734 1944 summa

950 1955 1125 1984 festinatione
1149 1959 1338 1992 persequcnlis
1361 1959 1505 1986 imminens
1518 1960 1651 1993 evitaret,
1674 1962 1736 1988 Sza-

951 2001 1009 2036 gira
1025 2002 1160 2036 pervenit,
1176 2010 1236 2037 quae
1251 2011 1325 2030 nunc
1343 2003 1433 2031 Macra
1444 2004 1559 2037 dicitur;
1576 2005 1620 2032 ubi
1634 2013 1648 2033 a
1665 2007 1735 2034 Pan-

951 2051 1069 2080 tcugeno
1083 2048 1200 2082 quodam
1219 2049 1434 2082 comprehensus
1459 2054 1486 2077 et
1510 2052 1734 2085 persecutoribus

951 2091 1077 2125 proditus
1091 2092 1148 2120 sole
1164 2097 1334 2127 postremum
1349 2094 1418 2125 viso.
1435 2095 1517 2129 paulo
1535 2101 1596 2130 post
1612 2097 1645 2124 ad
1658 2097 1734 2125 Pera:

951 2137 1147 2164 monasterium
1164 2139 1198 2166 ab
1216 2140 1388 2174 imperatoris
1406 2140 1554 2169 Andronici
1574 2147 1649 2176 patre
1665 2143 1736 2170 Isaa-

915 2182 993 2218 Dcio
1020 2184 1158 2211 conditum
1186 2190 1347 2213 excreatur.
1384 2186 1480 2215 Utrum
1511 2197 1578 2216 vero
1608 2190 1736 2217 Numinis

951 2227 1070 2254 vindicta
1085 2236 1180 2263 poenas
1198 2230 1258 2257 illas
1279 2231 1315 2258 ibi
1332 2231 1456 2263 dederit.
1472 2234 1533 2260 aliis
1555 2235 1734 2263 consideran-

950 2273 1015 2299 dum
1036 2274 1170 2309 relinquo.
1187 2275 1250 2303 Vult
1269 2277 1342 2304 enim
1363 2277 1537 2306 Providentia
1548 2300 1555 2312 ,
1567 2288 1628 2314 qua:
1641 2288 1732 2309 omnia

950 2314 1062 2354 optime.
1074 2322 1220 2356 gubernat,
1241 2324 1323 2350 etiam
1350 2323 1376 2350 in
1394 2324 1645 2353 inimicissimorum
1666 2335 1730 2362 sup.

950 2365 1040 2399 pliciis
1053 2367 1269 2395 moderationem
1283 2369 1424 2402 adhiberi,
1442 2374 1470 2398 et
1488 2379 1597 2406 semper
1619 2374 1645 2399 in
1667 2381 1731 2400 cou-

950 2416 1045 2445 spectu
1071 2420 1132 2440 esse
1157 2414 1301 2448 potestatis
1318 2415 1454 2442 lubricum
1472 2422 1498 2444 et
1517 2417 1624 2451 imperii
1651 2419 1735 2444 auiis-

951 2456 1068 2488 sionem,
1091 2465 1145 2490 ne,
1172 2463 1200 2486 ut
1224 2460 1346 2486 omnium
1377 2469 1468 2487 rerum
1492 2461 1654 2489 vicissitudo
1681 2470 1734 2493 est.

950 2503 1181 2537 quemadmodum
1207 2506 1325 2540 quisque
1351 2509 1476 2534 traetarit
1495 2513 1629 2540 eieteros,
1647 2509 1684 2535 ita
1708 2515 1736 2536 ιιι

950 2548 1009 2582 ipse.
1028 2549 1122 2576 divino
1142 2551 1247 2585 judicio
1270 2552 1305 2578 ab
1324 2552 1385 2579 aliis
1409 2557 1552 2580 tractetur.
1579 2553 1644 2580 Post
1666 2554 1735 2581 hanc

950 2594 1142 2628 calamitatem,
1158 2595 1194 2622 ob
1209 2596 1345 2630 ingentem
1368 2598 1522 2624 cruciatum
1539 2597 1636 2625 diebus
1659 2605 1734 2624 com-

951 2641 1074 2675 plurihus
1089 2642 1150 2668 ciho
1164 2650 1217 2668 nou
1233 2647 1356 2676 gustato.
1377 2643 1496 2677 palatino
1516 2644 1620 2671 carceri
1644 2645 1734 2671 inclu-

950 2687 1033 2713 ditur.
1060 2687 1144 2714 Paulo
1173 2695 1237 2715 vero
1263 2693 1324 2722 post
1348 2688 1375 2715 in
1401 2689 1513 2716 alteram
1531 2689 1606 2716 urbis
1631 2697 1734 2725 partem
1756 2726 1758 2728 ι

950 2733 983 2758 ad
1001 2733 1198 2767 Diplocionium
1212 2734 1385 2765 transfertur.
1402 2742 1452 2761 nec
1466 2735 1614 2770 quidquam
1638 2741 1737 2770 pra'tcr

950 2777 1005 2805 vini
1023 2783 1051 2804 et
1070 2779 1148 2813 punis
1167 2779 1349 2812 demensum,
1372 2785 1401 2807 ut
1425 2781 1508 2807 homo
1528 2781 1652 2815 plebeius
1677 2782 1736 2808 ruri

951 2823 1062 2860 degens,
1085 2826 1192 2860 aecipit.
1214 2826 1308 2854 Frater
1336 2834 1400 2854 vero
1425 2827 1485 2861 ejus
1513 2827 1594 2862 596
1621 2828 1736 2862 imperio
