1952 3076
95 153 150 185 825

539 154 585 184 DE
609 154 750 184 ALEXIO
770 153 908 183 lSAAClI
928 155 1069 186 ANGEL]
1092 157 1152 185 FH.
1174 156 1247 186 LIB.
1268 156 1292 185 Ῐ.

1664 153 1717 184 $96

91 219 152 240 ται,
173 209 224 235 τίνι
242 209 274 236 ἂν
291 210 575 244 συναρμολογηθέντες
596 211 766 245 (emotum;
789 212 836 237 καὶ
864 211 880 245 ἡ

933 212 1042 246 quidem
1058 221 1104 239 ars
1117 221 1150 239 ex
1168 212 1316 240 contrariis
1333 212 1414 239 rebus
1431 211 1550 238 salutare
1565 211 1718 238 antidotum

96 256 148 290 μὲν
161 255 349 290 φιλάνθρωπος
364 256 445 291 τέχνη
461 257 489 289 ἐξ
508 257 656 283 ἀντιθέτων
675 257 785 291 σαρκῶν
805 257 881 282 άντί-

95 301 172 327 δοτον
201 301 403 336 συνεκεράσατο
431 302 578 333 σιῖιζουσαν,
609 302 674 329 ἔνιοι
707 303 736 328 δὲ
760 302 814 328 τῶν
833 301 882 335 τῆς

96 347 205 381 φύσεως
232 346 341 381 σεμνῶν
366 347 461 382 δώρων
477 348 670 382 ἐπιλαϐόμενοι
694 348 883 382 ἐπανέστησάν

94 402 125 419 τε
148 393 285 428 ἀλλήλοις,
308 393 356 419 καὶ
382 393 450 426 ὅπερ
474 395 553 423 εἰσὶν,
576 395 726 428 ἠγνοήκασι
747 394 882 428 μοχθηρίᾳ.

95 438 209 472 γνώμης
224 437 270 465 καὶ
283 438 362 472 δόξης
384 438 466 472 ἔρωτι
491 439 626 472 μείζονος.
643 437 696 465 Ἠν
712 439 802 465 τοίνυν
817 439 882 474 παρ’

94 483 183 510 ἔθνεσι
206 484 253 510 καὶ
271 483 351 510 τοῦτο
371 484 517 517 Ῥωμαίων
535 485 575 516 εις
591 485 772 520 ὲξουθένημα,
790 494 880 520 παρα-

93 529 255 565 χολούθημά
280 538 310 556 τε
336 531 383 555 καὶ
408 530 593 564 ἐπισύμσαμά
617 540 643 557 τι
662 532 800 565 λελόγιστο
828 533 882 558 τῶν

94 574 332 608 προηγησαμένων
363 574 492 600 ἁπάντων
529 576 634 609 αἴσχιον
669 576 715 602 ἐπὶ
745 577 804 606 ταῖς
828 576 881 602 τῶν

94 617 269 654 πραγμάτων
288 620 521 654 μεταπεττεύσεσι
537 622 584 647 καὶ
601 623 661 653 ταῖς
678 622 732 647 τῶν
749 623 882 656 κρατούν-

93 675 149 692 των
170 666 335 699 μεταθέσεσί
361 675 390 693 τε
417 667 464 693 καὶ
490 667 676 695 ἁλλοιώσεσιν,
701 666 793 694 ἾΙσαν
811 669 834 695 δ’
856 669 881 695 οἶ

95 714 142 740 καὶ
156 713 206 747 τῆς
222 714 250 744 ἐς
264 714 327 745 τοὺς
344 713 428 744 πέλας
448 714 540 749 φιλίας
556 715 734 748 ἀφιστάμενοι
763 716 881 742 ἀπολυό-

95 759 173 792 μενοί
195 767 225 784 τε
241 758 291 792 τὴν
314 759 398 786 πάλαι
425 759 578 794 συνήθειαν,
597 769 606 786 ι
631 761 756 794 Ἀδελφὸς
779 761 809 786 οὐ
835 761 880 787 λυ-

92 802 204 836 τροῦται
217 812 224 818 ο
242 803 411 838 λυτρώσεται
429 805 571 840 ἄνθρωπος
586 814 593 838 ;
615 816 623 830 ι
641 806 744 840 ἔλεγον.
770 808 824 833 Καὶ
840 804 880 838 οἷς

93 848 127 874 τὰ
147 849 321 884 μυστηριώδη
349 850 403 876 τῶν
424 850 616 884 βουλευμάτων
641 852 712 883 τινὲς
738 852 880 879 ἀπεκάλυ-

93 900 172 922 πτον,
199 893 302 919 τούτων
327 895 478 928 τηνικαῦτα
496 896 542 922 καὶ
564 896 613 930 τὴν
631 899 817 932 προσηγορίαν
843 898 880 928 ὡς

93 936 238 964 ἐπίϐουλον
259 938 453 970 ὖπεὸλέποντο,
469 940 538 975 πρὸς
554 942 731 977 παράδειγμα
754 943 783 968 τὸ
799 951 880 977 γεγοο

95 982 139 1013 νὸς
167 983 334 1017 ἀφορῶντες.
355 985 440 1016 Αὐτὸς
465 986 492 1012 δὲ
517 987 532 1012 ὁ
555 987 606 1022 τῆς
628 988 716 1023 ἀρχῆς
737 989 880 1023 ὲπιὸήτωρ

101 1026 237 1060 Ἀλέξιος,
265 1028 302 1064 μὴ
325 1031 354 1056 ἐν
381 1030 418 1064 νῷ
444 1031 607 1066 βαλλόμενος
634 1033 672 1065 ὡς
696 1034 792 1060 ἑαυτὸν
814 1035 881 1061 καϐ-

93 1071 182 1106 ῄρηκε
210 1072 260 1107 τῆς
285 1073 373 1109 ἀρχῆς
396 1075 441 1101 τόν
468 1076 582 1110 ἀδελφὸν
610 1078 747 1111 καθελὼν,
774 1079 812 1111 ὡς
835 1080 880 1106 τὸν

95 1118 234 1152 βασιλικὸν
247 1119 346 1145 αὐτίκα
369 1120 462 1154 Θρόνον
490 1122 536 1148 ἐπὶ
552 1123 591 1157 τῷ
615 1124 708 1159 Θερμῷ
727 1126 815 1159 τούτῳ
834 1126 881 1152 ἀν-

98 1163 235 1198 επήδησεν
247 1166 415 1200 ἀνομήματι,
445 1167 492 1193 καὶ
515 1170 578 1198 τοὺς
604 1170 770 1204 ίματισμοὺς
786 1173 832 1197 καὶ
851 1173 881 1198 τὸ

95 1208 193 1242 στέφος
218 1210 334 1244 διψήσας
359 1210 407 1238 τοῦ
438 1214 603 1248 κασιγνήτου
628 1217 675 1240 καὶ
700 1217 878 1252 περιθέμενος

95 1254 147 1280 ὑπὸ
165 1255 264 1287 παντὸς
285 1255 332 1281 τοῦ
364 1260 562 1292 στρατιωτικοῦ
580 1261 732 1294 τάγματος,
754 1263 800 1288 καὶ
823 1265 880 1290 ὅσοι

97 1300 180 1333 μέρος
207 1297 277 1334 ἦσαν
295 1301 346 1336 τῆς
373 1303 516 1338 γερουσία,
530 1325 537 1336 ,
557 1305 685 1339 βασιλεὺς
703 1307 880 1343 αὐτοκράτωρ

96 1344 304 1379 ἀναγορεύεται.
331 1347 387 1373 Καὶ
409 1349 442 1382 τῇ
461 1348 510 1382 μὲν
526 1351 638 1382 γυναικὶ
661 1352 709 1377 καὶ
733 1354 788 1384 τοῖς
803 1354 832 1379 ὲν
846 1355 879 1388 τῇ

96 1390 173 1416 πόλει
195 1390 346 1426 καθήκουσι
361 1392 429 1427 δῆλα
444 1394 478 1419 τὰ
493 1394 685 1430 ξυνενεχθέντα
709 1399 880 1433 παραχρῆμα.

96 1436 170 1460 ποιεῖ
182 1442 188 1449 ·
203 1436 285 1466 αὐτὸς
298 1436 326 1462 δὲ
339 1437 404 1468 τοὺς
419 1441 624 1473 συναραμένους
640 1440 714 1475 αὑτῷ
728 1441 778 1474 τῆς
793 1442 880 1476 ἀρχῆς

94 1480 267 1516 δεξιούμενος
287 1482 337 1517 τῆς
355 1491 385 1509 τε
410 1484 527 1519 σπουδῆς
549 1485 748 1520 ἀμειϐόμενος,
778 1487 823 1513 καὶ
850 1488 880 1513 τὸ

934 258 1052 285 conﬁcit.
1084 259 1199 291 Quidam
1230 267 1294 285 vero
1323 259 1450 292 pneclara
1478 263 1581 284 ιιλιιιιίο
1605 266 1718 283 Inuuera

933 303 1013 329 obliti
1031 309 1127 331 mutuo
1143 312 1171 331 se
1187 305 1334 338 exagitant,
1351 309 1378 330 et
1395 311 1449 338 prre
1478 303 1651 338 improbitate
1681 304 1722 329 in-

933 349 1004 384 genii
1021 353 1048 376 et
1063 350 1174 382 majoris
1188 350 1281 383 gloriae
1301 349 1452 383 cupiditate
1470 357 1498 374 se
1514 349 1639 375 homines
1654 356 1716 375 esse

934 403 986 422 non
1014 397 1209 422 meminerunt.
1245 395 1355 428 Peperit
1392 395 1444 421 hoc
1472 402 1584 428 quoque
1612 394 1719 420 facinus

933 440 1064 467 Romanis
1078 440 1148 474 apud
1164 444 1272 467 exteras
1284 441 1408 467 nationes
1427 444 1627 473 contemptum,
1658 447 1716 465 om-

934 486 1017 512 nibus
1029 485 1090 512 aliis
1115 493 1175 519 quae
1192 485 1218 512 in
1243 485 1383 512 mutandis
1410 485 1623 518 imperatoribus
1645 484 1719 510 acci-

932 532 997 559 dere
1011 531 1099 558 solent
1114 532 1220 565 turpius
1243 536 1270 558 et
1288 531 1457 566 flagitiosius.
1483 530 1642 556 Fuerutitct
1670 529 1717 563 qui

934 577 1020 611 ruptis
1045 576 1172 603 amicitiae
1199 576 1316 603 vinculis
1346 581 1467 603 veterem
1504 575 1716 602 familiaritatem

932 623 1103 649 dirimerent.
1123 623 1218 650 Frater
1232 622 1506 656 fratrem,iuquiunt,
1525 629 1578 647 non
1603 621 1714 647 liberat‘

931 668 996 702 quid
1009 667 1091 694 faciat
1109 667 1213 695 alienus
1234 667 1245 694 ?
1270 667 1374 700 Quibus
1399 672 1462 693 ante
1486 672 1585 692 arcana
1605 666 1720 692 commi-

931 717 1042 744 serant,
1065 721 1160 740 eorum
1185 713 1225 739 vel
1252 713 1418 747 colloquium
1440 716 1514 738 metu
1554 711 1715 737 insidiarum

931 758 1099 789 devitabant,
1123 759 1148 784 in
1179 757 1244 784 illud
1276 757 1388 784 fraterni
1417 757 1530 784 sceleris
1561 757 1715 790 exemplum

931 805 1081 831 intuentes.
1118 804 1176 838 Ipse
1202 811 1267 830 vero
1291 803 1398 837 imperii
1424 808 1573 837 occupatur
1594 802 1716 832 Alexius,

931 858 986 876 non
999 850 1121 883 cogitans
1135 857 1163 876 sc
1173 849 1256 876 fratre
1270 857 1366 876 everso
1381 849 1557 882 semetipsum
1573 848 1716 878 evertisse.

932 897 1024 923 statim
1049 895 1256 929 imperatorium
1285 895 1396 926 solium,
1421 894 1551 928 flagrante
1576 894 1666 920 adhuc
1684 902 1718 920 eo

933 942 1045 972 delicto,
1078 941 1255 972 conscendit,
1282 944 1310 966 et
1331 940 1423 967 fratris
1441 940 1540 967 vestitu
1562 947 1719 973 coronaque

934 992 1060 1018 ornatus,
1077 986 1112 1013 ab
1127 986 1199 1013 omni
1220 985 1332 1012 militari
1348 986 1429 1013 turba
1441 989 1469 1012 et
1481 985 1625 1012 senatoriis
1650 985 1719 1011 viris

931 1032 1080 1066 imperator
1106 1032 1245 1066 Augustus
1270 1031 1467 1061 consalutatus,
1495 1037 1606 1057 uxorem
1638 1038 1716 1057 suam

931 1081 958 1104 et
972 1077 1140 1111 propinquos
1158 1077 1185 1103 in
1207 1077 1273 1104 urbe
1285 1077 1417 1111 degentes
1434 1084 1466 1103 ea
1490 1075 1525 1102 de
1541 1083 1570 1103 re
1584 1075 1720 1102 certiores

932 1124 1007 1155 facit;
1024 1124 1105 1158 599
1118 1129 1146 1151 et
1160 1128 1191 1150 ut
1205 1131 1253 1151 eos
1270 1131 1388 1158 quorum
1409 1130 1460 1157 ope
1476 1126 1504 1150 et
1525 1122 1616 1150 studio
1628 1123 1717 1155 impe~

931 1171 1002 1197 rium
1019 1175 1183 1197 consecutus
1197 1175 1257 1196 erat
1276 1173 1512 1199 remuneraretur,
1527 1173 1555 1195 et
1582 1168 1718 1201 reliquum

930 1216 1038 1251 vulgus,
1052 1216 1125 1250 quod
1149 1216 1268 1243 libenter
1293 1220 1321 1243 et
1340 1215 1408 1242 citra
1435 1214 1598 1241 seditionem
1624 1220 1718 1239 acces-

931 1262 1023 1293 sisset,
1049 1261 1076 1288 in
1104 1261 1193 1288 ofﬁcio
1218 1261 1362 1290 retineret.
1389 1261 1448 1286 sine
1473 1259 1581 1286 ratione
1611 1258 1666 1285 ulla
1690 1263 1718 1284 et

931 1307 1028 1334 ordine
1043 1307 1090 1334 sed
1106 1314 1155 1341 pro
1179 1307 1311 1341 cujusque
1334 1306 1467 1340 petitione
1484 1309 1511 1332 et
1528 1304 1643 1331 libidine
1671 1311 1719 1337 pe-

931 1354 1039 1381 cuniam
1055 1353 1177 1388 dilargiri
1192 1353 1287 1386 ccepit,
1304 1360 1385 1386 quam
1401 1351 1428 1378 in
1450 1350 1575 1378 militiam
1596 1349 1719 1376 lsaacius

931 1399 1089 1426 advexerat.
1106 1399 1172 1431 Qua:
1190 1407 1252 1426 eum
1275 1399 1454 1426 immoderata
1476 1403 1503 1425 et
1528 1397 1654 1432 inazquali
1674 1396 1717 1423 di-

931 1445 1097 1472 stributione
1119 1445 1266 1480 dilapidata
1290 1450 1373 1477 esset,
1397 1444 1498 1479 pradia
1524 1444 1663 1471 fructuosa
1690 1447 1719 1470 et

931 1491 1040 1526 publica
1063 1491 1204 1526 vectigalia
1227 1491 1385 1525 petentibus
1406 1491 1529 1518 donavit.
1559 1490 1595 1517 lis
1609 1497 1718 1524 quoque

96 1527 188 1553 λοιπον
211 1527 284 1554 ᾶπαν
310 1528 413 1561 πλῆθος
442 1529 602 1564 θεραπεύων
632 1532 672 1558 ὅτι
698 1541 728 1558 τε
754 1533 879 1567 ἀσμένως

931 1536 1132 1569 deﬁcientibus,
1160 1537 1315 1563 illustribus
1342 1535 1523 1571 dignitatibus
1546 1543 1600 1561 non
1617 1542 1721 1569 paucos

96 1573 292 1608 προσεχώρησε
309 1575 356 1601 καὶ
373 1575 449 1602 οὐδέν
465 1584 491 1602 τι
504 1576 704 1608 διεστασίασεν,
721 1578 824 1614 ἤρξατο
841 1581 878 1615 μὴ

97 1619 146 1644 σὺν
170 1618 242 1653 λόγῳ
260 1619 306 1645 καὶ
321 1619 395 1651 τάξει
421 1621 486 1653 τινὶ,
504 1622 573 1648 ἀλλὰ
600 1623 666 1658 πρὸς
688 1624 736 1659 τὴν
764 1626 880 1653 ἑκάστου

96 1664 204 1698 αἴτησιν
219 1673 249 1691 τε
266 1666 313 1692 καὶ
327 1665 418 1699 ἔφεσιν
431 1667 575 1694 διαδιδόναι
589 1669 621 1695 τὰ
638 1671 779 1705 χρήματα.
794 1672 880 1699 ὁπόσα

95 1710 285 1744 ὲκστρατεὺων
298 1712 415 1746 ἐπήγετο
438 1712 578 1745 Ἰσαάκιος.
594 1715 702 1742 Τούτων
715 1717 735 1742 δ’
747 1717 880 1753 ὑπορρεψ

96 1754 202 1781 σάντων
218 1758 251 1791 τῇ
268 1757 367 1792 ἀσώτῳ
383 1759 430 1784 καὶ
445 1759 566 1794 ἀνομοίῳ
579 1761 693 1797 διανομῇ
713 1763 794 1798 man
811 1773 880 1799 καρ-

97 1800 204 1834 ποφόρα
229 1802 277 1828 καὶ
300 1802 448 1838 δημοσίους
475 1807 656 1842 συνεισφορὰς
678 1810 796 1844 παρεῖχε
824 1811 880 1841 τοῖς

96 1846 278 1881 αἰτουμένοις.
297 1848 342 1879 Ὠς
355 1850 377 1875 δ’
393 1850 559 1878 ἐπιλελοίπει
574 1854 620 1879 καὶ
634 1853 729 1884 ταῦτα,
746 1855 802 1885 τοῖς
825 1855 879 1880 τῶν

94 1894 261 1929 ἀξιωμάτων
278 1895 385 1930 ἐπεφύη
397 1896 544 1932 λαμπροῖς,
560 1899 608 1924 καὶ
624 1899 670 1924 νῦν
688 1900 756 1926 κάπὶ
774 1899 879 1932 τούτοις

93 1940 211 1975 ἐξαίρων
227 1941 257 1967 οὗ
273 1941 346 1967 τόνδε
361 1942 376 1976 ἢ
391 1942 466 1968 τόνδε
480 1943 534 1969 τῶν
549 1943 639 1977 ὲλλογῐ
644 1953 712 1978 μων,
731 1945 747 1980 ἤ
770 1945 879 1979 ἀνάγων

93 1982 135 2013 εἰς
147 1982 193 2008 τὸν
213 1983 334 2018 προσεχῆ
348 1983 452 2018 βαθμὸν
469 1985 517 2010 καὶ
532 1985 676 2019 ἀνάλογον,
692 1986 760 2013 ἀλλὰ
777 1987 877 2019 πάντα,

94 2027 200 2054 καὶτὸν
214 2027 330 2063 βραχέος
344 2028 500 2064 τιμώμενον
514 2030 564 2066 τὴν
579 2032 664 2067 τιμὴν
686 2033 733 2059 καὶ
751 2033 797 2059 τὸν
816 2033 878 2059 οὐδέ

95 2082 160 2101 ποτε
173 2075 223 2109 τῆς
237 2075 350 2110 πρώτης
361 2075 515 2111 ἠξιωμένον
528 2077 670 2112 βαθμῖδος,
684 2078 731 2105 ἐπὶ
744 2079 796 2113 τὴν
810 2079 879 2106 ἀνω·

93 2120 167 2147 τάτω
197 2116 244 2147 καὶ
274 2122 428 2156 κορυφαίαν
446 2123 619 2158 μετεωρίζων
643 2124 817 2157 ἀνεϐίὸαζεν,
840 2126 878 2157 ὡς

94 2163 164 2192 εἶναι
185 2166 217 2192 τὸ
243 2165 392 2202 πολύτιμον
407 2167 505 2202 ἄτιμον
520 2169 566 2195 καὶ
580 2169 610 2195 τὸ
625 2170 768 2206 φιλότιμον
782 2171 876 2206 ἄχαρι.

94 2210 193 2236 Πολλοί⁹
218 2210 246 2236 δὲ
267 2211 315 2237 καὶ
339 2211 528 2247 ὑποὸιϐασμδν
542 2213 592 2248 τὴν
616 2214 708 2241 ἄνοδον
726 2216 821 2250 ᾤοντο,
841 2216 879 2248 ὡς

93 2255 142 2289 ὀψέ
170 2264 235 2282 ποτε
262 2256 375 2289 δικαίως
393 2257 542 2292 ἠξιωμένοι
565 2256 602 2285 ὧν
621 2259 696 2286 ἄλλοι
714 2261 780 2295 παρ’
800 2261 878 2294 ἀξίαν

96 2301 380 2336 προηυμοιρήκεισαν,
398 2302 537 2335 κάκείνοις
550 2304 600 2339 τὴν
616 2304 700 2340 αὐτὴν
713 2306 796 2340 τιμὴν
812 2315 879 2339 συγ-

94 2345 276 2380 κληρούμενοι
300 2343 338 2374 ὧν
361 2347 522 2384 ἠξιωμένων
537 2351 620 2385 τιμῆς
637 2351 715 2377 αὐτοὶ
742 2353 881 2388 παραὸλε-

94 2391 208 2426 πόμενοι
229 2392 317 2424 ἄδοξοι
338 2393 488 2430 ἐκρίθησαν
504 2397 691 2431 τιμηέστεροι.
712 2395 765 2425 ἾΙν
787 2399 815 2426 δὲ
833 2401 879 2426 καὶ

95 2438 110 2471 ἡ
125 2437 220 2471 κτῆσις
235 2439 380 2473 πρόχειρος
394 2447 399 2454 ⁸
416 2439 446 2466 ὃν
463 2441 517 2475 γάρ
533 2449 574 2472 τις
588 2443 759 2477 προσήνεγκε
775 2444 880 2479 χάρτην

94 2482 133 2516 τῷ
161 2483 278 2516 βασιλεῖ,
305 2484 404 2511 αὐτίκα
435 2486 649 2521 ὑπεσημαίνετο,
678 2488 729 2514 κᾶν
749 2489 879 2520 σολοίκως

94 2527 151 2563 εἶχε
172 2530 220 2564 τῆς
243 2529 380 2564 φράσεως,
396 2531 448 2558 κᾶν
463 2533 476 2558 ὁ
495 2532 644 2566 προτείνων
671 2534 755 2560 ἐδεῖτο
771 2535 876 2561 νιιιυτίλΔ

92 2574 186 2600 λεσθαι
202 2575 250 2609 μὲν
269 2575 318 2611 τὴν
331 2575 427 2611 ξηρὰν,
440 2577 573 2612 ἀροῦσθαι
590 2577 617 2604 δὲ
631 2578 681 2613 τὴν
697 2579 846 2613 θάλασσαν,
861 2581 876 2615 ἢ

93 2622 126 2647 τὶ
143 2620 194 2656 ὅρη
210 2621 238 2647 ὲν
251 2622 375 2657 καρδίαις
384 2623 524 2650 θαλασοῶν
539 2623 581 2659 [Ρ.
591 2624 656 2660 293]
671 2626 876 2660 μετατίθεσθαι,

93 2669 148 2694 εἴτε
175 2668 241 2703 μὴν,
265 2668 303 2699 ὡς
329 2669 342 2694 ό
371 2669 454 2703 μῦθος
473 2669 618 2704 βούλεται,
639 2670 769 2706 Ὀλύμπῳ
787 2672 877 2699 Ἄθων

94 2714 415 2765 ἐπανατίθεσθαιρῦτω
438 2716 466 2742 δὲ
485 2716 570 2743 ταῦτα.
586 2719 676 2744 πάντα
689 2718 837 2765 τετελεκὼς
860 2720 876 2754 ἢ

95 2758 196 2791 μᾶλλον
212 2758 420 2792 συντετελεκὼς,
436 2760 602 2795 οἰκειότερον
616 2761 715 2793 εἰπεῖν,
736 2762 773 2793 ὡς
797 2758 878 2797 χαρί-

94 2804 187 2835 ζεσοαι
207 2804 246 2838 τῷ
278 2805 366 2839 καιρῷ
393 2806 513 2837 καὶτοῖς
541 2807 685 2847 πράγμασι
716 2807 876 2843 βιαζόμενος

94 2851 232 2886 δαφήσιν
251 2852 342 2877 ἔπειτα
359 2852 392 2878 τὰ
412 2853 603 2889 amans-3.11171
620 2855 657 2885 είς
673 2854 724 2889 ἤθη
740 2855 772 2881 τὰ
788 2857 876 2882 οἰκεῖα

931 1591 1033 1618 eosque
1050 1590 1105 1610 non
1121 1583 1211 1609 claros
1225 1582 1298 1609 viros
1313 1582 1432 1612 ornavit,
1449 1589 1497 1608 aut
1511 1580 1545 1607 ad
1563 1580 1717 1614 proximum

931 1634 958 1656 et
972 1629 1182 1656 convenientem
1200 1627 1315 1662 gradum
1334 1628 1444 1654 evexit:
1466 1626 1514 1654 sed
1530 1626 1652 1660 quosvis,
1671 1625 1718 1658 qui

930 1682 993 1702 eum
1010 1675 1143 1701 honorem
1157 1674 1238 1708 "parvi
1263 1673 1436 1700 :estimabant
1461 1676 1489 1698 et
1513 1673 1632 1706 prinmm
1660 1678 1719 1704 gra-

931 1721 995 1746 dum
1016 1719 1138 1746 nondum
1163 1718 1393 1749 conscenderant,
1421 1718 1448 1746 in
1475 1724 1584 1744 summo
1608 1715 1718 1749 fastigio

931 1765 1085 1794 collocavit.
1103 1769 1134 1792 ut
1151 1764 1319 1798 dignitatum
1345 1763 1500 1798 frequentia
1526 1761 1717 1796 indignitatem

932 1813 1044 1837 haberet
1057 1814 1085 1837 et
1099 1810 1173 1836 omni
1194 1810 1283 1844 gratia
1301 1813 1420 1839 careret,
1445 1808 1529 1843 aliqui
1555 1808 1638 1834 etiam
1668 1814 1719 1833 suo

932 1856 1027 1883 honori
1054 1855 1214 1890 derogatnm
1241 1859 1373 1889 putarent
1410 1854 1456 1881 illo
1481 1854 1595 1880 honoris
1629 1859 1718 1879 incre-

931 1906 1035 1933 mento,
1051 1905 1082 1928 ut
1096 1908 1158 1928 sero
1172 1900 1280 1928 tandem
1297 1901 1359 1934 jure
1375 1899 1401 1926 id
1414 1899 1557 1926 consecuti
1571 1898 1644 1933 quod
1658 1898 1720 1924 aliis

931 1952 1030 1983 przeter
1046 1947 1173 1974 meritum
1187 1951 1249 1974 ante
1275 1952 1382 1980 tempus
1396 1946 1565 1979 contigisset,
1587 1944 1718 1978 dignitate

930 2001 1022 2021 secum
1032 1993 1178 2028 exaequatis
1190 1993 1233 2023 iis.
1245 1992 1356 2026 quibus,
1370 1990 1546 2026 quantumvis
1557 1990 1660 2016 honore
1670 1998 1719 2016 au-

929 2040 992 2070 ctis,
1008 2038 1060 2073 ipsi
1071 2046 1185 2073 prorsus
1198 2037 1314 2072 neglecti
1324 2037 1458 2072 dignitate
1474 2040 1603 2071 praestare
1613 2035 1720 2070 judica-

929 2090 1035 2113 rentur.
1048 2084 1141 2117 Neque
1159 2091 1225 2110 vero
1238 2083 1356 2110 difﬁcilis
1375 2086 1435 2110 erat
1459 2081 1572 2109 honoris
1596 2081 1716 2115 adeptio.

929 2129 1006 2163 Quod
1016 2129 1090 2157 enim
1098 2129 1229 2163 scriptum
1239 2128 1395 2163 imperatori
1405 2127 1528 2160 offerres,
1538 2126 1564 2154 id
1575 2135 1591 2154 e
1606 2126 1719 2161 vestigio

931 2175 1152 2210 subsignabatur,
1168 2174 1227 2202 sive
1254 2174 1348 2209 inepta
1362 2174 1444 2209 eoo
1460 2173 1581 2200 dictione
1606 2176 1718 2200 consta-

933 2226 984 2252 ret.
1000 2221 1058 2248 sive
1074 2225 1104 2248 ut
1121 2228 1196 2248 mare
1212 2228 1300 2250 arare.
1317 2225 1390 2248 terra
1415 2220 1544 2255 navigare
1564 2224 1592 2246 et
1610 2224 1720 2246 montes

932 2267 960 2294 in
979 2267 1100 2294 medium
1115 2274 1189 2294 mare
1219 2267 1380 2298 transferre,
1407 2266 1466 2293 sive
1483 2266 1491 2298 (_
1509 2270 1540 2292 ut
1562 2269 1606 2292 est
1636 2266 1664 2291 in
1681 2264 1722 2292 fa-

932 2312 1026 2347 bulis)
1041 2317 1069 2339 ut
1086 2312 1175 2339 Athon
1193 2312 1307 2347 Olympo
1319 2312 1461 2346 imponere
1478 2312 1584 2342 liceret,
1598 2316 1718 2345 peteres.

931 2355 980 2382 His
997 2355 1080 2382 rebus
1102 2353 1230 2381 omnibus
1248 2354 1284 2380 ita
1308 2354 1437 2388 perfectis
1464 2353 1506 2380 vel
1532 2354 1625 2388 potius
1649 2360 1718 2380 cou-

931 2400 1020 2432 fectis,
1036 2399 1114 2434 quasi
1132 2403 1288 2441 temporgm
1301 2404 1329 2426 et
1342 2407 1434 2426 rerum
1449 2399 1598 2426 conditioni
1611 2398 1716 2425 servire

930 2452 1052 2477 coactus,
1073 2446 1194 2479 legiones
1209 2445 1320 2472 domum
1341 2445 1417 2472 abire
1436 2445 1513 2476 sinit,
1530 2445 1599 2472 nihil
1615 2452 1716 2472 curans

931 2493 1004 2527 quod
1019 2493 1112 2519 Blachi
1128 2500 1191 2520 cum
1207 2493 1316 2528 Scythis
1331 2492 1411 2519 obvia
1435 2500 1550 2527 qumque
1564 2495 1715 2518 vastat-ent.

929 2539 964 2566 Et
976 2539 1033 2573 ipse
1047 2546 1101 2565 non
1115 2538 1208 2565 statim
1237 2538 1264 2565 iu
1289 2538 1383 2565 urbem
1410 2542 1549 2572 properat.
1566 2537 1613 2563 sed
1633 2537 1716 2563 fratre

931 2588 1010 2618 capto
1030 2588 1057 2610 et
1070 2588 1205 2610 excatcato
1226 2583 1295 2611 nihil
1323 2583 1437 2618 periculi
1464 2587 1599 2613 metuens,
1628 2581 1713 2615 pede-

932 2629 1026 2655 tentim
1043 2636 1075 2655 ac
1093 2636 1141 2663 per
1165 2629 1251 2655 otium
1280 2628 1308 2656 in
1333 2628 1496 2655 diversoriis
1519 2626 1714 2653 couunoraudo

929 2673 1122 2708 proﬁciscitur.
1142 2673 1201 2700 Jatn
1217 2673 1290 2700 cnim
1306 2681 1321 2700 a
1349 2673 1458 2700 civibus
1487 2679 1596 2706 quoque
1622 2672 1714 2698 decla—

930 2724 1005 2746 ratus
1020 2720 1169 2754 imperator
1181 2724 1209 2746 et
1231 2726 1246 2745 a
1262 2719 1378 2754 conjuge
1407 2718 1586 2753 Euphrosyna
1611 2717 1715 2751 ingres-

928 2773 975 2792 sus
1003 2765 1027 2792 ei
1056 2771 1225 2800 praeparatus
1253 2770 1321 2792 erat'
1340 2769 1368 2792 et
1398 2770 1511 2792 senatus
1528 2784 1534 2795 ,
1567 2764 1629 2791 licet
1658 2771 1712 2790 non

929 2816 1012 2844 totus,
1029 2812 1090 2846 eius
1107 2813 1282 2840 successibus
1297 2812 1441 2840 laetabatur
1455 2820 1461 2838 :
1479 2819 1568 2846 neque
1583 2810 1659 2846 plebs
1679 2810 1712 2837 ad

929 2857 1002 2884 illius
1020 2858 1177 2885 mutationis
1192 2857 1291 2885 famam
1315 2857 1454 2886 concitata
1467 2856 1509 2884 vel
1527 2856 1605 2884 novis
1629 2855 1712 2884 rebus
