1945 3074
67 137 120 169 839

496 140 546 170 DE
567 140 708 170 ΑΕΕΧΙΘ
728 141 868 172 I'SAACII
888 143 1030 173 ANGELI
1050 143 1109 172 FB.
1131 143 1204 172 LIB.
1227 143 1252 173 Ι.

1641 146 1695 177 820

69 194 142 222 κατὰ
158 193 190 220 τὸ
205 192 352 229 λεγόμενον
375 194 428 226 ἔξω
443 195 606 222 Φιλοπάτιον
630 196 789 231 περιχαρῶς
812 200 858 224 καὶ

916 199 1062 231 plorarent,
1079 202 1107 225 et
1123 205 1184 224 eam
1212 198 1384 233 principatus
1409 200 1589 227 mutationem
1615 201 1691 228 brevi

68 242 198 276 ἀσμένως
221 241 285 272 τοὺς
309 242 338 273 ἐς
366 242 447 269 αὐτὸν
466 243 686 278 ἀφικνουμένους
716 244 857 278 προσίετο,

71 290 109 326 μὴ
128 287 357 320 καταπεπτωκὼς
384 288 433 323 τὴν
457 289 623 316 κατάστασιν
647 290 696 325 τῆς
711 289 802 325 ψυχῆς
829 290 858 323 ἐξ

69 332 109 362 ὧν
133 336 174 366 είς
199 335 245 361 τὸν
268 335 382 368 ἀδελφὸν
407 335 582 370 διεπράξατο,
599 336 678 368 Τινὲς
691 336 720 363 δὲ
735 337 790 363 τῶν
812 336 858 363 τοῦ

70 382 158 416 Βήλου
173 379 275 416 κριτῶν
291 382 328 416 μὴ
341 381 478 416 εὐκαίρως
491 381 537 409 τὸν
553 383 650 416 καιρὸν
665 382 858 414 κολακεύοντες

72 429 246 464 βωμολόχους
270 427 418 462 ἐπαφῆκαν
442 429 543 462 φωνὰς,
571 429 600 454 ἐν
628 426 673 460 αἶς
698 429 746 456 καὶ
770 426 860 463 ὦφλον

72 474 243 508 κατάγελων.
264 472 356 500 Ἦσαν
377 473 400 500 δ’
414 474 439 499 οἳ
464 475 510 500 καὶ
527 474 711 508 ἐπεστέναξαν
725 476 780 506 τᾶς
792 476 859 510 ὁρω-

74 520 178 554 μένοις,
201 520 248 546 καὶ
271 520 334 550 τοὺς
350 518 502 553 βασιλείους
519 521 639 554 κόσμους
663 522 859 548 κατωπτευκό-

72 574 128 596 τες,
144 565 192 596 οὓς
206 564 294 599 ἐαυτῷ
309 564 467 600 ὑπέῥραψεν
482 566 625 597 Ἰσαάκιος.
643 567 861 601 περιαμπίσχον-

73 621 123 644 τας
138 612 202 646 ἄρτι
218 612 266 639 τὸν
289 612 395 638 ἐκείνου
416 612 581 647 κασίγνητον
600 613 786 647 ἑπωδύραντο,
811 621 860 645 την

73 657 191 684 ἀτοπίαν
205 656 391 691 ἐκπλαγέντες
406 656 453 683 τοῦ
474 658 648 691 πράγματος,
663 660 710 684 καὶ
725 658 774 692 τὴν
805 666 861 684 τοι·

74 702 160 736 αύτην
174 701 318 728 ἀλλοίωσιν
338 702 389 736 τῆς
404 701 492 736 ἀρχῆς
510 702 599 736 ἀρχὴν
615 703 781 737 προσφάτων
796 703 860 729 οἰω-

73 748 179 779 νίζοντο
205 746 366 782 συμφορῶν,
393 747 426 773 τά
449 756 479 775 τε
503 748 634 783 Ὀσίριδος
660 749 708 775 καὶ
733 749 861 783 Turplius;

73 793 205 821 ἐϐάλοντο
228 793 299 820 κατά
320 793 393 826 νοῦν,
421 793 466 827 ὑφ’
483 790 520 820 ὦν
536 794 764 829 ἐκακοπράγησεν
778 795 861 828 Αἰγυ-

75 849 154 872 πτος.
176 840 311 868 Εἰσελθὼν
336 840 365 866 δὲ
373 840 408 867 τὸ
423 840 474 876 τῆς
489 840 556 867 Θεοῦ
572 840 673 875 Σοφίας
691 841 862 876 περίπυστον

74 887 122 913 καὶ
152 886 282 921 μέγιστον
307 887 431 920 τέμενος,
458 887 532 918 ὅπως
562 887 634 914 κατὰ
660 887 691 914 τὸ
714 888 810 923 ἔθιμον
835 889 863 920 ἐς

75 933 190 968 βασιλέα
214 933 313 968 χρισθῇ
338 933 385 959 καὶ
403 933 592 968 περιὸαλεῖται
619 934 654 960 τὰ
679 934 726 960 τού
746 934 864 968 κράτους

75 980 213 1014 σύμὸολα,
232 979 330 1014 πρῶτα
357 980 408 1014 μὲν
434 980 590 1014 ὀψιαίτερον
619 981 648 1007 τὸ
672 981 722 1016 τῆς
747 981 865 1013 πίστεως

75 1026 212 1060 ἐγγράφει
227 1025 364 1060 σύμϐολον
390 1024 463 1060 βαφῇ
478 1027 510 1060 τῇ
528 1025 666 1062 βασιλικῇ,
688 1027 784 1054 ἔπειτα
806 1029 865 1057 ταῖς

75 1072 195 1108 ὼραίαις
209 1072 371 1106 λεγομέναις
388 1071 435 1098 τοῦ
452 1071 504 1099 νεὼ
518 1072 617 1103 πύλαις
634 1073 747 1106 ἐγγίσας
774 1073 866 1100 ἱκανὸν

75 1119 166 1145 ἐκεῖσε
195 1118 292 1153 χρόνον
320 1118 465 1153 διέτριψε,
496 1118 715 1153 προσδεχόμενος
742 1119 809 1145 πότε
833 1119 866 1145 ἂν

76 1163 240 1198 ἐπιταχθείη
263 1164 312 1198 τὴν
333 1163 438 1191 εἴσοδον
464 1164 540 1198 παρὰ
553 1164 607 1191 τῶν
621 1165 809 1200 ἀκρισούντων
836 1165 866 1190 τὸ

76 1210 127 1243 τῆς
143 1209 219 1244 ὥρας
237 1211 344 1244 καίριον
357 1210 412 1237 τῶν
430 1209 512 1245 ιερῶν
529 1211 771 1245 κατηχουμενείων
795 1211 866 1237 ἄνω-

77 1256 136 1282 θεν.
163 1254 257 1288 Ἑξιὼν
282 1255 311 1281 δὲ
336 1255 382 1281 τοῦ
403 1254 456 1281 νεὼ
481 1256 530 1282 καὶ
548 1255 652 1290 μέλλων
672 1256 801 1290 ἐπιϐῆναι
818 1256 865 1282 τοῦ

78 1302 227 1336 ὀχήματος,
244 1301 258 1326 ὁ
279 1301 330 1335 μὲν
344 1301 426 1332 ἵππος
446 1299 491 1336 (ἦν
503 1301 532 1328 δὲ
548 1300 625 1333 οὗτος
651 1302 797 1335 φατνιστῦς
819 1303 866 1328 καὶ

85 1346 223 1382 Ἀράϐιος)
251 1347 420 1381 προσάγεται
447 1347 523 1382 παρά
552 1347 599 1374 τοῦ
626 1348 867 1382 πρωτοστράτορος

80 1393 134 1419 ἀπὸ
148 1392 195 1419 τοῦ
211 1392 320 1427 χαλινοῦ
334 1392 487 1424 ἐλκυσθεὶς,
506 1393 613 1427 γίνεται
626 1393 655 1419 δέ
668 1402 695 1420 τι
708 1394 763 1420 τῶν
775 1393 868 1429 ἀήθων

80 1439 128 1466 καὶ
155 1438 240 1471 ἀξίων
268 1439 418 1474 θαύματος.
446 1439 484 1466 Οὐ
513 1440 660 1474 προσίεται
683 1441 697 1466 ὁ
713 1440 796 1470 ίππος
822 1439 867 1466 τὸν

80 1485 229 1521 ἀναϐάτην,
251 1486 320 1512 ἀλλὰ
349 1486 513 1521 φριμάσσων
531 1486 652 1520 ὖφαιμος
669 1486 702 1512 τὸ
718 1485 795 1520 ὄμμα
821 1486 868 1512 καὶ

910 244 1045 270 malorum
1075 244 1133 271 fore
1158 244 1324 280 principium
1346 251 1560 280 augurarentur,
1579 248 1696 274 Osiridis

909 295 938 318 et
964 290 1104 326 Typhonis
1135 292 1268 318 recordati
1284 312 1291 324 ,
1318 299 1333 319 a
1364 293 1466 327 quibus
1493 293 1593 321 afﬂicta
1620 300 1694 321 esset

912 336 1057 372 Egyptus.
1074 336 1292 364 Celeberrimum
1309 343 1337 365 et
1350 339 1498 366 innximum
1515 339 1562 367 Dei
1578 340 1694 374 Sapien—

911 383 955 410 tia:
969 382 1100 417 templum
1119 383 1258 417 ingressus
1277 388 1306 410 ut
1328 385 1362 411 de
1383 392 1458 412 more
1482 386 1695 419 inauguraretur

909 434 937 456 et
953 429 1059 463 imperii
1075 429 1190 464 insignia
1216 435 1378 461 assumeret,
1402 431 1520 465 primum
1539 431 1600 459 ﬁdei
1622 439 1695 467 sym-

910 475 1004 502 bolum
1023 475 1201 510 imperatorio
1221 476 1315 504 colore
1343 477 1447 505 tardius
1463 478 1617 511 perscribit.
1641 478 1692 504 De-

911 521 975 549 inde
991 522 1024 548 ad
1041 521 1198 556 Speciosam
1216 523 1308 557 templi
1325 529 1430 557 portam
1455 524 1558 550 diutius
1572 531 1694 550 commo-

911 575 999 599 ratur.
1027 574 1201 602 exspectans,
1227 569 1292 596 dum
1319 569 1423 604 ingredi
1449 570 1593 604 iuberetur
1608 570 1642 596 ah
1663 569 1697 596 iis

911 614 958 649 qui
970 620 1152 649 opportunam
1169 616 1264 642 horam
1286 616 1313 642 in
1337 623 1371 642 eo
1397 616 1468 647 loco.
1498 615 1544 642 ubi
1566 616 1695 642 catechu-

912 661 983 688 meni
1000 661 1194 693 instituuntur,
1208 662 1404 689 observabant.
1420 661 1536 696 Templo
1557 668 1698 695 egresms,

912 714 974 734 cum
988 708 1133 735 sublimem
1154 715 1256 742 equum
1286 707 1436 735 Arabicum
1463 715 1478 734 a
1498 711 1699 742 protostratore

913 754 1064 782 adductum
1075 761 1279 781 conscensurus
1290 759 1375 786 esset,
1389 761 1435 781 res
1448 756 1600 780 memoratu
1616 751 1700 786 digna

913 800 1024 828 accidit.
1042 800 1137 835 Equus
1156 800 1229 827 enim
1248 807 1387 827 sessorem
1409 807 1464 826 non
1492 797 1624 825 admittit:
1651 797 1698 824 sed

916 848 1002 874 oculis
1015 848 1146 882 sanguine
1164 847 1286 878 suﬂ‘usis.
1303 847 1415 873 auribus
1435 846 1561 875 arrectis,
1599 844 1701 871 crebro

917 893 1005 920 solum
1019 893 1141 928 pulsans,
1158 896 1186 919 et
1211 892 1398 919 anterioribus
1414 891 1526 925 ungulis
1553 898 1616 917 eum
1644 890 1701 916 ire.

917 940 984 967 mitu
1003 939 1128 970 sublatis.
1151 947 1214 966 eum
1235 938 1318 974 604
1353 938 1522 965 ferocissime
1546 940 1701 965 aversatur,

916 985 992 1020 quasi
1010 989 1086 1019 tergo
1103 985 1225 1020 recipere
1249 985 1457 1019 dedignaretur.
1480 985 1568 1018 Atque
1592 983 1630 1009 ita
1650 989 1701 1007 sae.

918 1032 980 1066 pius
996 1032 1023 1058 in
1040 1032 1207 1066 posteriores
1221 1031 1305 1065 pedes
1318 1034 1443 1057 arrectus
1458 1035 1485 1056 et
1500 1029 1604 1056 aversis
1615 1027 1705 1054 oculis

916 1078 1042 1104 Alexium
1060 1077 1178 1111 repellit.
1197 1076 1232 1104 Ut
1246 1081 1338 1103 autem
1350 1081 1411 1110 pest
1424 1075 1525 1102 multos
1537 1079 1704 1108 poppysmoe

916 1127 945 1150 et
974 1123 1089 1150 cervicis
1113 1122 1284 1157 palpationes
1301 1122 1424 1156 placatus
1444 1125 1473 1147 et
1497 1119 1611 1146 crebros
1641 1117 1704 1144 illos

917 1176 998 1203 gyros
1009 1172 1035 1195 et
1048 1168 1251 1195 caleitrationes
1266 1168 1420 1194 omissnrns
1433 1165 1593 1195 videbatur.
1615 1163 1704 1197 impe-

918 1219 994 1241 rator
1012 1214 1038 1241 in
1055 1221 1116 1241 eum
1131 1213 1229 1240 insiliit
1248 1217 1275 1240 et
1292 1213 1413 1239 habenas
1427 1210 1585 1245 prehendit.
1601 1209 1626 1236 ls
1639 1215 1706 1235 vero

921 1264 949 1287 ut
969 1259 1113 1294 deceptus.
1126 1267 1234 1287 sessore
1254 1266 1336 1294 quem
1359 1258 1445 1286 nollet
1472 1261 1600 1290 recepto,
1627 1261 1707 1288 aeque

918 1314 950 1333 ac
968 1305 1044 1341 prius
1057 1305 1164 1337 ferocit,
1179 1313 1241 1333 cum
1264 1305 1339 1332 claro
1359 1304 1469 1331 hinnitu
1490 1302 1574 1338 pedes
1592 1300 1705 1331 attollit,

917 1360 969 1380 nec
984 1353 1061 1387 prius
1076 1353 1233 1387 importune
1257 1352 1357 1379 saltare
1380 1350 1490 1378 desistit
1515 1356 1597 1384 quam
1626 1355 1706 1382 gen--

919 1402 990 1425 inata
1004 1405 1105 1426 corona
1118 1398 1206 1432 capite
1219 1398 1279 1432 ejus
1299 1404 1412 1424 excussa
1431 1400 1458 1423 et
1479 1403 1511 1422 ex
1533 1399 1611 1429 parte
1629 1400 1706 1420 com~

918 1440 1026 1469 minuta
1041 1441 1131 1475 ipsum
1149 1448 1260 1476 quoque
1287 1441 1442 1476 dejecisset.
1475 1440 1536 1467 Alio
1561 1446 1633 1473 equo
1658 1437 1707 1464 ad—

919 1487 1012 1518 ducto.
1030 1487 1116 1515 fracta
1129 1495 1232 1515 corona
1257 1487 1458 1521 inauspicatum
1478 1494 1559 1513 omen
1583 1486 1640 1512 visa
1664 1487 1708 1511 est

80 1533 110 1560 τὸ
127 1533 172 1563 οὕς
194 1533 330 1568 μετέωρος
347 1534 394 1559 καὶ
411 1532 494 1567 συχνὰ
518 1533 626 1558 κόπτων
643 1532 674 1557 τὸ
688 1532 803 1558 δάπεδον
819 1533 866 1557 καὶ

921 1532 1028 1567 imperii
1042 1533 1160 1561 cladium
1177 1541 1231 1560 non
1254 1533 1376 1566 expertis
1387 1539 1414 1560 et
1432 1531 1600 1559 imminentis
1622 1530 1707 1556 ruina:

81 1580 130 1611 τὰς
147 1579 334 1614 ἐμπροσθίους
347 1579 506 1606 ἀναὸάλλων
520 1579 605 1609 ὁπλὰς
623 1579 669 1605 ml.
687 1579 771 1614 ῥύδην
789 1577 870 1613 φερό·

83 1634 163 1661 μενος
178 1625 260 1652 αὑτὸν
275 1625 476 1660 ἀπεστρέφετο,
491 1625 594 1656 ἀδοξῶν
622 1624 717 1659 ὥσπερ
743 1624 791 1651 ἐπὶ
814 1624 870 1650 τῶν

80 1673 173 1699 νώτων
190 1673 263 1708 ὀχεῖν
281 1674 329 1700 καὶ
349 1673 409 1699 κατ’
428 1673 512 1699 αὑτοῦ
527 1672 718 1709 ἀγριοὺμενος.
735 1672 870 1702 Πολλάκις

79 1717 126 1746 οἷν
151 1719 220 1753 πρὸς
242 1719 273 1746 τὸ
297 1719 422 1746 ἱππεύειν
438 1719 584 1754 γενόμενον
602 1720 649 1746 τὸν
670 1718 788 1751 Ἀλέξιον
818 1719 870 1744 ἀπ-

79 1765 242 1800 εκρούσατο.
262 1766 311 1797 τὰς
333 1765 517 1801 ἐμπροσθίους
531 1766 642 1793 ὲνσείων
655 1766 740 1800 χηλὰς
760 1765 807 1792 καὶ
819 1765 868 1796 τὰς

78 1812 157 1846 ὗψεις
172 1812 346 1846 ἐπιστρέφων
360 1812 458 1838 ὀπίσω.
481 1812 526 1843 Ὧς
540 1812 568 1839 δέ
586 1820 651 1838 ποτε
669 1813 740 1846 μετὰ
755 1811 869 1838 πλεῖστα

79 1857 338 1893 περιποππύσματα
361 1858 408 1884 καὶ
425 1857 592 1892 διομαλίσεις
608 1857 655 1884 τοῦ
674 1858 790 1891 αὐχένος
809 1857 868 1883 ἔδο-

79 1903 125 1935 ξεν
145 1903 298 1937 ἠρεμήσειν
316 1903 363 1929 καὶ
389 1902 546 1930 παύσασθαι
561 1903 615 1930 τῶν
631 1902 781 1938 ἀγερώχων
796 1903 869 1929 ἐκεῖ·

76 1959 132 1976 νων
149 1949 259 1980 ἐλίξεων
275 1949 386 1982 καὶτῆς
403 1949 458 1976 τῶν
485 1949 574 1976 ποδῶν
598 1948 755 1984 ἁερώσεως,
780 1949 794 1976 6
819 1949 869 1982 μὲν

79 1994 208 2030 βασιλεὺς
223 1995 267 2020 ἐπ’
279 1995 361 2021 αὐτὸν
385 1995 540 2030 ἀνεπήδησε
565 1996 612 2022 καὶ
628 1994 682 2021 τῶν
707 1995 790 2029 ἠνίων
809 1994 832 2020 ὲ)
840 1994 871 2020 ά-

79 2041 143 2067 ἧετο
159 2048 167 2056 ο
180 2042 194 2067 ό
214 2041 242 2067 δὲ
258 2040 353 2076 ὥσπερ
376 2043 561 2076 ἠπατημένος,
578 2043 625 2068 καὶ
637 2041 784 2075 δεξάμενος
803 2043 867 2067 ἀνα-

78 2088 168 2122 εάτην
183 2087 213 2113 ὃν
227 2088 277 2114 οὐκ
292 2088 398 2123 ἤθελεν,
411 2088 524 2123 ὴτάκτει
538 2096 568 2114 τε
585 2088 622 2119 ὡς
639 2088 735 2123 πρώην
750 2087 871 2118 καὶτοὺς

78 2133 166 2164 πόδας
185 2134 284 2168 ἀνίστη
310 2135 369 2169 μετ’
393 2134 565 2167 ὲξακούστων
590 2134 644 2160 τῶν
671 2134 868 2169 χρεμετίσεων·

920 1586 948 1608 et
966 1588 1044 1607 noxae
1062 1579 1179 1607 hostilis.
1197 1579 1406 1607 Comitabantur
1424 1586 1487 1605 eum
1510 1577 1537 1604 in
1554 1576 1634 1611 equis
1652 1575 1708 1601 duo

919 1627 1033 1664 generi,
1058 1626 1300 1660 Contostephanus
1328 1624 1505 1651 Andronicus
1540 1628 1568 1650 et
1588 1621 1708 1649 lsaacius

919 1674 1098 1704 Comnenus,
1124 1676 1152 1698 et
1172 1677 1288 1706 patruus
1315 1672 1375 1705 ejus
1394 1671 1515 1697 Joannes
1541 1668 1646 1696 lineas.
1668 1666 1709 1692 vir

920 1723 1050 1754 provecta
1064 1722 1155 1750 aetate,
1173 1718 1216 1745 cui
1234 1718 1260 1744 in
1282 1725 1314 1744 ea
1327 1718 1433 1751 'pompa
1457 1716 1555 1742 mirum
1577 1713 1708 1748 quiddam

920 1766 1032 1793 accidit.
1049 1764 1116 1792 Nam
1131 1771 1193 1790 cum
1207 1763 1279 1790 mula
1293 1762 1374 1798 605
1389 1763 1449 1797 eius
1459 1769 1474 1788 a
1488 1760 1598 1788 nemine
1613 1763 1707 1786 exter-

921 1811 972 1838 rita
987 1815 1075 1841 esset,
1091 1817 1193 1838 corona
1216 1808 1460 1836 sellastocralorica
1477 1812 1574 1842 sponte
1593 1807 1628 1832 de
1649 1804 1710 1839 ejus

921 1858 1025 1884 vertice
1039 1856 1115 1883 humi
1131 1855 1242 1883 cecidit.
1260 1855 1338 1882 Unde
1362 1854 1482 1889 populus
1503 1852 1616 1880 calvitio
1637 1851 1708 1885 ejus,

924 1902 998 1936 quod
1021 1902 1107 1929 instar
1126 1902 1213 1936 plenae
1233 1902 1305 1929 luna:
1331 1900 1490 1930 relucebat,
1515 1897 1619 1924 nudato
1647 1903 1709 1922 cum

923 1951 978 1979 risu
996 1948 1167 1976 exclamavit.
1183 1948 1271 1975 Ducas
1286 1954 1362 1977 vero,
1377 1946 1423 1980 qni
1438 1945 1519 1972 etiam
1534 1941 1637 1976 alioqui
1654 1948 1709 1967 non

922 1996 1002 2025 facile
1024 1996 1108 2023 rebus
1132 1994 1256 2021 adversis
1283 1996 1516 2022 commoveretur,
1544 1987 1710 2016 necessitate

923 2045 950 2072 in
968 2045 1061 2079 jocum
1075 2047 1102 2069 et
1116 2041 1244 2068 festivum
1259 2039 1354 2066 Indum
1375 2044 1508 2065 conversa
1518 2056 1524 2068 ,
1544 2035 1710 2062 hilaritatem

924 2090 1021 2126 populi
1039 2089 1109 2116 adeo
1126 2095 1181 2115 non
1196 2087 1308 2121 indigne
1323 2085 1385 2112 tulit
1402 2088 1432 2111 ut
1446 2083 1530 2111 etiam
1552 2088 1606 2108 una
1622 2080 1710 2108 laetari

922 2137 1074 2164 videretur.

78 2191 135 2218 οὐδ’
150 2191 245 2226 ἔληξεν
262 2192 498 2227 ἐκϐακχενόμενος
511 2191 609 2224 οὕτως,
624 2192 676 2224 ἕως
688 2193 719 2218 τὸ
736 2193 785 2228 μὲν
798 2192 979 2228 λιθόστρωτον
1013 2194 1111 2228 στέφος
1143 2193 1175 2219 ὲκ
1208 2192 1258 2226 τῆς
1281 2189 1403 2224 κεφαλῆς
1420 2187 1462 2225 [Ρ.
1480 2185 1546 2222 295]
1569 2185 1616 2212 τοῦ
1633 2185 1712 2220 βασις

78 2239 150 2270 λέως
167 2239 208 2270 είς
223 2239 275 2272 γῆν
290 2240 470 2274 κατήνεγκεν,
489 2239 527 2271 ὡς
551 2239 599 2266 καὶ
624 2239 721 2265 τούτου
756 2239 972 2274 διαθραυσοῆναι
997 2240 1066 2274 μέρη
1091 2238 1160 2270 τινὰ,
1200 2238 1282 2264 αὑτὸν
1316 2236 1338 2262 δ’
1371 2233 1582 2268 ἀπεσφαίριοεν.
1611 2231 1712 2273 Ἵππου

78 2287 171 2313 τοίνυν
197 2286 294 2321 ἑτέρου
324 2285 570 2321 προσενεχθέντος,
599 2286 659 2321 οὐχὶ
689 2286 748 2320 μεθ’
775 2285 868 2320 ὑγιοῦς
903 2286 1080 2312 ἐπωπτεύετο
1112 2284 1336 2320 στεφανώματος,
1364 2282 1378 2308 ὃ
1405 2281 1453 2308 καὶ
1485 2281 1523 2316 μὴ
1551 2279 1639 2305 αἴσιον
1659 2277 1714 2303 τῶν

78 2333 220 2367 ἐσομένων
237 2333 309 2366 ἔδοξε
324 2331 469 2365 σύμϐολον·
487 2332 623 2367 μηδὲγὰρ
639 2332 672 2359 ἃν
684 2331 871 2367 ἀδιαλώὸητύν
904 2331 930 2357 οἱ
958 2332 1161 2367 συντηρηθῆναι
1194 2331 1243 2365 τὴν
1270 2330 1421 2364 βασιλείαν,
1448 2328 1516 2354 ἀλλὰ
1553 2327 1602 2353 τοῦ
1629 2325 1714 2359 ὕψους

78 2380 231 2406 ἀποπεσεῖν
245 2380 292 2405 καὶ
309 2379 477 2413 προσπαοεῖν
491 2378 574 2404 αὑτὸν
588 2378 642 2404 ἀπὸ
667 2378 722 2404 τῶν
757 2378 888 2405 ἐναντίων
909 2379 1012 2410 κακῶς.
1036 2378 1246 2411 Συνεπόμπευον
1262 2376 1289 2401 δὲ
1313 2375 1352 2409 τῷ
1368 2374 1473 2409 βασιλεῖ
1505 2372 1573 2413 τῷδε
1600 2372 1713 2406 ἔφιπποι

79 2427 130 2453 καὶ
149 2427 173 2451 οἱ
189 2425 236 2452 δύο
253 2425 299 2451 ἐπὶ
318 2425 471 2460 θυγατράσι
503 2423 590 2458 τούτῳ
622 2423 743 2458 γαμϐροὶ
769 2423 784 2449 ὁ
816 2424 1037 2458 Κοντοστέφανος
1076 2422 1245 2457 Ἀνδρόνικος
1273 2420 1320 2447 καὶ
1347 2421 1360 2446 ὁ
1388 2418 1531 2454 Κομνηνὺς
1565 2417 1713 2449 Ἰσαάκιος,

78 2475 129 2501 καὶ
142 2474 158 2500 ὁ
172 2473 241 2507 πρδς
263 2472 362 2504 πατρὸς
378 2472 476 2506 ἐκείνῳ
493 2472 563 2502 θεῖος
584 2472 710 2506 Ἰωάννης
744 2472 758 2498 ὁ
788 2471 904 2503 Δούκας,
925 2471 1093 2504 πεπαίτερος
1117 2469 1155 2496 ὢν
1178 2468 1361 2504 τὴνὴλικίαν,
1378 2463 1400 2500 ᾧ
1420 2466 1467 2492 καὶ
1485 2464 1556 2492 κατὰ
1578 2463 1628 2498 τὴν
1643 2471 1714 2495 πομ-

78 2520 167 2547 παίαν
186 2520 296 2553 ἐκείνην
323 2519 435 2555 πρόοδον
452 2519 551 2553 συνέϐη
585 2527 612 2545 τι
647 2518 769 2545 τοιοῦτον
818 2519 993 2553 παράλογον·
1022 2517 1059 2553 μὴ
1084 2517 1140 2551 γάρ
1163 2525 1236 2547 τινος
1256 2514 1469 2549 διαταράξαντος
1496 2513 1544 2548 τὴν
1586 2512 1714 2543 κόλουρον

78 2564 231 2603 ἡμίονονῇ
265 2566 363 2601 ἔποχος
383 2563 428 2600 ἦν,
471 2565 517 2592 τὸν
548 2565 830 2600 σεϐαστοκρατορικδν
871 2564 1023 2593 ἀπεϐάλετο
1053 2565 1185 2598 στέφανον
1216 2562 1409 2597 ἀνατραπέντα
1442 2560 1492 2594 τῆς
1521 2558 1643 2593 κορυφῆς
1668 2556 1715 2582 καὶ

79 2614 244 2649 αὐτομάτως
268 2612 457 2639 καταπεσόντα
476 2612 517 2643 είς
536 2612 642 2646 ἔδαφος.
668 2612 740 2647 Πρὸς
761 2612 830 2647 ὅπερ
862 2612 887 2638 οἱ
905 2612 954 2647 μέν
989 2609 1122 2646 θεώμενοι
1139 2609 1289 2644 ὲξεῦὀησαν
1315 2610 1362 2635 καὶ
1386 2609 1426 2639 είς
1449 2607 1536 2640 γέλων
1560 2604 1716 2639 διεκινήϐη-

80 2671 143 2692 σαν,
169 2660 220 2694 τὴν
247 2659 505 2694 ἐγκρυφιαζομὲνην
528 2658 567 2691 τῷ
593 2658 719 2692 στεφάνῳ
739 2659 873 2694 πρότερον
890 2658 1034 2693 φαλάκραν
1065 2657 1103 2688 ὡς
1137 2656 1312 2691 πλησίφωτον
1328 2654 1444 2688 σελήνην
1463 2653 1524 2679 τότε
1552 2659 1714 2678 κατωπτευ-

81 2709 178 2739 χότες·
195 2708 208 2733 ὁ
222 2706 250 2732 δὲ
269 2705 374 2736 Δούκας
401 2705 452 2739 τὴν
470 2705 595 2738 ἀνάγκην
613 2705 768 2739 μετατιθεὶς
800 2705 841 2734 εἰς
872 2704 902 2730 τὸ
922 2703 1019 2739 εὔχαρι
1034 2704 1081 2730 καὶ
1102 2702 1233 2738 μείλιχον,
1250 2701 1337 2731 ἄλλως
1357 2708 1387 2726 τε
1411 2699 1463 2726 κάν
1481 2699 1538 2729 τοῖς
1553 2697 1714 2731 ἀϐουλήτοις

83 2755 121 2790 μὴ
151 2752 269 2787 ἐτοῖμως
300 2750 485 2786 χολούμενος,
520 2751 617 2785 ἔφερεν
643 2751 680 2781 ὡς
716 2751 871 2786 σύμμικτον
888 2750 969 2786 ἡδονῇ
1011 2750 1119 2777 παιδιὰν
1145 2749 1194 2784 τὴν
1214 2749 1267 2774 τῶν
1294 2747 1430 2773 πλείστων
1462 2744 1508 2771 ἐπὶ
1526 2744 1565 2779 τῷ
1589 2743 1712 2778 γεγονιῖτι

86 2802 223 2834 διάχυσιν,
240 2798 366 2833 γεγηθὼς
378 2798 407 2824 ἐν
425 2798 502 2833 μέρει
519 2799 564 2824 καὶ
580 2799 662 2830 αὐτὸς
681 2799 727 2825 καὶ
743 2798 877 2833 μηδαμῶς
897 2798 940 2824 τὸν
955 2798 1162 2832 ἀγανακτοῦντα
1180 2795 1402 2830 ὑποκρινόμενος,

122 2846 160 2874 ι“’.
186 2846 215 2872 '0
231 2845 258 2872 δὲ
275 2845 400 2879 βασιλεὺς
415 2845 464 2879 τὴν
480 2845 689 2879 ἀγγελωτυμίαν
707 2845 873 2879 παρωσάμε-

963 2846 989 2872 5.
1013 2845 1166 2880 Imperator
1193 2851 1258 2870 vero
1281 2841 1378 2876 Angcli
1404 2844 1586 2876 cognomento
1605 2839 1661 2867 sive
1687 2843 1716 2865 ut
