1945 3074
229 145 278 178 831

228 203 376 231 humiliore
387 204 540 239 repudiato,
557 204 614 232 sive
639 209 668 232 ut
695 211 749 231 una
771 211 833 230 cum
849 203 932 229 fratre
950 201 1015 227 abo-
1032 200 1053 228 A

227 247 323 281 lendo,
348 249 504 277 Comnenus
538 251 671 285 appellari
700 250 798 276 voluit.
826 249 894 275 Cum
922 254 1013 275 autent

228 301 324 322 omnes
351 299 479 330 putarent
497 303 559 322 eum
589 301 649 330 post
676 295 889 323 declarationem
904 314 911 323 .
932 295 1015 322 rebus

227 341 343 372 pacatis,
367 341 458 367 statim
483 341 510 367 in
531 341 618 368 armis
640 341 699 368 fore
724 348 775 368 nec
800 340 926 375 urgentia
943 340 1015 367 dtin-

228 386 381 412 taxatmaia
405 387 602 421 depulsurum,
639 387 687 414 sed
725 387 896 422 superiorum
931 386 1014 413 etiam

227 437 382 465 temporum
412 432 511 459 delicta
544 433 664 459 fraterna
688 439 899 464 correcturum,
922 431 1015 459 clades

226 476 375 510 praesertim
397 484 411 503 a
436 477 564 505 Barbaris
590 482 736 512 propterea
761 477 852 504 illatas
875 477 948 511 quod
974 477 1015 504 eis

225 528 308 548 nemo
333 522 480 549 restitisset
511 527 558 549 aut
587 531 679 550 rerutn
711 530 804 550 curam
835 522 1013 557 suscepisset,

227 566 273 593 ille
288 572 394 599 contra,
408 573 438 595 ut
462 569 517 603 jam
537 574 662 596 votorum
685 569 807 597 omnium
829 574 857 596 et
881 569 953 596 unici
983 577 1015 596 ac

226 612 349 640 diuturni
367 613 496 640 desiderii
519 622 632 649 compos
660 615 758 647 factus,
779 615 881 642 corolla
901 616 1015 650 insignis

226 656 341 691 ignavia:
354 665 414 684 sese
432 657 546 689 dedidit,
558 660 635 692 quasi
647 667 702 686 non
716 659 862 694 legitimam
872 660 1014 687 hominum

225 709 258 728 cu
264 703 395 730 rationem
405 703 527 735 sortitus,
538 704 584 732 sed
599 705 756 732 deliciarum
764 711 791 733 et
799 707 846 734 otii
859 707 1013 733 facultatem

225 754 287 774 esse
308 747 454 782 imperium
478 750 648 784 opinaretur.
663 751 744 785 igitur
762 751 866 786 abjecta
880 751 962 786 606
975 752 1014 778 rei

225 793 347 827 publica:
369 802 445 827 cura,
460 800 490 823 ut
515 796 683 831 gubernator
699 797 828 825 fluctibus
840 798 1013 832 defatigatus,

227 838 255 865 iu
273 846 357 865 aureo
377 840 476 866 vestitu
491 848 519 867 se
533 841 708 874 ostentabat;
727 847 754 869 et
779 843 883 877 apertis
899 844 1014 871 auribus

226 884 349 911 omnium
364 892 458 912 eorum
483 887 666 920 petitionibus
692 888 840 921 annuebat,
865 897 935 923 quos
954 889 1012 916 adi-

226 929 349 964 piscendi
378 931 486 966 imperii
510 932 652 967 adjutores
675 933 821 966 habuerat,
846 939 873 962 et
898 940 1014 968 utraque

226 983 308 1002 manu
343 977 486 1010 pecuniam
506 978 540 1005 ab
574 979 678 1006 lsaacio
701 979 844 1007 collectam
865 981 1015 1015 profunde-

225 1022 294 1052 bat,
326 1029 381 1049 non
413 1024 592 1051 considerans
623 1032 685 1052 cum
718 1030 820 1059 quanta
854 1026 1013 1054 dillicullate

1031 873 1050 900 Β

182 1062 184 1064 ’
225 1072 321 1100 postea
346 1068 528 1103 recolligenda
557 1074 672 1097 essetet
697 1078 779 1104 quam
807 1075 911 1099 temere
940 1080 1014 1100 nunc

225 1113 418 1148 dissiparetur.
450 1114 518 1142 Cum
554 1115 639 1149 igitur
672 1117 760 1144 instar
793 1118 933 1152 palearum
966 1123 1014 1145 aut

224 1159 310 1185 a-stivi
341 1160 461 1194 pulveris
484 1161 613 1189 celeriter
646 1161 761 1196 disjecta
791 1167 819 1190 et
849 1163 876 1190 in
903 1168 1014 1191 ventres

225 1204 348 1239 ignavos,
364 1213 434 1240 quos
461 1214 496 1233 ne
513 1211 595 1234 norat
617 1207 743 1242 quidem.
768 1208 908 1244 insumpta
930 1215 1012 1242 esset.

226 1255 329 1277 temere
348 1251 495 1278 muniﬁcus
511 1252 662 1286 imperator
674 1253 731 1288 ipse
747 1254 856 1282 tandem
874 1255 1012 1289 profusio-

226 1305 288 1324 ncm
303 1306 379 1325 suam
400 1298 533 1326 damnare
559 1299 655 1334 coepit,
676 1307 738 1326 cum
767 1301 884 1335 pecunia
909 1307 1012 1337 egeret.

225 1343 292 1377 Ejus
310 1352 374 1372 vero
394 1352 472 1377 uxor,
491 1345 563 1371 virili
594 1345 687 1372 animo
713 1346 813 1374 mulier
839 1351 868 1374 et
894 1347 929 1375 ab
954 1348 1013 1383 ipsa

226 1395 323 1417 natura
339 1391 449 1417 dicendi
484 1391 623 1419 suavitate
654 1396 682 1419 et
712 1392 806 1426 lepore
828 1399 935 1426 ornata,
963 1403 1015 1422 nec

226 1437 259 1463 ad
277 1437 422 1470 pratsentia
440 1437 708 1473 duutaxat.optime
727 1439 945 1468 administranda
965 1442 1012 1468 sed

225 1488 253 1508 et
270 1483 302 1509 ad
318 1483 408 1510 futura
429 1484 598 1519 providenda
623 1485 815 1517 solertissime,
842 1487 904 1514 aliis
931 1488 1014 1516 rebus

226 1529 367 1556 teterrima
390 1531 474 1564 pestis
499 1531 559 1557 fuit.
594 1531 690 1566 Neque
711 1540 787 1559 nunc
814 1532 848 1560 de
876 1534 1013 1568 exquisito
1029 1541 1050 1570 (ς

226 1579 324 1601 ornatu
346 1579 374 1601 et
394 1575 460 1602 luxu
480 1576 555 1610 regio
585 1576 693 1611 loquor,
721 1585 810 1611 neque
838 1578 873 1606 de
888 1587 921 1606 eo
939 1580 1013 1613 quod

228 1620 329 1655 ingenii
357 1620 489 1648 felicitate
522 1622 549 1648 in
580 1623 713 1650 mutando
741 1629 852 1658 recepto
885 1630 956 1653 statu
987 1631 1016 1653 et

226 1664 309 1690 rebus
323 1664 455 1692 novandis
485 1666 615 1693 maritum
645 1667 792 1701 superabat
824 1669 914 1703 (nam
945 1671 1013 1704 haec,

226 1710 277 1736 etsi
303 1717 357 1736 non
388 1710 488 1738 decora
509 1711 682 1745 mulieribus,
715 1713 818 1748 reginis
851 1717 1014 1750 praesertim,

227 1761 318 1783 tamen
344 1758 534 1791 pra-tcreuuda
550 1759 686 1794 censeo),
707 1760 754 1787 sed
781 1760 816 1787 de
834 1761 1015 1796 impudicitia:

226 1802 331 1836 probro
358 1808 440 1837 atque
468 1803 580 1831 infamia
599 1805 682 1840 607
699 1814 753 1841 qua
781 1808 909 1836 maritum
926 1809 1014 1837 debo-

228 1849 363 1876 nestabat.
386 1849 437 1882 Qui
472 1857 534 1877 curn
565 1850 645 1878 initio
674 1851 701 1878 id
738 1853 860 1880 dedecus
893 1855 965 1882 scire
988 1861 1016 1883 et

227 1893 401 1922 dissimulare
433 1896 467 1923 ab
503 1896 633 1924 omnibus
663 1901 831 1932 putaretur,
867 1904 956 1927 tamen
984 1909 1014 1928 ea

206 1939 348 1967 .lacinora
383 1948 413 1968 se
449 1941 614 1977 ignorasse,
650 1948 746 1977 postea
785 1953 847 1971 cum
876 1946 1014 1980 publicata

226 1989 331 2018 essent,
361 1985 521 2020 declaravit,
543 1993 573 2014 ut
598 1996 649 2015 suo
680 1994 804 2024 tempore
830 1992 1014 2020 narrabimus.

226 2030 294 2058 Cum
332 2032 417 2067 igitur
451 2033 611 2067 imperatrix
648 2034 755 2063 limites
797 2037 953 2065 transiliret
988 2043 1016 2066 et

226 2077 399 2111 superiorum
427 2077 612 2114 Augustarum
644 2080 769 2108 instituta
803 2087 1015 2118 contemneret,

227 2122 373 2156 imperium
399 2123 480 2158 plane
501 2125 527 2151 in
544 2125 613 2153 duos
629 2126 801 2162 principatus
815 2132 858 2155 est
882 2128 1015 2157 divisum.

225 2166 320 2201 Neque
344 2168 432 2201 enim‘,
450 2170 598 2204 imperator
627 2171 761 2199 duntaxat
790 2173 924 2208 quicquid
956 2179 1016 2202 erat

846 144 995 175 NICETJE
1017 143 1224 175 (ΣΠΟΝΙΑΤᾸΞ

1809 142 1863 175 833

1068 208 1112 230 νος
1127 199 1270 234 Κομνηνὶς
1291 199 1446 232 ἐπελέγετο,
1464 198 1520 225 εἴτε
1536 198 1567 225 τὸ
1582 199 1727 232 ἐπώνυμον
1758 199 1862 232 ἀδοξῶν

1066 243 1110 271 οἷα
1136 245 1267 279 ὑφιζάνον
1293 246 1361 280 πρῦς
1390 245 1420 270 τὸ
1452 245 1627 279 Κομνηνικὸν
1656 245 1785 278 κλέῑσμα,
1805 245 1862 270 εἴτε

1068 291 1247 324 συναφαντῶν
1262 291 1301 325 τῷ
1319 291 1450 325 όμαίμονι
1474 291 1522 317 καὶ
1544 290 1593 325 τὴν
1618 291 1724 316 ἐκείνου
1742 290 1864 324 ἐπίκλη-

1068 345 1119 362 σιν.
1150 337 1291 364 Ἁπάντων
1316 337 1338 363 δ’
1349 337 1482 370 οἰομένων
1508 336 1576 371 μετὰ
1602 336 1651 370 τὴν
1677 336 1865 370 ἀναγόρευσιν

1066 382 1166 408 αὐτίκα
1179 384 1225 409 καὶ
1239 383 1288 417 τὴν
1301 383 1356 408 τῶν
1373 382 1543 416 πραγμάτων
1563 382 1705 416 ἦρέμησιν
1731 380 1868 408 ὸπλιτεύυ
1879 399 1889 406 .

1066 436 1131 454 οντα
1158 429 1278 462 φανῆνῖι
1302 429 1349 455 καὶ
1376 427 1565 464 θυραυλοῦντα
1585 427 1630 453 τὸν
1654 426 1784 460 Ἀλέξιον.
1813 428 1867 453 καὶ

1066 474 1114 508 οὐχ
1139 474 1213 504 ὅπως
1242 474 1435 509 ἀντιστήσεται
1459 474 1514 504 τοϊς
1531 474 1560 499 ἐν
1588 473 1666 507 χερσὶ
1683 473 1865 508 δυσχερέσιν,

1065 519 1134 546 ἀλλὰ
1151 521 1198 546 καὶ
1213 520 1246 546 τὰ
1264 520 1399 554 πρότερον
1414 520 1602 554 ἡμαρτημένα
1619 520 1685 554 πρδς
1711 519 1760 545 τοῦ
1781 528 1867 545 κασι-

1066 564 1166 598 γνήτου
1183 564 1220 599 μὴ
1234 564 1267 590 ἄν
1280 572 1345 590 ποτε
1362 563 1528 598 ἀνασχέσθαι
1538 564 1713 598 παροφθῆναέ
1728 565 1753 589 οἱ
1767 565 1865 590 ὀπωσσ

1065 611 1113 637 οὖν
1135 610 1298 646 ἀδιόρθωτα,
1333 611 1380 637 καὶ
1407 610 1517 645 μάλισθ’
1533 611 1583 636 ὅσα
1601 611 1695 641 κακῶς
1715 611 1769 636 ὑπὸ
1790 612 1866 646 Bap-

1066 657 1158 693 ϐάρων
1174 657 1274 684 ἔπαθον
1290 658 1328 692 μὴ
1342 656 1388 683 τὸν
1403 656 1602 690 ἀνθιστάμενον
1617 656 1714 690 ἔχοντα
1731 656 1801 690 μηδὲ
1815 657 1865 683 τὸν

1065 703 1142 737 ὁτιδὴ
1171 702 1374 737 παθηνάμενον,
1404 702 1418 728 δ
1445 701 1473 727 δὲ
1500 701 1570 736 πρὸς
1597 702 1672 728 ἅπαν
1703 701 1866 727 τούναντίον

1068 748 1254 783 μεθήρμοστο,
1274 748 1322 774 καὶ
1339 749 1378 780 ὡς
1392 747 1424 774 τὸ
1439 748 1593 782 ἀκρότατον
1613 747 1663 782 ήδη
1681 747 1736 774 τῶν
1754 748 1864 782 ἐφετῶν

1066 794 1185 829 εἰληφὼς
1201 795 1249 820 καὶ
1274 794 1343 829 πρὸς
1366 794 1380 820 ὃ
1405 793 1489 821 πάλαι
1505 794 1535 820 τὸ
1549 795 1604 820 πᾶν
1619 795 1741 820 ἐπέτεινε
1759 795 1867 830 πρόθυο

1067 850 1118 876 μον
1149 841 1287 875 ὲφθακὼς,
1319 840 1437 867 ἀνέπεσε
1464 841 1688 875 στεφηφορήσας,
1713 840 1750 871 ὡς
1779 839 1865 874 εἴπερ

1065 888 1115 914 οὐκ
1134 887 1297 914 ἐπιστασίαν
1324 887 1436 921 ἔννομον
1465 886 1618 921 ἀνθρώπων
1645 886 1702 913 ἀλλ’
1727 887 1866 920 εὐπορίαν

1066 933 1159 968 χλιδῆς
1176 933 1224 960 καὶ
1243 933 1362 965 ἀνέσεως
1389 934 1514 968 παροχὴν
1539 933 1590 961 τὴν
1609 932 1750 968 βασιλείαν
1779 931 1863 968 ᾤετο.

1065 979 1171 1006 Οὐκοῦν
1197 979 1245 1005 καὶ
1269 979 1319 1013 τὴν
1344 978 1399 1004 τῶν
1425 978 1525 1004 κοινῶν
1543 978 1680 1012 διοίκησιν
1707 978 1862 1012 παρεικὼς,

1064 1024 1101 1055 ὡς
1119 1024 1149 1050 τὸ
1163 1024 1293 1059 πηδάλιον
1308 1024 1321 1049 ὁ
1341 1023 1516 1059 κυϐερνήτης
1532 1024 1562 1054 δς
1582 1024 1718 1058 ἀπείρηκε
1741 1024 1812 1058 πρὸς
1829 1026 1864 1050 τὰ

1065 1070 1188 1104 κύματα,
1212 1068 1393 1104 χρυσοφορῶν
1408 1067 1441 1104 ἦν
1457 1069 1505 1094 καὶ
1530 1069 1581 1103 τὴν
1604 1069 1689 1104 ἀκοὴν
1705 1068 1771 1103 ὅλην
1795 1069 1865 1094 ἀνα-

1065 1117 1200 1146 πεταννὺς
1224 1116 1272 1142 καὶ
1297 1116 1390 1142 πᾶσαν
1405 1115 1527 1147 ἔντευξιν
1544 1115 1728 1150 χαριζόμενος
1753 1116 1813 1146 τοῖς
1829 1116 1864 1141 ἐκ

1064 1161 1114 1196 τῆς
1139 1161 1247 1196 μερίδος
1262 1161 1316 1188 τῶν
1333 1161 1570 1195 συνεφαψαμένων
1585 1161 1661 1196 αὐτῷ
1684 1161 1734 1196 τῆς
1759 1161 1862 1196 ἀρχῆς,

1065 1208 1112 1234 καὶ
1127 1207 1245 1242 ἀφειδῶς
1259 1207 1431 1242 ἀμφοτέραις
1446 1206 1579 1241 ἀπήντλει
1594 1207 1627 1232 τὰ
1641 1207 1772 1242 χρήματα
1785 1205 1863 1240 ἆπερ

1066 1254 1207 1287 συνέλεξεν
1227 1253 1373 1286 Ἰσαάκιος,
1392 1252 1453 1279 οὕτε
1482 1252 1531 1288 τὴν
1547 1252 1654 1287 ἐργώδη
1671 1252 1774 1278 τούτων
1800 1253 1863 1278 εισ-

1066 1300 1163 1326 ἐπειτα
1189 1301 1353 1334 συναγωγὴν
1378 1299 1564 1333 σκοπούμενος
1579 1298 1640 1324 οὐδὲ
1655 1299 1705 1332 τὴν
1729 1298 1863 1332 διακενῆς

1064 1345 1216 1380 ἀπόκτησιν
1249 1344 1460 1379 εὐλαὸούμενος,
1490 1342 1535 1377 Τῷ
1565 1350 1607 1368 τοι
1636 1342 1861 1376 διαφορηθέντων

1064 1391 1142 1427 δίκην
1159 1391 1297 1426 ἀχυρμιᾶς
1323 1391 1369 1416 καὶ
1386 1390 1458 1416 κατὰ
1474 1389 1585 1424 Θερινὴν
1600 1389 1673 1415 κόνιν
1690 1389 1863 1424 ἐσκεδασμέ-

1065 1445 1117 1464 νων
1150 1437 1255 1472 ταχὲως
1285 1437 1352 1471 πρὸς
1384 1435 1471 1470 ἀργὰς
1510 1435 1647 1469 γαστέρας
1679 1435 1711 1465 ἃς
1740 1435 1796 1461 οὐδ’
1824 1434 1860 1470 ἦν

1065 1483 1257 1517 ἐπιστάμενος,
1289 1483 1303 1508 ό
1328 1483 1360 1516 τῇ
1389 1481 1535 1515 φιλοδωρὶᾳ
1569 1481 1770 1515 προσκείμενος
1795 1482 1859 1516 εἰκῇ

1067 1529 1245 1564 αὐτοκράτωρ
1257 1528 1354 1554 ἑαυτὸν
1371 1527 1421 1561 τῆς
1437 1527 1556 1556 ἀσωτίας
1571 1526 1712 1560 ἐμέμφετο
1730 1525 1861 1560 ὕστερον,

1068 1575 1148 1610 ἡνίκα
1175 1575 1328 1609 χρημάτων
1351 1573 1486 1607 ὲχάτιζεν.
1501 1569 1554 1598 Ἤν
1569 1572 1597 1597 δὲ
1623 1572 1696 1605 καὶὴ
1712 1571 1760 1598 τοῦ
1780 1572 1860 1606 βασι-

1066 1621 1134 1652 λέως
1147 1621 1222 1647 τοῦδε
1240 1620 1345 1651 ἄκοιτις
1360 1620 1392 1645 τὸ
1407 1621 1457 1653 μὲν
1470 1619 1596 1653 φρόνημα
1615 1618 1662 1644 καὶ
1676 1618 1736 1644 λίαν
1753 1618 1861 1653 ἀνδρώ-

1066 1669 1114 1704 δης
1140 1669 1187 1696 καὶ
1213 1667 1336 1702 γλῶτταν
1357 1667 1501 1701 αὐτοφυῶς
1531 1665 1654 1700 αὐχοῦσα
1684 1665 1857 1700 σοφιστικὴν,

1067 1716 1159 1750 χάρισι
1182 1713 1376 1749 διηνθισμένην
1393 1713 1441 1738 καὶ
1466 1712 1664 1746 περιοεομένην
1693 1711 1859 1746 γλυκύτητι,

1067 1760 1108 1796 [Ρ.
1124 1759 1189 1795 296]
1213 1759 1261 1786 καὶ
1286 1757 1444 1793 προγνῶναι
1463 1758 1494 1783 τὸ
1521 1756 1616 1791 μέλλον
1635 1756 1791 1790 ἱκανωτάτη
1811 1758 1859 1782 καὶ

1066 1808 1098 1834 τδ
1121 1806 1237 1838 ἐνεστὼς
1254 1806 1374 1841 ἀρίστως
1397 1805 1544 1838 διοικήσειν
1571 1803 1754 1838 ἐπισταμένη,
1776 1803 1810 1829 τὰ
1836 1803 1858 1829 5‘

1066 1855 1133 1883 ἄλλα
1152 1855 1236 1882 κακὸν
1252 1853 1405 1887 διωλύγιον,
1423 1852 1453 1878 οὔ
1471 1860 1542 1886 φημι
1565 1851 1614 1882 τὰς
1628 1851 1788 1886 κομμώσεις
1811 1851 1859 1876 καὶ

1068 1902 1206 1938 βασιλείας
1226 1900 1460 1934 καθηδυπάθησιν,
1483 1899 1530 1925 καὶ
1547 1899 1577 1924 τὸ
1601 1897 1705 1932 ἰσχύειν
1722 1897 1794 1931 ὑπὲρ
1812 1896 1857 1922 τὸν

1066 1948 1216 1984 ὁμευνέτην
1228 1947 1323 1982 εὐροίᾳ
1338 1946 1447 1980 φύσεως
1463 1946 1640 1980 μετενεγκεῖν
1650 1944 1684 1970 τὰ
1696 1943 1858 1969 mese-1(7)::

1066 1994 1114 2021 καὶ
1130 1993 1168 2028 μὴ
1182 1992 1248 2018 ὅντα
1262 1991 1420 2025 ἐπεξευρεῖν
1436 1990 1533 2025 (ταῦτα
1547 1991 1600 2024 γὰρ
1618 1989 1647 2015 οὐ
1664 1989 1708 2015 διὰ
1727 1989 1808 2022 λόγου
1825 1991 1857 2023 τῇ

1067 2040 1185 2075 ῑστορίᾳ,
1207 2039 1258 2066 κᾶν
1283 2036 1339 2064 εἷεν
1357 2036 1482 2071 γυναιξὶν
1496 2036 1545 2070 οὐχ
1562 2035 1690 2070 ἁρμόδια,
1706 2035 1753 2061 καὶ
1779 2034 1858 2069 βασι-

1065 2087 1174 2117 λίσσαις
1201 2085 1256 2121 (44)
1285 2083 1391 2117 οἱαισδὴ
1421 2082 1640 2118 προσεγένετο),
1668 2080 1726 2108 ἀλλ’
1754 2080 1797 2106 ὅτι
1828 2080 1859 2106 τὸ

1065 2132 1198 2168 κάλυμμα
1209 2131 1258 2166 τῆς
1271 2130 1362 2160 αἰδοῦς
1375 2129 1535 2163 ἀτιμάσασα
1548 2127 1687 2159 είλκύζετο
1704 2126 1752 2153 καὶ
1768 2126 1860 2153 διεπυ-

1070 2179 1175 2216 ρίττετο
1189 2177 1237 2204 καὶ
1254 2176 1294 2209 εις
1314 2175 1414 2207 δνειδος
1429 2173 1464 2209 ἦν
1477 2174 1516 2209 τῷ
1539 2174 1643 2208 ταύτην
1659 2173 1859 2208 ἁρμοσαμένῳ.

225 2213 335 2241 libitum
351 2214 517 2243 mandabat:
531 2216 580 2244 sed
595 2217 642 2244 illa
665 2218 747 2245 etiam
763 2219 822 2254 pari
837 2219 1013 2253 auctoritate,

1071 2211 1103 2251 ’Ὁ
1118 2223 1147 2251 δὲ
1171 2223 1206 2249 τὰ
1222 2222 1272 2257 μὲν
1297 2220 1394 2256 πρῶτα
1409 2220 1512 2246 εἰδέναι
1535 2219 1570 2245 τὰ
1587 2219 1762 2254 ἀτοπούμενα
1781 2219 1859 2253 παρὰ

226 2266 288 2294 quae
305 2260 365 2286 visa
389 2264 479 2292 erant,
510 2262 676 2297 peragebat,
698 2263 754 2290 imo
782 2264 931 2299 aliquando
963 2273 1013 2300 pro

227 2312 277 2331 sua
313 2305 429 2332 libidine
458 2306 533 2334 illius
549 2307 634 2342 jussis
664 2307 860 2336 intercedebat.
890 2309 924 2336 Et
951 2318 1013 2337 cum

227 2350 352 2377 maxima:
371 2351 523 2386 legationes
540 2352 687 2380 audienda:
703 2357 793 2387 erant,
811 2354 867 2381 duo
893 2355 1013 2390 pretiosa

226 2397 295 2424 solia
317 2397 565 2432 conjungebanlur,
579 2402 606 2425 et
633 2398 677 2426 illa
697 2400 795 2426 marito
829 2408 890 2427 cum
916 2409 1012 2436 magno

226 2443 375 2476 splendore
399 2451 430 2470 ac
456 2443 558 2478 pileolo
579 2445 695 2478 gemmis
722 2450 748 2472 ct
770 2447 923 2481 perspicuis
940 2456 1013 2474 utar-

225 2488 321 2522 garitis
335 2494 434 2516 ornato
446 2490 594 2521 assidebat,
624 2495 651 2517 et
666 2495 777 2525 torques
794 2493 1012 2526 pretiosissimos

225 2535 260 2561 (lc
287 2535 357 2561 collo
385 2535 582 2570 suspendebat.
621 2536 776 2571 Aliquando
794 2538 876 2565 etiam
899 2539 926 2565 in
954 2539 1014 2566 aliis

227 2581 334 2614 palatiis
348 2581 466 2617 sejuncti
485 2590 535 2616 per
565 2583 639 2610 vices
669 2583 866 2615 adorabautur,
893 2584 1013 2610 subditis

225 2628 259 2653 ab
289 2628 456 2662 imperatore
473 2628 505 2656 ad
524 2628 597 2655 illam
611 2629 782 2656 salutandam
805 2630 1012 2657 transeuntibus

225 2677 252 2697 rt
268 2680 356 2706 genua
377 2674 542 2701 submissius
557 2673 743 2702 ﬂectentibus.
767 2675 898 2702 Nonnulli
927 2675 1010 2702 etiam

227 2717 402 2752 imperatoris
417 2721 625 2755 consanguinei,
641 2721 688 2757 qui
699 2729 819 2749 summos
836 2722 1012 2756 magistratus

1063 2267 1148 2293 πᾶσιν
1173 2265 1308 2297 ἐκρίνετο,
1335 2264 1393 2294 τοῖς
1418 2263 1440 2289 δ’
1462 2261 1590 2296 ἀγνοοῦσι
1615 2260 1858 2296 σχηματίζεσθαι·

1063 2311 1094 2343 ἐξ
1116 2309 1154 2337 ὧν
1180 2310 1201 2336 δ’
1219 2309 1334 2344 ὕστερον
1355 2308 1521 2342 διεπεπράχε
1531 2316 1550 2338 ι,
1575 2308 1620 2333 ὅτε
1644 2306 1679 2332 τὰ
1707 2307 1781 2334 κατὰ
1809 2308 1860 2340 τὴν

1064 2357 1189 2382 σύνοικον
1216 2354 1362 2388 γεγόνασιν
1379 2352 1516 2384 ἔκπυστα,
1535 2352 1630 2386 σαφῶς
1649 2352 1792 2381 ὑπέδειξεν
1821 2354 1861 2383 ὡς

1063 2402 1139 2428 οὐδὲν
1154 2401 1208 2427 τῶν
1223 2399 1407 2435 τολμωμένων
1421 2399 1566 2434 ἠπίστατο.
1584 2398 1705 2432 Δηλώσει
1725 2399 1754 2425 δὲ
1769 2399 1860 2425 ταῦτα.

1064 2448 1094 2474 τὸ
1107 2448 1196 2480 λέγειν
1212 2446 1282 2472 κατὰ
1296 2445 1341 2472 τὸν
1356 2446 1456 2471 οἰκεῖον
1474 2444 1582 2479 καιρόν,
1600 2444 1656 2478 Τῆς
1673 2445 1764 2470 τοίνυν
1780 2444 1860 2478 βπε-

1064 2493 1134 2524 λίδος
1149 2493 1212 2523 τοὺς
1228 2492 1309 2526 ὅρους
1329 2489 1550 2525 ὑπερόαινούσης
1576 2490 1624 2515 καὶ
1651 2489 1685 2515 τὰ
1711 2490 1775 2520 ταῖς
1793 2491 1860 2524 πρὶν

1064 2538 1235 2571 Αὐγούσταις
1264 2537 1406 2572 Ῥωμαίων
1435 2535 1516 2570 ἔθιμα
1545 2533 1694 2569 ἀδοξούσης
1713 2555 1719 2565 ,
1741 2536 1784 2566 εἰς
1813 2535 1861 2561 διο

1064 2584 1183 2618 ἀτεχνῶς
1206 2584 1292 2618 ἀρχὰς
1310 2584 1326 2618 ἡ
1349 2583 1473 2616 βασιλεία
1490 2582 1602 2617 διῄρητο
1615 2589 1623 2597 ο
1639 2581 1669 2607 οὺ
1688 2581 1744 2615 γὰρ
1761 2582 1776 2607 ό
1791 2591 1860 2616 κρα-

1065 2633 1119 2654 τῶν
1138 2628 1217 2662 μόνον
1240 2629 1326 2654 ὁπόσα
1354 2628 1446 2663 ᾑρεῖτο
1468 2627 1647 2660 διεκελεύετο,
1665 2627 1734 2653 ἀλλὰ
1759 2636 1861 2654 ταυτο-

1065 2674 1191 2707 δυνὰμως
1215 2673 1300 2708 τούτῳ
1319 2674 1431 2709 κάκείνῃ
1458 2674 1492 2699 τὰ
1513 2674 1582 2708 πρὸς
1599 2673 1699 2708 βουλῆς
1725 2674 1861 2708 διεπράτ-

1070 2728 1143 2749 τετο,
1168 2720 1196 2745 ὲν
1225 2720 1333 2751 πολλοῖς
1355 2720 1382 2745 δὲ
1407 2721 1454 2746 καὶ
1473 2720 1567 2746 ἀνέλυε
1587 2720 1654 2755 πρὸς
1682 2720 1713 2746 τὸ
1733 2720 1860 2756 θυμῆρες

870 2782 956 2812 Hier.
979 2779 1081 2810 Woliii
1102 2783 1198 2809 uotm.

263 2830 412 2867 (ΗλΑιιθτ
424 2831 466 2865 (Ai
482 2833 516 2859 de
531 2833 711 2867 impmlicftia,
729 2833 798 2860 alter
814 2833 855 2863 (Bt
877 2833 910 2859 de
925 2834 1095 2867 impudentia
1110 2841 1136 2863 et
1154 2832 1326 2863 immodestia
1343 2833 1368 2860 in
1389 2833 1556 2867 singultibus
1593 2838 1618 2860 et
1653 2834 1779 2861 ruclibns
1817 2835 1858 2861 \‘i-

228 2862 315 2891 detur
324 2866 407 2901 loqui.
423 2863 490 2894 Nam
506 2862 619 2896 barbara
635 2869 692 2896 [nec
706 2862 760 2896 non
777 2869 842 2896 satis
858 2862 990 2903 intelligo.
