1952 3076
218 112 272 144 835

829 104 977 136 NICETA!
998 104 1203 135 CHONIATA!

1788 107 1838 138 836

219 165 349 195 leseentis
358 165 534 195 miserentur,
543 161 588 190 cui
597 168 711 196 regnum
720 159 1006 195 proavitumdebetur,

1062 160 1240 193 πενεγκόντος
1257 159 1323 186 ποτὲ
1337 159 1375 191 ὠς
1390 159 1404 185 ό
1422 158 1470 186 τοῦ
1486 159 1688 195 αὐτοκράτορος
1705 161 1763 192 υἱὸς
1781 162 1841 188 Μα-

219 221 274 248 quo
289 218 378 240 tamen
394 218 447 237 una
459 216 521 237 eum
534 208 624 243 patria
642 215 691 242 per
710 206 839 241 injuriam
858 211 900 233 est
915 206 1006 242 priva-

220 264 275 286 tus.
294 268 304 284 ι
323 257 416 291 Itaque
429 255 526 282 videns
553 255 703 288 imperator
732 261 762 280 se
786 252 856 279 nihil
872 259 920 279 sua
938 259 1006 285 prae—

219 305 306 332 sentia
333 303 478 337 prolicere,
503 301 623 328 castellis
645 299 802 335 prmteritis,
821 305 938 331 quorum
953 297 1006 324 alia

217 352 254 377 ab
273 350 367 377 Alexio
381 348 496 376 dimovit
518 348 571 374 alia
596 346 720 373 incendit
746 349 777 372 ut
800 345 931 372 seditioso
957 344 1006 370 ad-

217 396 301 427 dicta,
319 395 346 421 iu
364 394 460 421 urbem
476 393 567 425 rediit,
589 391 764 426 expeditione
778 390 886 417 duobus
905 390 1008 416 mensi-

218 443 270 470 bus
280 442 437 474 terminata,
449 446 476 468 ct
485 441 586 468 Cilicia:
598 440 682 467 rebus
689 438 806 466 Manueli
815 437 1007 465 Cautaeuzeuo

217 489 365 516 mandatis.
383 487 435 515 Sed
450 495 512 514 eum
528 494 563 513 ne
582 486 605 513 is
616 485 727 520 quidem
738 489 832 519 aperte
848 484 887 510 illi
904 483 1006 510 bellum

218 534 345 565 inferret.
361 532 488 567 quamvis
506 533 595 559 Persa:
615 531 724 558 auxiliis
741 530 859 557 subinde
871 528 1006 556 crescenti

217 585 245 607 et
262 588 277 606 a
290 579 410 606 castellis
430 579 543 613 Ancyrae
564 577 687 603 ﬁnitimis
698 576 827 603 omnibus
841 579 889 602 aut
910 575 1006 602 saltem

217 625 345 660 pluribus
360 625 461 652 tributa
488 624 618 658 exigenti,
639 622 778 649 diuturnis
804 622 899 655 utique
925 621 1007 647 malis

218 671 358 697 Romanos
375 663 525 697 allecturus
552 669 598 696 ille
623 668 688 700 fuit,
707 667 758 694 nisi
780 667 837 694 Deo
864 673 934 693 nova
961 665 1008 692 hic

218 723 328 750 quoque
345 716 453 742 ratione
478 715 565 742 nostri
591 715 715 745 miserto,
732 713 759 740 in
775 713 887 740 castello
901 711 1007 746 Zungra

218 767 300 788 noctu
321 762 461 796 jugulatus
478 768 492 787 a
504 760 623 795 quodam
643 760 750 787 fuisset.
771 759 816 786 Sic
831 759 948 793 lulguris
964 759 1007 784 iu-

219 813 275 834 star
296 807 388 834 subito
416 811 445 833 et
472 806 588 833 emicuit
611 811 639 832 et
662 805 784 837 evanuit,
806 808 854 831 aut
872 808 902 830 ut
927 803 1009 830 ﬂatus

1058 205 1139 240 νουὴλ
1157 205 1241 232 πάλαι
1255 206 1360 232 amen.)
1375 205 1483 240 θανάτῳ
1493 202 1515 239 ᾧ
1529 205 1561 240 δὴ
1575 206 1642 241 πρὸς
1672 206 1843 237 Ἀνδρονίκου

1057 252 1282 282 καταδεδίκαστο,
1300 252 1313 277 ὁ
1327 246 1418 278 δὲ’νῦν
1432 251 1553 286 προσιὼν
1565 250 1642 283 οὗτος
1662 252 1762 283 πλάνος
1786 253 1847 279 ἐστὶ

1058 301 1105 325 καὶ
1121 299 1168 326 τοῦ
1179 299 1234 325 τῶν
1248 299 1400 333 Κομνηνῶν
1416 299 1511 332 γένους
1522 300 1675 334 ἀλλότριος,
1693 301 1717 326 εί
1728 301 1751 326 δ’
1769 301 1846 326 ἐκεῖ·

1058 354 1102 372 νον
1119 345 1176 380 δοίη
1197 353 1238 376 τις
1250 345 1300 379 ζῇν
1315 346 1361 371 καὶ
1377 344 1471 371 τοῦτον
1482 343 1552 372 εἶναι
1567 346 1613 372 τὸν
1635 347 1758 378 ἐπιόντα,
1785 345 1846 373 ἀλλ’

1057 391 1139 423 αὐτὸς
1158 391 1253 426 ἄρχειν
1268 391 1402 426 δήπουθεν
1416 392 1584 426 δικαιότερος
1610 393 1624 418 ὀ
1653 392 1750 418 καὶτὰ
1775 392 1848 418 Ῥωο

1059 439 1147 473 μαίων
1160 439 1286 473 σκῆπτρα
1299 438 1428 473 χειρίζων
1451 439 1518 469 νυνὶ,
1544 439 1709 465 ἐπελάϐοντο
1730 438 1785 464 τῶν
1803 439 1848 464 λό-

1057 493 1114 515 γων
1124 485 1148 510 at
1168 484 1348 519 ἀκροώμενοι,
1372 484 1419 510 καὶ
1440 485 1588 511 ἀπἀὐτῶν
1601 484 1779 519 πορισάμενοι
1796 485 1848 518 τὴν

1059 530 1198 557 ἀντίθεσιν
1216 531 1302 565 «Δρᾷς
1314 539 1323 556 ι
1341 530 1447 564 ἔλεγον,
1466 539 1476 556 ι
1492 530 1612 565 βασιλεῦ,
1637 531 1676 562 ὡς
1701 531 1745 565 dp‘
1760 532 1848 565 ἀμφι-

1059 577 1146 609 γνοείς
1171 576 1218 602 καὶ
1238 578 1270 603 σὺ
1287 577 1352 610 περὶ
1366 576 1413 602 τοῦ
1432 578 1536 608 παιδὸς,
1550 578 1597 603 καὶ
1613 576 1659 602 τὸν
1678 576 1783 603 ἐκείνου
1799 576 1849 602 θά-

1059 630 1139 648 νατον
1160 622 1333 656 ἀμφήριστον
1352 623 1454 657 ἥγησαι
1468 631 1475 655 ;
1491 623 1537 658 Μὴ
1553 621 1600 649 οὖν
1620 623 1768 658 χαλέπαινε
1790 623 1849 652 τοῖς

1059 667 1103 693 τὸν
1116 666 1223 693 νεανίαν
1238 667 1418 702 οίκτείρουσιν
1428 667 1460 693 εκ
1475 667 1525 701 μὲν
1536 667 1676 701 τριγονίας
1690 666 1740 702 τὴν
1766 666 1848 701 βασι-

1058 713 1133 739 λείαν
1143 713 1171 743 ὲς
1185 713 1267 738 αὑτὸν
1282 713 1499 739 καταϐαίνουσαν
1517 712 1625 747 ἔχοντα,
1640 714 1727 748 ἀρχῆς
1740 711 1762 738 δ’
1776 711 1846 746 ὁμοῦ

1059 758 1106 784 καὶ
1134 757 1262 792 πατρίδος
1291 758 1366 793 παρὰ
1391 757 1471 792 δίκην
1493 758 1730 791 ἀποπλαζόμενον.
1746 766 1756 782 ι
1771 757 1847 783 Ὶὸὼν

1058 803 1149 830 τοίνυν
1173 804 1187 829 ὁ
1203 803 1329 838 βασιλεὺς
1353 803 1391 835 ὡς
1408 804 1485 830 οὐδὲν
1501 804 1611 838 ὠφελεῖ,
1629 805 1677 831 καὶ
1691 806 1740 839 τὴν
1763 804 1848 834 αὐτὸς

218 855 367 880 vehemens
383 861 417 880 ex
435 858 516 879 antro
540 852 656 887 Corycio
673 859 832 886 erumpens.
850 850 898 885 qui
923 850 1006 885 paulo

1062 849 1141 875 αὑτοῦ
1169 850 1319 883 παρουσίαν
1348 850 1391 877 ἐπ’
1420 851 1509 877 οὐδενὶ
1539 851 1679 886 κερδαλὲῳ
1704 850 1848 877 κατανοῶν

218 903 280 934 post
297 899 324 926 in
340 903 446 933 partctn
462 898 579 926 Romani
598 897 706 932 imperii
736 897 928 924 conturbatum
959 903 1007 922 sae-

218 945 276 971 vire
291 945 384 973 desiit.

1058 895 1192 929 γίνεσθαι,
1208 896 1242 922 τὰ
1261 897 1380 932 φρούρια
1398 897 1551 933 παρελθὼν,
1573 900 1619 924 καὶ
1640 897 1658 925 ἃ
1681 897 1730 932 μὲν
1744 897 1849 922 τούτων

1060 943 1218 977 ἀποστήσας
1235 943 1280 970 τοῦ
1310 944 1438 977 Ἀλεξίου,
1460 945 1478 971 ἃ
1501 945 1530 971 δὲ
1555 946 1622 980 πυρὶ
1651 945 1790 980 παραδοὺς
1809 942 1851 974 ὡς

218 990 257 1026 τῷ
278 992 398 1027 ἀντάρτῃ
415 987 619 1026 προσρέποντα,
635 990 766 1016 ἐπανόδου
781 989 930 1024 ἐμνήσατο,
949 988 1010 1015 δυσὶ
1029 989 1078 1023 τὴν
1111 990 1288 1024 ἐκστρατείαν
1323 991 1498 1026 περιγράψας
1519 992 1585 1026 uno“:
1597 991 1690 1018 καὶτὰ
1713 991 1786 1017 κατὰ
1802 993 1850 1017 τον

220 1037 320 1064 Κίλικα
340 1037 460 1070 Ἀλέξιον
474 1036 625 1071 ἐπιτρέψας
643 1036 682 1072 τῷ
703 1035 923 1070 Καντακουζηνῷ
943 1035 1083 1069 Μανουήλ.
1114 1035 1187 1071 ῐίλὴν
1203 1036 1258 1062 οὐδ’
1287 1034 1365 1068 οὗτος
1380 1037 1511 1072 ἐξήνεγκε
1538 1038 1657 1072 πόλεμον
1682 1038 1743 1064 κατ’
1763 1038 1852 1065 αὑτοῦ

221 1084 357 1120 προφανῆ,
375 1083 477 1117 καίπερ
491 1083 735 1118 ὲμπλατυνομένου
749 1083 792 1109 ἀεὶ
825 1083 858 1117 τῇ
895 1082 1042 1117 ἐπικουρία
1061 1081 1106 1108 τοῦ
1136 1082 1252 1118 Πέρσου,
1273 1084 1319 1110 καὶ
1338 1084 1391 1110 τῶν
1409 1081 1451 1120 [Ρ.
1470 1084 1534 1120 298]
1548 1086 1611 1119 περὶ
1629 1085 1680 1120 τὴν
1706 1086 1852 1120 ’Ἄγκυραν

222 1132 357 1166 φρουρίων
386 1129 599 1164 φορολογοῦντος
628 1129 663 1156 τὰ
690 1130 779 1156 πάντα
814 1129 830 1162 ἢ
864 1128 899 1155 τά.
920 1128 1041 1156 πλείονα.
1061 1127 1114 1155 Ἦν
1132 1130 1154 1155 δ’
1168 1131 1202 1157 ἂν
1214 1132 1262 1158 καὶ
1274 1129 1350 1163 οὗτος
1366 1134 1411 1158 ἐπὶ
1422 1133 1528 1167 μακρὸν
1540 1133 1679 1168 ἀμήχανον
1702 1133 1852 1168 Ῥωμαίοις

219 1179 314 1210 κακὸν,
340 1178 364 1204 εί
385 1178 422 1213 μὴ
440 1177 506 1209 Θεὸς
524 1178 662 1205 κάνταῦθα
686 1177 781 1211 φανεὶς
800 1176 964 1211 καινουργὸς
993 1176 1027 1202 τὰ
1052 1177 1198 1211 Ῥωμαίων
1225 1179 1344 1215 ᾤκτειρε
1373 1181 1544 1215 πράγματα·
1570 1182 1600 1207 τὺ
1631 1181 1686 1216 γὰρ
1716 1182 1852 1217 φρούριον

219 1225 312 1251 εἰσιὼν
328 1224 342 1251 ὂ
358 1224 504 1258 Τζούγγρα
517 1222 744 1257 κατονομάζεται,
755 1223 852 1255 νυκτὸς
869 1224 1071 1257 ἀποσφάττεται
1089 1225 1208 1261 μαχαίρᾳ
1222 1227 1299 1261 παρά
1308 1235 1390 1258 τινος.
1405 1227 1483 1254 Οὕτω
1493 1227 1541 1262 μὲν
1554 1226 1599 1255 οὖν
1614 1228 1661 1254 καὶ
1674 1226 1749 1260 οὗτος
1758 1228 1850 1263 ἠφάν-

220 1280 314 1303 τωται,
329 1270 398 1296 κατὰ
411 1270 492 1303 τάχος
506 1270 651 1303 ἀστραπῆς
666 1269 771 1302 διαϊξας
787 1270 835 1296 καὶ
849 1270 929 1296 πάλιν
947 1270 1126 1305 ἀποκρυῦεὶς,
1140 1272 1156 1306 ἢ
1169 1272 1233 1305 γοῦν
1246 1273 1283 1304 ὡς
1294 1274 1325 1299 ἐκ
1335 1271 1458 1300 Κιλικῖου
1470 1274 1614 1309 Κωρυκίου
1626 1275 1734 1306 πνεῦμα
1761 1274 1851 1309 βίαιον

220 1319 399 1348 διεκπνεὺσας
412 1319 459 1343 καὶ
470 1317 551 1352 μέρος
571 1316 621 1350 τῆς
640 1316 692 1342 ὑπὸ
700 1316 850 1351 Ῥωμαίους
862 1316 1044 1351 διακυκήσας,
1059 1318 1130 1353 μετὰ
1140 1318 1226 1353 βραχὺ
1238 1319 1430 1355 διεκφυσηοεὶς
1446 1322 1582 1347 ἐπαύσατο
1598 1322 1647 1357 τῆς
1659 1321 1853 1357 σφοδρότητος.

256 1367 312 1393 Hoc
326 1366 429 1392 malum
448 1372 463 1391 e
490 1365 607 1398 vestigio
624 1364 699 1391 aliud
715 1364 864 1399 pessimum
883 1371 926 1392 est
942 1372 1009 1392 con-

221 1417 366 1444 secutum;
386 1416 414 1438 et
441 1418 503 1437 cum
534 1410 613 1445 611
646 1410 787 1437 exaruisse
811 1411 901 1438 visum
925 1415 1007 1443 esset,

222 1459 308 1485 instar
324 1457 445 1484 lethiferi
475 1457 577 1483 aconiti
604 1456 739 1483 reﬂoruit.
755 1456 824 1483 Nam
852 1456 1009 1484 Comnenus

221 1505 350 1535 lsaaeius,
366 1511 380 1529 a
397 1511 452 1537 quo
464 1498 681 1529 vastatamﬁsse
703 1502 823 1537 Cyprum
849 1509 931 1536 supra
953 1510 1012 1529 me-
1025 1496 1046 1523 (ἶ

222 1551 402 1581 moravimus,
427 1554 524 1583 captus
544 1547 655 1582 quidem
672 1547 725 1574 fuit
744 1555 759 1574 a
785 1555 848 1582 rege
862 1547 967 1582 Anglia:
983 1548 1009 1574 in

222 1596 394 1624 Palaestinam
410 1594 566 1629 navigante,
578 1598 606 1620 et
622 1588 670 1627 pro
686 1593 840 1620 verberone
859 1600 938 1620 servo
951 1593 1011 1620 cui-

222 1642 284 1669 dam
299 1641 425 1676 populari
451 1641 511 1674 ejus
535 1640 664 1670 donatus,
691 1638 764 1665 fama
791 1638 894 1672 ubique
916 1646 1010 1672 sparsa

223 1689 324 1716 malum
341 1687 481 1714 hominem
502 1686 573 1713 male
587 1685 713 1720 periisse.
734 1684 787 1712 Sed
802 1689 832 1711 ut
856 1691 901 1711 res
916 1689 1010 1718 postea

222 1735 385 1765 declaravit,
398 1733 455 1760 sola
470 1732 542 1759 fama
558 1735 684 1759 mortuus
707 1731 814 1763 revixit,
847 1735 875 1757 et
894 1730 1011 1757 vinculis

222 1786 251 1809 et
262 1788 372 1808 carcere
393 1770 478 1813 (quod
501 1778 606 1805 utinam
624 1777 725 1804 factum
741 1785 797 1803 non
808 1776 891 1810 esset)
909 1776 1010 1802 libera-

223 1832 267 1854 tus
298 1826 441 1861 pristinam
465 1824 576 1858 imperii
611 1823 788 1858 cupiditatem
816 1827 939 1850 renovat.
959 1821 1010 1854 Qui

222 1881 286 1901 cum
299 1872 485 1908 imperatricis
501 1870 690 1905 Euphrosynen
705 1870 837 1904 impulsu,
854 1876 935 1903 qualn
949 1875 1013 1903 pro-

222 1920 327 1956 pinqua
339 1918 503 1953 cognatione
513 1918 675 1951 attingebat.
689 1915 796 1943 crebris
809 1915 896 1942 Alexii
910 1915 1012 1942 litteris

222 1970 411 1995 revocaretur.
439 1964 514 1991 illam
531 1964 717 1990 conditionem
734 1969 796 1989 cum
822 1962 1012 1996 indignatione

215 2008 336 2048 'prorsus
349 2011 508 2045 respuebat.
532 2017 561 2036 se
583 2009 730 2043 imperare,
747 2016 802 2034 non
819 2016 915 2042 parcre
942 2007 1012 2034 didi-

222 2060 305 2091 cisse,
325 2062 353 2086 et
367 2058 477 2089 ducem,
494 2064 549 2082 non
564 2056 678 2082 militem
707 2062 788 2089 agerc
811 2055 919 2081 novisse
944 2054 1013 2080 allir-

223 2113 312 2132 mans.
325 2104 443 2132 Proinde
458 2103 617 2136 frequentes
645 2102 749 2128 litteras
764 2101 798 2127 ad
821 2100 937 2127 Asianos
951 2108 1012 2135 pro-

222 2159 301 2179 ceres
319 2150 413 2182 mittit,
443 2157 503 2183 qua:
528 2148 598 2174 nihil
625 2155 680 2174 non
703 2147 819 2174 vetitum
847 2146 1010 2177 suadebant.

222 2198 292 2225 nihil
308 2204 361 2223 non
379 2204 393 2222 a
412 2194 563 2229 majoribus
577 2194 733 2221 institutum
747 2193 925 2228 abrogabant,
943 2193 1011 2219 nihil

222 2252 277 2271 non
297 2241 555 2276 obtemperantibus
585 2241 794 2276 promittebant,
812 2242 835 2268 si
863 2248 917 2275 quo
932 2241 1012 2266 modo

223 2289 331 2324 imperii
347 2289 457 2314 titulum
478 2292 706 2322 consequeretur.
730 2288 832 2315 Verum
849 2291 880 2314 ut
895 2287 960 2314 olim
981 2294 1013 2313 ea

222 2335 378 2364 sectabatur
394 2342 455 2369 quae
470 2335 579 2369 assequi
598 2342 651 2361 non
665 2337 783 2368 poterat,
811 2337 839 2360 et
860 2341 891 2360 ea
909 2332 1012 2359 frustra

222 2380 390 2407 moliebatur
405 2387 466 2415 quae
493 2381 520 2406 in
534 2380 597 2407 l‘atis
614 2387 667 2406 non
683 2384 772 2410 erant,
788 2380 824 2405 ita
851 2383 908 2405 tum
929 2378 1012 2405 etiam

222 2426 317 2453 irritos
329 2432 444 2453 conatus
458 2426 517 2461 ejus
528 2431 645 2458 eventus
663 2425 746 2460 612
765 2424 900 2459 coarguit.
917 2424 1012 2459 Neque

222 2473 296 2498 enim
312 2471 393 2498 Persa
409 2472 555 2505 postulatis
570 2472 629 2506 ejus
642 2471 739 2497 annuit
761 2470 901 2506 (cupiebat
920 2470 1012 2497 autein

221 2526 285 2545 eum
313 2517 445 2545 Romanis
468 2518 571 2545 bellum
603 2517 764 2544 inferentem
793 2525 855 2544 cutn
883 2517 1014 2546 omnibus

221 2565 308 2599 copiis
318 2564 377 2591 suis
398 2563 486 2598 sequi.
499 2569 527 2590 ct
551 2564 611 2598 ejus
624 2563 709 2598 jussis
727 2563 855 2591 omnibus
872 2563 1014 2598 obtempe-

223 2612 306 2644 rare),
327 2617 417 2644 neque
432 2609 577 2644 quisquam
591 2616 687 2636 eorum
699 2609 732 2635 ad
747 2616 817 2644 quos
829 2609 899 2636 clam
909 2609 1013 2636 scribe-

222 2656 268 2684 bat
282 2656 414 2690 beniguas
429 2664 510 2682 aures
533 2656 556 2683 ei
574 2656 702 2690 praebuit.
719 2656 785 2688 Quis
802 2656 876 2683 enim
892 2656 1010 2682 belluam

224 2702 426 2738 sanguinariam
449 2702 531 2736 paulo
546 2706 609 2735 post
634 2702 661 2729 in
684 2701 782 2728 faciem
799 2703 956 2729 invasuratn
983 2707 1012 2728 et

222 2748 403 2776 laecraturam
422 2748 601 2783 sequeretur?
630 2751 678 2774 aut
706 2755 768 2775 cum
794 2752 929 2775 venenato
951 2756 1011 2775 ser--

223 2803 306 2831 peute
323 2798 472 2824 amicitiam
489 2798 682 2829 constitueret,
698 2797 756 2831 qui,
777 2797 835 2824 sive
860 2797 1011 2831 amplecte—

1104 1367 1167 1392 Ἐπὶ
1193 1367 1221 1393 δὲ
1259 1366 1297 1402 τῷ
1322 1368 1400 1403 κακῷ
1427 1368 1513 1404 τούτῳ
1549 1369 1624 1404 παρὰ
1647 1369 1729 1400 πόδας
1756 1370 1854 1405 ἕτερον

1063 1412 1247 1448 ἐπεισέφρησε
1264 1414 1411 1448 χείριστον,
1429 1414 1445 1450 ἢ
1461 1416 1560 1450 μᾶλλον
1577 1415 1655 1448 δόξαν
1673 1415 1739 1450 πρὸς
1751 1416 1852 1450 καιρὸν

1064 1459 1232 1494 ὐπορῤεὖσαι
1249 1459 1330 1486 πάλιν
1346 1459 1493 1486 ἀνέδλαστε
1519 1461 1589 1487 κατὰ
1611 1461 1723 1487 κώνειον
1750 1461 1851 1496 φθορο-

1064 1506 1150 1537 ποιὸν,
1166 1506 1180 1532 ὁ
1192 1505 1335 1540 Κομνηνὺς
1344 1503 1421 1536 οὗτος
1438 1505 1582 1538 Ἰσαάκιος,
1596 1506 1625 1538 ὃς
1634 1506 1664 1532 ὲν
1675 1508 1731 1538 τοῖς
1743 1507 1851 1541 ἔμπλη-

1063 1554 1124 1578 σ’)εν
1136 1552 1248 1587 βιϐλίοις
1263 1553 1362 1588 ἐρρέθη
1382 1561 1428 1588 μοι
1440 1553 1480 1579 ὃτι
1495 1553 1632 1589 ἐγκρατὴς
1646 1553 1704 1588 ἅμα
1719 1553 1768 1580 καὶ
1790 1553 1852 1580 6).:-

1062 1599 1113 1633 τὴρ
1129 1598 1178 1633 τῆς
1201 1599 1256 1624 τῶν
1281 1599 1412 1633 Κυπρίων
1433 1598 1516 1633 νήσου
1545 1599 1690 1633 γενόμενος
1704 1599 1776 1626 ἑάλω
1799 1602 1851 1634 μὲν

1063 1645 1130 1680 πρὸς
1145 1645 1192 1671 τοῦ
1210 1646 1293 1680 ρηγδς
1310 1644 1453 1679 Ὶγγλινίας
1468 1647 1496 1676 ἐς
1513 1645 1697 1680 Παλαιστίνην
1718 1646 1850 1680 ἀφικνου-

1064 1693 1145 1726 μένου
1163 1691 1329 1722 διαποντίου,
1356 1691 1403 1717 καὶ
1431 1691 1469 1722 ὡς
1501 1691 1594 1723 δοῦλος
1624 1692 1774 1726 μαστιγίας
1795 1695 1851 1719 τινί

1063 1738 1117 1764 τῶν
1135 1737 1278 1772 ὁμοφύλων
1300 1737 1398 1772 ἐκείνῳ
1415 1737 1627 1772 ἁποκεχάριστο.
1641 1738 1696 1764 Καὶ
1712 1736 1746 1774 ἦν
1762 1739 1851 1765 ἀπαν-

1062 1784 1131 1819 ταχῆ
1163 1783 1316 1817 διαδόσιμος
1343 1783 1381 1814 ὼς
1410 1783 1578 1818 κατέστρεψε
1602 1783 1648 1810 τὸν
1674 1783 1733 1820 βίον
1755 1785 1851 1816 κακῶς

1061 1828 1075 1852 ὁ
1103 1827 1202 1857 κακός·
1229 1828 1305 1861 φήμῃ
1335 1827 1367 1860 δ’,
1393 1826 1430 1857 ὡς
1454 1826 1588 1855 δέδεικται
1622 1828 1747 1864 ὕστερον,
1781 1830 1850 1864 μόνῃ

1063 1872 1193 1902 datatim-2;;
1207 1873 1253 1897 καὶ
1270 1871 1378 1906 δεσμῶν
1395 1872 1565 1906 ἀπαλλαγεὶς
1580 1873 1626 1898 καὶ
1644 1875 1764 1908 φρουρᾶς
1780 1875 1850 1900 ἀπο-

1062 1917 1166 1950 λυθεὶς,
1181 1918 1218 1949 ὡς
1237 1918 1275 1953 μὴ
1297 1917 1396 1952 ὢφελε,
1419 1919 1464 1945 τὸν
1492 1919 1606 1946 παλαιὸν
1626 1920 1776 1946 ἀναθάλπει
1800 1921 1851 1955 τῆς

1062 1964 1218 1998 τυραννίδος
1237 1965 1339 1998 ἔρωτα.
1366 1965 1536 1992 Ἀνεκαλείτο
1558 1966 1607 2000 μὲν
1632 1964 1678 1992 οὖν
1703 1966 1773 2001 πρὸς
1803 1966 1851 1993 τοῦ

1064 2011 1196 2046 βασιλέως
1224 2012 1342 2044 Ἀλεξίου
1360 2012 1403 2038 διὰ
1413 2012 1585 2047 γραμμάτων
1604 2013 1720 2046 συχνῶν,
1737 2013 1852 2046 ἐναγού-

1064 2066 1113 2092 σης
1126 2057 1206 2084 αὑτὸν
1231 2058 1270 2089 εἰς
1294 2057 1373 2085 τοῦτο
1393 2059 1442 2092 τῆς
1468 2058 1602 2093 βασιλίδος
1628 2059 1806 2095 Εὐφροσύνης
1817 2059 1852 2086 δι’

1063 2104 1096 2139 ἢν
1109 2105 1141 2130 ὲκ
1159 2104 1318 2137 συγγενείας
1331 2104 1470 2139 ἐγγύτητα
1487 2104 1559 2139 εἶχεν
1575 2104 1644 2140 αὕτη
1670 2105 1738 2138 πρὸς
1763 2105 1854 2132 Ἰσαά-

1064 2158 1132 2182 κιον,
1149 2151 1181 2176 Ὀ
1196 2150 1223 2177 δὲ
1241 2151 1423 2177 απεδυσπέτει
1439 2151 1485 2178 καὶ
1499 2151 1568 2186 πρὸς
1588 2152 1672 2186 μόνην
1698 2152 1852 2186 ἠγανάκτει

1064 2195 1117 2221 τῶν
1145 2195 1378 2230 ἐπιστελλομένων
1395 2197 1535 2231 ὲνήχησιν,
1557 2196 1720 2230 βασιλεύειν,
1739 2196 1769 2222 οὐ
1797 2197 1853 2232 μὴν

1065 2240 1255 2275 βασιλεύεσθαι
1271 2241 1357 2275 λέγων
1374 2242 1485 2274 ειδέναι,
1503 2242 1550 2268 καὶ
1566 2242 1653 2269 ἄλλων
1680 2242 1850 2277 ἐξηγεῖσθαι,

1064 2288 1080 2322 ἢ
1105 2288 1170 2321 γοῦν
1189 2288 1292 2322 ἑτέροις
1311 2287 1462 2316 πείθεσθαι.
1479 2289 1567 2324 Συχνὰ
1583 2289 1673 2316 τοίνυν
1698 2290 1852 2324 γράμματα

1064 2334 1199 2361 συνετίθει
1223 2336 1290 2368 πρὸς
1302 2335 1366 2366 τοὺς
1383 2336 1431 2370 τῆς
1453 2335 1604 2366 ’Λσιάτιδος
1620 2335 1674 2370 γῆς
1694 2336 1851 2371 ’πρωτεύονο

1063 2389 1123 2412 τας,
1147 2380 1173 2406 τί
1192 2380 1241 2415 μὲν
1255 2380 1309 2407 τῶν
1334 2381 1527 2415 ἀπειρημένων
1549 2381 1598 2407 οὐκ
1611 2381 1806 2416 είσηγούμενα,
1826 2383 1853 2409 τί

1062 2426 1091 2452 δὲ
1119 2426 1172 2452 τῶν
1195 2425 1375 2453 καθεστώτων
1389 2427 1449 2461 οὐχὶ
1469 2425 1607 2457 κινοῦντα.
1621 2428 1668 2453 καὶ
1685 2428 1774 2453 πάντα
1792 2430 1850 2460 τοὶς

1064 2471 1233 2505 πειθομένοις
1261 2471 1438 2506 βραόεύοντα,
1454 2472 1481 2498 εί
1497 2481 1555 2503 πως
1577 2472 1626 2499 τοῦ
1644 2472 1694 2507 τῆς
1711 2473 1852 2507 βασιλεὺς

1064 2519 1196 2553 ὀνόματος
1227 2518 1407 2551 ὲπιτεύξεται,
1441 2518 1522 2544 Ἀλλὰ
1551 2520 1599 2545 καὶ
1627 2519 1722 2553 πρώην
1743 2519 1850 2546 διώκων

1063 2563 1097 2599 ἦν
1112 2563 1145 2590 τὰ
1161 2563 1289 2599 ἀκίχητα,
1317 2565 1362 2590 καὶ
1375 2564 1392 2590 ἃ
1411 2564 1449 2599 μὴ
1464 2564 1529 2595 Θεὸς
1552 2564 1739 2598 βεϐούλευται,
1754 2565 1848 2591 διακε-

1063 2609 1112 2643 νῆς
1125 2610 1321 2643 μηχανώμενος
1333 2617 1339 2623 ι
1363 2610 1409 2635 καὶ
1424 2610 1483 2634 τότε
1496 2610 1598 2643 ὁμοίως
1612 2610 1744 2645 ὴλέγχετο
1760 2611 1850 2644 μάτην

1063 2655 1279 2689 διατεχνώμενος
1300 2655 1333 2681 τὰ
1361 2655 1492 2689 ἀνήνυτα.
1507 2656 1575 2682 Οὔτε
1596 2657 1650 2692 γὰρ
1674 2657 1751 2691 αὐτῇ
1768 2665 1851 2692 προσ·

1064 2701 1143 2735 ἐσχεν
1169 2701 1182 2726 ὁ
1196 2701 1302 2735 Πέρσης
1317 2701 1412 2736 ὥσπερ
1435 2703 1556 2736 ἱμείρετο
1575 2703 1709 2738 (ἐγλίχετο
1727 2704 1758 2738 δὴ
1789 2704 1850 2738 μεθ’

1063 2747 1128 2781 ὅλης
1148 2747 1197 2781 τῆς
1211 2748 1315 2779 οἰκείας
1334 2747 1425 2782 ἰσχύος
1438 2749 1551 2775 ἕπεσθαί
1566 2749 1591 2775 οἱ
1608 2750 1679 2775 κατὰ
1704 2750 1849 2784 Ῥωμαίων

1064 2794 1250 2828 στρατεύοντι,
1275 2796 1321 2820 καὶ
1336 2795 1416 2821 πάνθ’
1434 2795 1522 2821 ὁπόσα
1538 2796 1692 2823 ἐπιτάττειν
1706 2797 1762 2831 ἔχει
1789 2805 1848 2822 ποια

224 2850 294 2875 rere,
312 2843 413 2870 letliale
426 2843 501 2870 virus
519 2849 671 2876 cvomeret,
687 2844 745 2871 sive
763 2843 790 2870 in
815 2844 875 2871 sinu
903 2845 1009 2871 loveres

1065 2843 1126 2876 εῖν),
1145 2841 1207 2868 οὒτε
1223 2839 1263 2873 οἷς
1285 2841 1428 2868 ἐπέστελλε
1449 2842 1569 2877 κρύὸὁην
1595 2841 1642 2874 οὖς
1657 2851 1697 2875 τις
1714 2843 1847 2877 ὑπέσχετο
