1952 3076
70 207 208 238 εὕεικτον,
239 205 308 232 ἀλλὰ
337 203 438 234 πάντες
453 202 490 234 ὠς
516 201 632 232 ἀσπίδες
653 197 694 231 οἷς
719 198 804 234 ἐπῇδε
818 197 867 229 τὰς

69 254 157 285 ἀκοὰς
170 253 354 287 ὲπέφραττον.
370 251 418 282 Τίς
434 250 489 284 γάρ
507 249 540 276 ἂν
552 246 641 283 θὴρίῳ
657 244 867 280 κατηκολούθη-

72 310 120 326 σεν
136 299 290 334 αίμοσόρῳ,
309 298 368 333 μετ’
382 297 411 323 οὐ
423 296 492 322 πολὺ
501 296 562 326 ταῖς
574 293 669 327 ὄψεσιν
679 290 867 326 ὲμπηδήσοντί

70 356 100 373 τε
117 348 164 373 καὶ
192 347 370 381 ἁναιρήσοντι
385 344 427 379 ;’ἢ
446 343 505 378 μετ’
525 342 612 375 ὄφεως
639 340 743 366 ίοϐόλου
772 338 864 373 φιλίαν

71 393 211 424 συνέθετο,
240 392 292 419 κᾶν
309 389 510 425 προσπλέκοιτό
525 397 566 419 τις
589 386 675 421 αὐτῷ,
690 386 735 411 τὸν
752 386 789 411 ἰίν
804 384 863 416 ἐξε-

72 439 188 474 μοῦντος
205 439 366 472 θανάσιμον,
375 437 428 463 κᾶν
441 437 470 462 ὲν
484 435 578 468 κόλπῳ
591 432 738 468 διαθάλπῃ,
754 430 864 464 ὀλέθρια

69 486 232 516 δάκνοντοςς
248 484 320 518 Πλὴν
335 482 404 509 ἀλλά
420 481 467 507 κα)⁸
476 477 553 511 οὗτος
565 477 637 505 κατὰ
647 477 718 503 θεῖον
733 474 864 510 ἐξέρρηξε

504 146 553 176 DE
573 144 715 175 ALEXIO
733 143 873 174 ISAAClI
894 142 1035 173 ANGELI
1057 144 1117 173 FR.
1140 143 1215 174 LIB.
1240 143 1266 173 ῐ.

1651 145 1705 177 838

915 197 1063 232 pestiferos
1078 198 1176 225 dentes
1189 197 1336 232 inﬁgeret?
1353 197 1501 225 Enimvero
1515 203 1543 226 et
1558 199 1603 227 hic
1624 202 1706 234 paulo

917 247 978 279 post
994 249 1121 271 mortuus
1138 245 1171 272 ad
1184 250 1300 272 cazteros
1312 248 1445 280 tyrannos
1464 246 1512 273 Dei
1529 252 1598 274 nutu
1614 248 1707 276 subla-

917 295 959 317 tos
972 290 1051 321 abiit,
1067 290 1232 318 mirabiliter
1245 291 1368 325 quidem,
1382 291 1429 318 sed
1447 299 1502 319 non
1519 293 1579 319 sine
1601 294 1706 321 instru-

916 334 1017 362 mentis
1028 334 1145 361 salutem
1162 334 1262 361 aﬁerre
1275 335 1360 362 soliti.
1373 335 1524 364 Ferebatur
1542 343 1634 365 autem
1650 347 1705 366 non

916 380 1083 408 naturaliter
1094 380 1142 407 sed
1157 387 1264 408 veneno
1287 389 1336 415 per
1349 382 1508 416 pinccrnam
1527 385 1632 418 magnis
1652 385 1707 411 lar-

915 426 1068 461 gitionibus
1080 426 1114 454 ab
1130 426 1189 461 ipso
1203 426 1370 461 imperatore
1385 433 1546 463 corruptum
1560 431 1705 465 propitiato

918 473 1068 500 interiisse.

35 520 38 521 ν
72 532 144 566 μετὰ
160 531 248 566 βραχὺ
260 530 291 556 τὺ
305 528 430 564 ψυχίδιον
445 527 491 553 καὶ
512 527 568 557 τοῖς
581 525 685 555 λοιποῖς
709 522 860 557 προσετέθη
879 521 1021 555 τυράννοις
1042 519 1088 552 οὒς
1124 520 1184 555 χεὶρ
1214 520 1316 555 Κυρίου
1336 521 1463 555 ἠφάνισε,
1480 523 1532 549 κᾶν
1552 524 1601 551 οὐκ
1612 524 1707 552 εἴωθεν
1731 542 1735 546 -

70 578 184 612 ἀμέσως
195 572 609 603 ποιεῖνᾱκαινοποεῖπολλάκις
638 571 770 604 σωτήρια.
802 568 901 603 ’ᾙδετο
920 567 948 593 δὲ
981 567 1048 602 μηδὲ
1076 567 1186 602 φυσικῷ
1217 567 1324 601 θανάτῳ
1352 568 1471 603 δαμῆναι
1494 570 1539 596 τὸν
1556 571 1696 606 ἀλιτήριον

448 601 617 646 ἀπολωλέναι
652 601 899 649 κυλικοφορηθέντι
919 613 995 648 παρά
1013 601 1094 644 τινος
1126 614 1255 648 μεγάλοις
1281 601 1708 653 δώροις-ὲπιρρωσθέντος-πρὸξ

72 671 188 706 τοῦργον
203 670 255 696 ὑπὸ
273 667 320 695 τοῦ
347 667 479 702 βασιλέως
495 664 589 692 αὐτοῦ.

106 721 140 748 δ’.
154 719 216 745 Ἐπὶ
224 719 291 744 πᾶσι
303 716 325 743 δ’
336 713 375 747 οἷς
383 715 502 746 Ἀλέξιος
512 712 678 747 ἐπειράσατο
691 709 866 746 βασιλεύσας,

70 766 98 792 εἴ
111 773 171 797 πως
188 763 331 790 σπείσαιτο
356 761 482 796 Βλὰχοις,
509 760 556 785 καὶ
581 757 714 793 πρέσὸεις
737 757 865 789 πέπομφε

71 811 142 846 πρὸς
167 810 214 836 τὸν
231 809 334 842 Πέτρον
364 807 411 833 καὶ
434 806 480 832 τὸν
504 804 596 831 Ἀσάν.
627 803 759 837 Ἐπέρανε
776 801 798 828 δ’
810 800 865 827 οὐδ’

951 706 978 733 4.
994 705 1128 732 Οεειοτυιη
1140 704 1251 730 Alexius
1260 703 1365 738 potitus
1374 703 1499 738 imperio.
1512 704 1603 731 missis
1614 705 1647 731 ad
1659 705 1710 733 Pe-

918 758 990 780 trum
1004 757 1032 778 et
1051 751 1167 778 Asanem
1181 750 1288 785 legatis,
1312 757 1405 783 pacem
1420 740 1482 776 cuin
1494 750 1602 777 Blaehis
1618 753 1720 779 facere.

916 798 1032 825 studuit.
1049 797 1102 824 Sed
1120 795 1220 823 frustra
1234 797 1257 822 is
1274 801 1390 822 conatus
1406 796 1457 822 fuit
1473 796 1508 822 ob
1519 797 1668 830 superbum
1681 802 1710 824 et

72 841 142 887 ὅλως
153 855 202 890 τὴν
219 855 331 888 εἰρήνην
355 853 403 879 καὶ
417 851 468 881 τὰς
481 850 608 882 σπονδὰς,
624 847 667 875 οἶα
681 848 735 874 τῶν
760 847 865 881 ἀνδρῶν

918 844 994 872 ferox
1011 844 1192 870 Bari-ararum
1222 850 1386 876 responsum
1403 846 1431 868 et
1459 841 1632 869 conditiones
1654 843 1709 870 Ro-

71 901 176 928 τοὺτων
208 899 379 934 ὑπερόγκους
398 898 448 928 τὰς
469 896 632 931 ἀποκρίσεις
662 893 865 929 ποιησαμένων,

73 947 193 973 κάκεῖνα
214 944 410 980 προσθεμένων
441 941 512 975 ὑπὲρ
540 941 652 975 εἰρήνης
681 939 699 966 ἃ.
720 938 867 972 Ῥωμαίοις

72 993 193 1019 ἀδύνατά
217 1000 247 1017 τε
270 991 317 1017 καὶ
335 990 422 1023 ἄτιμα
448 987 586 1023 δήπουθεν
611 984 656 1021 ἦν.
696 984 804 1019 ’Δμέλει
825 991 867 1009 τοι

72 1040 119 1066 τοῦ
131 1037 265 1073 βασιλέως
279 1036 352 1063 κατά
365 1037 415 1070 τὴν
425 1034 462 1061 ἕω
471 1032 654 1068 διατρίϐοντος
667 1030 866 1066 προσϐάλλουσι

72 1085 131 1115 τοῖς
153 1084 218 1118 περὶ
233 1083 282 1113 τὰς
304 1082 411 1115 Σὲρῤας
424 1078 618 1113 Βουλγαρικοῖς
636 1077 746 1111 θέμασι,
774 1076 820 1101 καὶ
835 1075 866 1101 τὸ

74 1129 252 1164 αὐλιζόμενον
269 1128 360 1153 ἐκεῖσε
381 1125 536 1160 Ῥωμαϊκὸν
560 1123 702 1157 σύνταγμα
719 1121 867 1157 ήττηκότες

74 1175 171 1205 ἄλλους
191 1182 220 1200 τε
248 1173 394 1202 πλείστους
409 1170 501 1201 κακῶς
519 1169 694 1202 εἰργάσαντο,
712 1169 758 1194 καὶ
772 1167 803 1201 δὴ
819 1166 866 1193 καὶ

73 1221 158 1247 αὐτὴν
191 1216 265 1245 εἷλον
290 1217 412 1251 ζωγρίαν
435 1218 481 1242 τὸν
506 1215 652 1249 Ἀσπιέτην
681 1213 811 1246 Ἀλέξων,
836 1212 866 1244 ὃς

74 1267 209 1302 ἀρχηγεῖν
231 1264 379 1299 Ῥωμαίοις
397 1261 596 1297 προὺΰέόλητο.
615 1260 755 1295 Κρατοῦσι
775 1258 802 1284 δὲ
820 1259 866 1285 καὶ

73 1311 180 1338 πολλῶν
197 1312 230 1337 ὲκ
249 1310 304 1335 τῶν
320 1309 405 1335 ἐκεῖθι
428 1308 577 1343 φρουρίων,
603 1306 650 1332 καὶ
667 1305 736 1332 αὑτά
760 1304 810 1340 μὲν
827 1305 865 1335 εὶς

74 1359 105 1385 τὸ
116 1357 264 1392 ἐπικρατὲς
275 1355 473 1390 ἠσφαλίσαντο,
491 1353 569 1379 αὐτοὶ
584 1353 606 1378 δ’
621 1352 759 1386 ἐπανῆκον
774 1351 866 1377 οῐκαδε

74 1405 151 1431 λείαν
164 1403 326 1438 ἐληλακότες
345 1402 376 1427 οὺ
389 1399 560 1434 σταθμητήν.
578 1397 707 1429 Βασιλεὺς
726 1397 754 1423 δὲ.
769 1397 806 1431 μὴ
818 1397 866 1422 καὶ

75 1452 226 1486 μετέπειτα
241 1448 363 1474 τοιοῦτόν
375 1456 401 1473 τι
421 1445 604 1481 διαπραχθείη
627 1442 863 1479 προμηθούμενος,

73 1497 135 1532 μεθ’
152 1495 248 1530 ἱκανῆς
262 1493 401 1528 ἐξέπεμψε
418 1492 549 1527 στρατιᾶς
566 1491 612 1517 τὸν
627 1488 726 1516 ἑαυτοῦ
739 1488 864 1523 γαμϐρὸν

921 891 1011 918 manis
1026 890 1186 917 inhonestus
1204 893 1232 915 et
1244 889 1441 916 intolerabiles.
1458 889 1528 915 Dum
1543 894 1635 916 autem
1656 890 1708 915 im-

917 942 1028 972 perator
1042 937 1068 963 in
1084 936 1196 963 Oriente
1213 939 1350 967 versatur,
1372 936 1399 961 in
1414 935 1587 970 Bulgaricum
1612 943 1708 970 agrum

914 984 992 1018 jttXta
1025 982 1122 1010 Serras
1138 981 1298 1008 incursione
1324 982 1407 1013 facta,
1428 983 1555 1017 victaque
1571 983 1652 1018 613
1670 983 1709 1010 le-

917 1030 998 1064 gione
1017 1029 1149 1060 Romana,
1172 1032 1229 1054 tum
1247 1027 1325 1059 galins
1349 1027 1484 1061 plurimos
1512 1029 1581 1055 male
1610 1034 1710 1056 tracta-

918 1079 994 1106 runt,
1006 1079 1063 1102 tum
1087 1075 1177 1109 ipsum
1200 1074 1303 1100 Ducam
1322 1073 1447 1100 Alexium
1474 1075 1613 1108 Aspietem
1627 1082 1708 1109 cepe-

917 1124 1000 1153 runt.
1034 1121 1176 1155 multaque
1208 1119 1322 1146 castella
1356 1123 1578 1154 expugnarunt;
1609 1120 1710 1155 quibus

917 1166 1033 1193 ﬁrmatis
1056 1173 1118 1192 cum
1139 1164 1336 1192 innumerabili
1367 1165 1458 1198 przeda
1482 1165 1593 1191 domum
1621 1165 1709 1192 redie-

917 1217 992 1239 runt.
1007 1211 1159 1246 Imperator
1175 1217 1241 1237 vero
1255 1216 1285 1236 ut
1299 1214 1408 1236 caveret
1424 1218 1458 1237 ne
1483 1210 1549 1245 quid
1564 1211 1653 1238 simile
1678 1211 1708 1239 iu

918 1262 1059 1292 posterum
1101 1256 1251 1287 accideret,
1288 1255 1422 1281 lsaacium
1460 1254 1706 1282 sebastocratorem

917 1310 1049 1337 generum
1061 1309 1144 1328 suum
1161 1308 1223 1328 cum
1245 1300 1328 1334 justis
1343 1300 1431 1334 copiis
1456 1300 1574 1334 ablegat.
1600 1301 1658 1333 Qua
1672 1301 1707 1328 de

916 1357 998 1377 causa
1008 1357 1068 1376 cum
1078 1348 1168 1375 Blachi
1177 1355 1191 1373 a
1200 1346 1366 1381 quibusdam
1375 1351 1594 1374 monerenturne
1604 1351 1708 1374 temere

915 1400 944 1422 et
958 1394 1166 1421 conlidenteriu
1187 1393 1325 1419 Romanos
1341 1396 1490 1421 irruerent.
1511 1392 1559 1419 sed
1580 1393 1708 1419 militaris

916 1441 998 1468 etiam
1010 1439 1128 1466 solertire
1146 1443 1173 1466 et
1188 1438 1243 1465 doli
1264 1437 1452 1464 meminissent
1475 1439 1548 1472 (nam
1564 1438 1661 1465 audire
1676 1445 1706 1464 se

916 1486 1053 1520 imperare
1063 1485 1151 1511 virum
1164 1484 1323 1510 bellicosum
1342 1487 1370 1510 et
1381 1484 1464 1509 I‘ratre
1475 1483 1554 1517 longe
1571 1487 1705 1517 prie-atau-

80 1542 217 1569 ’ἰσαάκιον
240 1542 286 1567 τὸν
312 1538 563 1573 σεϐαστοκρὰτορα,
587 1537 632 1562 ὅτε
651 1535 683 1569 δὴ
711 1536 758 1561 καὶ
779 1534 862 1561 Ἀσὰν

918 1532 1036 1565 liorem),
1056 1532 1128 1557 Asan
1150 1529 1299 1556 insolenter
1337 1528 1480 1563 reSpomlit
1510 1535 1564 1554 non
1595 1536 1707 1562 semper

74 1589 144 1623 πρὸς
165 1586 227 1618 τοὺς
244 1586 403 1620 εἰσάγοντας
429 1583 592 1619 παραίνεσιν
611 1581 732 1616 Βλάχους
762 1580 862 1615 μηκέτι

73 1636 125 1666 τὰς
150 1633 222 1661 κατά
252 1631 395 1666 Ῥωμαίων
417 1629 575 1659 ὲπελεύσεις
605 1627 674 1662 μετὰ
697 1627 864 1662 θερμότητος

73 1679 211 1711 τίθεσθαι,
238 1677 393 1712 μεμνῆσθαι
407 1675 435 1702 δὲ
455 1675 504 1701 καὶ
531 1673 651 1709 μεθόδων
675 1671 864 1706 στρατηγικῶν

74 1727 183 1762 (ἄρχειν
205 1726 276 1759 γὰρ,
295 1723 333 1753 ὡς
356 1722 547 1752 πυνθάνονται,
564 1720 647 1754 ἄνδρα
663 1718 810 1752 πολεμικὸν
820 1718 866 1743 καὶ

74 1773 137 1798 λίαν
146 1771 193 1796 τοῦ
209 1768 323 1802 ἀδελφοῦ
332 1765 575 1803 προφερέστερον),
589 1764 657 1799 μετά
665 1764 771 1799 κόμπου
782 1765 867 1790 ἀπεκ-

77 1818 175 1852 ρίνατο
188 1816 225 1851 μὴ
232 1816 287 1841 δεῖν
297 1815 340 1840 ἀεὶ
348 1815 408 1844 ταῖς
420 1813 526 1848 φήμαις
536 1810 685 1837 ὲπικλίνειν
693 1810 723 1836 τὸ
731 1808 787 1840 οὖς,
797 1809 866 1843 μήτε

76 1863 101 1889 δ’
115 1862 146 1888 ὃν
156 1861 276 1896 ἀνδρεῖον
288 1859 358 1892 αὕτη
369 1859 518 1894 διαθρυλεῖ,
531 1857 567 1888 ὡς
580 1857 632 1892 ῆδη
647 1858 694 1882 καὶ
701 1854 867 1881 τοιοῦτονδν‹

75 1917 111 1935 τα
128 1907 225 1934 τοῦτον
242 1905 453 1939 κατεπτηχέναι,
467 1903 523 1930 οὔθ’
543 1903 572 1929 ὃν
589 1903 698 1934 διέξεισι
714 1901 800 1926 δειλὸν
820 1900 868 1926 καὶ

75 1953 218 1984 ἀνάλκιδα,
237 1953 290 1987 πρὸ
301 1952 348 1985 τῆς
368 1950 450 1984 πείρα
472 1949 608 1984 ἀθερίζειν
627 1948 676 1974 καὶ
699 1946 867 1980 ἀποπέμπε-

76 2001 153 2032 σθαι.
170 1999 240 2026 ἀλλὰ
263 1998 313 2034 τὴν
337 1998 386 2033 μὲν
404 1998 500 2032 φήμην
528 1996 564 2030 μὴ
592 1995 710 2028 πάμπαν
732 1993 868 2026 ἀποστρέ-

76 2047 188 2082 φεσθαι,
209 2046 250 2071 ὅτι
275 2044 337 2078 μηδ’
355 2044 384 2074 ες
399 2043 472 2069 ἆπαν
489 2041 648 2070 ἀπόλλυται,
675 2039 724 2066 καὶ
750 2038 868 2073 μάλιστα

75 2094 109 2128 ἢν
129 2093 252 2118 πλεῖστοι
266 2090 326 2116 λαοὶ
346 2088 523 2124 φημίζουσιν,
552 2087 665 2120 ἐπάγειν
686 2086 708 2111 δ’
729 2085 766 2116 ὼς
794 2084 867 2110 λίθον

75 2139 249 2172 Μάγνησσαν
267 2136 315 2167 τὰς
329 2134 443 2171 πράξεις
459 2135 513 2160 τῶν
529 2132 781 2168 ἐνδιαϐαλλομένων
811 2131 867 2157 εἴτε

78 2185 131 2220 μὴν
161 2183 351 2219 κροτουμένων
380 2181 446 2216 παρ’
466 2180 554 2215 αὐτῆς
576 2180 695 2214 ἀνδρῶν,
711 2181 739 2205 ὲν
759 2178 867 2210 πολλοῖς
885 2193 905 2219 D

75 2231 105 2258 δὲ
121 2232 167 2269 καὶ
177 2231 222 2257 τὸν
235 2229 375 2263 ὀφθαλμὸν
397 2227 498 2260 ἱζάνειν
515 2227 569 2253 τῶν
582 2226 780 2261 φημιζομένων
792 2225 866 2252 δικα-

77 2277 155 2312 στὴν,
171 2278 218 2303 καὶ
232 2275 304 2302 οὕτω
322 2275 485 2310 προσίεσθαι
500 2274 550 2309 τὴν
567 2275 662 2309 φήμην
688 2273 726 2304 ὡς
748 2272 835 2307 ἀληθῆ
850 2271 866 2306 ἢ

75 2322 141 2358 γοῦν
170 2321 266 2357 μύροις
290 2321 410 2354 ἀλείφειν
442 2319 480 2351 ὡς
507 2318 592 2354 ψευδῆ
623 2317 670 2344 καὶ
699 2317 790 2344 ἄλλοθί
817 2325 867 2342 που

78 2368 192 2404 ἀφιέναι
208 2367 349 2394 πέτεσθαι.
360 2376 370 2392 ι
389 2366 430 2392 Τὰ
445 2366 500 2401 γὰρ
529 2364 585 2391 ὦτα
596 2364 646 2390 οὐκ
665 2361 719 2389 οἶδε
746 2363 781 2388 τὰ
795 2362 867 2396 δρώ-

77 2423 160 2450 μενα,
189 2414 258 2440 ἀλλὰ
279 2412 398 2447 γλώττης
413 2412 492 2447 δχλον
518 2409 721 2445 είσοικιζόμενα
750 2408 867 2443 φύλακές

75 2463 145 2489 εἰσιν
157 2461 319 2496 ἀλλοτρίων,
334 2461 381 2486 καὶ
395 2458 497 2485 τούτων
513 2458 643 2484 ἐναντίων
656 2456 788 2487 πολλάκις
804 2456 867 2489 ἐνη-

75 2508 221 2543 χημὰτων.
245 2506 382 2540 ’Λσφαλὴς
400 2505 428 2531 δέ
450 2506 508 2530 ἐστι
521 2504 577 2529 τῶν
600 2503 751 2538 γινομένων
764 2502 868 2537 διαιτηιτ

74 2555 123 2590 τὴς
139 2553 291 2587 ὀφθαλμὸς,
307 2552 355 2578 καὶ¹
384 2551 489 2586 μάρτυς
514 2548 551 2576 ὧν
575 2549 702 2576 τεθέαται
726 2549 866 2584 ἀπαραλό-

75 2606 181 2633 γιστος,
198 2598 246 2632 οὑχ
269 2595 403 2631 ἑτέρωθεν
422 2596 600 2630 εἰσχεομένην
629 2595 698 2629 ἔχων
710 2595 759 2630 τὴν
775 2594 866 2620 πίστιν

75 2644 113 2675 ὼς
133 2644 183 2678 τὴν
199 2642 254 2668 τῶν
267 2641 425 2676 λεγομένων
438 2641 478 2672 είς
492 2640 629 2673 ἐνοίκησιν
644 2641 741 2672 ἀκοήν.
759 2638 804 2673 Μὴ
820 2637 866 2664 οὖν

76 2691 110 2725 δὴ
118 2691 165 2716 καὶ
180 2689 260 2723 ὑμεῖς
269 2687 392 2722 θροεῖσθε
409 2686 445 2718 ὡς
461 2687 474 2712 ὁ
487 2686 533 2712 νῦν
554 2685 698 2719 Ῥωμαίων
712 2684 864 2720 βασιλεύων

76 2737 199 2770 γενναῖος
220 2735 271 2761 ὑπὸ
292 2735 386 2769 φήμης
406 2733 581 2768 κηρύττεται,
611 2730 668 2757 ἀλλ’
697 2732 721 2757 εἰ
745 2729 866 2761 τοιοῦτός

75 2785 150 2809 ἐστιν
165 2783 256 2812 ὁποῖος
285 2780 378 2817 ᾄδεται
396 2779 485 2815 χρεὼν
503 2777 665 2810 σκέψασθαι.
699 2776 812 2811 Ὀδηγὸς
838 2777 866 2802 δὲ

76 2829 141 2862 ὑμῖν
154 2829 195 2859 είς
211 2827 289 2853 τοῦτο
301 2826 371 2852 ἔστω
388 2825 444 2860 βίος
471 2825 485 2849 ὁ
498 2825 640 2858 πρότερος,
671 2823 718 2849 καὶ
742 2822 865 2856 καθηγη-

74 2875 123 2909 τὴς
140 2873 257 2909 ἀκριϐὴς
269 2871 316 2899 τοῦ
329 2871 426 2907 ἀνδρὸς
451 2870 637 2898 καθιστὰσθω.
663 2869 746 2902 ’Δτὰρ
765 2870 788 2895 εἰ
818 2877 863 2902 φι-

916 1577 994 1605 fama
1008 1576 1168 1612 pratbendas
1179 1582 1239 1602 esse
1248 1582 1339 1605 aures.
1353 1581 1404 1601 nec
1412 1574 1434 1601 si
1446 1581 1526 1608 quem
1539 1581 1569 1600 ea
1581 1581 1629 1608 pro
1644 1574 1706 1600 forti

916 1624 1115 1655 Celebret,eum
1142 1621 1233 1649 statim
1259 1625 1289 1648 ut
1305 1621 1384 1647 talem
1404 1627 1465 1647 esse
1485 1620 1707 1652 formidandum;

917 1678 967 1697 nec
976 1670 1000 1697 si
1009 1670 1070 1704 quis
1079 1677 1128 1704 pro
1141 1668 1237 1695 timido
1248 1673 1277 1694 et
1290 1668 1388 1702 ignavo
1398 1668 1568 1697 traducatur.
1577 1675 1710 1702 spernen-

917 1717 983 1744 dum
997 1720 1025 1743 et
1037 1715 1215 1751 rejiciendum
1225 1722 1286 1742 esse
1299 1722 1305 1740 :
1323 1714 1370 1741 sed
1382 1713 1480 1740 famam
1491 1718 1520 1741 ut
1532 1722 1586 1740 non
1596 1714 1709 1741 omnino

918 1770 1026 1793 vanam,
1036 1761 1189 1796 praesertim
1211 1765 1265 1786 tam
1276 1759 1423 1792 celebrem,
1435 1767 1491 1786 non
1506 1758 1616 1793 quidem
1629 1759 1709 1793 plane

917 1806 1160 1836 contemnendam,
1170 1805 1218 1832 sed
1230 1804 1263 1831 ad
1275 1812 1318 1831 res
1327 1809 1417 1839 gestas
1424 1812 1520 1831 eorum
1531 1804 1578 1839 qui
1588 1805 1629 1831 vel
1639 1804 1709 1831 bene

918 1853 1031 1880 audiant
1048 1856 1177 1886 tanquam
1202 1851 1234 1877 ad
1258 1850 1375 1884 Lydium
1397 1850 1514 1884 lapidem
1532 1850 1708 1884 exigendam,

918 1906 990 1934 saepe
998 1898 1081 1925 etiam
1091 1898 1171 1925 oculo
1180 1897 1314 1932 judicium
1326 1897 1549 1930 permittendum,
1562 1902 1589 1923 et
1599 1899 1639 1923 sic
1649 1905 1709 1924 eam

918 1945 961 1971 vel
977 1948 1106 1971 utveram
1116 1943 1286 1978 probandam
1305 1942 1346 1969 vel
1355 1947 1385 1968 ut
1394 1942 1488 1968 falsam
1499 1942 1707 1976 repudiandam.

920 1991 1007 2017 Aures
1022 1989 1096 2017 enim
1117 1996 1172 2015 non
1190 1988 1284 2015 videre
1299 1987 1385 2022 ipsam
1405 1995 1472 2018 rem,
1486 1988 1637 2014 alienarum
1656 1988 1708 2014 liu-

920 2043 1034 2071 guarum
1050 2034 1133 2070 6m.
1146 2038 1173 2061 et
1194 2041 1266 2068 sape
1280 2033 1458 2060 adversarum
1481 2034 1626 2067 strepitum
1644 2041 1710 2060 con-

919 2090 1041 2111 servare.
1058 2082 1151 2108 Visutn
1169 2087 1233 2107 vero
1253 2083 1360 2106 certum
1373 2086 1435 2106 esse
1451 2086 1544 2106 rerum
1556 2079 1708 2112 arbitrum;

919 2134 945 2156 et
961 2129 1046 2164 pluris
1060 2135 1130 2158 esse.
1147 2131 1176 2153 ut
1199 2127 1237 2153 ait
1253 2126 1386 2158 comicus,
1407 2132 1491 2152 unum
1513 2125 1653 2152 oculatum
1671 2130 1710 2153 te-

920 2180 990 2202 stem
1005 2181 1086 2208 quam
1101 2173 1207 2199 auritos
1224 2171 1333 2201 decem,
1344 2171 1391 2205 qui
1406 2178 1461 2197 non
1476 2171 1567 2198 alieno
1586 2171 1710 2198 testimo—

920 2223 979 2253 nio,
997 2220 1043 2247 sed
1064 2227 1115 2247 suo
1139 2218 1330 2253 experimento
1345 2218 1460 2244 nitatur.
1479 2217 1540 2244 Non
1565 2218 1649 2252 igitur
1662 2226 1711 2244 eos

919 2266 1024 2294 moveri
1043 2270 1182 2299 oponere,
1198 2263 1272 2298 quod
1287 2263 1334 2289 hic
1347 2262 1535 2289 Romanorum
1556 2258 1726 2296 imperater'

920 2313 962 2340 vir
978 2311 1055 2339 fortis
1072 2310 1267 2345 perhibeatur:
1280 2308 1328 2336 sed
1343 2316 1378 2335 an
1395 2308 1456 2334 talis
1468 2308 1512 2340 sit,
1523 2316 1557 2335 ex
1571 2313 1634 2336 ante
1650 2315 1710 2335 acta

919 2359 978 2393 ejus
1003 2358 1056 2384 vita
1070 2356 1259 2391 conjecturam
1286 2354 1458 2390 capiendam.
1472 2354 1559 2387 Quam
1582 2355 1605 2382 si
1630 2362 1712 2382 accu-

920 2405 1007 2431 ratius
1022 2404 1193 2434 intueantur,
1209 2401 1278 2429 nihil
1294 2409 1415 2436 unquam
1430 2400 1464 2427 ab
1477 2408 1510 2427 eo
1527 2408 1588 2427 esse
1602 2407 1709 2435 gestum

919 2450 1000 2476 laude
1014 2449 1138 2484 dignum.
1160 2448 1254 2482 Neque
1280 2448 1354 2474 enim
1379 2446 1461 2473 bellis
1482 2450 1511 2473 et
1532 2446 1634 2480 praeliis
1661 2453 1710 2480 pro

920 2494 1042 2520 Romana
1059 2502 1089 2520 re
1113 2493 1222 2528 publica
1244 2493 1329 2528 gestis
1353 2492 1524 2523 interfuisse.
1549 2499 1638 2525 neque
1655 2499 1709 2518 una

919 2547 981 2568 cum
998 2540 1081 2567 fratre
1095 2539 1206 2566 labores
1229 2545 1257 2566 et
1283 2538 1407 2573 pericula
1425 2537 1539 2569 adiisse,
1557 2537 1630 2571 quod
1651 2537 1710 2571 ipse
1731 2528 1733 2533 ’

919 2587 1031 2622 quidem
1048 2586 1142 2618 sciret,
1157 2585 1203 2620 qui
1220 2585 1349 2612 hostilem
1371 2592 1467 2618 agrum
1484 2588 1620 2618 perpetuo
1640 2582 1711 2609 infe-

918 2633 998 2660 starit
1014 2638 1042 2659 et
1063 2632 1197 2659 victorias
1221 2630 1355 2662 victoriis,
1379 2629 1536 2664 triumphos
1562 2629 1711 2664 triumphis

918 2679 1078 2707 cumularit.
1096 2678 1189 2712 Neque
1208 2677 1245 2703 illi
1267 2682 1419 2710 purpuram
1438 2679 1466 2702 et
1483 2674 1613 2702 diadema
1632 2675 1709 2702 labo-

918 2734 979 2752 rum
995 2725 1138 2760 praemium
1155 2731 1216 2751 esse
1227 2723 1300 2755 data,
1314 2721 1361 2749 sed
1375 2721 1492 2749 fortunae
1508 2721 1631 2748 ludibrio
1642 2729 1710 2749 con-

919 2773 1023 2807 tigisse.
1042 2781 1050 2797 ι
1067 2771 1093 2798 Is
1108 2778 1173 2805 ergo
1185 2770 1231 2805 qui
1248 2776 1389 2804 nunquam
1408 2768 1435 2796 in
1455 2776 1544 2804 pugna
1562 2768 1639 2796 visus
1661 2768 1708 2802 sit,

918 2819 966 2853 qui
983 2826 1037 2845 non
1052 2826 1129 2848 voce.
1142 2825 1196 2844 non
1214 2824 1307 2849 manu,
1319 2823 1373 2843 non
1387 2815 1506 2843 consilio
1520 2822 1563 2842 res
1574 2815 1709 2849 Mysorum

921 2873 1042 2900 unquam
1058 2865 1228 2897 labi-fecerit,
1245 2871 1298 2897 qua
1314 2862 1419 2889 ratione
1433 2862 1524 2890 suhitu
1540 2865 1662 2889 mutatus
1673 2862 1710 2888 sit
