1945 3074
94 168 147 201 845

470 180 486 194 ο
533 165 582 197 Ῑ)Ε
601 166 741 198 ALEXlO
764 164 902 199 ISAAClI
923 166 1063 199 ANGELl
1084 168 1142 199 ΕΗ.
1158 168 1231 198 LIB.
1252 167 1276 198 Ῑ.

1662 168 1714 200 816

95 229 194 264 πρᾶξις
219 226 288 260 αὕτη
315 225 385 260 μετὰ
406 225 536 259 στρατιᾶς
559 224 723 258 ἐπεκρίνατο
745 224 877 258 μείζονος.

935 225 986 252 bus
1001 225 1129 252 Ternobo
1140 226 1208 252 clam
1221 225 1352 260 profugus
1381 224 1576 259 imperatorem
1593 224 1660 252 adit.
1675 224 1716 252 Ila

100 275 192 301 ἰἰνὶκα
203 273 225 298 δ’
257 271 332 297 ἐσαεὶ
363 270 397 296 sit
425 269 547 305 χείρονα,
575 270 689 304 μηδενῦς
715 270 754 300 είς
783 270 879 305 χεῖρας

94 321 183 346 ἐλθεῖν
205 318 251 344 καὶ
281 316 416 350 συμμίξαι
436 317 490 347 τοῖς
510 315 659 351 βαρὸάροις
675 315 703 341 ὲν
724 317 762 350 τῷ
777 316 881 350 ἐπαρή-

93 374 153 399 γειν
190 362 305 396 Ίὸαγκῷ
342 361 546 396 δοκιμάζοντας.
589 360 762 396 Ἀπειρηκὼς
787 361 878 388 τοίνυν

93 409 169 439 οὗτος
186 411 298 441 καὶτοῖς
315 409 385 435 κατᾶ
407 410 452 434 τὸν
476 407 609 442 Τέρνοΰον
625 407 883 442 δυσχρηστούμενος

93 457 267 491 πραγματιν,
284 452 327 480 οἷα
343 454 397 480 τῶν
411 454 474 487 περὶ
485 453 531 479 τὸν
548 453 650 487 Πέτρον
671 453 881 487 κρατυνομὲνων

93 503 138 529 ἀεὶ
157 503 204 527 καὶ
219 501 348 535 στρατιᾶς
369 499 539 534 προσθήκαις
553 498 755 532 ὲπαυξομένων,
781 498 882 530 ἔξεισιν

94 547 201 574 ἐκεῖθεν
218 545 355 578 λαθραίως
369 546 416 571 καὶ
433 544 560 579 πρόσεισι
578 543 693 578 βασιλεῖ,
713 544 761 570 καὶ
780 544 882 578 μετῆλ-

93 594 141 620 θεν
160 593 232 619 οὕτω
249 591 379 624 καθαρῶς
393 591 462 625 πρὸς
477 591 523 616 τὸν
542 590 644 625 Πέτρον
665 590 745 617 πάλιν
765 591 781 625 ὴ
797 591 882 624 ἀρχη-

93 639 142 672 Tia
157 638 270 664 Μυσῶν.
287 637 360 671 Πλὴν
381 636 435 662 οὐδ’
457 633 534 667 οὗτος
556 636 664 671 θανάτῳ
688 636 795 671 φυσικῷ
812 638 882 663 ἑπα-

93 684 208 717 τξῆὶθεν,
225 683 292 709 ἀλλὰ
309 682 399 717 μικρῷ
416 681 530 716 ὕστερον
550 682 625 717 παρά
639 690 685 708 του
703 683 757 708 τῶν
778 683 879 716 ὁμογει

92 728 149 754 νῶν
162 729 234 762 ξίφει
250 727 381 758 διελαθεὶς
400 727 583 760 κατέστρεψεν
598 726 715 761 οἰκτρῶς
727 727 776 758 τὴν
788 727 860 762 ζωήν
873 734 880 742 ’

94 777 110 809 ὴ
129 775 158 802 δὲ
185 773 318 808 ἡγεμονία
334 773 389 799 τῶν
406 773 517 806 Βλάχων
539 772 633 807 βλέπει
656 773 724 808 πρὸς
752 773 882 807 Ἰωάννην

93 822 141 848 τδν
161 822 254 856 τρίτον
270 820 323 846 τῶν
344 819 476 853 ἀδελςρῶν.
491 819 557 844 Τότε
572 818 594 844 δ’
608 818 655 845 οὖν
672 820 685 844 ὁ
698 819 800 853 Πέτρος
817 819 881 845 συλ-

94 869 220 903 λήπτηρα
244 867 300 893 τῶν
325 866 414 892 πόνων
438 866 484 891 καὶ
507 866 621 900 μερίτην
647 866 695 899 τῆς
721 865 882 897 δυναστείας

99 914 228 948 Ἰωᾶιννην
240 912 438 947 προσελόμενος
455 911 502 938 τδν
517 911 666 945 ὁμαίμονα,
684 910 714 942 ὃς
729 911 771 945 ἐφ’
790 911 883 937 ἱκανὴν

93 958 244 994 ὡμήρησεν
256 959 284 984 ὲν
302 958 460 992 Ῥωμαίοις,
473 956 553 991 ἡνίκα
569 954 626 990 εἶχε
642 955 769 991 βασιλεὺς
791 957 882 983 Ἰσαά-

94 1013 154 1035 κιος
173 1004 317 1034 δισσεύσας
344 1003 415 1029 κατὰ
436 1002 548 1034 Μυσῶν,
573 1002 693 1037 ἀποδρὰς
706 1002 746 1033 δὲ,
760 1002 796 1033 ὡς
815 1004 882 1038 πρὸς

93 1052 128 1078 τὰ
144 1051 214 1078 οἴκοι
237 1050 319 1077 πάλιν
342 1050 467 1084 ἀφίκετο,
492 1049 543 1076 οὐκ
559 1049 588 1082 ἐξ
613 1049 754 1076 ἁντιθέτου
778 1049 817 1085 τῷ
836 1058 882 1076 τε-

94 1097 193 1122 ονεῶτι
215 1097 297 1122 ’Δσὲν
319 1096 353 1121 τὰ
372 1095 516 1130 Ῥωμαίων
536 1095 628 1130 ἔκειρε
647 1095 845 1129 προνομεύων·
866 1096 881 1130 ἡ

92 1143 149 1177 γὰρ
171 1141 251 1176 φύσις
265 1142 312 1168 καὶ
324 1141 411 1176 τούτῳ
423 1141 500 1167 οὐδέν
515 1149 541 1167 τι
557 1141 624 1176 πρὸς
638 1141 672 1167 τὰ
685 1141 808 1176 ἡμέτερα
827 1141 882 1167 διε-

93 1188 233 1223 6ρά6ευσε
250 1188 371 1221 μέτριον.
394 1187 517 1221 ’Υπήντα
541 1187 570 1212 δὲ
593 1186 631 1221 τῷ
650 1186 746 1221 Πέτρῳ
760 1187 789 1218 ἐξ
803 1187 882 1221 ἡμῶν

92 1234 194 1264 οὐδεὶς,
208 1233 262 1259 οὐδ’
275 1232 400 1268 ἡδύνατο,
416 1232 483 1258 ἀλλὰ
495 1231 632 1258 τοσούτων
649 1232 696 1258 καὶ
713 1233 883 1266 τηλικούτων

92 1282 151 1312 τοῖς
170 1279 303 1310 ἐναντίοις
325 1278 552 1312 κατωρθωμένων
571 1278 615 1304 ἐπὶ
635 1278 772 1309 πλείστοις
791 1280 882 1304 ἐνιαυ-

92 1327 164 1357 τιιῖς.
189 1326 235 1352 καὶ
257 1325 305 1351 τοῦ
330 1325 417 1351 κακοῦ
441 1323 519 1350 τοῦδε
543 1323 598 1350 τῶν
636 1323 782 1358 Ῥωμαίων
807 1325 883 1350 ἐσαεὶ

93 1371 323 1405 διακυμαίνοντος
341 1371 510 1404 πράγμασιν,
525 1369 655 1395 οὐδέποτε
677 1369 792 1402 βραχεῖα
817 1368 880 1403 νίκη

99 1417 248 1450 Ῥωμαίοις
277 1415 484 1450 διαγεγελάκει,
511 1415 572 1441 οὐδὲ
596 1423 623 1440 τι
646 1415 808 1449 παρυφέστη
823 1423 883 1449 τρο-

95 1462 302 1495 παιουχήματος
327 1460 453 1494 ἰνδαλμα.
470 1459 525 1493 Τὴν
539 1459 561 1485 δ’
588 1460 621 1485 ὲκ
643 1459 713 1485 Θεοῦ
729 1459 882 1494 παρόρασιν

93 1507 200 1541 ταύτην
217 1508 263 1532 καὶ
279 1506 385 1532 τελείαν
401 1504 502 1540 μικροῦ
515 1504 710 1539 ὲγκατὰλειψιν
725 1504 814 1535 οὐδεὶς
829 1504 882 1530 τῶν

95 1552 251 1588 ὑψιθρόνων
266 1551 417 1587 ἀρχιερέων
432 1552 479 1577 καὶ
494 1551 542 1581 τὰς
555 1550 666 1585 πρώτας
683 1551 883 1585 καρπουμένων

94 1599 183 1634 τιμὰς
203 1598 219 1632 ἦ
239 1597 294 1624 τῶν
321 1597 371 1632 τὴν
395 1596 476 1630 ἐρέαν
503 1596 552 1630 τῆς
572 1595 695 1629 κεφαλῆς
727 1595 809 1630 μέχρι
836 1595 885 1622 καὶ

95 1645 172 1680 ῥινὸς
199 1643 390 1678 διαχαλώντων
414 1642 623 1677 βαθυπωγὼνων
643 1641 784 1676 μοναστῶν
801 1642 830 1667 ὲν
847 1642 885 1676 νῷ

96 1691 265 1726 βαλλόμενος
277 1688 321 1725 ἦν,
337 1689 352 1724 ἦ
366 1689 501 1715 διδάσκων
524 1688 591 1723 πρὸς
616 1687 719 1721 ταύτην
734 1687 886 1721 ἀντιπράτ-

93 1747 155 1764 τειν
174 1736 333 1769 ὁποσονοῦν,
352 1736 369 1771 ἢ
387 1737 415 1761 ὲν
427 1735 465 1770 τῷ
485 1733 726 1770 παρρησιάζεσθαι
751 1733 885 1768 βασιλέως

94 1783 214 1810 ἐνώπιον
248 1782 396 1816 Ῥωμαίοις
422 1780 465 1816 [Ρ,
487 1780 551 1817 504]
578 1779 822 1815 διαμηχανώμενος
849 1779 885 1805 τὰ

95 1830 223 1864 σωτήρια
233 1836 239 1843 ·
258 1828 315 1854 ἀλλ’
330 1827 368 1859 ὡς
381 1828 406 1853 εἰ
429 1827 532 1859 πάντες
557 1825 698 1859 ὲξέκλινάν
721 1834 750 1851 τε
765 1825 824 1860 ἅμα
837 1824 885 1851 καὶ

94 1874 302 1911 ἡχρειώοησαν,
327 1873 535 1906 ἀνεπαισθήτως
560 1871 633 1907 εἶχον
656 1872 710 1898 τῶν
733 1871 885 1906 γινομένων

95 1921 147 1946 καὶ
171 1916 228 1946 οἷον
250 1918 408 1945 ἀντέϐαινον
433 1919 496 1949 ταῖς
521 1918 554 1943 ὲκ
576 1917 643 1943 Θεοῦ
671 1916 883 1951 μαστιγώσεσιν.

94 1965 231 1999 Ἕλληνες
253 1965 282 1991 δὲ
306 1965 356 1998 τὴν
374 1965 464 1990 αἰτίαν
484 1963 624 1998 ὲξητησαν
649 1963 697 1990 τοῦ
713 1963 819 1998 λοιμοῦ,
838 1964 885 1990 καὶ

93 2009 146 2036 τοῦ
161 2010 283 2043 μάντεως
301 2009 449 2042 πυθόμενοι
474 2008 632 2043 Κάλχαντος
647 2008 696 2035 οὐκ
719 2008 831 2043 ἀφῆκαν
855 2008 885 2035 τὸ

93 2056 185 2082 κακὸν
201 2055 399 2088 ἀθεράπευτον,
423 2053 489 2089 παρ’
504 2054 580 2080 οὐδὲν
594 2053 704 2089 θέμενοι
718 2055 742 2079 εί
761 2053 886 2089 βαρυμη-

95 2102 160 2137 νιᾷν
175 2100 288 2135 ἔμελλεν
301 2102 314 2127 ὁ
333 2101 487 2134 πρώτιστος
511 2100 557 2125 καὶ
572 2100 720 2135 κράτιστος
736 2100 784 2126 τοῦ
801 2108 885 2134 στρα-

94 2149 244 2183 τεύματος.
260 2147 328 2182 Ὀγε
343 2147 396 2182 μὴν
415 2146 537 2180 ’16αγκὺς
551 2147 591 2181 τῷ
613 2146 719 2181 βασιλεῖ
737 2147 885 2182 προσρυεὶς

95 2194 226 2228 ἁσμένως
252 2192 446 2227 προσδέδεκτο,
473 2193 520 2218 καὶ
547 2193 658 2226 γέγονεν
684 2194 711 2223 ὲς
733 2193 782 2218 οὐκ
807 2193 885 2227 ὀλίγα

933 271 1028 298 Petrus
1042 279 1146 298 summa
1160 279 1252 298 rerum
1272 271 1363 297 denuo
1389 271 1503 305 potitur.
1521 270 1574 298 Sed
1591 278 1640 298 nec
1657 271 1715 306 ipse

933 318 1049 345 naturali
1063 323 1149 345 morte
1162 319 1231 351 obit,
1249 318 1296 345 sed
1329 318 1409 352 paulo
1425 322 1485 352 post
1506 325 1539 344 eo
1560 325 1669 352 quoque
1700 325 1715 344 a

931 363 1104 398 popularium
1126 365 1241 398 quodam
1269 363 1460 390 miserabiliter
1486 365 1612 390 coul‘osso
1642 363 1719 397 prin-

932 409 1039 443 cipatus
1057 409 1089 436 ad
1105 409 1236 436 Joannem
1253 410 1364 436 tertium
1381 410 1440 442 ejus
1462 409 1575 436 fratrem
1608 409 1716 439 transit.

932 462 1013 489 quem
1029 460 1085 482 tum
1102 455 1197 482 Petrus
1211 455 1360 490 adjutorem
1374 456 1455 490 622
1465 455 1587 482 laborum
1599 459 1627 482 ct
1642 455 1718 490 regni

932 501 1095 536 participem
1107 506 1303 536 assumpserat.
1316 501 1340 528 Is
1350 510 1403 528 non
1419 510 1500 535 parvo
1513 506 1636 536 tempore
1646 503 1718 536 apud

933 546 1070 574 Romanos
1082 547 1163 574 obses
1182 547 1282 577 fuerat,
1295 555 1357 573 eum
1376 547 1524 581 imperator
1540 547 1659 574 lsaacius
1675 555 1720 574 se-

934 592 1054 618 cundum
1067 593 1148 626 Mysis
1164 600 1237 618 arma
1251 592 1399 624 intulisset,
1415 591 1461 618 sed
1475 592 1536 625 fuga
1548 592 1657 626 elapsus
1667 592 1719 619 do-

933 646 1008 664 mum
1028 638 1158 670 redierat,
1177 637 1264 664 nihilo
1289 638 1372 664 fratre
1385 637 1476 664 Asane
1500 638 1629 664 Romanis
1655 646 1719 672 spo-

934 684 1033 711 liandis
1043 688 1071 711 et
1080 683 1350 718 infestamlisiniitior.
1361 684 1380 710 E
1390 688 1485 710 nostro
1497 688 1587 709 aulem
1597 684 1718 711 exercitu

935 737 1016 757 nemo
1027 730 1156 756 resistere
1170 730 1253 756 Petro
1270 729 1361 764 potuit
1377 737 1383 754 τ
1399 728 1446 755 sed
1476 728 1602 756 hostibus
1616 737 1665 763 per
1681 720 1720 756 tot

933 783 1020 802 annos
1033 780 1074 802 tot
1086 781 1113 803 et
1123 779 1211 802 tantas
1224 776 1353 802 victorias
1366 775 1480 809 adeptis.
1494 783 1527 802 eo
1540 775 1611 802 tnalo
1625 775 1721 802 Roma-

934 830 996 848 nam
1009 829 1065 848 rem
1094 821 1231 856 publicam
1257 827 1389 856 perpetuo
1417 821 1552 852 turbante.
1581 829 1720 856 nunquam

934 867 989 894 ulla
1010 867 1125 894 victoria
1141 867 1226 894 ullum
1242 868 1279 893 rei
1291 867 1361 894 bene
1386 867 1512 901 gerendae
1541 867 1719 894 simulacrum

936 914 1037 941 nostris
1045 914 1145 941 arrisit.
1157 914 1231 941 lianc
1240 914 1365 942 Numinis
1374 914 1588 948 indignationem
1598 918 1624 940 et
1633 915 1720 941 nostri

937 959 1143 987 destitutionem
1161 968 1242 987 nemo
1270 957 1304 987 ex
1322 960 1473 987 summiset
1499 959 1720 987 honoratissimis

937 1005 1138 1037 sacerdotibus,
1167 1013 1249 1032 neruo
1271 1013 1302 1032 ex
1335 1005 1550 1040 religiosissimis
1577 1005 1720 1032 monachis

937 1051 1134 1083 consideravit,
1150 1051 1240 1078 ullove
1258 1051 1339 1078 modo
1354 1051 1464 1085 placare
1495 1051 1600 1081 docuit,
1624 1054 1671 1077 aut
1684 1050 1720 1076 li-

937 1096 1031 1122 berius
1055 1096 1126 1130 apud
1155 1096 1346 1130 imperatorem
1378 1095 1540 1123 disserendo
1568 1095 1720 1130 quidquam

938 1141 1069 1168 Romanis
1085 1142 1205 1168 salutare
1219 1145 1334 1168 conatus
1346 1145 1388 1168 est
1402 1148 1408 1166 ε
1425 1142 1472 1168 sed
1484 1141 1562 1175 quasi
1592 1148 1687 1167 omnes
1704 1148 1720 1167 ξι

935 1188 979 1214 via
1009 1187 1168 1215 deerrantes
1193 1193 1220 1215 et
1257 1187 1368 1214 inutiles
1394 1187 1458 1214 facti
1483 1187 1549 1221 quid
1574 1187 1613 1214 rei
1647 1193 1721 1214 esset

937 1241 990 1260 non
1011 1234 1276 1262 animadverterunt.
1301 1233 1504 1268 quodammodo
1537 1232 1650 1267 ﬂagellis
1672 1233 1720 1260 Dei

937 1280 1124 1306 adversantes.
1142 1278 1230 1306 σπι-ςιξοί
1245 1279 1356 1313 quidem
1386 1286 1468 1305 causa
1499 1279 1662 1313 pestilentia:
1685 1287 1720 1305 ex

935 1325 1085 1353 Calchante
1099 1329 1160 1351 vate
1171 1325 1290 1360 cognita,
1303 1324 1384 1359 623
1399 1324 1497 1351 oti'ensi
1512 1324 1637 1352 Numinis
1651 1325 1720 1351 iram

937 1371 1091 1406 placurunt,
1106 1370 1227 1404 neglecta
1237 1370 1336 1397 summi
1348 1374 1376 1396 et
1405 1369 1587 1404 potentissimi
1603 1369 1721 1404 impera-

938 1417 1005 1442 toris
1020 1415 1218 1449 indignatione.
1233 1415 1349 1442 lbancus
1362 1422 1427 1442 vero
1443 1423 1504 1442 cum
1524 1415 1558 1442 ad
1569 1416 1718 1450 imperato-

938 1470 994 1488 rem
1009 1470 1038 1489 se
1055 1461 1229 1492 contulisset,
1258 1461 1377 1495 benigne
1411 1466 1556 1496 susceptus
1586 1462 1720 1489 Romanis

937 1507 1062 1541 multislin
1070 1506 1152 1533 rebus
1161 1507 1254 1533 utilem
1265 1507 1592 1543 navavitoperamﬁhomo
1601 1516 1721 1542 procerae

936 1557 1056 1583 statum.
1074 1552 1212 1586 pra-stanti
1228 1552 1336 1586 ingenio
1348 1557 1376 1578 et
1389 1552 1581 1580 robustissima
1594 1560 1720 1588 corpore.

937 1598 988 1624 Sed
1005 1597 1146 1625 iracundia
1157 1602 1184 1624 et
1196 1597 1368 1624 contumacia
1376 1597 1459 1624 animi
1477 1605 1492 1624 e
1505 1597 1580 1624 vultu
1596 1598 1721 1626 relucens

936 1643 1125 1670 crudelitatem
1136 1643 1195 1678 ejus
1211 1643 1318 1670 abunde
1336 1643 1496 1670 testabatur.
1509 1645 1598 1677 Quare
1611 1646 1720 1674 tametsi

936 1689 1007 1716 inter
1018 1690 1155 1716 Romanos
1186 1689 1302 1721 viveret,
1313 1695 1402 1716 tamen
1413 1697 1504 1717 mores
1513 1698 1577 1717 suos
1589 1691 1620 1718 ad
1633 1691 1722 1719 facili-

937 1738 1019 1761 tatem
1035 1739 1064 1761 et
1085 1734 1298 1768 aequabilitatem
1313 1734 1424 1761 minime
1435 1736 1627 1769 componebat.
1641 1736 1718 1764 Nihi~

935 1779 1054 1806 lominus
1068 1779 1215 1813 imperator
1223 1786 1285 1805 eum
1297 1779 1469 1813 sponsalibus
1478 1787 1492 1806 a
1503 1779 1720 1809 sebaslocrntore

936 1825 1078 1860 promissis
1089 1832 1142 1852 non
1159 1824 1299 1859 indignum
1308 1828 1394 1856 ratus,
1407 1825 1515 1860 nuptias
1532 1826 1557 1853 in
1570 1827 1720 1862 legitimum

936 1878 1046 1907 tempus
1060 1871 1211 1899 distulitob
1238 1870 1336 1906 puellae
1364 1875 1474 1899 teneros
1505 1880 1602 1905 annos,
1631 1875 1720 1909 ipsum

935 1925 1002 1945 vero
1017 1918 1201 1945 innumerum
1226 1922 1405 1952 cognatorum
1430 1925 1542 1945 suorum
1563 1921 1721 1953 potentissi-

936 1971 1045 1996 morum
1061 1962 1202 1990 hominum
1228 1962 1341 1997 recepit,
1358 1970 1464 1989 summa
1479 1964 1602 1997 potentia
1619 1969 1646 1991 et
1661 1972 1720 1991 ma-

936 2009 1017 2036 ximis
1025 2009 1125 2044 opibus
1144 2009 1287 2036 donatum.
1304 2008 1327 2035 ls
1342 2016 1406 2035 vero
1422 2016 1527 2043 sponsa:
1555 2018 1611 2037 suae
1623 2010 1720 2037 imma-

937 2059 997 2083 tura
1013 2060 1091 2082 aetate
1106 2055 1291 2086 considerata,
1309 2059 1338 2082 et
1353 2055 1448 2082 matris
1458 2056 1518 2091 ejus
1530 2056 1615 2084 Anna;
1631 2057 1720 2086 vidum

936 2101 1027 2129 adhuc
1041 2100 1176 2136 elegantia
1190 2100 1329 2128 curiosius
1344 2102 1477 2135 inspecta,
1491 2102 1595 2136 nuptiis
1606 2103 1720 2138 amplio-

937 2149 1014 2175 ribus
1027 2148 1156 2176 inhians:
1175 2157 1184 2173 ‹
1207 2147 1288 2181 Quid,
1315 2147 1414 2182 inquit,
1439 2147 1507 2174 mihi
1529 2148 1570 2175 rei
1583 2153 1626 2176 est
1656 2157 1720 2177 cum

937 2194 1055 2221 lactente
1067 2193 1158 2220 adhuc
1172 2201 1252 2227 agna,
1265 2192 1348 2228 624
1362 2200 1424 2219 cum
1453 2201 1504 2220 ore
1532 2193 1668 2228 indigeam
1686 2196 1720 2222 ad

93 2240 234 2275 χρήσιμος
255 2238 410 2273 Ῥωμαίοις,
430 2239 556 2273 εὐμήκης
579 2237 616 2264 ὢν
638 2238 688 2273 τὴν
706 2239 814 2273 ἠλικὲαν
837 2240 883 2266 καὶ¹

936 2239 1039 2266 coitum
1052 2244 1114 2273 apta
1127 2239 1139 2266 ’ί
1151 2247 1161 2264 ι
1175 2240 1213 2266 Ac
1227 2238 1270 2265 vir
1285 2239 1331 2266 ille
1359 2238 1386 2265 in
1402 2239 1527 2273 partibus
1537 2239 1721 2276 Philippopoli

94 2285 229 2320 ἀγχίνους
261 2284 382 2319 μάλιστα
409 2286 457 2311 καὶ
484 2284 534 2320 τὴν
565 2284 662 2320 ῥώμην
691 2285 810 2320 ἀκμαῖος
836 2285 883 2312 τοῦ

95 2332 246 2366 σώματος·
267 2331 312 2356 τὸν
335 2330 363 2356 δέ
380 2339 412 2364 γε
425 2330 511 2365 ἄνδρα
535 2329 589 2356 τῶν
615 2330 741 2364 αἱμάτων
769 2331 808 2365 τῷ
834 2331 883 2358 τοῦ

95 2379 184 2409 εἴδους
217 2377 357 2412 ἁκροχόλῳ
383 2377 430 2403 καὶ
454 2376 494 2411 τῷ
523 2377 573 2412 τῆς
602 2377 714 2411 γνώμης
740 2377 884 2413 ἀποκρότῳ

95 2423 193 2457 σαφῶς
209 2423 381 2457 διεχάραττε,
404 2416 552 2457 Ῥωμαίοις
575 2421 625 2455 μὲν
643 2421 883 2456 συναυλιςόμενος,

98 2467 392 2504 μεταβρυθμιζόμενος
414 2465 580 2501 δὲμηδαμῶς
592 2467 659 2501 πρὸς
671 2466 701 2492 τὺ
716 2467 763 2493 τοῦ
780 2468 882 2503 φρονή-

97 2523 186 2550 ματος
199 2513 298 2549 ὁμαλὸν
314 2513 361 2540 καὶ
372 2513 401 2539 εὐ
417 2513 535 2539 ἐνδοτον.
544 2512 573 2539 Ὀ
588 2513 681 2544 μέντοι
695 2512 820 2548 βασιλεὺς
833 2514 885 2540 οὐκ

95 2559 210 2592 ἀνάξιον
223 2559 318 2595 κρίνας
333 2560 378 2586 τὸν
398 2558 484 2593 ἄνδρα
501 2559 556 2584 τῶν
567 2561 607 2590 εις
626 2559 708 2585 αὐτὸν
728 2559 885 2594 γενομένων

95 2604 228 2639 γαμικῶν
239 2605 409 2640 ὲγγυήσεων,
430 2605 479 2639 τὴν
492 2605 542 2639 μὲν
557 2605 680 2631 παστάδα
698 2607 726 2636 ὲς
744 2606 790 2632 τὸν
807 2607 886 2640 νόμι-

98 2660 151 2687 μον
164 2652 261 2686 καιρὸν
281 2651 429 2678 ἀνεϐάλετο
444 2651 496 2687 (ἔτι
515 2653 570 2687 γὰρ
592 2652 732 2686 ὲψέλ).ιζεν
750 2653 766 2687 ἡ
790 2653 884 2687 νύμφη

95 2698 132 2724 τὰ
153 2698 290 2731 παιδικὰ),
308 2696 390 2724 αὑτὸν
406 2697 436 2724 δὲ.
449 2699 505 2728 τοῖς
524 2697 595 2732 μέγα
608 2698 769 2731 δυναμένοις
783 2706 884 2732 συγγε-

937 2285 1036 2312 vicinis
1052 2285 1201 2320 plurimum
1217 2284 1363 2315 laboravit.
1379 2289 1408 2311 et
1418 2284 1502 2311 veluti
1515 2285 1617 2312 vallum
1634 2293 1721 2320 popne

936 2332 1042 2359 laribus
1057 2332 1115 2359 suis
1144 2335 1173 2359 et
1185 2330 1363 2357 auxiliaribus
1378 2329 1485 2366 Scythis
1514 2331 1593 2359 obvia
1605 2340 1721 2368 qumque

937 2377 1110 2405 vastantibus
1123 2376 1322 2412 Opponebatur.
1335 2376 1491 2411 Aliquando
1517 2377 1599 2403 etiam
1637 2378 1723 2413 impe-

937 2428 1058 2451 ratorem
1081 2423 1109 2450 in
1121 2422 1310 2456 expeditiones
1325 2429 1444 2456 sequens
1457 2427 1596 2461 strenuam
1608 2431 1719 2457 operam

937 2479 993 2505 pme
1008 2470 1113 2497 caeteris
1122 2476 1223 2496 navare
1233 2468 1390 2495 videbatur.
1401 2467 1468 2501 Quis
1477 2475 1543 2495 vero
1558 2468 1720 2503 Scytharum

936 2520 964 2543 et
983 2515 1147 2542 Blachorum
1166 2514 1340 2542 incursiones
1350 2519 1379 2541 et
1399 2514 1505 2542 nefaria
1520 2514 1642 2542 facinora
1657 2522 1723 2541 enn-

936 2567 1043 2587 merare
1071 2559 1175 2594 queat?
1201 2559 1319 2587 Vastitas
1348 2560 1489 2594 regionum
1512 2558 1604 2586 Hmmo
1620 2559 1722 2585 vicina-

937 2613 1012 2637 rum.
1035 2605 1200 2633 Macedoniae
1222 2610 1250 2632 et
1275 2605 1400 2632 Thraciae
1424 2604 1593 2639 direptiones
1607 2613 1611 2616 ~
1626 2603 1720 2638 utique

937 2652 1066 2680 omnibus
1081 2651 1177 2679 statuis
1192 2656 1219 2679 et
1250 2651 1351 2678 tabulis
1365 2651 1465 2678 clarius
1479 2654 1508 2677 et
1523 2649 1619 2684 quavis
1631 2649 1720 2676 histo-

937 2697 979 2724 ria
994 2696 1144 2724 dilucidius
1158 2696 1309 2724 ostendunt
1323 2695 1390 2730 quid
1408 2701 1499 2722 actum
1513 2694 1559 2722 sit.

97 2745 173 2771 νέσιν
187 2744 349 2779 ἐνέγραψεν,
362 2744 467 2775 οὐδενὸς
478 2743 533 2771 τῶν
547 2745 587 2774 si;
598 2744 747 2779 θεραπείαν
762 2744 882 2779 ἀρχικὴν
901 2744 949 2770 καὶ
981 2743 1096 2769 πλοῦτον
1129 2742 1214 2778 βαθὺν
1231 2742 1372 2778 παρεικὼς
1387 2741 1542 2777 στέρεσθαι.
1563 2741 1592 2768 'U
1607 2741 1635 2768 δὲ
1652 2742 1721 2776 πρ)ι;

98 2792 128 2818 τὺ
137 2790 371 2826 κατηγγυημένης
382 2789 737 2825 αὐτῷθυγατρὸπαιδοςτιιῦ
767 2789 902 2824 βασιλέως
920 2789 1016 2821 ἀτελὲς
1048 2788 1131 2823 ὁρῶν,
1158 2790 1206 2816 καὶ
1230 2791 1262 2823 τῇ
1278 2788 1323 2815 τοῦ
1347 2788 1463 2820 κάλλους
1487 2788 1601 2824 ῥοδωνιᾷ
1624 2789 1657 2823 τῇ
1672 2787 1722 2823 τῆς

99 2839 233 2874 τεκούσης
245 2837 330 2873 αὐτὴν
347 2837 447 2872 Ἀννης
462 2838 490 2863 ἐν
508 2836 606 2872 χηρείᾳ
621 2837 660 2862 ἔτι
677 2835 760 2871 οὔσης
770 2836 927 2872 περιέργως
960 2834 1133 2867 ὲνατιινίζων,
1163 2835 1210 2861 καὶ
1238 2834 1343 2869 γάμους
1367 2834 1572 2869 φανταζόμενος
1584 2833 1721 2870 μείζονας.

104 2897 114 2914 ι
131 2887 162 2913 Τί
195 2895 239 2922 μοι
256 2886 300 2913 καὶ
315 2884 352 2920 τῷ
376 2879 418 2910 ἓνΔ
432 2883 556 2918 γάλαξιν,
576 2892 585 2908 ι
603 2882 732 2917 ἔφασκεν,
765 2892 774 2908 ε
796 2882 895 2918 ἀρνειῷ
913 2882 1031 2916 ἀμνάδας
1045 2882 1113 2916 πρὸς
1127 2881 1219 2915 ὀχείαν
1249 2881 1295 2906 καὶ
1307 2881 1383 2915 alto;
1395 2880 1499 2913 τελείας
1510 2880 1692 2915 ἔπιδεομᾶνῳς
1710 2889 1719 2904 ι
