1945 3074
110 183 164 214 8ιίῖ)
558 188 606 219 DE
624 187 765 220 ALEXlO
787 189 890 220 ISAAC

945 190 1084 221 ANGELI
1105 192 1167 222 ΕΒ.
1183 189 1306 224 ΙᾸΒῙΙ.
1691 197 1754 228 850‘

111 242 202 276 ροῖντο
218 243 385 276 στείλασθαι,
412 244 474 271 ἐπεὶ
498 245 561 280 μηδ’
575 245 703 281 εὕρισκον
717 246 762 272 τὸν
779 245 917 282 βάρϐαρον
941 245 1034 281 μένειν
1048 247 1146 280 αὐτοὺς
1176 250 1247 276 κατά
1264 249 1358 285 χώραν
1379 250 1467 277 ἐῶντα
1486 251 1533 277 καὶ
1551 251 1650 287 φόρους
1672 251 1745 287 αὐτῷ

113 289 309 317 κατατίθεσθαι
325 290 449 317 ὁπωσοῦν
467 292 670 328 συντιθέμενον.
685 292 759 320 Ταῦτ
783 293 852 333 ἄρα
872 294 919 319 καὶ
938 293 1030 329 ὅρκων
1063 295 1258 330 γεγενημένων
1271 297 1285 323 ὁ
1300 296 1350 331 μὲν
1376 297 1485 332 Πέρσης
1509 295 1566 332 εἶχε
1589 297 1640 333 τὴν
1665 298 1744 324 πόλιν

110 337 161 363 xui.
176 339 233 368 τοῖς
252 339 284 365 ὲκ
299 339 346 365 τοῦ
362 340 459 373 γένους
471 340 580 367 δίδωσιν
596 341 681 376 αὐτὴν
692 341 732 372 είς
751 332 900 377 ἐνοίκησιν,
919 343 997 369 αὐτοὶ
1014 343 1043 369 δὲ
1061 345 1281 378 μεταναστάντες
1298 345 1404 372 ἐκεῖθεν
1429 346 1491 373 καθ’
1523 347 1621 382 ἑτέρας
1654 349 1745 383 χώρας

112 383 161 410 καὶ
178 384 270 417 πόλεις
293 386 482 421 διεσπάρησαν
496 396 502 402 ·
524 388 618 415 πολλοὶ
636 389 664 415 δὲ
691 389 741 424 τῆς
770 389 901 423 πατρίδος
921 389 1041 424 ἄγχιστα
1078 391 1232 425 πηξάμενοι
1267 392 1381 427 μόσυνα,
1397 393 1469 420 οὕτω
1487 394 1584 421 δοκοῦν
1596 395 1634 430 τῷ
1652 396 1745 431 Πέρσῃ

111 432 298 467 προσέμειναν
323 433 443 460 δούλειον
465 435 614 467 ὑποδύντες
635 435 733 470 ζυγὸν,
750 433 791 466 οἷς
807 437 824 470 ἡ
840 435 891 468 τῆς
910 435 1099 471 ἐνεγκαμένης
1130 437 1271 472 γλυκύτης
1302 440 1335 474 τῇ
1355 440 1449 476 μνήμῃ
1489 440 1652 476 προσεξανεν
1678 443 1746 470 ἀνα-

110 480 253 510 πόνιπτος.
269 479 324 505 Καὶ
340 479 461 507 τοιοῦτον
477 480 572 517 μὲντῇ
588 482 665 509 πόλει
687 482 807 518 Δαδίϐρῃ
838 481 914 511 τέλος
933 481 1091 518 ἀπήντησεν
1113 491 1121 499 ο
1148 484 1162 510 ὁ
1194 484 1222 510 δὲ
1242 484 1370 519 βασιλεὺς
1397 486 1465 520 μετὰ
1481 487 1567 523 βραχὺ
1592 488 1632 524 τῷ
1651 489 1744 526 Πέρσῃ

113 526 301 560 σπεισάμενος
322 527 465 555 ἀπέδωκεν
476 529 620 561 ἀσπασίως
640 531 690 556 ὅσα
720 529 775 565 πρὸ
806 529 854 555 τοῦ
885 526 990 555 ἁλῶναι
1009 530 1146 566 Δαδισραν
1169 532 1301 568 ἀπῃτεῖτο
1319 533 1461 568 χρήματα,
1487 532 1524 567 ὡς
1547 535 1577 568 ἐξ
1612 537 1745 572 ὀμμάτων

110 572 195 599 οὖσαν
209 572 258 607 τὴν
273 572 333 599 τότε
350 574 481 609 αἰσχύνην
496 575 603 611 ταχέως
619 577 852 611 ἀποτριψάμενος.

154 629 227 656 Ἀλλ’
245 629 321 657 οὔπω
337 631 353 665 ἡ
377 631 525 667 Ῥωμαίων
537 634 609 669 ἀρχὴ
623 634 672 669 τὴν
697 634 787 670 ἅλμην
800 633 887 668 ταύτη

990 629 1073 668 627
1092 633 1141 660 Vix
1163 633 1349 662 Romanorum
1376 636 1523 671 imperium
1553 637 1587 665 ab
1600 638 1652 666 hoc
1674 640 1745 667 maio

109 673 272 700 ἁπέπτυσεν
298 675 427 702 ἀνένευσέ
452 685 482 703 τε
507 678 638 714 καθαρῶς
666 679 714 705 καὶ
739 679 901 710 ὰνὲπνευσε,

110 720 160 746 καὶ
185 719 345 756 δεινοτέρων
368 722 542 757 ἀγγέλμασιν
567 725 751 758 ἀκουσμάτων
774 724 902 759 βάλλεται

109 765 213 796 ἄλλων,
230 767 277 793 καὶ
292 767 348 794 τῶν
363 765 521 797 ἐνεστώτων
538 769 580 807 [Ρ.
597 771 659 807 506]
676 769 746 807 ἦσαν
764 772 799 798 τὰ
813 780 901 807 προσ-

107 811 252 846 δοκώμενα
277 814 496 850 επαχθέστερα,
521 817 548 842 εἴ
565 826 596 850 γε
617 819 651 844 τὰ
676 819 725 852 μὲν
753 818 901 845 ὕπέσαινον

109 857 269 892 ἐλευθερίας
284 859 542 894 ἐγκαταλείμμασιν
557 862 610 888 ἀπὸ
621 863 722 896 μέρους
737 863 900 896 ἀλγύνοντα,

107 902 143 928 τὰ
168 902 191 928 δ’
209 904 320 930 ὲκ”τῶν
342 904 478 940 ἑσπερίων
501 907 588 933 ἐθνῶν
617 908 749 942 βάλλοντα
773 909 900 936 δουλείαν

106 950 242 983 παρεῖχον
259 950 444 983 φαντάζεσθαι
463 954 599 987 παγγενεὶ
617 954 830 990 προϐησομένην
853 956 899 982 καὶ

95 994 344 1022 δυσαπάλλακτον.
375 997 404 1023 '0
421 998 474 1032 γὰρ
490 998 522 1033 δὴ
537 1000 597 1025 τότε
615 1000 725 1034 κρατῶν
739 1000 794 1028 τῶν
822 1001 900 1028 ’Δλα-

105 1040 199 1074 μανῶν
233 1041 378 1076 Ἀμερίγος
402 1043 416 1068 ὁ
444 1043 491 1070 τοῦ
523 1045 687 1081 Φρεδερίχου
712 1045 786 1078 υίὸς,
811 1047 840 1078 ὃς
870 1048 899 1074 ἐν

104 1088 137 1121 τῇ
158 1086 228 1113 κατὰ
247 1088 433 1124 Παλαιστίνην
449 1090 538 1125 ἀνόδῳ
550 1092 583 1118 τὰ
607 1092 712 1118 ὕστατα
737 1093 836 1127 νίπτρα
856 1093 900 1120 λέ-

105 1132 200 1159 λουται
226 1134 356 1169 ποταμίῳ
382 1135 559 1170 ὲναποψύξας
589 1138 719 1172 ῥεύματι,
748 1139 840 1170 καθὼς
869 1139 898 1166 ἐν

103 1178 162 1209 τοῖς
176 1179 247 1204 κατὰ
263 1180 308 1205 τὸν
325 1180 460 1214 ’Ἄγγελον
478 1182 570 1215 λόγοις
595 1184 751 1219 ἱστόρηται,
768 1185 818 1220 τὴν
845 1192 898 1211 πα-

103 1223 198 1258 τρῴαν
216 1224 335 1259 εἰληφὼς
355 1225 495 1260 βασιλείαν
509 1229 636 1255 Σικελίαν
657 1239 687 1256 τε
714 1232 896 1266 παραστησά-

105 1278 188 1303 μενος
212 1271 258 1296 καὶ
284 1271 400 1297 Ἰταλίαν
419 1273 645 1309 ὑπαγαγόμενος,
673 1276 720 1302 ἐπὶ
750 1276 819 1311 τῷδε
848 1279 895 1305 καὶ

109 1314 261 1350 Ῥωμαίοις
276 1316 368 1348 αὐτοῖς
382 1319 529 1353 ἐπεφύετο,
559 1322 732 1356 πραγμάτων
753 1324 896 1358 νεωτέρων

103 1361 205 1393 ἄτοπος
226 1362 263 1388 ὣν
281 1364 397 1399 ἐραστὴς
422 1364 469 1391 καὶ
485 1366 584 1401 ρἐτης
599 1368 693 1394 κακῶν
722 1369 894 1398 δυσαπάλλα-

103 1415 180 1438 κτος.
195 1409 252 1435 Οὐκ
269 1409 368 1445 ἀνέδην
383 1410 410 1436 δὲ
426 1412 472 1438 καὶ
490 1413 589 1439 αὐτίκα
615 1414 763 1449 Ῥωμαίοις
774 1413 808 1451 ἦν
831 1418 896 1451 ἑφε-

102 1454 218 1489 δρεύων,
232 1456 263 1482 τὸ
288 1456 338 1490 τῆς
362 1457 548 1492 ἐγχειρήσεως
566 1459 685 1495 ἐργῶδες
704 1461 894 1497 ὑποϐλεπόμε-

102 1508 157 1531 νος,
175 1500 221 1526 καὶ
236 1501 276 1527 ἔτι
294 1502 363 1537 ἔχων
377 1504 432 1535 τοῖς
456 1503 607 1540 ὀφθαλμοῖς
622 1507 793 1541 προκείμενα
806 1509 894 1535 ὁπόσα

107 1545 241 1580 Ῥωμαῖοι
258 1549 328 1574 κατὰ
347 1549 498 1576 Σικελικῶν
514 1551 677 1586 ἡνδρίσαντο
696 1553 725 1584 ἐς
747 1553 797 1588 τὴν
823 1553 893 1589 ἠμε-

101 1593 185 1627 τέραν
199 1593 295 1629 πρώην
306 1596 537 1630 παρεμϐαλόντων
547 1616 556 1629 ,
570 1598 617 1625 καὶ
637 1599 714 1634 παρὰ
729 1599 777 1625 τοῦ
791 1601 894 1627 πάππα

100 1639 130 1665 δὲ
145 1640 193 1674 τῆς
208 1640 403 1675 πρεσϐυτέρας
424 1642 536 1678 Ῥώμης
548 1644 599 1670 οὐκ
622 1644 732 1671 ἔλαττον
744 1646 893 1681 ἀνασειρα-

100 1685 217 1719 ξάμενος
232 1687 280 1721 τῆς
296 1688 466 1723 προθέσεως.
483 1690 600 1724 Πέμψας
615 1689 662 1718 οὖν
675 1692 808 1728 πρέσϐεις
824 1693 893 1729 πρὸς

99 1731 147 1757 τδν
163 1732 356 1769 αὐτοκράτορα
377 1735 514 1763 ἰσαάκιον
538 1737 579 1772 (οὐ
596 1737 651 1772 γάρ
667 1748 711 1764 πω
735 1739 786 1773 τῆς
804 1740 892 1776 ἀρχῆς

99 1777 314 1813 ἐξωστράκιστο)
341 1781 433 1813 αἰτίας
460 1783 579 1819 συνείρει
605 1784 730 1812 ἀναιτίου
756 1785 893 1821 δήπουθεν

99 1823 279 1856 διαστάσεως.
291 1825 396 1862 Ἑαυτῷ
410 1827 464 1862 γὰρ
475 1827 629 1864 ἀπεμέριζε
647 1830 694 1856 καὶ
707 1833 891 1867 προσῳκείου,

100 1870 138 1899 ὼς
155 1870 207 1903 ἠδη
221 1870 347 1902 Σικελίας
365 1872 561 1905 ὲξουσιάξοντι,
585 1874 636 1906 τὰς
651 1875 681 1907 ἐξ
706 1876 793 1911 αὐτῆς
814 1878 892 1904 Ἐπι-

99 1915 203 1950 δάμνου
218 1916 303 1950 μέχρι
321 1917 369 1943 καὶ
382 1918 432 1952 τῆς
449 1918 652 1954 μεγαλωνύμου
665 1920 769 1953 πόλεως
784 1921 891 1949 Θεσσα-

99 1961 395 2013 ).οπιίκης,¹1³ωμαῖκὰς
423 1965 609 1998 ἁπαξαπάσας
636 1967 729 2004 χώρας
756 1969 795 2001 ὡς
816 1970 926 2013 νόμῳε

98 2008 281 2042 ὑποκυψάσας
300 2011 419 2045 πολέμου
441 2012 481 2045 τῷ
496 2013 549 2039 τῶν
575 2014 693 2042 Σικελῶν
717 2016 770 2051 πρὸ
790 2016 888 2051 τρίτης

100 2055 308 2089 στρατεύματι·
325 2058 376 2092 τὴν
392 2058 447 2093 γὰρ
457 2057 543 2094 ἧτταν
554 2060 657 2087 τούτων
681 2061 729 2088 καὶ
751 2063 886 2098 κατατρύ-

99 2110 189 2128 πωσιν
206 2103 266 2128 κατ’
291 2103 400 2137 ἀπάτην
418 2105 495 2140 ἔλεγε
525 2106 671 2142 Ῥωμαίων
688 2109 884 2144 προσυπαντῆ-

96 2155 156 2178 σαι,
178 2148 227 2183 οὐχ
249 2149 351 2184 ἥκιστα
371 2152 481 2178 πάντων
503 2151 645 2186 λογοποιὸς
672 2153 701 2179 ὲν
722 2154 778 2185 τοῖς
802 2154 884 2181 ἀνδὰ-

94 2203 188 2221 νουσιν
204 2196 409 2231 εὑρισκόμενος.
433 2198 603 2231 Ἐλογίστευε
620 2199 648 2226 δὲ
665 2200 712 2227 καὶ
731 2200 820 2232 λύπας
835 2201 884 2234 τὰς

93 2239 142 2265 τοῦ
159 2240 274 2273 πατρὸς,
289 2241 335 2268 καὶ
352 2242 496 2276 σταθμὶοις
511 2243 542 2269 οὐ
566 2243 681 2275 δικαίοις
707 2243 792 2276 αὑτὰς
820 2245 884 2274 ἔτα-

93 2285 234 2318 λάντευεν,
255 2287 285 2312 οὺ
297 2287 347 2318 τὰς
360 2288 533 2322 προσφάτους
556 2289 647 2323 μόνον,
663 2289 730 2316 ἀλλὰ
745 2290 791 2317 καὶ
806 2291 883 2323 ὅσαις

91 2332 197 2363 ἐκεῖνος
215 2333 247 2358 ἐκ
261 2333 359 2359 πολλοῦ
384 2335 603 2368 προσεπάλαισε,
631 2335 683 2369 τῆς
709 2336 882 2370 παλαιτέροις

97 2377 208 2411 Ῥώμης
224 2378 432 2414 ὲκδιιστάμενος
445 2382 505 2412 ταῖς
527 2381 574 2407 τοῦ
603 2381 737 2416 βασιλέως
753 2381 882 2417 Μανουὴλ

92 2423 248 2457 ἁγχινοίαις
262 2424 310 2450 καὶ
327 2425 445 2457 Ἰταλίας
459 2426 592 2458 ὡσαύτως
604 2428 880 2463 ἐκσίρενὸονοῦμενος.

91 2469 147 2495 Καὶ
162 2469 250 2496 ταῦτα
261 2469 293 2506 δὴ
308 2471 342 2497 τὰ
359 2471 412 2506 πρὸ
429 2472 574 2499 Εὐκλείδου
599 2474 792 2506 ἀνυποστόλως
817 2476 882 2501 ἀνα-

90 2515 176 2541 κινῶν
189 2515 268 2551 ἧθελε
283 2516 437 2551 Ῥωμαίους
453 2519 580 2553 χρήμασι
595 2520 735 2554 μεγίστοις
748 2521 881 2556 πρίασθαι

90 2563 141 2597 τὴν
154 2563 295 2598 εἰρήνηνῆ
315 2563 532 2600 πολεμησείοντα
552 2565 648 2592 τοῦτον
664 2568 696 2593 ἐκ
713 2567 760 2593 τοῦ
779 2568 878 2595 αὐτίκα

93 2608 168 2643 μάλα
181 2608 449 2643 καθυπεκδέχεσοαι.
474 2610 650 2646 Προσαπῂτει
666 2611 705 2643 δὲ,
719 2612 757 2643 ὡς
781 2614 806 2639 εί
831 2622 880 2639 κυ-

954 680 1116 714 respirarat,
1145 687 1208 708 cum
1240 681 1285 708 alii
1302 681 1392 710 nuntii
1410 683 1550 718 graviores
1579 685 1743 718 afferuntur,

953 729 981 752 et
1000 725 1094 752 futura
1129 727 1260 760 majorem
1287 727 1408 755 dolorem
1426 729 1545 756 aﬂ‘erunt
1560 738 1642 765 quam
1674 739 1744 767 pra:-

953 772 1052 800 sentia.
1064 770 1131 800 Nam
1162 773 1222 800 lucc
1249 773 1372 809 quidem,
1388 776 1514 810 quamvis
1532 785 1564 804 ex
1580 783 1657 812 parte
1686 786 1745 805 mo-

952 817 1059 845 lestiam
1098 818 1243 851 haberent,
1286 824 1376 848 tamen
1418 821 1557 850 libertatis
1605 825 1746 852 nonnullis

953 864 1078 899 reliquiis
1091 865 1314 894 blandiebantur.
1341 866 1406 900 Qua:
1435 873 1526 896 alitem
1538 870 1572 897 ab
1588 870 1746 898 occidenta-

952 908 1024 936 libus
1044 910 1172 944 gentibus
1193 910 1386 942 imminebant.
1405 921 1436 940 ca
1461 914 1622 942 servitutem
1636 916 1746 944 univer«

952 961 1009 982 sam
1021 960 1049 982 et
1058 959 1217 990 perpetuam
1230 955 1439 990 minitabantur.
1451 960 1518 987 Nam
1527 960 1742 990 Alemannorum

952 1007 1000 1027 rex
1014 1001 1171 1037 Amerigus,
1200 1002 1335 1031 Friderici
1351 1004 1432 1037 (ilius,
1449 1006 1494 1040 qui
1526 1007 1553 1033 in
1567 1008 1743 1042 expeditione

951 1047 1095 1075 Palaestina
1108 1046 1270 1077 submersus
1285 1055 1338 1082 est,
1366 1056 1395 1077 ut
1423 1052 1450 1079 in
1467 1052 1560 1080 lsaacii
1583 1054 1678 1088 Angeli
1693 1055 1744 1082 im-

950 1094 1028 1128 perio
1041 1093 1172 1127 diximus,
1189 1099 1304 1130 paterno
1327 1097 1484 1132 principatu
1502 1105 1640 1134 suscepto,
1650 1100 1743 1128 Sicilia

949 1145 977 1167 et
1003 1139 1079 1167 italia
1117 1141 1248 1174 subactis,
1288 1138 1440 1171 Romanos.
1469 1143 1542 1179 ipsos
1579 1146 1742 1178 lacessebat.

949 1190 1083 1212 novarum
1116 1193 1208 1214 rerum
1226 1188 1383 1223 importune
1411 1190 1538 1224 cupidus,
1551 1195 1579 1218 et
1605 1197 1744 1226 grassator

949 1232 1127 1260 inevitabilis.
1147 1230 1241 1268 Neque
1259 1239 1351 1262 tamen
1365 1237 1457 1263 statim
1474 1237 1612 1264 Romanos
1628 1238 1740 1272 invasit,

949 1280 988 1306 rei
1008 1279 1168 1308 difﬁcultate
1189 1281 1351 1314 deterritus,
1377 1283 1474 1317 positis
1493 1283 1584 1311 adhuc
1595 1284 1631 1311 oh
1645 1285 1742 1312 oculos

949 1330 1107 1354 nostrorum
1136 1331 1232 1354 contra
1267 1327 1374 1355 Siculos
1410 1328 1528 1356 fortibus
1560 1329 1743 1363 facinoribus,

946 1380 1008 1401 cum
1023 1373 1130 1408 pridem
1155 1375 1182 1401 in
1198 1374 1354 1408 provincias
1377 1379 1486 1402 nostras
1499 1375 1631 1410 impetum
1659 1377 1742 1405 fecis-

946 1424 1017 1452 sent,
1030 1425 1058 1447 et
1074 1428 1088 1447 a
1101 1421 1203 1447 veteris
1218 1421 1312 1448 Romae
1328 1421 1400 1455 Papa
1415 1419 1450 1448 ab
1473 1421 1600 1449 instituto
1619 1423 1742 1451 retrahe-

947 1471 1034 1495 retur.
1047 1467 1137 1494 Missis
1157 1467 1239 1502 igitur
1265 1467 1299 1494 ad
1317 1467 1450 1495 lsaacium
1475 1468 1573 1502 legatis
1606 1469 1743 1503 (nondum

945 1513 1019 1540 enim
1048 1513 1071 1540 is
1089 1513 1206 1547 imperio
1229 1513 1381 1546 exciderat)
1415 1521 1524 1540 causam
1557 1513 1739 1540 dissensionis

945 1560 1054 1587 inanem
1082 1560 1241 1594 qumritans.
1264 1559 1401 1587 Romanas
1426 1559 1582 1595 provincias
1599 1567 1694 1586 omnes
1704 1559 1741 1587 ab

945 1605 1097 1639 Epidamno
1110 1613 1197 1639 usque
1225 1604 1259 1632 ad
1275 1605 1405 1641 inclytam
1438 1605 1535 1632 urbem
1560 1604 1739 1632 Tinessaloni~

944 1651 1068 1678 censium
1083 1650 1136 1678 sibi
1164 1655 1194 1678 ut
1214 1650 1315 1678 Sicilia:
1337 1651 1393 1685 regi
1415 1651 1583 1682 vindicabat,
1612 1656 1641 1678 ut
1673 1651 1738 1678 belli

942 1696 1004 1731 jure
1023 1703 1113 1730 nuper
1126 1699 1140 1723 a
1155 1695 1249 1723 Siculo
1265 1696 1388 1722 exercitu
1404 1696 1543 1723 subactas.
1571 1695 1654 1731 628
1668 1695 1736 1722 Nam

944 1741 1016 1776 quod
1038 1741 1061 1768 is
1084 1736 1193 1768 tandem
1217 1748 1232 1767 a
1258 1738 1390 1768 Romanis
1417 1738 1576 1776 profligatus
1599 1745 1683 1771 esset,
1708 1740 1736 1767 id

944 1788 1041 1815 fraude
1062 1787 1163 1815 factum
1196 1788 1347 1821 asserebat,
1394 1788 1421 1814 in
1453 1787 1510 1815 suis
1538 1787 1737 1822 cupiditatibus

944 1832 1071 1860 furandis
1085 1833 1222 1860 fabulator
1237 1833 1364 1868 insignis.
1376 1833 1616 1861 Commemorabat
1639 1833 1740 1865 etiam..

944 1881 971 1904 et
996 1877 1098 1911 iniquis
1109 1877 1237 1905 lancibus
1254 1878 1424 1911 ponderabat
1453 1883 1580 1912 paternas
1596 1877 1733 1907 oﬂ‘ensas;

944 1930 996 1950 nec
1013 1928 1059 1950 eas
1071 1927 1197 1950 recentes
1210 1923 1355 1957 duntaxat,
1381 1923 1428 1950 sed
1449 1928 1556 1951 veteres
1570 1923 1663 1953 ctiam.
1676 1923 1733 1950 Ma-

943 1968 1032 1997 nuelis
1043 1968 1155 1997 solertia
1185 1969 1287 1996 veteris
1313 1969 1406 1996 lloma:
1435 1968 1507 2003 Papa
1532 1973 1628 1995 contra
1655 1966 1732 1994 illum

943 2014 1092 2047 concitato,
1107 2014 1186 2049 cujus
1200 2013 1334 2041 Manuelis
1353 2022 1436 2049 opera
1461 2014 1545 2040 etiam
1572 2013 1648 2041 italia
1665 2021 1731 2040 exa-

944 2066 1006 2089 ctus
1022 2066 1192 2096 eSSetpater.
1212 2061 1250 2088 ita
1265 2060 1397 2088 obsoletis
1423 2059 1588 2086 criminibus
1603 2058 1731 2094 perfricta

943 2110 1033 2137 fronte
1067 2108 1243 2140 renovandis,
1269 2108 1401 2135 Romanis
1426 2112 1473 2134 aut
1494 2114 1589 2142 pacem
1614 2107 1731 2134 maxima

943 2157 1059 2191 pecunia
1070 2154 1270 2194 redimendam,
1286 2154 1442 2182 autbelium
1452 2154 1543 2180 statim
1557 2153 1730 2181 tolerandum

943 2200 1139 2229 arbitrabatur.
1168 2201 1304 2228 Prmterea
1344 2205 1473 2235 tanquam
1487 2207 1535 2227 rex
1578 2207 1672 2234 regum
1704 2204 1733 2226 et

942 2248 1090 2283 imperator
1118 2248 1314 2282 imperatorum
1352 2247 1517 2282 postulabat,
1532 2251 1562 2273 ut
1600 2245 1731 2273 Romanis

940 2295 998 2322 suis
1026 2294 1053 2321 in
1081 2293 1225 2321 Palaestina
1272 2292 1453 2328 popularibus
1485 2292 1591 2319 navalia
1627 2291 1728 2318 auxilia

941 2340 1091 2366 mitterent.
1117 2339 1158 2366 Ad
1173 2346 1234 2373 quae
1267 2346 1329 2365 cum
1350 2337 1498 2373 imperator
1530 2336 1728 2372 rescripsisset,

940 2389 968 2412 et
983 2385 1072 2411 virum
1086 2392 1142 2411 non
1159 2384 1309 2411 obscurum
1335 2383 1368 2410 ad
1385 2391 1447 2410 eum
1461 2383 1630 2418 ablegasset:
1647 2381 1728 2418 legati

939 2432 973 2459 ab
990 2439 1023 2458 eo
1035 2435 1181 2462 venerunt,
1206 2437 1323 2465 quorum
1339 2430 1408 2456 alter
1423 2429 1506 2456 homo
1530 2428 1728 2464 superciliosus

936 2482 1006 2511 erat,
1020 2484 1048 2506 et
1063 2485 1096 2504 eo
1113 2477 1223 2504 nomine
1238 2476 1383 2511 superbus,
1394 2476 1468 2510 quod
1480 2475 1550 2511 regis
1566 2475 1593 2502 in
1605 2475 1729 2511 pueritia
1756 2514 1759 2517 1

937 2532 1032 2553 curam
1061 2524 1200 2559 gessisset.
1235 2523 1301 2559 Ejus
1335 2523 1479 2558 legationis
1512 2529 1620 2549 summa
1654 2525 1728 2550 erat,.
1752 2525 1774 2544 :‘

936 2571 1121 2606 plurimorum
1146 2570 1312 2597 talentorum
1340 2569 1502 2604 postulatio,
1527 2567 1683 2603 arrogantia
1696 2571 1724 2593 et

936 2616 1082 2644 insolentia
1099 2615 1193 2648 verba,
1225 2623 1318 2643 rerum
1344 2615 1379 2642 ab
1399 2615 1560 2642 Alemannis
1581 2619 1721 2648 gestarum

90 2654 158 2688 ρίων
174 2654 269 2689 κύριος
281 2655 458 2690 καθειστήκει
476 2657 523 2682 καὶ¹
545 2656 675 2691 βασιλεὺς
691 2659 880 2687 ἀναδέδεικται

945 2662 1052 2696 ;loriosa
1076 2662 1313 2694 commemoratio,
1335 2661 1437 2697 quibus
1461 2660 1602 2687 auditores
1631 2658 1721 2694 decipi

89 2700 235 2734 βασιλέων,
256 2700 429 2736 συνάρασθαι
446 2702 502 2733 τοῖς
518 2704 588 2730 κατὰ
605 2703 791 2739 Παλαιστίνην
813 2707 880 2740 ὁμο-

934 2708 1032 2735 solent.

88 2747 196 2780 γενέσιν
207 2747 303 2782 ἐκείνῳ
313 2747 346 2774 δι’
358 2748 512 2785 ἀποστολῆς
526 2751 700 2786 ναυμαχικῆς
715 2753 855 2786 στρατιᾶς.
873 2754 1140 2786 ’Λντετιιστείλαντος
1151 2755 1179 2780 δὲ
1192 2754 1260 2791 πρὸς
1272 2754 1359 2781 ταῦτα
1373 2753 1420 2780 τοῦ
1431 2753 1564 2788 βασιλέως
1579 2753 1625 2780 καὶ
1636 2753 1721 2788 ἄνδρα

87 2794 142 2820 τῶν
155 2795 205 2821 οὐκ
217 2794 334 2828 ἀσήμων
350 2795 519 2831 πρεσϐευτὴν
533 2797 696 2830 στείλαντος,
715 2799 846 2834 πρέσϐεις
862 2801 966 2828 ἐκεῖθεν
983 2801 1125 2836 ἀφίκοντο,
1138 2799 1175 2828 ὦν
1187 2802 1284 2835 ἅτερος
1300 2800 1383 2836 βαρὺς
1399 2796 1432 2836 ἦν
1445 2799 1494 2835 τὴν
1508 2800 1595 2835 ὀφρὺν
1611 2801 1658 2828 καὶ
1673 2809 1721 2826 πε-

89 2842 180 2875 ριττὸς
192 2841 232 2876 τῷ
242 2841 447 2876 παιδοκομῆσαι
460 2842 507 2868 τὸν
520 2843 602 2877 ρῆγα.
614 2840 668 2870 Ἦν
687 2843 714 2870 δὲ
730 2845 820 2872 καὶτὰ
831 2845 864 2872 δι’
877 2846 966 2872 αὐτῶν
977 2848 1186 2882 πρεσδευόμενα
1199 2847 1350 2881 χρημάτων
1360 2847 1504 2878 ἀποδόσεις
1513 2847 1719 2875 πολυταλάντων

88 2889 248 2916 aliain-nu!
263 2884 291 2915 τε
311 2889 357 2914 καὶ
380 2889 482 2924 κόμποι
503 2889 548 2916 καὶ
569 2891 735 2925 αὐχημάτων
751 2892 893 2928 ἐγχωρίων
907 2894 1065 2928 κατάλογοι,
1082 2893 1115 2919 δι’
1129 2890 1166 2920 ὧν
1185 2893 1446 2922 καταπολιτεύονται
1462 2895 1487 2920 oi
1509 2895 1664 2927 ἀκούοντες.
