1952 3076
257 128 309 159 δῖε,
866 125 1013 155 maere
1033 126 1236 156 Clio.\'l.\’i‘.i§
1819 128 1878 159 8:6

255 184 325 211 ultra
339 182 506 214 dimicaturi,
524 186 550 208 et
564 185 611 208 aut
638 179 794 216 superaturi
826 180 961 208 Barbaros
989 187 1036 209 aut

1088 184 1118 209 τὸ
1143 183 1171 209 δὲ
1197 183 1389 218 φιλάνθρωπον
1415 184 1495 210 τοῦτο
1518 184 1671 218 διάγγελμα
1695 184 1790 211 οὐδένα
1817 187 1879 213 τῶν

256 239 304 266 pro
314 230 404 266 patiia
427 229 593 257 occubituri.
617 229 655 256 lla
682 229 767 264 copia;
798 228 922 264 Cypsclla
953 234 982 256 ut
1006 230 1034 257 in

1087 228 1267 264 αἰχμαλώτων
1282 229 1410 263 πατρίδος
1425 230 1512 264 ἀφῆκε
1541 229 1706 264 μνήσασθαι.
1732 230 1802 257 ἀλλὰ
1827 233 1878 259 καὶ

254 285 306 304 una
323 281 409 304 castra
425 278 625 302 convenerunt.

1087 275 1155 309 πρὸς
1168 274 1281 306 πολλοὺς
1294 275 1386 301 ὁπόσοι
1403 275 1469 310 πρὸς
1488 275 1598 310 Περσῶν
1609 276 1657 310 ούχ
1669 275 1791 303 ἐόιλωσιιν
1803 278 1834 308 ὲς
1847 277 1879 304 τὸ

240 321 407 366 ’Φιλομίλιιν
427 319 608 354 ἐφειλκύσατο
620 338 627 351 ,
643 319 796 354 ἀκηκοότας
812 319 861 346 ὅσα
876 321 931 351 τοῖς
943 319 1003 346 καθ’
1018 318 1088 355 αἷμα
1103 321 1151 347 καὶ
1161 320 1329 355 πατριώταις
1347 321 1361 347 6
1378 321 1486 356 Πέρσης
1496 321 1653 356 εἰργάσατο,
1670 322 1762 354 Οὕτως
1773 323 1808 349 ὲκ
1823 323 1879 358 τῆς

251 369 306 396 τῶν
320 370 359 398 εις
371 367 595 404 ἡμᾶςῬωμαίων
606 368 702 401 γενεᾶς
716 367 766 402 οὺχ
780 367 852 398 ὅπως
867 367 1022 394 ἐκλέλοιπεν
1036 367 1119 401 ὅσιος,
1132 368 1365 403 κα¹ιώλιγώθησαν
1374 368 1402 394 ai.
1416 368 1550 402 ἀλήθειαι,
1560 369 1626 394 ἀλλὰ
1638 368 1686 395 καὶ
1697 368 1740 395 διὰ
1755 370 1787 395 τδ
1806 370 1881 405 πλη-

252 416 381 451 θυνθῆναι
391 416 440 450 τὴν
453 415 568 450 ἀνομίαν
581 414 709 450 ἀπεψύγη
722 415 777 441 τῶν
788 414 917 449 πολλῶνή
934 415 1084 450 ἀγάπησις,
1093 416 1130 446 ὡς
1142 415 1191 450 τὴν
1201 415 1276 450 παρὰ
1291 415 1439 450 βαρϐάροις
1449 415 1577 442 ἀποικίαν
1592 416 1683 447 πόλεις
1697 416 1760 448 ὅλας
1778 414 1880 448 tam-

251 463 442 500 vi6a;_éls'crOzr
456 463 501 489 καὶ
514 463 563 498 τῆς
577 462 706 498 πατρίδος
718 462 844 497 ἀσμένως
861 462 1027 495 ἀλλάξασθαι
1040 471 1046 478 ·
1061 464 1088 489 αἱ
1101 464 1154 498 γὰρ
1169 464 1264 498 συχναὶ
1274 463 1429 498 τυραννίδες
1440 463 1501 489 τότε
1517 462 1564 489 ὑπ’
1578 463 1664 498 ἀρχὴν
1673 463 1721 498 τῆς
1733 463 1879 498 σώφρονος

251 512 357 545 διαίτης
385 511 560 546 ἑξέκρουσαν,
585 511 630 536 καὶ
645 511 705 542 ταῖς
725 511 868 545 ἁρπαγαῖς
907 510 962 536 τῶν
986 510 1159 545 κρατούντων
1190 511 1215 537 οί
1238 511 1346 542 πλείους
1386 511 1626 546 ὲγγυμνασάμενοι
1650 510 1726 537 οὐδέν
1743 519 1770 537 τι
1803 509 1880 544 πρὸς

251 562 317 591 τοὺς
331 559 484 595 ὁμοφύλους
501 559 611 594 μέτριον
624 558 748 584 ἐνενόουν
765 558 813 584 καὶ
830 557 1024 592 διεπράττοντο
1041 565 1047 572 ⁸
1071 558 1130 585 ἀλλ’
1165 555 1209 585 οἶα
1229 559 1277 585 καὶ
1308 558 1342 585 τὰ
1364 559 1406 594 [Ρ.
1423 557 1488 594 521]
1505 558 1579 593 παρὰ
1591 559 1724 593 βασιλέως
1741 558 1811 594 πρὸς
1842 558 1879 584 τά

251 609 351 636 οὑτωσὶ
379 607 522 643 συμΰάντα
545 606 711 642 διῳκημένα.
735 605 843 632 Στέλλει
863 605 910 632 τὸν
947 605 1053 632 Δοῦκαν
1072 606 1243 640 ’Δνδρόνικον
1267 606 1376 633 νεανίαν
1417 606 1534 641 πρώτως
1556 607 1699 641 ὑπηνήτην
1719 606 1758 642 τῷ
1779 606 1877 641 Πέρσῃ

253 657 527 693 συμπλακησόμενον.
548 655 578 682 ’0
600 655 629 681 δὲ
652 653 711 690 μεθ’
723 650 760 681 ὧν
781 654 958 689 ἡγεμόνευεν,
983 653 1033 688 ὀψὲ
1052 655 1171 681 ποιεῖται
1205 654 1255 689 τὴν
1269 654 1340 680 κατὰ
1370 653 1424 680 τῶν
1435 654 1564 689 Τούρκων
1579 654 1683 687 ἔφοδον.
1701 654 1812 688 ’Δμέλει
1828 655 1878 681 καὶ

254 705 349 736 νυκτὸς
364 704 525 738 ἐπιθέμενος
540 701 699 737 ποιμνίταις
715 701 761 728 καὶ
773 701 923 736 βουκολίοις
938 702 1034 736 ἁμηρᾶ
1052 709 1124 732 τινος
1151 701 1272 737 Ἀρσανῆ
1306 701 1365 736 μετ’
1379 702 1409 728 οὒ
1428 702 1495 729 πολὺ
1513 701 1705 735 ὲπανέζευξεν.
1727 703 1809 730 Ἀλλά
1827 703 1878 730 καὶ

255 753 381 790 βασιλεὺς
404 752 484 783 αὐτὸς
508 752 544 783 ὡς
566 750 620 777 ἀπὸ
641 749 726 776 λωτοῦ
754 750 801 776 καὶ
825 749 964 784 Σειρήνων
981 749 1035 777 τῶν
1053 750 1199 785 τρυφερῶν
1233 750 1340 785 χωρίων
1373 750 1424 785 τῆς
1444 750 1625 785 Προποντίδος
1644 751 1721 786 μόλις
1744 752 1876 779 ἀποσπα-

254 801 327 831 σθεὶς
345 800 416 826 κατὰ
433 799 550 826 Νίκαιαν
567 798 615 825 καὶ
632 797 759 832 Προῦσαν
773 797 903 831 ἀφίκετο,
935 797 986 824 οὐκ
1019 798 1228 833 ἀντιμετρήσων
1256 797 1272 832 ἢ
1289 797 1488 825 άνταποδώσων
1503 799 1560 830 τοῖς
1574 797 1694 834 Πέρσαις
1721 798 1735 825 ὃ
1751 799 1876 834 ἐμέτρη-

253 855 303 874 σαν
326 847 372 872 καὶ
392 844 587 872 ἀνταπέδωκαν
604 845 671 879 ἡμῖν
698 842 874 878 ἀνταπόδομα
887 863 894 876 ,
931 842 990 869 ἀλλ’
1023 842 1067 869 ἵνα
1088 843 1126 878 μὴ
1145 843 1196 875 τάς
1212 843 1301 869 ἐκεῖσε
1320 843 1413 875 πόλεις
1428 843 1476 870 καὶ
1492 843 1584 878 χώρας
1609 844 1702 875 κακῶς
1724 843 1876 871 διάθωνται

251 893 306 919 τῶν
322 891 369 918 τοῦ
393 890 497 922 Βάθους
523 889 720 922 ἐξαναστάντες
736 887 840 924 μερῶν,
867 889 895 915 ὲν
919 884 960 920 οἷς
991 888 1022 914 ού
1062 888 1168 924 μέτριοι
1206 889 1268 916 τότε
1291 888 1443 924 ηὐλίζοντο.
1469 889 1543 925 Πλὴν
1564 890 1610 916 καὶ
1637 889 1764 925 βασιλεὺς
1799 891 1876 927 μῆνα

251 938 307 968 τοῖς
328 937 417 962 ἐκεῖσε
439 935 489 961 ἕνα
510 933 726 969 προσδιατρίψας
758 932 841 964 ὀξέως
874 932 1014 960 ἐπάνεισιν
1046 933 1086 965 εἰς
1117 933 1275 966 Βυζάντιον.
1300 934 1502 966 ’Λνατείλαντος
1521 934 1546 960 δ’
1568 934 1649 969 ἔαρος
1670 935 1791 970 γίνονται
1819 938 1876 964 πά-

250 983 290 1009 λιν
312 981 461 1016 συνδρομαὶ
480 980 534 1007 τῶν
558 979 772 1015 στρατευμάτων
793 979 841 1005 καὶ
855 978 985 1012 συλλογαὶ
1012 978 1071 1014 μεθ’
1108 979 1174 1013 ὅσης
1189 979 1239 1006 οὐκ
1271 979 1335 1015 εἴπῃ
1360 987 1402 1010 τις
1429 979 1462 1006 ἂν
1487 979 1575 1015 ὁρμῆς
1603 981 1651 1006 καὶ
1666 981 1875 1017 συντονωτάτης

251 1029 424 1064 ὲπειγωλῆς·
460 1029 523 1054 ἐπεὶ
546 1028 593 1054 καὶ
620 1027 682 1057 ταῖς
717 1025 849 1056 πολλάκις
879 1024 927 1052 τοῦ
954 1024 1032 1057 ἔτους
1068 1026 1187 1058 συνόδοις
1210 1027 1257 1053 καὶ
1292 1026 1352 1059 ταῖς
1381 1029 1492 1061 συχναῖς
1521 1027 1682 1060 συντάξεσιν
1713 1028 1727 1054 6
1756 1029 1875 1064 στρατὸς

250 1075 471 1105 ἀποκναίσαντες
488 1072 583 1108 στῆναί
600 1081 628 1098 τε
652 1071 707 1098 τῶν
723 1070 887 1105 ἐπαλλήλων
909 1069 1095 1097 συνελεύοεων
1124 1071 1200 1107 ἥρων
1232 1072 1281 1099 καὶ
1301 1072 1351 1108 τῆς
1388 1071 1459 1098 οἴκοι
1479 1071 1616 1106 ἀναὸολῆς
1649 1072 1801 1108 ὲγλίχοντο.
1829 1073 1875 1105 Ὧς

251 1123 322 1158 ὑπὲρ
338 1122 414 1156 ἰσχὺν
428 1120 520 1147 τοίνυν
535 1118 734 1154 ἀγωνιούμενοι
747 1116 942 1152 συνελέγησαν,
974 1116 1021 1142 καὶ
1049 1117 1066 1152 ἢ
1090 1118 1232 1152 κρείττους
1251 1117 1305 1145 τῶν
1325 1117 1484 1153 ἀλλοφύλων
1498 1118 1624 1153 ἐσόμενοι
1638 1118 1654 1152 ἦ
1671 1119 1730 1152 μετ’
1746 1119 1875 1152 εὐκλείας

251 1169 321 1204 ὑπὲρ
338 1167 393 1194 τῶν
409 1165 549 1202 πατρίδων
565 1162 794 1199 ἀποθανούμενοι.
819 1163 874 1190 Καὶ
896 1162 968 1190 οὕτω
982 1161 1032 1197 μὲν
1051 1164 1078 1191 αί
1109 1163 1238 1200 δυνάμεις
1256 1163 1292 1196 ὡς
1308 1165 1348 1196 είς
1360 1164 1389 1191 ἓν
1410 1163 1591 1200 στρατόπεδον
1605 1164 1638 1191 τὰ
1662 1163 1792 1198 Κύψελλα
1814 1172 1875 1191 συν-

250 1213 421 1250 ηθροίζοντο.

287 1262 313 1289 5.
339 1261 428 1287 Ausus
453 1263 495 1286 est
512 1258 662 1292 imperator
677 1263 725 1283 sua
741 1260 839 1290 sponte
851 1255 879 1282 id
894 1255 967 1289 quod
979 1255 1034 1291 jam

1121 1258 1152 1282 ε’.
1181 1255 1211 1282 '0
1223 1254 1251 1281 δὲ
1265 1255 1394 1290 βασιλεὺς
1410 1253 1627 1289 αὑτογνωμονῶν
1637 1253 1791 1290 ἀποθαρμῖ
1803 1254 1874 1290 ὅπερ

250 1309 350 1336 dicam.
366 1305 461 1333 llorbo
478 1302 617 1331 articulari
635 1309 684 1336 per
711 1306 786 1328 certa
803 1300 945 1328 intervalla
959 1301 1036 1328 labo-

252 1353 339 1384 rabat,
369 1356 396 1378 et
422 1350 518 1377 dolore
549 1348 649 1383 pedum
676 1348 703 1374 in
728 1347 824 1382 primis
854 1346 1035 1382 afﬂigebatur,

250 1400 344 1435 pejore
355 1397 470 1425 materia
481 1403 514 1423 eo
525 1395 675 1422 delaltente
691 1398 719 1421 et
751 1393 890 1421 cruciatus
906 1393 1036 1420 intolera-

250 1445 322 1472 biles
339 1442 421 1478 659
437 1441 584 1473 excitante,
597 1440 644 1475 qui
664 1443 692 1467 et
710 1443 814 1466 motum
834 1438 993 1466 adimebant
1006 1442 1034 1466 et

253 1496 329 1516 acres
348 1489 439 1515 febres
456 1485 674 1514 inflammabant.
688 1484 809 1517 Quadam
825 1491 890 1520 ergo
909 1484 953 1511 die
968 1483 1036 1511 fori-

251 1535 305 1561 bus
321 1533 440 1560 cubiculi
456 1532 557 1559 clausis
574 1537 705 1558 arcanum
732 1530 837 1557 nemini
855 1533 1035 1565 praterquam

253 1578 430 1607 Cubiculariis
446 1577 606 1609 indicat;et
618 1575 793 1603 ferramentis
813 1575 994 1602 candentibus
1009 1576 1035 1602 in

251 1625 332 1652 tibias
338 1623 470 1659 profunde
478 1621 617 1656 impressis
626 1620 758 1656 principio
765 1619 970 1654 doloresanimo
977 1620 1037 1654 pbi-

250 1671 393 1706 losophico
405 1669 507 1704 perfert
518 1673 545 1696 et
558 1666 764 1695 contumeliosis
776 1666 855 1694 dictis
865 1666 986 1693 medicos
995 1673 1037 1693 re—

251 1717 358 1752 pudiat,
373 1714 447 1750 quod
467 1714 495 1741 in
511 1712 576 1741 solis
593 1711 800 1747 purgationibus
814 1711 916 1738 versari
926 1711 1036 1738 didicis-

251 1765 324 1792 sent,
333 1767 421 1794 neque
433 1758 581 1793 quidquam
592 1755 706 1784 remedii
717 1757 786 1782 ultra
793 1756 1037 1782 evacuationesad-

252 1809 347 1835 bibere
365 1806 476 1833 scirent.
489 1803 593 1832 Deinde
604 1811 669 1830 vero
682 1802 838 1830 ustionibus
851 1802 1036 1835 inﬂammatis,

251 1859 278 1881 et
294 1851 445 1888 maioribus
465 1849 608 1878 doloribus
620 1847 786 1879 subsecutis,
805 1847 903 1874 medici
913 1855 967 1874 non
979 1847 1033 1874 sin-

251 1899 375 1935 gulatim.
392 1897 439 1925 sed
460 1903 556 1924 omnes
570 1894 650 1922 simul
665 1894 806 1921 convocati
821 1897 896 1923 sunt.
912 1892 1042 1928 cognatis»

1087 1303 1101 1328 6
1113 1301 1192 1336 λόγος
1208 1301 1294 1334 λέξων
1308 1301 1430 1336 ἔρχεται.
1440 1299 1563 1335 Ἔπασχε
1575 1301 1608 1327 τὰ
1621 1300 1711 1335 ἄρθρα
1720 1299 1767 1326 τοῦ
1779 1299 1874 1334 σώμα-

1084 1356 1130 1380 τος
1149 1347 1219 1374 κατὰ
1242 1347 1340 1374 κύκλον
1362 1347 1445 1373 οἱονεὶ
1464 1346 1510 1373 καὶ
1528 1346 1654 1381 περίοδον
1671 1345 1740 1380 (49),
1764 1346 1828 1377 τοὺς
1845 1346 1874 1372 δὲ

1086 1397 1170 1428 πόδας
1187 1396 1235 1422 καὶ
1251 1395 1369 1430 μάλιστα
1393 1394 1460 1429 ὕλης
1477 1393 1685 1428 ἐνσκηπτούσης
1705 1393 1874 1428 μοχθηροτέ-

1088 1450 1138 1478 ρας
1159 1442 1206 1468 καὶ
1222 1441 1319 1472 ὀδύνας
1336 1441 1535 1471 δυσυποίστους
1551 1438 1766 1473 άποτικτούσης,
1789 1439 1820 1472 ἐξ
1836 1436 1873 1465 ὧν

1086 1487 1230 1523 ἀκινησίαι
1253 1495 1283 1513 τε
1311 1478 1516 1521 προσεπήγοντο
1540 1484 1588 1511 τοῦ
1612 1484 1716 1515 πάθους
1738 1484 1874 1518 φλεγμαί-

1086 1542 1178 1565 νοντος
1193 1533 1241 1560 καὶ
1253 1532 1349 1567 λάόροι
1368 1532 1482 1566 πυρετοὶ
1497 1530 1627 1561 πολλάκις
1639 1529 1782 1564 ὲπήγιζον.
1794 1530 1874 1556 litui.

1086 1586 1147 1605 τινα
1161 1575 1207 1604 οὖν
1219 1577 1328 1613 ἡμέραν
1345 1576 1394 1608 τὰς
1411 1576 1497 1612 θύρας
1510 1575 1557 1602 τοῦ
1581 1574 1710 1606 κοιτῶνος
1734 1574 1874 1608 ὲπιζυγώ-

1087 1632 1147 1656 σας,
1163 1623 1236 1657 ἄλλῳ
1255 1623 1305 1657 μὲν
1323 1622 1422 1655 οὐδενὶ,
1447 1623 1504 1653 τοῖς
1527 1621 1555 1647 δὲ
1573 1621 1728 1656 προκοίτοις
1750 1621 1873 1656 ἐκφήνας

1085 1670 1116 1696 τδ
1131 1670 1299 1705 ἀπόρρητον,
1314 1668 1424 1704 σιδήρια
1439 1667 1656 1703 πυρακτωοέντα
1676 1668 1732 1698 τοῖς
1747 1665 1873 1692 σκέλεσιν

1087 1715 1240 1750 ἐπιτίθησι,
1259 1715 1306 1741 καὶ
1326 1714 1366 1744 είς
1381 1712 1463 1748 βάθος
1482 1712 1527 1739 τὸν
1539 1712 1665 1747 καυτῆρα
1677 1711 1826 1746 ἐπαγαγὼν
1839 1712 1873 1738 τὰ

1089 1762 1138 1798 μὲν
1149 1762 1245 1796 πρῶτα
1257 1759 1421 1795 φιλοσοφῶν,
1436 1759 1486 1790 τὰς
1503 1758 1599 1789 ὀδύνας
1612 1757 1682 1793 πρὸς
1695 1759 1744 1789 τὰς
1759 1758 1872 1788 καύσεις

1087 1809 1140 1835 τῶν
1157 1807 1245 1834 ποδῶν
1259 1806 1426 1841 ἀπεμάχετο,
1443 1804 1502 1839 μεθ’
1514 1803 1619 1839 ὖόρεών
1636 1811 1666 1830 τε
1684 1804 1746 1835 τοὺς
1763 1804 1872 1838 ἰατροὺς

1088 1853 1280 1888 ἀπεπέμπετο,
1295 1852 1359 1886 περὶ
1374 1851 1442 1886 μόνα
1457 1851 1490 1876 τὰ
1507 1850 1645 1885 καθάρσια
1658 1848 1773 1880 τούτους
1786 1849 1871 1883 λέγων

1088 1901 1133 1927 ἀεὶ
1151 1899 1318 1933 στρέφεσθαι
1338 1898 1386 1924 καὶ
1402 1897 1485 1933 μηδέν
1501 1905 1527 1924 τι
1545 1897 1625 1923 πλέον
1640 1897 1694 1922 τῶν
1712 1897 1872 1930 κενωσῖμων

251 1947 312 1981 ejus
328 1942 515 1971 metuentibus
523 1949 564 1971 Jle
576 1940 709 1967 decursus
734 1939 881 1966 bumorum
905 1938 939 1965 ad
955 1945 1035 1965 crura

1090 1945 1254 1980 είδέναιριαὶ
1279 1943 1403 1979 μετιέναι
1420 1943 1476 1974 τοῖς
1511 1942 1663 1977 κάμνουσιν
1676 1942 1757 1976 ῐαμα.
1787 1941 1828 1968 Τὰ
1849 1941 1870 1967 δ’

252 1990 399 2026 impeditus
415 1986 558 2024 principali
579 1986 672 2021 aliquo
684 1984 805 2012 membro
821 1985 925 2012 insesso
941 1991 1036 2011 necem

252 2039 290 2066 illi
305 2037 397 2065 subito
409 2035 534 2066 inferret,
545 2032 727 2067 etimperium
740 2036 839 2067 praeter
854 2030 1038 2066 exspectatio-

252 2092 314 2110 nem
329 2082 362 2109 ad
380 2082 464 2108 alium
482 2078 688 2107 transferretur.
714 2079 751 2104 Ac
774 2076 875 2104 medici
891 2077 1037 2111 pbarmaca

252 2130 276 2156 ei
318 2128 440 2163 praebere
476 2126 672 2157 decreverunt,
708 2128 738 2150 ut
777 2123 925 2151 commotio
956 2122 1036 2149 simul

254 2180 282 2202 ct
298 2172 499 2202 redundantia,
521 2171 667 2197 humerum
701 2169 889 2204 egestionibus
923 2168 1036 2195 sistere-

255 2225 309 2246 tur.
339 2219 429 2252 itaque
465 2216 663 2244 medicamenta
703 2213 817 2248 singulis
847 2213 903 2240 fere
937 2212 1037 2239 diebus

257 2266 488 2298 temperabantur,
528 2268 618 2296 neque
657 2265 729 2287 ‘sane
757 2259 860 2286 frustra
885 2263 974 2286 erant.
1002 2258 1038 2285 At

254 2309 411 2344 iuiperatrix
442 2307 631 2342 Euphrosyne,
661 2312 817 2340 quanquam
854 2303 888 2331 de
930 2304 1037 2331 valetu-

253 2353 316 2380 dine
329 2351 421 2378 mariti
435 2355 465 2377 ut
479 2358 528 2385 par
545 2354 603 2377 erat
615 2349 697 2384 660
715 2349 844 2380 sollicita,
859 2353 949 2375 tamen
973 2355 1037 2375 cum

255 2398 289 2426 iis
307 2397 407 2432 quibus
424 2402 523 2422 arcana
541 2402 588 2421 sua
606 2393 795 2420 committebat
807 2393 842 2420 de
875 2399 1036 2420 successore

255 2444 363 2480 imperii
381 2443 467 2478 magis
489 2443 669 2474 deliberabat,
692 2449 726 2468 ne
742 2441 766 2468 is
782 2440 835 2469 sibi
862 2440 995 2468 inimicus
1009 2444 1037 2467 et

255 2491 382 2519 infensus
394 2493 477 2522 esset,
493 2487 541 2516 sed
556 2488 647 2523 potius
664 2487 780 2514 amicus.
793 2486 861 2514 Nam
888 2487 1038 2521 imperator

256 2538 342 2566 filium
379 2544 434 2564 non
465 2534 596 2565 habebat,
619 2534 667 2561 sed
702 2533 770 2560 duas
794 2532 926 2559 duntaxat
954 2531 1035 2564 ﬁlias,

254 2591 355 2620 easque
371 2582 470 2610 viduas
491 2589 499 2607 :
523 2587 586 2607 nam
603 2579 696 2606 [renes
724 2578 841 2605 maritus
863 2577 1037 2605 Andronicus

1088 1990 1188 2024 ἑφεξῆς
1209 1989 1362 2023 φλεγμοναὶ
1384 1988 1438 2014 τῶν
1455 1987 1613 2022 καυτηριῶν
1633 1987 1681 2013 καὶ
1694 1987 1871 2022 περιωδυνίαι

1088 2036 1141 2062 τῶν
1164 2035 1260 2070 πρώην
1278 2035 1453 2070 δριμύτεραι.
1480 2034 1580 2068 Ἰατροὶ
1600 2035 1646 2060 ἐπὶ
1663 2033 1770 2065 τούτοις
1784 2035 1873 2060 εἰσκε-

1089 2081 1219 2116 κλημένοι
1241 2081 1290 2114 οὐχ
1314 2081 1328 2106 6
1351 2080 1400 2114 μὲν
1421 2080 1435 2106 6
1449 2079 1471 2106 δ’
1498 2078 1540 2110 οὒ,
1557 2078 1624 2105 ἀλλὰ
1640 2079 1739 2110 πάντες
1760 2081 1870 2110 κοινῶς.

1090 2127 1161 2162 Πρὸς
1179 2126 1208 2153 δὲ
1228 2126 1336 2158 τούτοις
1359 2126 1407 2152 καὶ
1421 2125 1479 2156 δέος
1500 2124 1670 2160 ὑποθρᾱττον
1684 2125 1713 2151 τὸ
1730 2121 1813 2158 αἷμα,
1834 2125 1871 2159 μή

1089 2182 1148 2204 πως
1175 2173 1206 2199 τὸ
1231 2172 1280 2207 τῆς
1307 2171 1374 2206 ὕλης
1401 2170 1613 2206 μεθιστάμενον,
1641 2171 1691 2205 τῆς
1719 2171 1785 2206 περὶ
1809 2172 1872 2202 τοὺς

1088 2219 1173 2250 πόδας
1199 2217 1315 2245 καθόδου
1339 2217 1477 2244 ἁνακοπὲν
1489 2237 1497 2249 ,
1515 2218 1555 2247 εἴς
1571 2225 1597 2242 τι
1622 2217 1731 2250 καίριον
1748 2217 1871 2252 ὲνσκήψῃ

1089 2265 1172 2300 μέρος
1187 2263 1233 2290 τοῦ
1254 2263 1380 2298 σώματος
1393 2283 1400 2296 ,
1421 2263 1469 2290 καὶ
1483 2263 1564 2290 αὑτὸν
1585 2263 1635 2298 μὲν
1655 2263 1801 2298 παρασύρῃ
1826 2264 1872 2290 τοῦ

1089 2310 1138 2346 ζῇν
1154 2310 1283 2345 αίφνηδὸν
1294 2329 1301 2341 ,
1315 2311 1331 2345 ὴ
1353 2309 1377 2335 δ’
1400 2309 1472 2345 ἁρχὴ
1490 2310 1685 2344 μεταπεσεῖται
1700 2310 1777 2344 παρὰ
1794 2309 1872 2342 δόξαν

1089 2357 1158 2392 πρὸς
1171 2358 1276 2392 ἕτερον.
1293 2356 1325 2384 Οί
1344 2356 1393 2391 μὲν
1412 2354 1459 2383 οὖν
1472 2356 1527 2383 τῶν
1545 2356 1681 2390 σωμάτων
1703 2356 1872 2392 θεραπευτῆ-

1090 2411 1135 2436 ρες
1158 2400 1350 2436 φαρμακεύειν
1365 2402 1447 2428 αὑτὸν
1463 2401 1632 2435 ἐγνώκεσαν.
1661 2400 1739 2428 Οὕτω
1765 2401 1820 2436 γάρ
1839 2403 1870 2428 ἂν

1088 2445 1119 2472 τὸ
1135 2445 1183 2479 τῆς
1203 2444 1270 2480 ὕλης
1292 2443 1453 2479 κινούμενόν
1471 2452 1502 2470 τε
1519 2445 1576 2479 ἅμα
1593 2445 1639 2471 καὶ
1657 2444 1803 2477 πλεονάζον
1822 2453 1871 2479 γι-

1088 2490 1226 2526 ληνιάσειε
1245 2490 1307 2522 ταῖς
1322 2489 1465 2517 κενώσεσι.
1481 2489 1536 2517 Καὶ
1548 2487 1582 2525 ἦν
1596 2489 1631 2516 τὰ
1646 2489 1785 2524 φάρμακα
1795 2487 1870 2525 ἦμαρ

1088 2533 1154 2568 παρ’
1165 2531 1244 2569 ἦμαρ
1256 2533 1349 2569 σχεδὸν
1363 2533 1564 2568 κεραννύμενα,
1578 2534 1625 2560 καὶ
1639 2533 1670 2560 τὸ
1680 2534 1812 2569 ἀνύσιμον
1824 2536 1871 2560 αύ-

1088 2580 1144 2610 τοῖς
1162 2579 1334 2614 ὲφωμάρτει.
1345 2578 1376 2605 Ἦ
1387 2577 1416 2605 δὲ
1429 2578 1536 2614 βασιλὶς
1553 2578 1714 2614 Εὑφροσύνη
1730 2580 1869 2615 ἑφρόντιζε

254 2613 494 2664 Contosteplianus
511 2626 628 2658 obierat,
644 2624 722 2652 Anna
735 2631 800 2651 vero
813 2628 842 2651 ut
855 2629 922 2651 natu
934 2623 1035 2656 minor,

1093 2625 1142 2660 μὲν
1153 2626 1201 2661 καὶ
1218 2613 1268 2661 ⁸τῆς
1283 2624 1386 2659 ὑγείας,
1401 2613 1437 2656 ὥς
1449 2624 1532 2657 εἰκὸς,
1547 2624 1591 2661 [Ρ.
1608 2613 1671 2661 522]
1685 2613 1732 2652 τοῦ
1751 2613 1870 2658 εύνέτου,

255 2679 292 2705 ita
303 2677 386 2704 forma
397 2677 578 2711 przestantlor,
591 2671 692 2701 lsaacio
699 2670 839 2699 Conineno
846 2675 931 2706 nupta
938 2670 1038 2703 fuerat,

1093 2671 1245 2698 ἐσκέπτετο
1255 2671 1285 2698 δὲ
1299 2670 1382 2698 πλέον
1400 2671 1470 2707 μετὰ
1482 2671 1538 2700 τῶν
1556 2670 1690 2707 συνήθων,
1711 2672 1759 2699 καὶ
1776 2669 1820 2705 οἷς
1839 2671 1870 2698 τὰ

905 2749 993 2780 Hier.
1015 2748 1119 2779 Wolfii
1142 2751 1238 2779 notas.

292 2827 347 2864 (t9)
361 2827 477 2856 Dubium
495 2831 586 2854 utrum
602 2824 635 2852 de
655 2824 727 2852 lunae
741 2821 849 2857 eclipsi,
866 2829 900 2849 an
916 2821 1102 2851 diminutione
1122 2823 1263 2858 loquatur.
