1952 3076
91 157 152 189 885

509 157 558 187 ΒΕ
580 157 722 188 ALEXIO
740 156 879 186 ISAACH
903 156 1043 186 ANGEU
1069 156 1125 185 ΕΗ.
1150 156 1219 186 LlB.
1242 155 1296 184 lll.

1670 152 1722 183 886

91 212 127 239 δὲ
144 211 191 238 καὶ
205 212 233 244 ἐς
247 212 332 240 αὐτὸν
355 212 472 247 ἐφθάκει
497 213 543 240 τὸν
559 213 712 249 Πρόσακον,
730 212 817 248 βαλὼν
829 213 888 238 ἐκεῖ

940 211 1080 246 colligatos
1108 210 1199 237 attulit
1233 209 1300 235 Cum
1328 212 1418 234 autem
1436 207 1516 233 homo
1538 205 1724 238 exsccraudns

92 265 151 284 που
168 258 331 293 στρατήγιον
347 258 416 292 ἔγνω
429 258 475 287 τοῦ
490 259 620 294 φρουρίου
633 259 731 286 αὐτίκα
749 258 885 293 πειράσα-

95 304 176 330 σθαι.
192 304 248 330 Καὶ
263 301 296 338 ἦν
311 304 381 339 ἔργα
395 304 614 340 πρὺςῬωμαίων
630 306 779 340 τηνικαῦτα
796 305 887 331 τελού-

98 358 169 384 μενα
195 350 314 377 κατιδεῖν
342 351 457 385 γέρατος
483 352 530 378 καὶ
557 352 694 386 θαύματος
723 352 887 388 ἄξια-ὑπὲρ

95 395 152 429 γὰρ
161 395 272 426 ἐλπίδας
295 395 501 430 ἓιηγωνίσαντο.
518 397 549 423 Oi
579 397 627 432 μὲν
649 397 703 431 γὰρ
717 397 825 432 θυρεοῖς
839 397 887 424 καὶ

97 442 217 475 γυμνοῖς
231 441 400 477 φραξάμενοι
419 441 460 478 [Ρ.
473 442 537 475 527]
553 442 669 477 ξίφεσιν,
683 444 707 469 οί
719 443 748 470 δὲ
764 444 829 476 τόξα
839 444 886 470 καὶ

96 487 163 523 βέλη
180 489 310 524 φέροντες
322 489 387 524 περὶ
403 490 436 516 τὰ
451 489 553 525 ἀνάντη
569 491 615 517 τοῦ
632 492 763 527 φρουρίου
775 492 886 527 ἀνερῤι-

95 534 185 569 χῶντο
197 534 335 569 γεώλοφα,
348 535 394 562 καὶ
410 537 466 567 τοῖς
480 536 533 563 ἀπὸ
547 537 644 572 τειχῶν
661 538 708 564 καὶ
732 538 781 571 τῆς
798 538 887 572 ἄκρας

99 581 524 616 μαχομένοις’ὲπεγχρίπτοντες
545 581 668 610 έῆαλλον.
699 583 809 614 Ἀμέλει
839 584 887 610 καὶ

97 625 169 658 μετὰ
182 625 305 660 κάματον
338 627 385 653 καὶ
413 627 492 661 φόνον
521 628 604 655 πολὺν
631 629 796 664 ὲξέκρουταν
823 631 886 662 τοὺς

95 669 259 705 Βαρδάρους
283 670 330 697 τοῦ
358 673 600 707 προτειχίσματος,
617 674 685 709 ὅπερ
701 674 885 710 προφύλαγμα

94 714 151 739 τῶν
172 715 261 741 ἐκεῖσε
279 716 372 742 πυλῶν
400 718 592 753 ἐπῳκοδόμητο
609 719 716 746 νεωστί.
732 717 824 746 Ἶὶσαν
857 721 886 746 δ’

93 759 121 785 οἵ
136 761 185 786 καὶ
196 761 239 788 διὰ
254 762 307 789 τῶν
321 763 490 798 κρημνωδῶν
502 764 672 799 ἀνιμὼμενοι
687 765 787 792 ἀνόδων
803 766 886 801 ἠκρο-

95 804 200 831 ϐάτουν
221 806 259 838 ὡς
288 808 440 842 αἰγαγροι,
467 809 637 845 πειρώμενοι
667 810 794 844 γενέσθαι
821 813 886 839 εἴσω

94 849 196 884 τειχῶν
209 851 333 887 καὶπρὸς
346 853 431 888 αὐτὴν
448 854 496 889 τὴν
512 853 601 889 ἄκραν
613 854 791 890 ἀναδραμεῖν.
808 856 886 882 Ἀλλ’

95 895 142 921 ὅτε
158 904 184 922 τι
199 896 323 924 διανύσαι
355 898 436 933 ἔργον
462 899 592 936 ᾠήθησαν
616 902 751 936 σωτήριόν
777 911 807 929 τε
824 903 883 938 ἅμα

96 941 145 966 και
157 940 313 975 κάλλιστον,
340 944 404 975 τοὺς
421 945 467 970 ἐπὶ
489 944 543 971 τῶν
568 946 666 981 τειχῶν
695 947 884 982 ἀμυνομένους

95 987 265 1022 τρεψάμενοι
293 989 341 1014 καὶ
361 989 427 1016 εἴσω
449 991 670 1024 συγκλείσαντες,
698 992 759 1019 τότε
771 993 884 1025 εἰκαίως

95 1033 308 1068 διαπονούμενοι
329 1034 452 1068 ἔγνωσαν
463 1045 471 1051 ·
494 1037 657 1072 αἰτήσαντες
673 1038 727 1074 γὰρ
740 1040 883 1071 σκαπάνας

96 1077 137 1108 είς
151 1077 202 1112 τὴν
215 1078 270 1105 τῶν
285 1080 437 1114 περιϐόλων
463 1082 624 1118 καθαίρεσιν
646 1084 742 1111 οὐδένα
761 1083 834 1120 εἶχον
850 1086 882 1112 τὸ

97 1123 209 1158 αἰτηθὲν
234 1124 316 1151 ὅπλον
343 1127 525 1162 προσάγοντα.
564 1129 753 1164 Ἐπιμένοντες
783 1131 811 1157 δὲ
834 1132 881 1159 καὶ

96 1169 168 1195 οὕτω
183 1169 222 1205 τῷ
237 1171 329 1207 μόχθῳ
344 1173 391 1199 καὶ
420 1174 489 1201 κατά
514 1175 566 1201 τῶν
583 1176 628 1202 ἐπὶ
653 1176 707 1203 τῶν
736 1176 883 1211 βασιλικῶν

95 1216 188 1243 ὃπλων
204 1218 430 1252 ἀγανακτοῦντες,
449 1220 565 1255 χερσίτε
579 1221 626 1248 καὶ
638 1221 742 1257 ξίφεσιν
756 1224 793 1254 ὡς
809 1225 883 1260 ἀμά-

95 1262 158 1294 ὶαις
182 1263 329 1298 χρώμενοι,
362 1273 426 1297 τους
438 1266 528 1297 λίθους
540 1268 670 1294 ἀπέσπων
690 1269 740 1304 τῆς
759 1271 884 1305 ἁρμογῆς

97 1309 146 1334 καὶ
159 1309 195 1335 τὰ
212 1309 336 1344 θωράκια
354 1310 490 1346 καθῄρουν
503 1312 728 1349 ἀναθορνύμενοι.
741 1316 882 1350 Σχολαίτε-

100 1359 145 1386 ρον
158 1352 188 1379 δὲ
205 1352 252 1379 τοῦ
267 1353 348 1388 ἔργου
363 1355 569 1388 προὸαίνοντος,
583 1357 630 1383 καὶ
646 1358 735 1384 αὐτῶν
759 1368 882 1394 προσπα-

99 1396 220 1430 σχόντων
241 1397 334 1429 κακῶς
349 1398 381 1425 ὲκ
393 1399 447 1425 τῶν
473 1401 657 1436 ἐπικειμένων
686 1403 790 1430 ἄνωθεν
807 1406 881 1432 ἀντι-

98 1442 204 1475 πάλων,
216 1442 265 1476 ὀψὲ
280 1443 327 1470 καὶ
342 1443 461 1478 βραδέως
472 1446 486 1471 ὁ
499 1446 554 1478 τοῖς
570 1446 663 1478 ὅπλοις
683 1448 804 1482 ἐφεστὼς
818 1450 881 1476 θλα-

97 1486 155 1518 δίας
170 1487 294 1522 ἀφίκετο,
325 1490 469 1522 σκαπάνας
496 1491 616 1526 κομίζων
640 1494 679 1525 είς
693 1494 740 1521 ἕνα
762 1495 880 1530 ὁρμαθόν

938 257 1029 284 statim
1054 255 1271 290 submergendus
1288 254 1382 280 fuisset
1406 257 1453 279 aut
1477 252 1572 278 saltent
1601 251 1723 285 graviter

938 301 1135 336 ohjnrgandus,
1155 305 1185 327 ut
1205 300 1306 327 milites
1328 306 1428 333 pugna,
1441 297 1535 324 labore
1553 302 1580 323 et
1605 300 1672 323 aestu
1689 303 1722 323 ex

938 348 1036 376 ardore
1066 347 1132 375 solis
1157 347 1248 374 afﬂicti
1274 345 1379 372 noniliil
1403 348 1608 375 recrearentur,
1638 343 1724 377 impe-

937 397 1013 420 rator
1047 399 1133 427 prope
1165 391 1252 418 invito
1281 390 1391 423 similis,
1422 397 1564 416 murmure
1587 388 1723 415 labiorum

937 439 1069 466 duntaxat
1092 437 1220 465 simulata
1251 436 1393 464 iracundia
1422 436 1529 463 animos
1555 435 1666 462 fortium
1695 435 1725 461 il-

937 484 1025 511 lorum
1051 484 1173 510 virorum
1206 483 1317 517 dejecit.
1341 482 1446 509 Deinde
1474 482 1553 509 scala:
1581 481 1663 508 etiam
1690 481 1723 506 ad

937 536 1043 556 sutnma
1075 529 1176 556 moenia
1212 527 1426 555 eonscendenda
1460 526 1647 561 flagitantibus
1680 525 1722 551 vix

937 574 1126 601 tandemdata:
1139 579 1214 601 sunt.
1235 573 1331 609 Itaque
1345 573 1417 600 inani
1431 573 1526 600 labore
1539 580 1568 600 se
1588 572 1725 598 conficere

937 620 1062 647 nolentes
1091 627 1147 647 non
1176 626 1274 655 sponte
1305 619 1369 647 inde
1402 622 1587 646 recesserunt.
1616 618 1725 651 Alioqui

937 665 1088 698 castellum,
1111 670 1141 693 ut
1155 665 1249 693 Blachi
1277 665 1381 693 obsessi
1404 664 1579 699 postmodum
1605 663 1723 690 affirma—

937 714 1011 743 runt,
1033 711 1101 738 citra
1115 710 1332 739 controversiam
1354 714 1539 745 expugnatum
1554 714 1581 736 et
1601 709 1721 744 Uhrysns

936 757 996 792 ipse
1025 763 1122 791 captus
1144 761 1234 790 esset,
1260 761 1288 784 et
1314 756 1434 784 Romani
1462 763 1588 791 magnam
1617 755 1724 782 tandem

937 803 1078 831 consecuti
1106 803 1199 831 multis
1222 803 1302 839 671
1334 806 1428 837 postea
1453 802 1595 830 laboribus
1618 802 1725 829 caruis-

937 854 1009 882 sent,
1024 850 1047 877 si
1066 849 1248 877 instrumenta
1262 849 1295 877 ad
1316 848 1481 876 diruendam
1497 856 1606 875 murum
1627 848 1725 874 idonea

935 895 1026 921 statim
1045 895 1074 922 in
1092 899 1221 930 promptu
1247 895 1376 923 fuissent.
1391 895 1470 923 Nune
1499 895 1543 922 vel
1566 894 1649 922 officii
1676 903 1724 921 ne-

935 941 1039 975 glectus
1056 941 1099 968 vel
1121 942 1194 969 Deus
1216 941 1274 976 ipse
1305 942 1340 978 (is
1367 948 1434 968 vero
1453 941 1562 969 veniam
1591 941 1724 968 concedat

936 986 963 1013 in
989 994 1038 1014 sua
1056 986 1160 1022 judicia
1187 992 1290 1015 temere
1316 987 1478 1023 inquirenti)
1503 987 1536 1014 iis
1564 987 1723 1014 hominibus

935 1032 1055 1060 offensus
1068 1033 1123 1060 illis
1138 1032 1282 1060 conatibus
1302 1033 1422 1061 obstitit.
1435 1033 1473 1060 Ac
1484 1040 1517 1060 eo
1537 1033 1582 1060 die
1604 1033 1720 1060 Romani

933 1077 973 1104 sic
988 1085 1003 1103 a
1015 1084 1105 1112 pugna
1119 1077 1325 1111 discesserunt;
1347 1085 1400 1113 qua
1420 1077 1554 1113 postridie
1582 1084 1723 1109 renovata,

935 1121 1070 1149 Barbaros
1087 1121 1194 1149 fortiter
1211 1126 1239 1150 et
1261 1122 1413 1150 insolenter
1436 1123 1471 1151 ob
1497 1123 1656 1151 hesternum
1678 1131 1724 1150 ea-

934 1173 994 1193 sum
1019 1172 1171 1203 pugnantes
1187 1172 1370 1204 repererunt;
1400 1177 1450 1196 nec
1477 1169 1555 1204 pauci
1572 1177 1604 1196 ex
1623 1169 1725 1196 nostris

935 1217 1134 1241 tormentorum
1151 1214 1224 1242 saxis
1239 1214 1295 1247 icti,
1318 1222 1351 1242 ex
1368 1215 1510 1250 superiore
1525 1215 1585 1242 loco
1607 1215 1724 1242 solerter

933 1257 1051 1289 emissis,
1066 1258 1235 1286 ceciderunt.
1246 1259 1312 1286 Nam
1324 1259 1371 1294 qui
1385 1267 1431 1286 cas
1445 1260 1586 1287 machinas
1603 1260 1723 1286 instrue-

934 1302 991 1334 bat,
1028 1303 1224 1333 solertissimus
1266 1305 1385 1338 artifex,
1421 1305 1557 1340 principio
1595 1306 1723 1332 Romanis

934 1348 1059 1376 mercede
1088 1349 1258 1383 inservierat,
1293 1355 1349 1377 tum
1380 1358 1446 1377 vero
1459 1350 1494 1378 ob
1523 1358 1576 1377 non
1603 1350 1721 1378 solutum

933 1394 1101 1429 slipendium
1131 1396 1164 1422 ad
1195 1395 1329 1431 Chrysum
1362 1396 1508 1424 defecerat.
1538 1397 1632 1431 Neque
1659 1404 1722 1423 veru

933 1441 1021 1476 globis
1050 1442 1184 1469 duntaxat
1213 1443 1423 1475 machinarum,
1453 1443 1500 1470 sed
1533 1444 1606 1470 saxis
1636 1443 1718 1470 etiam

934 1495 1053 1522 superne
1074 1487 1209 1516 devolutis
1225 1489 1310 1516 nostri
1335 1489 1535 1524 aﬂligebantur.
1561 1489 1597 1516 Ea
1613 1497 1721 1523 quoque

97 1532 141 1560 διὰ
159 1533 291 1569 μηρίνθου
317 1536 554 1572 συμὸεὸλημένας.
570 1539 635 1566 Δέον
660 1538 705 1567 οὖν
721 1541 818 1568 αὐτίκα
833 1551 883 1569 κα-

934 1541 998 1560 saxa
1013 1541 1073 1568 qua:
1095 1534 1184 1568 primo
1211 1534 1313 1569 impetu
1339 1541 1453 1570 corpora
1469 1542 1523 1562 non
1541 1535 1720 1570 attingebant,

96 1579 309 1615 ταποντισθῆναι
321 1580 367 1607 τὸν
380 1581 539 1617 ὲπίρῤητον,
571 1584 587 1619 ἦ
603 1584 667 1618 γοῦν
681 1585 822 1622 δυσφόρως
835 1588 883 1615 καὶ

98 1623 226 1658 χαλεπῶς
252 1625 297 1652 τὸν
310 1626 463 1660 κρατοῦντα
477 1627 640 1663 ὑπενεγκεῖν
653 1631 683 1657 τὸ
702 1632 823 1667 πραχθὲν
841 1634 883 1665 είς

98 1667 230 1703 βραχεῖαν
241 1669 372 1703 ἀνάψυξιν
392 1670 445 1698 τῶν
473 1672 546 1708 μάχῃ
563 1673 610 1700 καὶ
639 1674 709 1709 δίψει
729 1677 775 1703 καὶ
793 1678 883 1711 πνίγει

96 1714 327 1749 κακουχουμένων
342 1715 386 1743 διὰ
399 1716 444 1744 τὸν
459 1717 488 1749 ἐξ
502 1718 577 1753 ἡλίου
590 1719 728 1754 καύσωνα,
741 1723 754 1747 ὁ
769 1721 795 1748 δὲ
814 1723 881 1758 μόνῃ

97 1759 256 1794 ἐπιπλήξει,
287 1761 335 1787 καὶ
350 1761 436 1797 ταύτῃ
454 1763 582 1799 ἀκκισμῷ
607 1767 770 1803 κατεχούσῃ,
787 1769 834 1794 καὶ
848 1771 880 1805 τῇ

96 1805 282 1841 περιψοφήσει
313 1806 366 1832 τῶν
393 1808 507 1842 χειλέων
533 1809 579 1836 τὸν
591 1811 799 1844 ἀγανακτοῦντα
816 1813 883 1840 ὐπο-

96 1852 261 1886 κρινάμενος
274 1853 424 1881 κατέϐαλεν
453 1854 523 1882 οὕτω
539 1857 572 1883 τὰ
587 1857 640 1883 τῶν
652 1859 786 1891 γενναίων
810 1859 882 1886 ὲκεί-

95 1904 148 1922 νων
163 1895 272 1931 ἀνδρῶν
286 1898 460 1933 φρονήματα.
470 1899 531 1926 Ἐπὶ
543 1900 572 1926 δὲ
587 1901 674 1936 τούτῳ
687 1903 733 1928 καὶ
747 1902 882 1938 κλίμακας

99 1941 294 1976 αἰτησάμενοι,
311 1943 387 1974 ὅπως
401 1944 437 1971 δι’
453 1944 543 1972 αὐτῶν
573 1946 602 1977 ἐς
616 1947 652 1972 τὰ
672 1947 728 1973 ἄνω
750 1947 881 1981 γένωνται

94 1983 148 2010 τῶν
164 1984 275 2019 τειχῶν,
288 1986 348 2012 οὐδὲ
365 1986 467 2014 τούτων
479 1988 578 2016 αὐτίκα
597 1990 779 2026 ηὺμοίρησαν.
798 1992 881 2020 Ὅθεν

96 2030 134 2066 μὴ
159 2030 203 2057 ἐπ’
219 2031 361 2066 ἀνηνύτοις
376 2033 461 2060 εἰσέτι
479 2035 574 2068 μογεῖν
587 2035 748 2071 ἀνεχόμενοι
765 2039 882 2074 μετέϐη-

95 2086 144 2103 σαν
156 2077 262 2104 ἐκεῖθεν
290 2078 338 2113 οὐχ
369 2079 469 2106 ὲκοντί.
489 2080 537 2107 Ἐκ
565 2081 612 2107 τοῦ
633 2082 837 2117 ἀναμφιλέκτου
853 2085 881 2112 δ’

95 2122 139 2153 ἂν,
151 2121 189 2153 ὼς
204 2123 229 2148 οἱ
247 2124 493 2159 τειχομαχούμενοι
508 2126 608 2161 Βλάχοι
624 2127 784 2156 διετείνοντο
801 2129 880 2156 ὓστε-

95 2175 151 2201 ρον,
177 2168 249 2195 ἑάλω
275 2169 304 2195 τδ
338 2170 468 2206 φρούριον
491 2171 540 2198 καὶ
557 2172 687 2208 ὁΧρύσος
717 2175 880 2211 συνείληπτο

933 1586 996 1605 cum
1013 1579 1200 1606 eminentibus
1220 1579 1335 1614 rupibus
1355 1581 1430 1607 allisa
1449 1580 1475 1606 in
1496 1580 1612 1613 plurima
1635 1580 1721 1607 frusta

933 1623 1093 1657 dissilirent,
1114 1624 1169 1652 hue
1182 1629 1264 1659 atque
1280 1625 1344 1653 illuc
1361 1633 1454 1660 sparsa
1467 1626 1549 1661 672
1564 1625 1720 1653 lethiferum

933 1673 1012 1696 erant
1023 1669 1133 1698 malum.
1160 1670 1194 1697 Et
1216 1670 1328 1698 Barbari
1358 1675 1442 1698 noctu
1471 1671 1539 1699 clam
1567 1679 1583 1699 e
1607 1672 1721 1698 castello

932 1715 1034 1748 egressi
1054 1716 1195 1743 machinas
1212 1724 1279 1750 quas
1305 1717 1417 1744 [tertiani
1441 1717 1468 1744 in
1494 1716 1607 1744 tumulis
1626 1717 1719 1752 dispo-

932 1765 1046 1787 suerant
1063 1761 1233 1795 deiecerunt,
1250 1766 1278 1789 et
1291 1762 1419 1790 excubias
1437 1763 1545 1790 territas
1570 1762 1603 1790 ad
1625 1767 1720 1797 proto-

933 1805 1053 1833 vestiarii
1075 1807 1188 1834 Joannis
1213 1807 1360 1834 tentorium
1376 1808 1511 1843 fugientes
1532 1808 1623 1843 adepti
1645 1812 1718 1838 sunt.

933 1855 962 1876 ut
982 1850 1005 1877 is
1020 1858 1127 1886 quoque
1146 1859 1243 1879 somno
1265 1860 1397 1880 excussus
1414 1853 1506 1880 statim
1533 1861 1548 1880 e
1566 1854 1636 1880 lecto
1660 1861 1720 1880 sur-

932 1899 1008 1929 geret
1021 1899 1049 1922 et
1070 1896 1192 1930 trepidus
1214 1896 1330 1932 fugeret.
1346 1896 1469 1924 Praedam
1493 1897 1522 1924 in
1544 1897 1603 1932 ejus
1626 1897 1719 1924 taber-

932 1940 1031 1967 naculo
1062 1947 1198 1974 repertam
1228 1943 1334 1978 partiti,
1367 1943 1394 1970 in
1421 1951 1474 1978 qua
1505 1943 1589 1970 etiam
1615 1943 1719 1970 virides

931 1985 1015 2012 calcei
1040 1992 1130 2019 erant,
1156 1987 1261 2022 insigne
1284 1987 1426 2023 dignitatis
1453 1988 1539 2019 illius,
1561 1996 1610 2024 per
1633 1992 1716 2016 totam

931 2037 990 2057 eam
1009 2036 1116 2059 noctem
1130 2040 1184 2060 'rcs
1211 2033 1346 2061 Romanas
1371 2034 1526 2062 deriserunt
1548 2040 1576 2062 et
1600 2035 1718 2063 subsan-

931 2081 1042 2104 narunt.
1068 2078 1201 2106 Praeterea
1226 2087 1310 2108 vacua
1334 2080 1406 2108 dolia
1432 2081 1601 2108 demittendo
1624 2082 1716 2110 sonitu

930 2122 1091 2154 exercitum,
1114 2124 1180 2158 quid
1211 2125 1249 2152 rei
1274 2130 1348 2154 esset
1376 2126 1404 2153 in
1432 2126 1555 2154 tenebris
1579 2126 1714 2162 ignarum,

931 2167 1199 2200 perterrefaciebant.
1219 2169 1402 2203 Quamobrem
1416 2179 1478 2199 cum
1491 2171 1641 2207 imperator
1658 2181 1711 2199 non

94 2214 142 2240 καὶ
163 2214 314 2249 Ῥωμαίοις
333 2215 457 2252 εὔφημον
470 2217 500 2244 τὸ
514 2218 594 2253 ἔργον
607 2219 668 2246 τόδε
682 2209 879 2255 γεγένητο-καὶ¹

933 2214 1080 2240 succedere
1102 2213 1257 2243 institutum
1274 2224 1353 2244 suum
1376 2223 1513 2251 cerneret,
1537 2226 1589 2246 nec
1612 2219 1713 2254 alioqui

94 2259 199 2285 πολλῶν
212 2260 341 2288 ὲσέπειτα
355 2262 487 2296 καμάτων
501 2263 652 2298 ἀναίρεσις,
669 2266 693 2292 εί
707 2266 740 2292 τὰ
749 2267 817 2302 πρὸς
830 2268 880 2303 τὴν

93 2303 315 2338 καθαίρεσιντοῦ
344 2305 451 2340 τείχους
480 2306 584 2342 ὄργανα
613 2309 816 2344 προητοίμαστο
832 2312 880 2339 καὶ

93 2349 163 2374 κατά
179 2349 275 2383 καιρὸν
300 2350 471 2384 αἰτουμένοις
484 2351 639 2387 παρείχετο.
664 2354 720 2381 Νῦν
733 2355 760 2381 δὲ
786 2356 801 2390 ἡ
826 2356 879 2382 τῶν

92 2393 267 2427 καθηκόντων
292 2395 437 2432 ἀμέλειαῆ
454 2398 501 2424 καὶ
534 2398 599 2429 Θεὸς
618 2399 700 2431 αὐτὸς
724 2400 793 2435 (ἀλλ’
809 2402 876 2436 ἡμῖν

93 2437 181 2473 ἱλήκοι
196 2439 271 2472 Θεὸς,
289 2441 313 2466 εἰ
327 2441 492 2476 ἐμπλήκτως
507 2444 563 2474 τοῖς
593 2444 676 2471 αὐτοῦ
692 2445 876 2481 ὲπιὸἀλλομεν

91 2484 219 2520 κρίμασι)
251 2486 288 2520 μὴ
314 2487 343 2512 ὲν
372 2489 428 2519 τοῖς
450 2489 511 2514 τότε
542 2489 697 2524 ἀνθρώποις
722 2491 875 2519 ὲπευδοκῶν

91 2531 227 2566 προσέστη
261 2533 318 2563 τοῖς
340 2533 526 2568 ἀγωνίσμασι.
558 2535 613 2562 Καὶ
630 2536 690 2562 κατ’
706 2537 813 2572 ἐκείνην
826 2540 875 2574 μὲν

90 2575 138 2611 τὴν
156 2577 262 2611 ἡμέραν
278 2578 349 2604 οὕτω
371 2578 504 2613 Ῥωμαῖοι
526 2580 746 2616 διημιλλήθησάν
775 2591 805 2609 τε
827 2585 874 2610 καὶ

89 2621 260 2658 διελύθησαν,
292 2623 340 2658 τὴν
366 2623 389 2649 δ’
418 2624 546 2652 ἐπιοῦσαν
561 2625 639 2658 αὖθις
667 2627 734 2662 πρὶς
745 2628 874 2664 δευτέραν

90 2667 204 2704 ἐξῄεσαν
216 2669 387 2705 συμπλοκὴν,
413 2667 494 2704 εὗρον
506 2671 534 2697 δὲ
551 2671 621 2706 μετὰ
635 2674 810 2708 φρονήματος
826 2675 873 2701 καὶ

91 2713 198 2748 κόμπου
212 2714 242 2740 τὸ
267 2715 464 2750 ἀνθιστάμενον
486 2717 674 2752 ἁμιλλώμενον
687 2719 731 2745 διὰ
742 2719 776 2746 τὰ
795 2729 872 2747 συνε-

90 2759 219 2794 νεχθέντα
235 2761 326 2795 χθιζά.
348 2761 429 2787 ’Λλλᾶ
443 2762 489 2788 καὶ
512 2763 545 2789 τὰ
577 2764 729 2799 πετροϐόλοι
747 2766 871 2800 μηχανή-

93 2812 163 2838 ματα
177 2804 217 2837 οἷς
232 2807 352 2841 ἐχρῶντο
363 2807 387 2832 οἱ
402 2807 537 2843 Βάρόαροι
553 2808 668 2844 ἀνῄρουν
677 2810 737 2845 οὐχὶ
750 2811 871 2846 βραχεῖς,

93 2851 226 2885 ἐπιτυχῶς
243 2852 288 2878 καὶ
300 2852 346 2885 ἀφ’
361 2851 444 2886 ὕψους
455 2853 517 2885 τοὺς
530 2853 619 2886 λίθους
633 2856 848 2889 διακοντῑζοντες
862 2866 870 2873 ·

930 2255 1034 2284 diutius
1049 2258 1189 2288 immorari
1202 2262 1399 2296 constituisset,
1412 2271 1462 2298 per
1474 2264 1614 2299 pactiones
1629 2265 1714 2301 Chry-

930 2309 961 2329 so
981 2302 1148 2333 Strummiza
1173 2310 1201 2333 et
1217 2307 1335 2335 Prosaco
1350 2308 1530 2345 ﬁnitimisque
1555 2311 1713 2346 regionibus

931 2348 1025 2381 cedit;
1051 2354 1078 2376 et
1111 2353 1236 2379 quamvis
1272 2361 1385 2381 uxorem
1422 2355 1534 2383 habenti
1569 2358 1713 2391 quamdam
1746 2351 1747 2354 Ἰ

930 2401 964 2420 ex
986 2401 1148 2429 cognatione
1173 2405 1220 2425 sua
1246 2406 1275 2426 se
1300 2400 1324 2427 ei
1348 2401 1547 2435 desponsurum
1568 2404 1711 2437 promittit.

930 2438 1088 2474 Byzantium
1111 2450 1238 2471 reversus
1254 2448 1459 2479 protostratoris
1482 2447 1563 2475 filiam
1586 2457 1601 2476 a
1617 2449 1713 2475 marito

930 2486 1079 2520 sejunctam
1109 2487 1214 2523 Chryse
1241 2498 1290 2524 per
1323 2492 1465 2520 Sebastum
1501 2495 1710 2522 Constantinum

930 2530 1098 2560 Rhadasnum
1123 2535 1214 2562 mittit.
1243 2537 1324 2572 673
1351 2538 1529 2573 Sponsalibus
1551 2542 1668 2574 peractis
1684 2545 1711 2566 et

928 2577 1042 2612 nuptiali
1054 2580 1179 2607 convivio
1187 2583 1321 2616 apposito.
1333 2584 1454 2619 Clirysus
1475 2590 1586 2612 strenue
1600 2589 1711 2620 putabat

927 2628 955 2650 et
981 2626 1151 2653 comedebat.
1184 2626 1257 2654 Uxor
1273 2637 1339 2656 vero
1371 2630 1430 2663 ejus
1453 2631 1597 2658 observata
1626 2639 1706 2666 spon»

927 2677 1019 2698 sarum
1046 2672 1244 2700 consuetudine
1272 2674 1340 2701 nihil
1356 2675 1526 2710 attingebat;
1551 2682 1579 2704 et
1599 2685 1660 2704 cum
1675 2679 1709 2704 ab

923 2724 956 2744 eo
968 2718 1038 2745 vesci
1051 2719 1125 2753 jussa
1136 2727 1189 2746 non
1198 2721 1289 2747 statim
1307 2722 1451 2755 paruisset,
1464 2723 1503 2750 ira
1517 2722 1708 2757 inilatmnatus,

925 2768 952 2790 ct
965 2764 1058 2791 multis
1070 2764 1198 2793 Barbaris
1227 2766 1319 2794 verbis
1345 2775 1394 2801 per
1421 2767 1639 2804 indignationem
1657 2770 1709 2796 oli-

926 2810 1115 2842 murmuratis,
1139 2811 1246 2839 tandem
1269 2820 1318 2846 per
1341 2818 1527 2848 contemptum
1564 2823 1650 2851 gnere
1666 2815 1709 2842 tli-

929 2855 966 2883 xit
986 2866 991 2883 :
1009 2866 1018 2882 ι
1036 2855 1129 2891 Neque
1141 2857 1214 2885 edito
1229 2866 1317 2893 neque
1334 2858 1429 2887 bibito.
1455 2870 1463 2886 ι
