1952 3076
179 126 229 159 8‘1

792 123 942 154 NICE’P/E
967 125 1172 156 CHONlA’l‘.E

1754 127 1826 160 892

179 183 254 219 quod
272 183 432 216 timebatur,
449 190 482 210 eo
505 181 647 217 inopinato
669 181 767 209 nuntio
785 182 921 210 attonitus
940 186 968 210 et

1024 183 1132 218 χειλέων
1148 183 1321 217 ἐκφέρεσθαι,
1340 184 1398 210 ἀλλ’
1415 185 1464 217 έὲν
1505 185 1612 217 πολλοῖς
1638 186 1684 212 καὶ
1710 186 1826 221 φωνῆς

180 229 261 264 inops
271 229 379 256 consilii
389 228 423 255 ob
434 227 571 255 tliilicilem
583 227 720 255 exercitus
728 228 965 261 convocationcm,

180 276 214 302 ad
231 275 389 302 seditiosum
402 275 493 301 statim
504 273 652 309 spadonem
667 274 812 309 quemdam
839 275 865 302 ei
889 274 967 302 fami-

181 321 359 348 liarissimum
378 320 473 353 mittit,
491 321 537 354 qui
556 325 635 354 pacta
651 325 678 347 et
694 325 830 347 conventa
854 320 881 347 in
908 329 967 348 me-

182 367 296 393 moriam
312 366 337 393 ei
357 371 512 398 revocaret;
534 370 561 392 ct
576 366 648 400 quod
665 365 732 392 nihil
748 373 868 400 unquam
885 373 917 392 ex
933 374 967 392 eo

182 417 314 446 trmpore,
329 419 383 446 quo
408 419 436 438 se
454 412 485 438 ad
512 412 650 438 Romanos
667 412 841 443 contulisset,
859 413 966 439 molesti

181 462 228 484 aut
244 458 302 492 spei
325 465 381 484 sua:
398 457 566 484 contrarium
594 464 741 491 perpessus
765 462 848 489 esset,
873 457 968 484 admo-

179 509 267 531 neret.
282 504 376 538 Neque
387 504 459 530 enim
475 503 509 530 de
522 511 555 530 eo
570 503 774 531 reconciliando
791 504 965 538 desperabat.

180 551 247 577 lium
262 558 316 577 non
331 551 413 585 longo
435 550 579 577 intervallo
602 549 688 577 secuti
712 554 776 577 sunt
792 550 968 584 imperatoris

179 595 272 628 generi
290 602 352 622 cum
366 595 440 621 omni
468 595 656 622 min‘slrorum
675 600 702 622 et
719 600 896 629 cognatorum
922 603 968 623 co-

181 642 290 672 mitatu.
311 645 339 668 et
357 640 492 668 militibus
510 641 557 675 qui
577 641 605 667 in
623 641 723 675 palatio
739 641 823 675 678
845 640 968 675 reperie-

182 687 290 713 bantur.
308 686 361 714 Sed
377 686 501 714 nefarius
517 687 602 721 spado
621 686 654 713 ad
670 694 733 713 cum
757 687 895 721 profectus
913 695 967 714 nott

180 732 262 759 modo
277 731 346 758 nihil
361 733 433 767 quod
456 732 489 759 ad
513 740 570 759 rem
599 733 751 767 pertineret
772 732 901 763 confecit.
919 732 967 760 sed

181 779 258 806 illum
272 787 320 806 sua
337 779 483 813 praesentia
497 783 526 805 ut
540 783 628 814 coepta
645 783 860 814 persequeretur
883 779 968 814 magis

181 827 364 859 ccnﬁrmavit,
392 834 455 854 cum
483 830 586 853 temere
613 826 762 853 eﬂ‘utiisset
787 826 925 854 Romanos
952 835 967 854 ο

181 874 295 908 vestigio
320 873 395 900 illum
412 872 567 904 invasuros,
586 877 613 899 et
634 872 787 900 monuisset
808 877 836 899 ut
857 880 967 907 campe-

181 919 283 946 stribus
300 919 403 946 relictis
418 919 533 946 salutem
549 926 625 945 suam
649 922 676 945 et
696 918 868 953 popularium
887 927 967 946 mon-

182 964 253 991 tanis
269 963 335 991 locis
345 964 540 991 committeret.
558 963 733 998 Imperatoris
741 971 806 991 vero
819 964 924 998 generi,
941 969 968 991 et

181 1013 364 1044 protostrator
377 1008 485 1036 Manuel
507 1008 648 1044 Camyzes.
665 1008 804 1036 alacritate
820 1013 847 1035 et
860 1009 970 1036 a-mula-

182 1055 256 1082 tione
272 1055 340 1082 mira
356 1055 515 1082 seditiosum
540 1056 680 1090 persecuti
703 1059 768 1082 sunt
780 1063 787 1082 :
801 1055 848 1082 sed
865 1063 969 1090 oppor-

181 1101 297 1128 tunitate
313 1100 348 1128 ob
365 1101 484 1135 praedam
509 1101 628 1136 fugatam
646 1101 744 1128 amissa
764 1103 969 1130 contentionem

181 1145 358 1174 remiserunt.
380 1147 420 1173 Ac
445 1146 641 1174 fervidioribus
663 1147 704 1174 sic
733 1148 815 1174 etiam
844 1147 971 1182 placebat

180 1192 310 1228 persequi
322 1196 350 1220 et
362 1192 390 1219 in
404 1192 544 1220 montibus
556 1200 680 1227 quaerere
694 1193 831 1221 Alexium.
845 1194 971 1222 Pruden-

183 1237 266 1265 tiores
283 1241 376 1265 autem
389 1237 463 1265 haud
480 1238 635 1265 consultum
653 1238 785 1272 putabant
804 1239 902 1273 aquilae
923 1246 970 1266 ve-

182 1283 261 1318 stigia
276 1287 385 1311 montes
402 1288 429 1311 et
449 1291 533 1319 rupes
542 1285 726 1318 'pervolantis
743 1285 909 1317 consectari,
924 1289 971 1312 aut

181 1329 324 1357 volumina
341 1329 477 1364 serpentis
491 1330 518 1356 in
542 1337 609 1357 saxo
629 1330 787 1365 quaeritare,
804 1336 850 1358 aut
874 1339 970 1366 aprum

181 1374 337 1407 dentatum,
361 1374 408 1409 qui
432 1379 530 1410 pectus
554 1383 626 1410 Stepe
648 1376 748 1411 jaculis
775 1376 917 1409 obtulerit,
936 1377 970 1404 ad

182 1426 302 1454 pugnam
318 1419 427 1447 irritare
443 1420 512 1454 ;sed
537 1421 635 1456 oppida
660 1421 695 1448 ab
710 1421 805 1449 Alexio
820 1422 971 1450 instaurata

182 1469 210 1491 et
221 1465 329 1492 condita
346 1467 533 1500 recuperanda
551 1474 623 1494 esse.
645 1468 704 1500 Quo
719 1468 833 1495 consilio
845 1468 970 1502 praelato,

183 1510 326 1537 castellum
338 1511 366 1537 in
377 1511 438 1538 loco
449 1512 495 1546 qui
505 1511 639 1540 Crizimus
651 1513 751 1540 dicitur
760 1513 793 1540 ab
801 1513 898 1540 Alexio
906 1520 972 1540 con-
986 1528 1007 1557 ο

184 1555 269 1583 (litum
279 1561 448 1591 oppugnant;
459 1556 504 1584 ubi
514 1558 627 1584 Romani
637 1558 840 1593 promptissime
848 1563 876 1586 et
883 1558 974 1586 fortis-

184 1603 254 1628 sime
260 1601 422 1629 dimicantes
430 1602 530 1629 multos
537 1603 612 1630 viros
620 1603 836 1638 iortes,quorum
846 1605 974 1639 princeps

184 1650 244 1673 erat
258 1645 342 1681 679
357 1645 492 1681 Georgius
509 1646 688 1682 Palaeologus,
705 1648 732 1675 in
746 1649 925 1676 admovendis
940 1648 973 1676 ad

184 1691 286 1719 moenia
317 1691 398 1719 scalis
425 1691 588 1720 amiserunt.
617 1693 739 1721 Tandem
765 1702 798 1721 eo
819 1700 974 1729 expugnato

184 1737 266 1765 etiam
286 1737 339 1764 alia
358 1737 482 1772 quaedam
498 1738 598 1772 oppida
614 1738 755 1774 deinceps,
774 1740 827 1767 alia
842 1741 975 1775 sanguine

184 1783 309 1818 profuso,
321 1783 374 1810 alia
387 1782 527 1810 deditione
544 1790 687 1819 ceperunt.
707 1785 819 1812 Alexius
833 1794 909 1818 vero,
920 1786 975 1813 eal-

184 1828 258 1856 lidus
274 1829 356 1856 homo
380 1834 408 1857 et
434 1832 522 1858 solers
546 1830 674 1863 bellator,
699 1839 760 1858 cum
783 1831 835 1858 alia
859 1831 976 1866 plurima

187 1875 341 1910 disciplinrc
374 1877 499 1905 militaris
529 1876 680 1912 spccimina
707 1876 811 1910 edidit,
833 1882 890 1904 tum
920 1885 976 1905 uno

186 1921 287 1957 insigni
305 1926 497 1958 stratagemate
516 1928 615 1958 praeter
630 1922 700 1950 alios
715 1924 803 1958 ipsum
820 1923 902 1950 etiam
914 1931 976 1958 pro-

187 1972 362 1996 tostratorcm
379 1970 464 2004 cepit.
479 1968 545 1996 Nam
563 1969 691 2004 plurimis
706 1969 854 2004 pecoribus
867 1977 900 1996 ex
913 1976 977 2003 spe-

187 2014 257 2042 culis
271 2015 297 2042 in
313 2023 424 2051 campos
435 2015 477 2051 agi
488 2020 515 2043 et
528 2025 544 2043 a
559 2015 739 2051 popularibus
754 2016 812 2043 suis
823 2023 886 2043 cum
900 2021 977 2050 parte

187 2059 374 2088 Romanorum
393 2063 564 2097 captivorum
591 2062 619 2089 in
644 2062 768 2090 Haemum
785 2062 819 2089 ad
843 2062 977 2089 Joannem

187 2104 291 2140 Zagore
310 2107 475 2142 principem,
487 2115 550 2134 eum
562 2115 616 2142 quo
629 2107 719 2135 [cadus
730 2112 826 2135 contra
838 2107 978 2135 Romanos

188 2151 298 2185 inierat,
309 2152 432 2180 muneris
442 2153 503 2180 loco
515 2157 542 2180 et
553 2153 623 2188 grati
635 2153 719 2180 animi
731 2160 798 2187 ergo
808 2152 871 2180 duci
881 2153 977 2188 jussis,

1018 228 1186 263 τρανότερον
1203 228 1252 254 ὅσα
1269 228 1430 263 κέκευθενή
1447 228 1519 264 φρὴν
1538 230 1566 256 αἱ
1596 229 1714 265 πράξεις
1726 230 1827 265 ἐξαγ-

1018 274 1172 307 γέλλουσιν,
1203 273 1241 299 Οὐ
1263 274 1316 308 μὴν
1331 274 1370 305 είς
1390 271 1446 300 ὦτα
1467 275 1622 301 ἀκουόντων
1641 275 1691 306 τὰς
1719 275 1826 309 σοφὰς

1017 319 1121 350 ταύτας
1147 319 1265 354 γνώμας
1280 318 1350 354 ἦσαν
1367 320 1573 355 εἰσηγούμενοι.
1603 320 1633 346 '0
1656 321 1711 356 γὰρ
1729 322 1825 355 βασι-

1017 365 1080 395 λεὺς
1100 365 1233 399 ἐχέγγυον
1251 365 1291 397 είς
1308 365 1399 391 πίστιν
1411 365 1456 391 τὸν
1477 366 1527 400 τῆς
1550 365 1649 392 υἱωνοῦ
1663 366 1823 401 θεοδώρας

1018 411 1106 445 γάμον
1122 411 1247 443 καθάπαξ
1262 410 1404 438 ὑπολαϐὼν
1414 411 1464 438 οὒκ
1479 412 1552 438 ἐστιν
1568 412 1644 443 ὅπως
1673 411 1720 438 ἐπὶ
1751 412 1820 438 πᾶ-

1019 466 1061 482 σιν
1076 457 1126 483 οὐκ
1140 457 1297 491 ἁσφαλῆ,τᾱ
1316 457 1384 492 πρὶς
1411 457 1520 483 εὓνοιαν
1553 458 1600 483 xui.
1630 457 1818 492 ἀπρόσκοπον

1019 502 1110 536 ἔκρινε
1154 502 1201 529 τὸν
1248 503 1377 535 Ἀλέξιον,
1413 503 1681 539 καταγοητευούσης,
1715 501 1817 538 οἶμαι,

1018 547 1157 574 κάνταῦθα
1173 548 1223 583 τῆς
1243 548 1394 575 κακοποιοῦ
1411 549 1554 584 δυνάμεως
1579 550 1628 584 τῆς
1646 549 1691 575 ἐπὶ
1704 550 1736 576 τὸ
1758 550 1818 576 κά.-

1018 603 1114 626 ταντες
1130 596 1174 621 ἀεὶ
1189 596 1324 631 φερούσης
1348 595 1382 622 τὰ
1404 596 1547 631 Ῥωμαίων
1577 597 1740 632 πράγματα.
1763 597 1817 628 Ὠς

1018 642 1039 668 δ’
1057 642 1087 668 οὐ
1103 642 1193 676 πολλῷ
1216 641 1330 677 ὕστερον
1343 640 1390 675 είς
1406 643 1487 678 ἔργον
1518 643 1549 669 τὸ
1561 643 1621 673 δέος
1638 642 1813 677 ἐκϐέϐηκεν,

1019 688 1108 717 ὲννεος
1123 689 1168 714 ἐπὶ
1186 690 1242 719 τοῖς
1260 688 1442 723 ἤκουσμένοις
1455 689 1551 723 φανεὶς
1575 689 1622 715 καὶ
1643 688 1681 724 μὴ
1703 688 1776 723 ἔχων
1799 688 1815 714 ὃ

1018 741 1043 759 τι
1059 733 1106 759 καὶ
1118 733 1244 768 δράσειεν
1255 734 1293 760 ὡς
1307 735 1514 769 ἀναρραγέντος
1541 734 1617 760 τοῦδε
1645 733 1694 760 τοῦ
1719 734 1814 760 κακοῦ

1021 778 1199 811 ἀπροόπτως,
1227 779 1274 805 καὶ
1289 779 1397 805 ὅτιτῶν
1415 780 1633 815 στρατευμάτων
1647 778 1776 814 ἐργώδης
1797 779 1816 812 ἠ

1023 823 1150 858 συλλογὴ,
1167 825 1195 850 ὲν
1222 825 1271 859 μὲν
1287 826 1326 859 τῷ
1352 827 1509 861 παραυτίκα
1538 825 1643 852 στέλλει
1674 826 1744 860 πρὸς
1764 825 1818 852 τὸν

1019 869 1177 904 ἀποστάτην
1190 869 1299 896 θλαδίαν
1316 872 1388 903 τινὰ,
1414 872 1447 897 τὰ
1474 871 1571 906 πρῶτα
1585 871 1639 898 τῶν
1661 871 1817 906 ᾠκειωμέ-

1020 924 1072 941 νων
1087 916 1173 950 αὐτῷ,
1186 917 1381 950 ὑπομνήσοντα
1395 917 1490 943 τοῦτον
1504 917 1560 943 τῶν
1589 917 1732 952 συνθηκῶν
1759 917 1816 943 κεὶ

1018 960 1066 987 τοῦ
1081 961 1164 995 μηδέν
1174 970 1198 987 τι
1214 961 1322 988 πώποτε
1341 962 1438 990 παθεῖν
1454 962 1534 998 ἀηδὲς
1554 963 1666 989 καὶτῶν
1689 962 1817 989 ἐλπίδων

1020 1006 1138 1039 ἀνάξιον,
1153 1007 1181 1040 ἐξ
1197 1007 1259 1033 ὅτου
1278 1016 1332 1044 περ
1346 1008 1421 1044 αὑτῷ
1447 1009 1681 1045 προσκεχώρηκεν
1697 1016 1705 1024 ο
1746 1009 1817 1036 οὐδὲ

1019 1052 1073 1086 γὰρ
1088 1050 1122 1087 ἦν
1132 1052 1332 1086 ἀπογινώσκων
1349 1053 1398 1088 τὴν
1414 1054 1463 1088 τῆς
1498 1054 1611 1089 γνώμης
1641 1054 1816 1089 μεταϐολήν.

1020 1097 1073 1124 Τοῦ
1087 1098 1114 1124 δὲ
1127 1098 1242 1124 κατόπιν
1261 1098 1309 1125 καὶ
1321 1100 1345 1125 οί
1362 1100 1507 1134 νεόνυμῳοι
1519 1100 1640 1135 γαμὸροὶ
1682 1101 1729 1125 τοῦ
1758 1099 1817 1135 βα.-

1021 1144 1117 1176 σιλέως
1131 1144 1297 1180 συνεξῄεσαν
1316 1145 1385 1180 μετά
1396 1154 1427 1179 γε
1438 1145 1538 1178 παντὸς
1567 1146 1614 1172 τοῦ
1631 1146 1746 1173 οίκιδίου
1763 1146 1817 1172 καὶ

1022 1190 1185 1224 συγγενικοῦ
1202 1190 1386 1224 πληρώματος
1408 1192 1456 1218 καὶ
1470 1191 1522 1219 τῶν
1539 1192 1601 1218 τότε
1615 1191 1644 1217 ὲν
1657 1191 1696 1227 τῷ
1722 1192 1817 1218 παλα-

1022 1235 1073 1269 τίῳ
1093 1235 1298 1270 εὑρισκομένων
1313 1237 1500 1272 στρατιωτῶν.
1541 1237 1705 1272 ’Δφιγμένος
1731 1237 1781 1264 οὖν
1801 1238 1816 1264 6

1024 1280 1135 1316 βέϐηλος
1147 1281 1275 1316 εὐνοῦχος
1293 1283 1361 1316 πρὸς
1371 1283 1416 1308 τὺν
1432 1283 1551 1314 ’Δλὲξιον
1564 1283 1594 1310 οὐ
1620 1285 1702 1317 μόνον
1730 1284 1813 1310 οὐδέν

1021 1335 1048 1352 τι
1079 1328 1145 1362 πρὸς
1161 1327 1209 1361 τὴν
1228 1328 1355 1354 ὑπόθεσιν
1370 1329 1478 1364 ἑωράθη
1491 1330 1726 1365 διαπραξάμενος,
1743 1329 1816 1356 ἀλλὰ

1023 1371 1069 1397 καὶ
1084 1368 1298 1406 προσεπέρρωπ
1316 1373 1415 1400 μᾶλλον
1433 1375 1538 1401 ἐκεῖνον
1552 1375 1584 1409 τῇ
1602 1375 1655 1410 ἰδίᾳ
1672 1376 1815 1410 παρουσίᾳ

1022 1419 1062 1448 είς
1073 1417 1153 1452 ἔργον
1165 1418 1194 1444 τὸ
1226 1419 1255 1444 ἐν
1271 1419 1359 1454 χερσὶ,
1378 1421 1562 1455 προσημάνας
1589 1421 1735 1456 προπετῶς
1763 1422 1815 1457 τὴν

1022 1464 1082 1490 κατ’
1098 1463 1180 1490 αὐτοῦ
1202 1465 1255 1490 τῶν
1287 1465 1429 1499 Ῥωμαίων
1441 1466 1503 1492 ὅσον
1515 1466 1622 1493 οὐδέπω
1653 1467 1811 1499 ὲπέλευσιν,

1024 1509 1070 1535 καὶ
1085 1509 1193 1542 διδάξας
1221 1506 1262 1541 οἷς
1278 1511 1390 1544 εἴρηκεν
1411 1511 1582 1545 ἀποσχέσθαι
1603 1511 1653 1546 μὲν
1673 1511 1729 1538 τῶν
1759 1520 1811 1538 πε-

1025 1555 1117 1589 δινῶν,
1136 1555 1315 1582 ἐπιλαϐέσθαι
1330 1556 1357 1581 δὲ
1368 1555 1422 1582 τῶν
1432 1556 1556 1591 ὀρεινῶν,
1568 1555 1606 1588 ὡς
1625 1556 1739 1582 ἐκείνων
1756 1556 1811 1582 σώ-

1026 1601 1082 1633 ζειν
1098 1600 1138 1636 [Ρ.
1157 1600 1221 1636 551]
1240 1601 1355 1635 ἐχόντων
1370 1601 1417 1627 καὶ
1435 1601 1464 1626 τὸ
1476 1601 1647 1627 συναποστὰν
1668 1600 1811 1635 ὁμόφωνον

1026 1648 1182 1682 σύνταγμα.
1197 1647 1228 1673 Oi
1245 1647 1273 1673 δὲ
1294 1647 1357 1682 περὶ
1374 1646 1437 1677 τοὺς
1455 1646 1597 1681 γαμϐροὺς
1610 1646 1658 1672 τοῦ
1679 1646 1814 1681 βασιλέως

1025 1696 1074 1720 καὶ
1081 1694 1127 1720 τὸν
1139 1694 1366 1728 πρωτοστράτορα
1379 1692 1507 1727 Μανουὴλ
1520 1693 1565 1720 τὸν
1576 1692 1727 1728 Καμύτζην
1738 1693 1814 1719 ἐδίω-

1027 1739 1075 1772 ξαν
1085 1740 1133 1774 μὲν
1148 1739 1236 1767 ὀπίσω
1246 1740 1344 1770 ἱκανῶς
1352 1739 1399 1766 τοῦ
1409 1740 1554 1774 ἀντάρτου,
1565 1739 1614 1765 καὶ
1622 1737 1656 1774 ἦν
1668 1739 1812 1773 θαυμαστὴ

1026 1787 1105 1821 τιςὴ
1138 1785 1290 1821 προθυμία,
1318 1786 1366 1811 καὶ
1399 1785 1641 1819 πρωταγωνιστεῖν
1667 1784 1814 1818 ἠϐούλοντο

1027 1832 1182 1866 ξύμπαντες
1194 1840 1200 1846 “
1216 1833 1268 1867 τὴν
1280 1831 1308 1858 δὲ
1319 1831 1367 1858 τοῦ
1398 1831 1495 1866 καιροῦ
1523 1831 1609 1866 ῥοπὴν
1633 1829 1813 1860 ἀπολέσαντες

1027 1876 1059 1901 ἐκ
1073 1875 1122 1901 τοῦ
1139 1875 1336 1909 διασοϐηθῆναι
1352 1875 1381 1901 τὸ
1397 1875 1510 1910 θήραμα
1533 1875 1562 1902 τι
1578 1875 1718 1910 πρόθυμον
1736 1874 1814 1909 ἐσχα-

1030 1929 1090 1948 σαν.
1113 1921 1176 1952 Τοῖς
1198 1921 1248 1956 μὲν
1268 1921 1318 1947 οὖν
1341 1921 1521 1957 θερμοτέροις
1538 1920 1695 1947 ἐπιδιώκειν
1708 1921 1754 1947 καὶ
1767 1920 1814 1946 οὒ-

1027 1975 1082 1997 τως
1102 1967 1191 1993 ἐδόκει
1208 1967 1256 1993 καὶ
1271 1967 1414 2002 διερευνᾷν
1434 1967 1587 2001 ἐφέποντας
1602 1968 1629 1994 οἱ
1660 1967 1713 1993 τῶν
1730 1967 1813 2002 ὀρέων

1028 2013 1134 2047 ἀπέδρα
1155 2012 1282 2045 Ἀλέξιος,
1295 2014 1352 2044 τοῖς
1366 2012 1388 2039 δ’
1405 2013 1621 2048 ἀσφαλεστέροις
1636 2014 1685 2048 οὐχ
1699 2013 1813 2048 ἥνδανεν

1027 2059 1095 2090 ὅλως
1104 2057 1186 2085 ἀετοῦ
1201 2058 1260 2093 ίχνη
1273 2058 1407 2093 ἀναδιφᾷν
1423 2059 1634 2092 ὲπιποτωμένου
1657 2059 1758 2093 πάγοις
1768 2058 1813 2085 καὶ

1033 2103 1314 2140 δρεσιν,ἣμεταλλᾷν
1343 2104 1487 2139 ὲρπυσμὸν
1517 2105 1606 2139 ὄφεως
1633 2104 1680 2130 ἐπὶ
1701 2105 1810 2139 πέτραν,

1028 2151 1045 2185 ἢ
1064 2149 1206 2184 ὲκμαίνειν
1223 2150 1264 2181 είς
1296 2150 1457 2184 συμπλοκὴν
1495 2149 1671 2185 χαυλιόδοντα
1713 2149 1811 2184 μονιδν,

188 2197 319 2225 Romanis
335 2198 449 2226 insidias
465 2199 619 2232 collocavit,
635 2199 794 2234 rapacitatis
813 2204 840 2226 et
854 2199 973 2227 avaritia

1032 2196 1161 2228 πολλάκις
1179 2195 1210 2223 τὸ
1228 2195 1326 2231 στῆθος
1341 2196 1382 2227 εἰς
1400 2195 1569 2222 διακόντισιν
1591 2195 1812 2231 προτεινάμενον.

188 2250 285 2270 corum
306 2247 334 2270 et
355 2243 499 2271 cbaritatis
523 2252 587 2279 erga
615 2252 680 2272 suos
707 2252 761 2272 non
785 2245 906 2280 ignarus,
923 2253 978 2280 pra:

188 2288 289 2323 quibus
305 2289 388 2316 etiam
405 2289 520 2317 salutem
537 2297 614 2317 suam
630 2290 782 2326 neglecturi
799 2294 905 2318 essent.
923 2290 978 2318 Nec

168 2337 176 2343 ‘
188 2342 251 2361 eum
266 2334 363 2362 fefellit
377 2335 480 2370 opinio.
506 2336 575 2363 Nam
596 2336 677 2371 paulo
702 2341 764 2371 post
781 2340 976 2371 protostrator,

188 2389 222 2409 eo
238 2381 335 2409 nuntio
349 2387 474 2417 accepto,
487 2382 726 2416 Batrachocastro,
742 2383 787 2410 ubi
807 2384 906 2410 stativa
932 2383 979 2410 ba-

191 2426 284 2459 bebat,
300 2426 463 2455 Bactunium
479 2427 628 2463 profectus,
651 2429 742 2463 specie
769 2428 808 2456 rei
825 2429 977 2464 decipitur;

188 2471 311 2506 01680
325 2480 378 2499 non
392 2472 585 2500 animadverso
601 2473 689 2500 Alexii
709 2473 772 2501 dolo
784 2473 934 2501 exercitum
947 2481 980 2501 ea

190 2525 252 2552 qua:
267 2518 294 2544 in
306 2523 455 2553 conspectu
482 2523 576 2545 essent
592 2519 710 2553 spoliare
726 2519 822 2554 jubet;
839 2519 896 2554 ipse
908 2527 980 2554 equo

191 2572 245 2591 Iton
259 2565 356 2592 bellico
371 2565 538 2593 circumiens
551 2570 735 2600 spectatorem
754 2566 819 2600 agit.
832 2565 901 2593 Tum
915 2573 981 2594 vero

189 2618 224 2638 ex
247 2611 355 2638 insidiis
382 2612 527 2647 consurgit
550 2612 674 2644 Alcxius,
698 2616 725 2639 et
751 2616 980 2647 protostratorem

191 2659 413 2687 circumventum
432 2659 602 2695 diductaque
615 2668 729 2687 suorum
746 2661 805 2687 acie
822 2661 908 2688 veluti
923 2668 982 2688 cas—

193 2705 270 2733 sibus
292 2706 462 2742 implicatum
478 2706 562 2742 capit.
580 2706 637 2734 Hoc
657 2706 808 2734 desertoris
825 2712 982 2735 commento

195 2751 313 2779 “Olitani
333 2754 472 2781 exercitus
503 2753 625 2788 reliquia:
653 2759 769 2788 prorsus
793 2757 941 2785 enervatae,
962 2753 981 2781 ii

196 2805 261 2823 \I‘ru
274 2798 319 2831 qui
333 2798 492 2826 defecerant
509 2799 573 2826 elati
591 2802 666 2826 sunt.
686 2798 780 2833 Neque
793 2797 847 2834 jam
865 2798 980 2827 Romani

196 2851 259 2871 cum
287 2844 422 2872 lacessere
447 2849 493 2872 aut
519 2845 627 2880 aggredi
654 2844 802 2877 audebant,
831 2845 877 2873 scd
907 2845 983 2880 juxta

1029 2242 1183 2279 περιελθεῖν
1212 2242 1243 2269 δὲ
1261 2242 1295 2268 τὰ
1315 2242 1442 2278 πολίχνια
1474 2242 1562 2270 όπόσα
1583 2242 1754 2269 ἐπεσκεύασε
1769 2243 1812 2270 καὶ

1029 2290 1178 2325 ἀνήγειρεν
1193 2291 1207 2317 ὁ
1224 2288 1355 2322 Ἀλέξιοῇ
1371 2289 1421 2316 καὶ
1432 2288 1527 2316 θέσθαι
1548 2289 1654 2324 βασιλεῖ
1682 2289 1811 2322 κατήκοα.

1030 2337 1087 2363 Καὶ
1099 2336 1150 2370 τῆς
1172 2335 1273 2370 βουλῆς
1288 2336 1390 2370 ταύτης
1402 2335 1440 2366 ὡς
1463 2335 1606 2370 ἀμείνονος
1633 2334 1810 2370 κυρωθείσης,

1030 2382 1068 2417 τῷ
1092 2383 1218 2418 φρουρίῳ
1235 2382 1456 2417 προσῦάλλουσιν
1473 2381 1487 2408 ὃ
1500 2382 1563 2408 καθ’
1575 2381 1712 2408 ὑπόὸασιν
1738 2381 1813 2415 ὅρους

1031 2429 1060 2456 ὲν
1088 2428 1163 2463 τόπῳ
1177 2428 1324 2464 Κριτζιμῷ
1336 2428 1478 2463 λεγομένῳ
1493 2428 1647 2462 ἐδομήσατο
1659 2428 1673 2453 ὁ
1689 2427 1813 2459 ’Λλέξιος·

1032 2473 1097 2500 ἔνθα
1108 2474 1156 2500 καὶ
1171 2473 1289 2500 πλεῖστα
1315 2472 1447 2508 Ῥωμαῖοι
1464 2473 1601 2507 καμόντες
1612 2473 1659 2499 καὶ
1668 2471 1814 2506 φιλοκινδύ-

1032 2529 1086 2551 νως
1103 2520 1323 2555 ἁμιλλησάμενοι
1340 2520 1389 2546 οὐκ
1408 2519 1520 2552 ὀλίγους
1533 2518 1634 2554 ἄνδρας
1649 2518 1768 2551 ἀγαθοὺς
1786 2518 1812 2543 ὲν

1032 2566 1071 2602 τῷ
1089 2566 1241 2602 προσάγειν
1261 2566 1301 2602 τῷ
1318 2567 1403 2601 τείχει
1419 2566 1469 2597 τὰς
1485 2565 1625 2599 κλίμακας
1639 2564 1811 2595 ἀπείάλοντο,

1032 2611 1070 2641 ὧν
1084 2612 1118 2649 ἦν
1138 2613 1294 2648 πρώτιστος
1319 2614 1333 2639 ὁ
1367 2613 1551 2647 Παλαιολόγος
1580 2612 1728 2646 Γεώργιος.
1756 2610 1812 2645 Ὀψὲ

1033 2660 1056 2687 δ’
1078 2659 1215 2692 ἐξελόντες
1232 2659 1262 2685 τὺ
1285 2659 1375 2694 ἔρυμα
1395 2659 1442 2685 καὶ
1460 2657 1534 2694 ἕτερ’
1563 2657 1633 2684 ἄττα
1664 2655 1812 2690 πολίσματα

1033 2707 1081 2734 ἐπὶ
1095 2707 1163 2742 τῷδε
1183 2706 1311 2740 συναφῶς
1323 2705 1517 2742 ἐχειρώσαντο,
1533 2705 1569 2740 πῇ
1587 2704 1637 2739 μὲν
1663 2702 1724 2739 μεθ’
1737 2702 1812 2736 αἵμα-

1033 2762 1091 2787 τος,
1111 2754 1149 2789 πῇ
1161 2753 1188 2779 δὲ
1200 2753 1247 2780 καὶ
1261 2752 1390 2788 ὁμολογίᾳ
1405 2752 1509 2779 τούτων
1527 2743 1742 2785 περιγινόμενοι.
1769 2748 1813 2774 Εὑ-

1037 2799 1157 2835 μήχανος
1172 2798 1247 2826 δ’ῑυν
1266 2799 1280 2826 ὁ
1302 2798 1423 2831 ’Δλέξιος
1452 2798 1500 2826 καὶ
1525 2797 1660 2831 πολύχους
1688 2795 1728 2825 είς
1751 2795 1812 2829 ἔργα

1038 2845 1156 2882 πολέμια
1169 2845 1236 2874 ἄλλα
1256 2854 1285 2872 τε
1320 2845 1435 2872 πλεῖστα
1455 2843 1546 2882 ,κατὰ
1586 2842 1731 2876 Ῥωμαίων
1752 2840 1812 2875 ἔργα
