1945 3074
119 177 217 213 φυλίας
247 175 406 212 προΐστατο,
443 173 492 200 καὶ
519 172 569 198 ὅσα
595 171 758 206 παρατείνει
783 171 811 200 ἐς

119 223 282 252 Κοτυάειον.
301 221 346 253 Ὧς
361 220 408 248 οὖν
421 220 436 246 ό
449 219 627 248 Κοππατῖνος
643 217 690 244 τοῦ
712 217 762 252 ζῇν
789 216 906 250 παρελέ-

119 270 196 300 λυτο,
212 267 278 302 περὶ
294 268 343 303 τῆς
365 264 535 300 σατραπείας
550 263 628 290 τοῦδε
640 261 836 297 διαμιλλῶνται
849 260 862 286 ὅ
877 264 907 286 τε

121 314 171 348 τῆς
186 312 298 344 Δοκείας
313 310 424 347 κρατῶν
447 309 639 343 Ῥουκρατῖνος
662 308 708 334 καὶ
728 307 741 333 ό
759 305 907 340 κατάρχων

119 360 171 395 τῆς
209 357 348 394 Ἀγκύρας
382 355 507 383 Μασούτ.
534 355 649 390 ’Ἂτερος
673 353 762 380 τοίνυν
782 352 871 378 αὐτῶν
895 352 909 378 ό

125 405 318 440 Ῥουκρατίνος
333 403 378 430 τὸν
394 401 588 436 ἅντιτρέχοντα
601 399 762 434 ὑποφθάσας
778 399 910 432 κασίγνη-

121 461 168 479 τον
185 452 215 477 τὺ
237 452 311 481 νῖκος
327 450 425 485 ἤρατο,
450 448 616 482 δεξιωτέραν
641 446 722 481 φύσιν
746 445 837 480 λαχὼν
861 444 909 470 καὶ

120 497 317 532 πολεμοχαρὴς
330 495 516 529 διαφερόντως
532 492 708 528 δεικνύμενος
740 491 850 526 ’Λμέλει
862 491 909 517 καὶ

121 544 248 579 μείζονος
265 541 438 576 εὐμοιρήσας
457 541 471 566 ό
502 539 696 573 Ῥουκρατίνος
716 537 842 563 ἐντεῦθεν
864 537 909 562 δυι

119 591 230 625 νάμεως
243 590 288 615 τὸν
306 588 355 623 μὲν
373 586 484 613 Μασοὺτ
497 585 645 612 ὑπενδόντα
661 585 684 610 οξ
697 585 744 610 καὶ
761 583 825 617 φίλα
844 591 909 618 ippo-

121 637 178 663 νεῖν
195 633 479 670 συνθέμενον,-μέρος
492 632 542 666 τῆς
558 631 709 666 τοπαρχίας
727 630 907 664 ἀφελόμενος,

121 684 171 718 τῆς
188 682 285 716 λοιπῆς
301 675 440 716 χιὶιριῑῖὠς
458 679 555 713 πρώην
575 678 693 712 διαφῆκε
716 675 908 712 προίστασθαι,

120 728 162 764 τῷ
183 729 211 755 δέ
228 737 258 761 γε
282 726 440 761 Καῖχοσράῃ
458 725 530 760 μάλα
557 724 690 760 ὲμμανῶς
716 723 834 757 ἐπεφύη,
857 731 905 748 πα·

119 775 196 801 λαιὸν
207 773 352 807 ὺποτύφων
365 772 477 798 Ἰκονίου
490 771 579 806 ἔρωτα
592 770 628 801 ὡς
642 770 757 804 ἀρχαίου
771 768 907 803 πατρῴου,

120 820 172 846 καὶ
185 818 279 844 τοῦτον
292 818 329 849 ὡς
346 816 481 852 μητρόθεν
502 816 668 850 Χριστιανὸν
687 814 906 849 μυσαττόμενος.

122 864 246 898 Πέμπων
270 863 316 890 οὖν
334 862 507 896 ὑπεκστῆναί
529 862 553 887 οἱ
581 861 697 896 παρῄνει
723 859 770 886 τοῦ
797 859 908 886 Ἰκονίου

121 909 232 944 καὶτῆς
246 909 310 942 ὅλης
328 909 446 943 ἁπαρεῐν
473 907 648 938 δυναστείας,
665 906 722 940 είγε
744 906 866 941 βούλοιτο
879 903 908 932 εὖ

123 953 200 989 μάλα
220 953 336 988 πράξειν
353 953 445 985 αὐτος,
461 952 509 983 τὰς
523 952 552 977 δὲ
569 952 660 982 πόλεις
684 951 745 977 κατ’
761 951 845 986 ἄνδρα
863 951 910 977 καὶ

119 1000 182 1026 κατ’
203 999 279 1031 ἔθνος
299 1000 469 1033 ἀπειράτους
487 999 577 1033 μεῖναι
592 998 646 1023 τῶν
663 998 695 1023 ἐκ
716 996 762 1023 τοῦ
780 997 900 1031 πολέμου

120 1045 218 1072 δεινῶν
230 1040 325 1071 ’ὀῦτω
345 1043 574 1078 κεκομπασμὲνος
592 1041 625 1077 ἢν
641 1042 686 1068 καὶ
705 1042 910 1077 ἀνυπέρϐλητος

120 1091 168 1118 τὸν
181 1091 290 1126 τῦφονό
306 1090 458 1125 βάρϐαρος,
471 1090 519 1116 καὶ
536 1089 586 1123 τὴν
606 1089 692 1123 ὀφρὺν
709 1087 907 1123 ὑπερνέψελος,

122 1139 172 1165 καὶ
186 1137 223 1169 ὡς
241 1137 282 1168 ib;
295 1136 466 1172 πολύφθορος
484 1136 554 1162 κατὰ
577 1135 703 1161 πλεῖστον
718 1135 911 1167 διασκιδνάμε-

121 1184 166 1216 νός
180 1193 209 1211 τε
225 1184 271 1210 καὶ
282 1184 468 1218 διαχεόμενος.
486 1182 614 1217 Πρόσεισι
630 1182 721 1207 τοίνυν
735 1181 910 1216 Καῖχοσρόης

120 1231 163 1266 τῷ
178 1231 283 1266 βασιλεῖ
295 1230 452 1265 ἐκεχειρίας
464 1229 627 1263 γενομένης,
646 1228 692 1253 τὸν
706 1227 803 1254 ἑαυτοῦ
826 1227 910 1253 τοκέα

122 1276 197 1304 κατὰ
207 1276 287 1303 τοῦτο
309 1274 468 1311 ἐζηλωκὼς,
483 1274 546 1300 ἐπεὶ
575 1274 702 1304 κάκεῖνος
720 1274 783 1305 τοὺς
805 1272 852 1307 ἀφ’
869 1273 910 1298 αῖ-

123 1331 210 1358 ματος
224 1322 326 1349 ἀδικῶν
341 1322 387 1348 καὶ
402 1321 447 1347 ὑπ’
465 1321 555 1347 αὐτῶν
572 1320 750 1354 ἀδικούμενος
770 1320 840 1354 μετὰ
859 1318 911 1354 τὴν

121 1368 171 1395 τοῦ
187 1368 322 1403 φύσαντος
341 1368 445 1394 ἐκεῖνον
472 1366 586 1393 Mucii:
610 1365 773 1396 ἅποὸίωσιν,
804 1365 841 1396 ὡς
870 1366 910 1396 είς

120 1414 246 1449 ἄγκυραν
266 1414 341 1448 ἱερὰν
358 1414 407 1439 καὶ
427 1411 541 1448 στερεὰν
559 1412 640 1446 χεῖρα
662 1411 817 1445 δυναμένην
846 1411 911 1436 ὑπο-

121 1460 229 1492 λαὸεῖν,
258 1459 304 1486 τὸν
337 1458 532 1493 αὐτοκράτορα
567 1457 740 1492 προσέϐλεψε
768 1456 909 1490 Μανουήλ.

536 116 585 146 DE
603 114 745 145 ALEXIO
764 113 901 144 ISAACll
922 112 1063 141 ANUELl
1086 111 1144 141 Fit.
1164 112 1236 142 Llli.
1258 111 1314 141 lll.

843 168 909 195 αὐτὸ
925 173 944 198 _.\
962 168 1000 194 rei
1017 167 1121 194 bellica:
1135 168 1234 202 peritia
1251 167 1391 203 superior,
1402 168 1490 195 auctis
1507 176 1537 195 ea
1556 168 1671 197 victoria
1688 178 1748 205 opr-

1693 112 1747 145 902

961 215 1021 243 Irus.
1047 213 1152 240 Masuto
1178 214 1286 240 cedenti
1313 219 1341 240 et
1369 214 1519 241 amicitiam
1544 215 1685 247 oll‘ercnti,
1706 222 1748 243 to-

960 259 1078 293 parchim
1098 264 1176 293 parte
1199 260 1338 294 adempta,
1356 261 1459 295 reliqua
1480 267 1511 288 ut
1533 262 1612 296 priris
1628 263 1747 289 tenenda

959 306 1105 332 Concessit.
1134 304 1187 332 Sed
1205 306 1231 331 in
1254 305 1439 334 Caiuhosroen
1458 314 1555 341 magno
1574 315 1636 334 cum
1654 308 1747 335 Furore

960 351 1092 385 impetum
1108 351 1354 386 fecil,jamprirlcrn
1369 352 1560 387 6901conii,
1579 359 1608 380 ut
1627 356 1766 389 paternae'

960 397 1045 428 sedis,
1066 397 1191 432 potiundi
1205 398 1331 432 cupidus,
1355 403 1383 425 et
1408 399 1484 426 ilium
1512 404 1542 426 ut
1567 405 1654 428 matre
1670 400 1749 428 Chri-

960 445 1049 471 stiana
1065 443 1189 478 genitum
1205 443 1268 471 odio
1285 452 1466 479 prosequens.
1483 445 1536 472 Per
1550 446 1652 479 ]:'g:llt.5
1664 447 1748 482 igitur

959 492 1074 520 fratrem
1089 496 1183 519 mouet
1198 496 1228 518 ut
1245 491 1297 518 sibi
1314 491 1407 518 Iconio
1427 491 1508 519 cedat
1524 496 1551 518 ct
1566 497 1624 519 toto
1641 493 1747 527 princi-

960 547 1024 576 patu
1047 540 1176 572 excedat,
1198 541 1221 567 si
1237 544 1264 567 et
1282 540 1363 567 saluti
1377 547 1432 567 sua:
1449 545 1478 567 et
1500 540 1690 575 subjectarum
1707 541 1749 568 ci-

960 588 1076 615 vitatum
1097 587 1278 614 incolumitati
1295 586 1452 613 consultum
1467 586 1545 613 velit.
1568 587 1672 614 Tantus
1687 592 1749 615 erat

961 633 1058 665 fastus,
1075 638 1129 660 tam
1148 632 1277 660 immanis
1288 632 1448 667 arrogantia
1464 632 1591 664 Barbari,
1608 637 1636 660 et
1650 640 1749 667 super-

960 679 1053 707 cilium
1069 687 1149 714 supra
1169 679 1259 706 nubes
1280 682 1440 711 arrectum;
1464 677 1502 705 ita
1517 678 1629 705 exitiale
1656 686 1750 706 vene-

960 732 1025 750 num
1053 723 1107 750 late
1128 721 1346 749 diil‘undebatur.
1365 722 1455 755 Quare
1479 721 1660 750 Caicbosroes
1669 722 1750 751 factis

961 769 1207 804 iudueiis,patrem
1225 775 1305 795 suum
1323 767 1459 800 imitatus,
1472 767 1668 803 imperatorem
1682 768 1749 796 adit.

960 815 1027 842 Nam
1043 815 1066 842 is
1081 822 1191 850 quoque
1207 814 1312 841 mutuis
1330 813 1440 849 injuriis
1461 821 1524 840 cum
1543 814 1676 842 fratribus
1691 815 1751 843 suis

961 865 1070 888 certans
1091 865 1152 896 post
1166 861 1263 888 Masuti
1279 860 1365 896 patris
1379 860 1484 887 obitum
1498 860 1530 886 ad
1549 861 1746 895 imperatorem

961 906 1115 933 Manut-lem
1129 910 1158 933 ut
1169 914 1272 934 sacram
1284 913 1413 933 ancoram
1424 912 1449 933 et
1463 906 1582 934 salutare
1592 906 1750 941 praesidium

960 952 1092 987 confugit.
1125 952 1225 980 Verum
1252 952 1329 979 illum
1360 960 1424 987 spes
1447 960 1496 980 sua
1522 953 1592 980 adeo
1610 961 1666 980 non
1691 953 1752 981 fru-

960 1003 1046 1027 strata
1072 1003 1124 1030 estI
1152 1003 1182 1025 ut
1207 999 1290 1026 etiam
1315 1006 1363 1034 spe
1391 999 1525 1033 ampliora
1543 999 1628 1027 fuerit
1650 1007 1752 1029 conse-

960 1050 1041 1073 cutus
1055 1055 1062 1071 :
1078 1045 1262 1073 Caicbosroes
1286 1052 1353 1072 vero
1376 1053 1490 1080 parvam
1509 1045 1707 1080 benignitatem
1723 1050 1752 1074 et

961 1091 1227 1119 infinitoiutervallo
1247 1091 1456 1125 exspectatione
1480 1098 1530 1118 sua
1554 1091 1689 1119 minorem
1704 1099 1753 1119 ex-

961 1143 1067 1172 pertus,
1098 1145 1149 1164 nec
1177 1137 1333 1172 impetratis
1363 1143 1460 1165 contra
1488 1138 1602 1165 fratrem
1630 1138 1750 1172 auxiliis,

961 1186 1072 1210 domum
1094 1183 1185 1210 rediit.
1217 1183 1271 1211 Sed
1290 1183 1404 1211 vixdum
1434 1183 1560 1211 lc0nium
1580 1184 1722 1219 ingressus
1736 1192 1753 1213 ιι

961 1229 1111 1256 Rucratino
1136 1229 1321 1264 opprimitur;
1353 1234 1382 1257 et
1411 1229 1503 1264 patria
1528 1230 1626 1264 pulsus
1648 1229 1682 1256 ad
1699 1229 1754 1257 Le-

961 1275 1062 1302 bunem
1080 1275 1107 1302 in
1125 1275 1285 1302 Armeniam
1311 1276 1447 1311 confugit,
1473 1276 1518 1303 ubi
1544 1276 1702 1303 humaniter
1723 1279 1753 1304 et

961 1322 1103 1357 splendide
1124 1326 1168 1349 est
1190 1327 1344 1357 susceptus.
1372 1322 1452 1357 691
1483 1322 1541 1350 Etsi
1565 1322 1639 1350 enim
1666 1321 1752 1349 multa

961 1367 1034 1395 bella
1060 1368 1132 1394 inter
1157 1375 1186 1394 se
1213 1372 1366 1402 gesserant,
1391 1373 1483 1395 tamen
1505 1367 1596 1395 solent
1622 1367 1750 1394 homines

961 1421 1016 1440 non
1043 1417 1150 1440 tantum
1174 1418 1308 1448 cognatos
1332 1417 1360 1441 et
1376 1414 1523 1448 populares
1550 1413 1678 1445 aﬂlictos.
1701 1416 1751 1440 sed

962 1458 1057 1486 hostes
1070 1459 1154 1486 etiam
1172 1459 1314 1493 supplices
1333 1459 1598 1496 benignetractare.
1614 1459 1752 1486 Caeterum

121 1505 195 1532 Ἀλλ’
211 1506 317 1535 ἐκεῖνος
333 1503 383 1538 μὲν
398 1504 428 1529 οὐ
445 1503 564 1530 κατόπιν
581 1501 699 1537 ἐλήλυθε
715 1501 768 1529 τῶν
781 1502 908 1535 ἐλπίδων,

961 1512 1024 1531 eum
1038 1506 1063 1530 in
1084 1506 1218 1540 integrum
1233 1505 1379 1532 restituere
1387 1512 1502 1540 prorsus
1515 1504 1751 1538 noluitLebunes,

124 1550 227 1586 μᾶλλον
245 1550 295 1585 μὲν
312 1547 360 1576 οὖν
386 1549 434 1576 καὶ
453 1548 523 1583 ὑπὲρ
553 1547 666 1583 δόκησιν
691 1547 788 1582 ἁδραῖς
815 1547 910 1578 αὑταῖς

123 1594 288 1629 ἐντετύχηκε
299 1603 306 1610 ε
325 1593 499 1628 Καῖχησρόης
513 1592 541 1618 δὲ
570 1592 673 1628 βραχέα
699 1594 766 1620 ἄττα
782 1593 911 1627 φιλοφρο-

123 1640 217 1675 νηθεὶς
230 1641 277 1667 καὶ
287 1641 342 1667 τῶν
359 1641 388 1666 ὲν
413 1639 450 1674 νῷ
468 1639 522 1666 οὐδ’
545 1639 607 1666 ὅσον
630 1640 718 1665 εἰπεῖν
739 1639 909 1674 ἐνδεέστερα,

125 1687 195 1721 μήτε
209 1686 340 1721 σύναρσιν
357 1685 484 1721 εὑρηκὼς
513 1686 563 1721 τῆς
585 1685 655 1721 πρὸς
681 1685 726 1711 τὸν
745 1685 907 1719 κασίγνητον

121 1733 287 1765 ἁντιτάξεως
304 1732 500 1767 ὲπανέκαμψεν
515 1732 607 1759 οἶκαδε
618 1741 624 1747 ·
643 1731 688 1767 [Ρ.
705 1731 769 1768 537]
781 1732 839 1758 ἀλλ’
857 1732 907 1758 οὐκ

122 1779 192 1815 ἔφθη
210 1779 338 1814 καθαρῶς
359 1779 451 1805 εἰσιὼν
474 1779 504 1804 τὸ
528 1778 652 1810 Ἰκόνιον,
682 1778 729 1804 καὶ
751 1778 798 1804 τοῦ
830 1777 907 1804 Ῥου-

962 1550 1035 1584 quod
1056 1550 1108 1578 sibi
1125 1550 1217 1578 ftedus
1230 1557 1292 1578 cum
1308 1551 1460 1578 Rucratino
1486 1550 1660 1578 intercedere
1679 1549 1754 1577 aﬂir-

962 1597 1066 1629 mabat,
1084 1604 1136 1624 nec
1162 1598 1339 1625 incruentum
1367 1599 1427 1626 fore
1451 1598 1586 1626 auxilium
1610 1601 1752 1626 cerneret.
1779 1618 1781 1621 -

961 1643 1139 1677 Quaproptor
1168 1642 1352 1671 Caicbosroes
1379 1643 1472 1671 denuo
1499 1643 1533 1671 ad
1554 1644 1752 1679 imperatorem

963 1688 1032 1720 abit,
1058 1695 1106 1722 spe
1131 1687 1303 1722 principatus
1332 1689 1393 1723 ejus
1414 1696 1466 1723 ope
1486 1689 1672 1724 recuperandi
1688 1697 1752 1717 cou-

962 1739 1051 1768 ccpta.
1065 1733 1119 1761 Sed
1132 1733 1233 1760 iterum
1256 1733 1406 1762 frustratus
1430 1735 1502 1770 apud
1521 1734 1661 1762 Romanos
1681 1734 1751 1762 vixit

962 1779 1062 1805 minori
1076 1779 1223 1813 splendore
1237 1787 1319 1814 quam
1335 1787 1385 1814 pro
1399 1779 1543 1808 nobilitate
1558 1781 1677 1816 generis.

119 1827 250 1862 κρατίνου
264 1825 324 1852 κατ’
337 1824 420 1852 αὑτοῦ
439 1823 565 1856 ἐπιόντος
580 1824 633 1859 τῆς
647 1833 678 1850 τε
694 1824 782 1859 ἀρχῆς
807 1823 1020 1858 ἑκσφαιρίζεται
1049 1825 1097 1851 καὶ
1123 1825 1213 1860 φυγὰς
1246 1827 1286 1857 είς
1305 1825 1452 1861 Ἀρμενίαν
1475 1828 1550 1862 παρά
1576 1827 1699 1863 Λεϐούνῃ
1711 1829 1751 1861 γίο

119 1881 206 1899 νεται.
225 1872 266 1898 Τὰ
285 1872 308 1898 δ’
329 1872 376 1897 ἐπὶ
394 1870 503 1902 τούτοις
527 1869 578 1895 οὐκ
594 1870 702 1904 ἀμυδρὰ
725 1870 774 1904 μὲν
800 1869 837 1895 τὰ
866 1870 914 1903 τῆς
934 1870 993 1895 ἐκεῖ
1007 1870 1165 1906 παραδοχῆς
1197 1870 1244 1897 τοῦ
1257 1870 1418 1905 ἀνθρώπου,
1439 1871 1574 1906 ἐπαγωγὰ
1601 1872 1631 1898 δὲ
1649 1873 1750 1907 μᾶλλον

119 1918 168 1944 καὶ
180 1918 269 1949 ἄλλως
284 1917 426 1953 χαρίεντα,
453 1919 478 1944 εί
493 1917 539 1943 καὶ
562 1915 662 1949 ξυνέϐη
683 1915 754 1948 σφᾶς
776 1914 906 1945 πολλάκις
925 1915 986 1941 κατ’
1020 1916 1143 1952 ἀλλήλων
1165 1916 1318 1951 ἐξενεγκεῖν
1336 1917 1466 1953 πόλεμον,
1485 1919 1557 1959 ⁸ἐπεὶ
1578 1919 1627 1946 καὶ
1654 1918 1750 1952 φιλοῦ-

119 1973 165 1993 σιν
180 1964 321 2000 άνθρωποι
338 1963 375 2000 μὴ
391 1963 471 1999 μόνον
493 1962 525 1989 τὸ
545 1961 676 1996 συγγενὲς
699 1960 746 1987 καὶ
769 1960 904 1995 ὁμόφυλον
926 1960 1028 1996 πάσχον
1059 1961 1164 1994 κακῶς,
1193 1961 1262 1988 ἀλλά
1291 1971 1348 1994 πως
1379 1963 1426 1989 καὶ¹
1449 1962 1480 1988 τὺ
1505 1963 1692 1998 ἀλλόγλωττον
1718 1963 1750 1990 οὐ

122 2011 207 2047 φανὲν
220 2010 351 2041 πολλάκις
366 2009 498 2044 πολέμιον
524 2007 637 2043 προσιὸν
652 2007 699 2033 καὶ
718 2007 889 2040 προσπῖπτον
906 2006 1112 2042 φιλανθρωπίας
1127 2007 1289 2039 καταξιοῦν·
1322 2009 1358 2034 rit
1387 2008 1416 2034 δέ
1441 2016 1473 2042 γε
1496 2010 1545 2044 τῆς
1566 2009 1674 2045 ἀμύνης
1703 2011 1751 2039 καὶ

120 2060 172 2095 τῆς
185 2057 351 2092 καταγωγῆς
371 2058 399 2088 ὲς
413 2056 462 2091 τὴν
476 2056 616 2091 προτέραν
629 2053 780 2090 ἠγεμονίαν
809 2052 964 2088 ὁλοσχερῶς
992 2055 1007 2080 ὁ
1035 2053 1174 2090 Λεδούνης
1206 2054 1353 2087 ἀπείπατο,
1376 2054 1560 2090 Ῥουκρατίνῳ
1586 2055 1751 2084 σπείσασθαι

121 2105 246 2139 φάσκων,
265 2104 313 2130 καὶ
329 2102 397 2138 μηδὲ
420 2103 471 2136 τὴν
498 2102 629 2136 σύναρσιν
655 2100 728 2136 ἔχειν
754 2099 820 2135 ὀρᾷν
843 2099 1024 2134 ἀναίμακτον.
1055 2100 1105 2126 Διὰ
1135 2100 1223 2128 ταῦτα
1254 2102 1344 2127 τοίνυν
1369 2102 1398 2132 ἐς
1428 2101 1542 2136 βασιλέα
1575 2104 1748 2140 Καῖχοσριης

122 2150 338 2186 μετακεχὼρηκε
366 2148 458 2181 πάλιν,
488 2146 673 2182 συλλήψεσοαί
704 2146 728 2172 oi
758 2146 827 2179 πρὸς
854 2145 903 2180 τὴν
938 2145 1090 2180 ἀνάρρυσιν
1123 2146 1172 2180 τῆς
1202 2146 1291 2181 ἀρχῆς
1329 2147 1506 2181 ὁπωσδήποτε
1534 2149 1749 2184 φανταζόμενος.

120 2198 182 2224 Τῶν
199 2197 228 2223 δὲ
249 2197 319 2223 κατὰ
345 2195 445 2222 σκοπὸν
463 2192 542 2226 αὖθις
566 2192 727 2229 διαμαρτὼν
750 2192 898 2228 Ῥωμαίοις
916 2191 1010 2227 συνῆν,
1044 2192 1082 2228 μὴ
1101 2192 1171 2219 πάνυ
1206 2192 1420 2228 μεταλαγχάνων
1446 2195 1594 2229 θεραπείας
1611 2197 1650 2231 τῷ
1674 2197 1749 2231 γένει

122 2243 291 2274 ἐπεοικυίας,

158 2290 189 2317 ε’.
225 2289 270 2325 Τῷ
297 2288 320 2315 δ’
344 2287 442 2322 ἑφεξῆς
469 2287 524 2314 ἔτει
554 2287 624 2322 μετᾶ
655 2286 791 2320 Κομάνων
825 2285 907 2312 πάλιν

997 2285 1024 2311 5.
1046 2283 1179 2319 Sequenti
1193 2290 1267 2311 anno
1284 2283 1377 2311 Blachi
1395 2291 1458 2311 cum
1476 2283 1607 2313 Conianis
1631 2285 1751 2321 impres-

123 2337 280 2369 ἐπεξιόντες
295 2335 320 2361 οί
337 2334 448 2369 Βλάχοι,
466 2333 515 2359 καὶ
539 2333 574 2359 τὰ
588 2333 724 2367 κράτιστα
748 2331 799 2366 τῆς
814 2330 910 2366 χώρας

122 2384 276 2418 κείραντες,
291 2382 394 2412 ἀσινεῖς
410 2379 594 2406 ἐπανέλυσαν.
609 2378 688 2414 Τάχα
700 2378 722 2405 δ’
738 2377 772 2404 ἂν
791 2378 839 2404 καὶ
850 2378 910 2408 ταῖς

123 2429 268 2466 χερσαίαις
284 2427 384 2458 πύλαις
403 2426 453 2461 τῆς
476 2425 611 2460 βασιλίδος
639 2426 846 2459 προσήγγισαν,
867 2423 910 2449 ἐπ’

121 2476 209 2511 αὐτὴν
227 2474 412 2509 τραπόμενοι,
441 2472 467 2498 εί
491 2471 529 2507 μὴ
548 2471 578 2497 τδ
598 2470 862 2506 χριστιανικώτατον
885 2469 910 2495 oi

130 2521 199 2553 Ῥὼς
215 2521 293 2554 γένος
308 2519 357 2546 καὶ
368 2519 394 2545 oi.
410 2517 514 2544 τούτων
538 2517 663 2552 ἁρχικῶς
681 2515 908 2551 προεδρεύοντες,

124 2568 206 2596 τοῦτο
219 2568 270 2603 μὲν
283 2568 344 2593 κατ’
362 2566 525 2601 αὐθαίρετον
539 2565 629 2600 ὁρμὴν
644 2563 813 2598 κινηθέντες,
828 2562 909 2589 τοῦτο

121 2616 150 2642 δὲ
166 2617 227 2646 ταῖς
242 2614 289 2641 τοῦ
305 2613 502 2649 ἀρχιποίμενος
515 2611 606 2638 αὐτῶν
622 2611 710 2641 λιταῖς
733 2608 906 2641 ὑπενδόντες,

123 2661 291 2694 ἀξιάγαστον
305 2656 362 2685 οἷον
379 2657 410 2685 τδ
437 2652 578 2692 πρόθυμον
606 2656 652 2683 ἐπὶ
679 2656 735 2686 τοῖς
764 2654 908 2687 Ῥωμαίων

123 2706 298 2738 ἐπεδείξαντο
325 2705 485 2739 πράγμασι,
508 2703 556 2729 καὶ
578 2702 622 2728 διὰ
649 2701 695 2728 τὸν
714 2701 760 2727 τοῦ
786 2701 904 2736 Χριστοῦ

122 2753 188 2779 λαὸν
202 2753 249 2777 τὸν
266 2751 359 2782 κακῶς
375 2750 429 2777 ὑπὸ
448 2749 499 2775 τῶν
521 2748 673 2783 Βαρϐάρων
689 2747 829 2782 πάσχοντα
846 2748 906 2778 ταῖς

125 2797 169 2825 τοῦ
184 2796 262 2828 ἔτους
277 2795 412 2827 πολλάκις
426 2795 592 2828 ἅπαγωγαίς
607 2796 654 2820 καὶ
668 2795 730 2825 ταῖς
754 2793 904 2820 ἁποὸόσεσι

121 2842 226 2870 τούτων
240 2843 282 2875 είς
297 2842 362 2877 ἔθνη
376 2842 410 2870 τὰ
427 2840 466 2877 μὴ
482 2839 662 2876 χριστώνυμα
677 2839 906 2874 δυσχεράναντες.

960 2330 1040 2358 sione
1069 2331 1097 2357 in
1125 2329 1272 2357 Thraciam
1297 2329 1378 2362 facta,
1407 2333 1436 2358 et
1462 2331 1575 2365 optimis
1593 2332 1750 2367 quibusque

960 2377 1109 2411 provinciae
1123 2376 1246 2410 partibus
1253 2376 1375 2408 vastatis,
1385 2376 1539 2404 incolumes
1551 2383 1727 2415 recesserun}
1739 2387 1746 2410 ;

960 2431 992 2450 ac
1030 2422 1147 2450 forsilan
1180 2422 1214 2449 ad
1255 2426 1414 2450 terrestrem
1447 2423 1633 2457 imperalricis
1668 2424 1750 2451 urbis

960 2475 1068 2505 portam
1090 2469 1284 2502 accessissent,
1314 2469 1368 2496 nisi
1397 2469 1479 2496 Rossi
1510 2468 1750 2497 Cliristianissima

959 2523 1026 2551 gens
1041 2523 1194 2550 eorumque
1209 2515 1360 2550 principes,
1378 2515 1480 2550 partim
1494 2523 1543 2542 sua
1560 2521 1668 2550 sponte,
1684 2524 1748 2550 par-

964 2563 1011 2588 tim
1018 2561 1157 2596 pontiﬁcis
1168 2561 1296 2596 precibus
1303 2562 1425 2594 adducti,
1434 2561 1591 2588 admirabili
1601 2561 1693 2589 studio
1701 2570 1751 2596 pro

962 2607 1094 2634 Romanis
1110 2612 1327 2642 oppugnassent,
1341 2607 1493 2634 Christiani
1510 2607 1604 2642 populi
1626 2607 1748 2640 miserti,

961 2653 1008 2687 qui
1022 2661 1037 2680 ιι
1055 2652 1185 2680 Barbarie
1202 2653 1273 2680 male
1291 2654 1474 2685 tractabatur,
1489 2657 1518 2679 et
1536 2653 1670 2687 indignati
1685 2661 1750 2681 eum

960 2700 1060 2735 saepius
1075 2701 1172 2728 eodem
1185 2709 1257 2728 anno
1269 2701 1367 2728 abduci
1381 2705 1409 2728 et
1423 2700 1552 2736 gentibus
1567 2709 1581 2727 ιι
1593 2701 1751 2729 Christiana

959 2748 1092 2783 religione
1118 2748 1217 2776 alienis
1242 2748 1407 2775 renundari.
1438 2748 1518 2775 Unde
1543 2748 1643 2775 Calizae
1667 2748 1749 2784 693

959 2794 1089 2829 princeps
1104 2794 1255 2827 Romanus,
1272 2801 1371 2827 magno
1386 2798 1414 2821 et
1434 2793 1498 2821 forti
1518 2794 1640 2822 exercitu
1657 2795 1750 2822 subito

961 2847 1068 2874 coacto,
1086 2840 1113 2867 in
1128 2839 1314 2869 Cumanorum
1329 2848 1425 2875 agrum
1440 2840 1550 2876 irrupit,
1568 2846 1595 2868 ct
1610 2841 1670 2869 sine
1693 2841 1749 2868 ullo
