1945 3074
95 155 152 187 θῦθ

507 151 556 186 DE
577 155 718 185 ALEXIO
742 154 883 185 ISAACII
904 155 1047 186 ANGELI
1068 154 1127 185 ΒΗ.
1151 154 1223 184 LIB.
1244 154 1304 184 IlI.

1656 149 1710 183 910

95 211 135 245 τῷ
150 210 178 237 δὲ
194 210 250 237 ὃντι
267 210 324 242 ταῖς
343 212 371 242 ἐς
387 209 463 237 πόλιν
486 211 535 246 τὴν
557 212 689 247 Ἃμινσον
710 211 879 238 καταπλεού-

931 212 1110 246 appellerent,
1142 211 1280 246 spoliaret.
1307 210 1342 242 Is,
1372 213 1402 236 ut
1429 209 1504 244 iussa
1538 208 1712 243 imperatoris

97 265 157 287 σαις
176 255 218 292 [Ρ.
235 255 296 291 3H]
310 255 420 283 ὁλκάσιν
436 257 633 292 ἐπιθησόμενον
656 257 703 284 καὶ
718 257 822 284 τούτων
848 257 881 284 τὶ

96 302 226 336 ἀγώγιμα
242 303 512 337 προνομεύσοντα.’0
525 304 552 330 δὲ
568 305 628 330 κατ’
641 305 779 338 ἐπίταγμα
792 304 823 330 τὸ
835 303 882 338 βα-

97 347 201 373 σιλικὶν
215 348 244 378 ἐς
253 348 298 374 τὸν
315 347 440 381 Εῠξεινον
458 349 629 380 ἀναπλεύσας
644 350 776 384 οὐδεμιᾶς
791 349 881 382 ιιρείδε⁸

96 400 140 418 ται
156 392 229 427 νηὸς,
245 393 312 419 ἀλλὰ
326 395 415 425 πάσας
429 394 590 426 σκυλεύσας,
608 395 668 421 ὅσαι
683 403 712 421 τε
728 396 756 426 ἐς
777 394 881 426 Βυζάν-

96 447 153 464 τιον
181 440 398 474 ἐμπομυμάτων
428 440 541 475 πλήρεις
565 442 726 476 κατήγοντο,
754 442 801 468 καὶ
820 442 881 467 ὅσαι

97 482 176 515 αὖθις
199 485 330 519 ἀνήγοντο
357 485 548 520 ἀποδιδόμεναι
575 486 608 513 τὰ
625 486 730 512 ἑαυτῶν
760 487 807 513 καὶ
823 486 881 512 ἀλλ’

97 530 165 556 ἄττα
182 530 335 564 ἐνθέμεναι,
356 531 425 564 μετὰ
452 530 498 556 δύο
523 531 610 566 μῆνας
624 530 789 566 ὑπέστρεψε,
806 530 881 561 τινὰς

96 575 151 601 τῶν
164 576 293 610 ἐμπόρων
321 576 444 612 μαχαίρᾳ
470 576 635 608 ἐκδικάσας
664 577 710 603 καὶ
739 577 777 612 τῷ
806 575 901 611 βυθῷ,

97 621 300 655 παραπέμψας,
317 618 353 648 ὧν
370 622 403 647 τὰ
419 622 548 657 χρήματα
566 622 645 653 abte;
669 622 805 654 ῑδιώσατο,
818 623 882 654 τοὺς

97 668 120 693 δ’
135 667 229 699 ἄλλους
244 667 346 703 ὑπέρου
372 670 487 703 γυμνοτέ
493 677 555 703 ρους
580 668 825 703 ἀποπεμψάμενος.
850 669 881 696 Οί

96 713 126 740 δὲ
139 714 188 749 τὴν
199 714 275 740 πόλιν
287 715 415 746 εἰσιόντες
431 714 558 746 πολλάκις
585 715 635 749 μὲν
653 715 796 742 ἱκέτευσαν
812 715 882 750 ὑπὲρ

97 756 136 785 ὦν
151 760 225 794 παρὰ
242 759 320 794 δίκην
334 758 511 792 πεπόνθασιν,
528 760 649 795 ἀρχείοις
668 760 825 795 προσιόντες
835 760 882 786 καὶ

99 804 181 835 Θείοις
197 805 265 840 μετὰ
281 807 376 840 φώτων
386 806 513 841 τεμένεσι
530 806 762 841 παραϐάλλοντες,
779 806 829 832 οὐκ
844 803 883 832 εῖ-

97 859 145 886 χον
163 850 192 877 δὲ
206 851 251 877 τὴν
265 850 377 886 βασιλέα
393 852 459 888 πρὸς
468 850 555 879 οἶκτον
572 853 720 887 ἐπιῤῥεπῆ,
729 851 779 883 τὰς
791 851 882 879 αὐτῶν

931 261 1136 292 exsequeretur.
1155 257 1222 284 nulli
1241 256 1302 284 navi
1322 256 1410 292 parcit
1425 265 1431 283 :
1448 255 1495 282 sed
1513 255 1636 290 spoiiatis
1652 262 1712 281 om—

931 303 1013 330 nibus
1032 310 1092 338 quze
1106 307 1134 329 et
1147 302 1307 337 Byzantium
1325 302 1411 336 plenae
1427 300 1568 328 mercibus
1585 299 1671 331 ibant,
1685 305 1713 326 et

931 347 988 375 suis
996 348 1078 374 rubus
1087 347 1206 375 venditis
1214 350 1242 374 et
1251 347 1312 374 aliis
1321 346 1455 381 impositis
1466 345 1529 373 inde
1539 345 1712 375 recedebant.

931 397 993 428 post
1008 393 1139 420 bimestre
1161 393 1188 419 in
1214 393 1308 419 urbem
1333 392 1424 422 rediit,
1441 391 1604 425 quibusdam
1630 397 1713 424 nego-

933 439 1079 466 tiatoribus
1094 438 1192 466 occisis
1206 443 1234 465 et
1247 439 1273 464 in
1288 438 1354 464 mari
1373 437 1516 467 demersis.
1535 444 1651 471 quorum
1667 444 1714 470 pe-

931 485 1040 512 cuniam
1054 484 1105 511 sibi
1123 484 1289 515 rendieavit,
1305 487 1420 510 caeteros
1434 482 1568 509 Leberide
1584 483 1714 508 nudiores

931 530 1047 557 dimisit.
1059 529 1078 556 li
1090 529 1187 556 urbem
1198 532 1225 556 et
1239 529 1367 563 palatium
1384 528 1495 563 ingressi
1511 535 1581 561 serpe
1595 535 1658 554 suas
1671 527 1714 553 iu-

930 577 1018 612 jurias
1046 575 1191 610 conquesti
1207 579 1283 606 sunt,
1307 579 1334 602 et
1356 582 1417 602 eum
1445 573 1594 601 luminibus
1622 581 1714 600 sacras

931 622 1004 650 mdes
1036 622 1117 657 700
1139 621 1359 656 frequentarunt.
1388 619 1440 647 Sed
1467 619 1579 645 nihilab
1598 618 1700 652 impera

933 672 990 695 tore
1009 667 1201 702 impetrarunt,
1220 665 1267 700 qui
1289 665 1369 692 bonis
1390 664 1442 691 illis
1456 665 1510 699 jam
1533 664 1651 691 venditis
1667 672 1715 698 pc-

931 712 1040 740 cuniam
1051 713 1077 739 iu
1089 713 1183 739 iiscum
1198 711 1349 746 redegerat.
1365 710 1454 744 Quare
1468 709 1623 737 lconienses
1633 717 1716 743 nego-

933 759 1046 786 tiatores
1068 757 1250 785 Rucratiuum
1274 757 1389 787 adeunt,
1411 756 1458 790 qui
1481 763 1530 790 per
1543 755 1647 790 legatos
1671 762 1715 782 res

932 811 1027 832 eorum
1039 803 1245 838 abimperatore
1259 802 1412 837 repetebat,
1429 801 1503 836 pacis
1519 808 1629 836 quoque
1639 806 1714 828 men-

934 849 1007 878 tione
1018 849 1099 877 facta.
1112 849 1264 884 Imperator
1279 856 1345 876 vero
1358 847 1558 882 Francopulum
1580 847 1716 875 defecisse

98 897 234 933 ἐμπορίας
255 898 383 930 καθάπαξ
405 897 635 933 ἐξαργυρώσαντα
661 898 708 924 καὶ
737 897 776 932 τῷ
800 896 882 924 αὐτοῦ

933 900 1061 922 causatus
1086 893 1189 922 nefaria
1206 894 1279 922 illius
1303 893 1427 921 facinora
1451 900 1466 919 a
1487 900 1516 920 se
1541 892 1712 924 removebat.

97 944 214 978 ταμιείῳ
228 943 455 978 ὲγκαταθέμενον.
469 944 500 970 οι
514 944 542 978 ἐξ
566 943 678 970 Ἰκονίου
692 943 782 969 τοίνυν
791 942 884 977 ὁρμώ-

100 997 175 1024 μενοι
193 989 308 1024 ἐμποροι
328 989 367 1024 τῷ
387 990 571 1025 Ῥουκρατίνῳ
587 988 728 1024 προσίασι,
745 989 792 1014 καὶ
807 988 879 1021 πέμ-

97 1035 151 1069 ψας
163 1031 242 1066 οὗτος
257 1036 284 1066 ἐς
306 1034 417 1069 βασιλέα
434 1034 467 1061 τὰ
486 1033 588 1060 τούτων
603 1032 703 1069 ἀπῄτει
733 1033 864 1067 χρήματα
874 1039 881 1047 ·

97 1078 131 1115 ἦν
146 1080 175 1107 δὲ
189 1081 235 1107 καὶ
245 1080 325 1114 λόγος
337 1080 398 1106 τότε
409 1080 474 1114 περὶ
490 1077 621 1106 σπονδῶν.
633 1077 764 1109 Βασιλεὺς
776 1077 804 1104 δὲ
818 1077 884 1103 ἁπιν-

98 1125 200 1159 στάτην
213 1124 352 1160 ὀνομάζων
367 1124 464 1151 ἑαυτοῦ
481 1124 526 1151 sitv
538 1123 760 1159 Φραγγόπουλον,
778 1122 829 1157 τῆς
840 1123 882 1149 οί-

98 1170 176 1200 κείας
191 1170 303 1205 γνώμης
322 1170 430 1204 ἀπῆγεν
445 1170 495 1196 ὅσα
505 1166 583 1200 οὗτος
597 1168 821 1203 ἁνοσιούργησεν,
838 1168 884 1194 ἐπὶ

97 1216 191 1249 ψεύδει
208 1216 257 1251 τὴν
285 1216 379 1243 ἐλπίδα
395 1215 537 1249 τιθέμενος
556 1215 604 1241 καὶ
621 1216 655 1250 τῇ
684 1214 813 1249 ἐναργείᾳ
828 1213 884 1241 τῶν

99 1262 269 1296 πραγμάτων
283 1261 510 1296 ἀντιμαχόμενος.
524 1259 703 1294 Τελεσθείσης
717 1260 745 1286 δὲ
754 1260 802 1294 τῆς
818 1259 885 1294 ἀγά-

98 1314 153 1340 πης
170 1308 184 1332 ὁ
202 1306 251 1339 μὲν
270 1305 461 1340 Ῥουκρατῖνος
486 1306 546 1340 μεθ’
563 1305 664 1341 ἐτέρων
682 1306 818 1341 αίτήσεως
833 1306 884 1340 φό-

99 1359 155 1387 ρων
169 1352 215 1378 καὶ
230 1352 298 1386 μνᾶς
312 1351 443 1387 ἀργυρίου
465 1351 641 1386 προσειλήφει
661 1353 830 1385 πεντήκοντα
844 1352 884 1383 εἰς

98 1397 224 1431 ἀπόδομα
247 1393 285 1423 ὧν
299 1397 324 1423 οἱ
340 1397 457 1432 ἔμποροι
473 1396 663 1432 ἀφῃρέθησαν,
681 1397 694 1422 ό
711 1396 739 1423 δὲ
756 1395 884 1431 βασιλεὺς

99 1443 223 1478 φωρᾶται
237 1442 296 1477 μεθ’
312 1443 417 1478 ἡμέρας
432 1443 465 1477 τῇ
492 1442 597 1468 ἐκείνου
613 1441 796 1468 ἐπιϐουλεύων
813 1442 882 1477 ζωῇ.

99 1488 251 1521 Μεγίσταις
263 1488 316 1523 γὰρ
333 1488 495 1522 ὑποσχέσεσι
507 1486 635 1514 Χασίσιόν
650 1495 710 1513 τινα
725 1487 883 1522 ἐλαφρίσας,

98 1534 146 1561 καὶ
158 1533 246 1568 τούτῳ
258 1533 382 1569 ἀμαθῶς,
395 1533 433 1565 ὡς
446 1533 475 1564 ἐς
492 1533 583 1567 φιλίαν
595 1532 779 1569 ἀστάθμητος,
793 1534 882 1568 ἐγχει-

98 1579 178 1614 ρίσας
201 1579 376 1615 γραμμάτιον
404 1578 632 1614 ἐρυθρόγραφον,
664 1579 803 1613 ἐκπέμπει
834 1578 882 1605 τὸν

103 1628 294 1663 Ῥουκρατῗνον
321 1628 515 1663 ἀναιρήσοντα.
546 1626 751 1662 Συλληφθέντος
778 1625 807 1652 δὲ
834 1625 881 1652 τοῦ

97 1674 229 1700 Χασισῑου
240 1673 287 1699 καὶ
305 1673 334 1700 τὸ
351 1672 469 1707 γράμμα
487 1674 533 1698 καὶ
549 1672 580 1698 τὸ
594 1672 686 1707 δρᾶμα
702 1672 881 1706 ἐκφήναντος,

97 1718 293 1753 παρεόάθησαν
309 1717 358 1753 μὲν
366 1718 395 1745 αι
415 1718 537 1749 σπονδαὶ,
551 1717 648 1744 πολλαί¹
660 1717 682 1743 δ’
695 1718 726 1742 ἐκ
736 1717 790 1743 τῶν
801 1715 883 1751 Τούρ-

98 1773 152 1790 κων
168 1765 313 1800 ἐπιδρομαὶ
325 1764 369 1791 διὰ
383 1765 432 1800 τὴν
458 1763 587 1799 τοιαύτην
602 1763 693 1790 αἰτίαν
720 1764 780 1793 ταῖς
799 1763 881 1798 ἐῲαις

97 1809 272 1843 ἐπανέφυσαν
288 1810 392 1835 πόλεσι.
422 1809 477 1835 Καὶ
491 1809 600 1844 Μιχαὴλ
612 1808 641 1835 δέ
664 1817 706 1840 τις
730 1809 762 1834 ἐκ
774 1808 880 1839 νοθείας

98 1855 155 1886 υἱὸς
178 1855 302 1881 Ἰωάννου
321 1854 368 1882 τοῦ
395 1855 658 1890 σεῦαστοκράτορος,
681 1855 730 1889 τῆς
746 1854 881 1889 ἐπαρχίας

97 1900 244 1936 liuidae-11g
260 1901 405 1936 φορολόγος
419 1900 591 1932 ἀποπταλεὶς,
608 1901 668 1931 νέος
680 1901 718 1927 ὢν
733 1900 781 1927 καὶ
796 1901 881 1927 αὐθά-

96 1947 145 1981 δης
161 1947 207 1973 τοῦ
231 1947 363 1982 βασιλέως
393 1947 553 1981 ἀφίσταται.
574 1946 688 1982 Πολέμῳ
704 1946 733 1973 δὲ
757 1946 882 1982 ἡττηθεὶς

98 1993 144 2018 καὶ
162 1991 254 2025 φυγὼν
284 1992 323 2027 τῷ
349 1992 534 2027 Ῥουκρατίνῳ
569 1991 748 2027 προσρύεται,
777 1991 827 2018 καὶ
844 1991 883 2026 τῷ

97 2037 144 2063 τοῦ
161 2038 290 2072 βασιλέως
309 2039 383 2074 μίσει
396 2038 571 2074 προσδεχθεὶς
582 2038 783 2072 ἀσμενέστατα,
801 2046 885 2073 στρα-

97 2085 174 2110 τείαν
187 2085 215 2117 ἐξ
230 2084 334 2110 ἐκείνου
349 2084 505 2119 δεχόμενος,
525 2085 575 2116 τὰς
588 2084 777 2120 Μαιανδρικὰς
795 2084 884 2116 πόλεις

896 1557 918 1588 C

934 947 982 975 spe
999 940 1027 967 in
1051 940 1194 967 mendacio
1211 940 1344 967 collocata
1361 944 1388 967 et
1409 946 1501 966 rerum
1527 940 1642 966 veritate
1658 938 1716 966 dis-

934 986 1072 1013 simulata.
1087 986 1156 1013 Pace
1176 986 1247 1013 facta
1264 986 1429 1014 ﬂucratinus
1442 989 1541 1021 praeter
1560 986 1642 1012 annui
1664 985 1716 1013 tri-

934 1031 994 1059 buti
1011 1032 1164 1066 pactionem
1190 1031 1272 1059 etiam
1289 1031 1487 1066 quinquaginta
1505 1030 1592 1057 minas
1606 1030 1713 1065 argenti

933 1078 1050 1114 accepit,
1078 1086 1146 1113 quas
1171 1079 1296 1112 spoliatis
1321 1078 1520 1105 mercatoribus
1541 1077 1713 1104 restitueret.

935 1124 1083 1159 Imperator
1109 1131 1175 1151 vero
1196 1129 1257 1158 post
1273 1124 1332 1152 dies
1361 1125 1465 1158 aliquot
1491 1124 1631 1151 Rueratini
1656 1124 1717 1150 vite

934 1170 1057 1206 insidiari
1066 1170 1253 1205 deprehensus
1262 1175 1314 1198 est.
1325 1170 1392 1197 Nam
1408 1170 1561 1197 Chasnsium
1571 1170 1714 1204 quemdam

934 1216 1060 1244 maximis
1075 1216 1321 1251 pollicitationibus
1339 1215 1484 1251 impulsutn
1500 1215 1567 1243 levis
1588 1215 1715 1242 amicitia:

935 1262 1024 1289 cultor
1042 1269 1104 1288 eum
1130 1262 1277 1288 rubricatis
1299 1261 1398 1288 litteris
1419 1261 1453 1288 ad
1481 1269 1543 1288 eum
1564 1261 1714 1288 tollendum

934 1308 1049 1343 ablegat.
1065 1307 1165 1335 Verum
1182 1312 1262 1342 capto
1273 1307 1408 1339 Chasisio,
1421 1307 1520 1334 litteris
1536 1306 1716 1341 deprehensis

935 1358 962 1380 et
974 1353 1048 1380 omni
1062 1353 1152 1380 fabula
1169 1353 1314 1387 explicata.
1326 1357 1435 1387 ruptum
1447 1357 1489 1379 est
1507 1352 1612 1383 foedus;
1627 1359 1715 1386 eaque

934 1398 968 1425 de
983 1406 1064 1426 causa
1082 1399 1178 1425 Turcaa
1209 1399 1309 1425 multas
1333 1398 1479 1425 orientales
1502 1398 1584 1425 urbes
1605 1397 1721 1424 infesta-‘

934 1449 1008 1472 runt.
1020 1444 1059 1472 Ad
1076 1445 1134 1472 haec
1149 1445 1263 1472 Michael
1278 1444 1400 1479 quidam,
1415 1444 1527 1471 Joannis
1541 1444 1714 1471 sebastoera-

936 1490 1003 1517 toris
1020 1490 1120 1517 nothus
1147 1490 1229 1522 filius,
1262 1491 1295 1516 ad
1320 1489 1452 1524 exigenda
1476 1489 1632 1524 Mylassenw
1654 1496 1716 1523 pro-

935 1536 1032 1563 vinciat
1061 1536 1164 1563 tributa
1185 1536 1294 1567 missus,
1315 1536 1398 1562 homo
1415 1536 1574 1563 adolescens
1597 1541 1625 1563 et
1648 1544 1716 1563 cun-

936 1585 1041 1614 tumax,
1059 1581 1152 1608 deﬁcit
1168 1590 1175 1608 :
1191 1580 1268 1616 701
1287 1581 1334 1608 sed
1350 1582 1444 1616 [ιι-ωηο
1458 1581 1548 1608 victus
1565 1586 1592 1608 et
1610 1582 1685 1617 fugat
1706 1591 1718 1609 ξι

934 1627 968 1654 ad
984 1627 1163 1654 Rucratinum
1181 1634 1210 1654 se
1230 1627 1347 1653 confert.
1364 1627 1386 1653 A
1399 1634 1452 1662 quo
1466 1627 1641 1661 imperatoris
1656 1627 1718 1654 odm

934 1673 1112 1708 cupidissime
1126 1678 1281 1708 susceptus,
1295 1678 1461 1708 acceptoque
1475 1674 1610 1704 exercitu,
1621 1673 1712 1700 lllzean-

935 1719 1024 1747 dricas
1047 1720 1130 1747 urbes
1152 1721 1237 1748 variis
1255 1720 1349 1755 amigit
1374 1720 1474 1751 modis.
1503 1720 1627 1747 Barbaris
1650 1721 1717 1754 ipsis

934 1765 1082 1793 crudelior.
1104 1766 1207 1799 Quodsi
1227 1767 1280 1793 ulla
1303 1766 1462 1801 gravissima
1481 1774 1564 1793 causa
1580 1765 1642 1799 fuit,
1667 1773 1718 1794 cu.‘

933 1811 1086 1838 Romanum
1117 1811 1260 1846 imperium
1289 1811 1486 1839 labefactatum
1517 1812 1601 1839 urbes
1633 1816 1717 1846 atque

933 1857 1087 1891 provincias
1103 1857 1226 1884 amiserit
1251 1861 1279 1884 et
1307 1857 1395 1891 ipsum
1423 1856 1541 1891 denique
1569 1857 1714 1886 corruerit.

933 1899 1077 1928 Comnenii
1104 1899 1180 1936 regni
1205 1901 1357 1936 cupiditate
1383 1901 1417 1928 ad
1444 1902 1537 1929 hostes
1563 1901 1715 1929 deiicienda

934 1954 995 1973 eam
1011 1946 1232 1982 suppeditarunt.
1255 1947 1323 1974 Nam
1341 1954 1402 1974 cum
1420 1946 1453 1974 ad
1472 1952 1566 1981 gentes
1584 1946 1717 1974 Romanis

935 1991 1060 2019 inimicas
1098 1992 1297 2028 confugerent,
1326 1992 1422 2027 patria:
1455 1992 1592 2026 pernicies
1619 1996 1716 2022 erant.

934 2047 1090 2074 quanquam
1119 2039 1191 2074 apud
1219 2047 1269 2067 nos
1293 2039 1376 2067 rebus
1398 2039 1525 2074 gerendis
1552 2043 1580 2066 et
1602 2039 1717 2066 admini-

935 2085 1049 2112 strando
1067 2084 1184 2119 imperio
1197 2085 1360 2119 ineptissimi
1378 2089 1406 2111 et
1422 2083 1601 2111 stolidissimi.

97 2133 275 2166 πολυτρόπως
286 2132 398 2165 ἐσίνετο,
422 2132 522 2167 χείρων
534 2133 589 2159 τῶν
602 2132 758 2166 ἀλλοφύλων
783 2133 832 2159 καὶ
863 2133 1038 2167 νηλεέστερος
1071 2132 1234 2167 ἀνδροφόνος
1248 2133 1433 2163 δεικνύμενος.
1463 2132 1496 2158 El
1507 2140 1532 2157 τι
1549 2131 1614 2165 γοῦν
1624 2131 1717 2157 αἰτιώ-

96 2183 178 2201 τατον
189 2176 236 2202 τοῦ
251 2176 299 2211 τὴν
321 2175 464 2210 Ῥωμαίων
481 2177 569 2212 ἀρχὴν
585 2178 613 2208 ἐς
629 2177 692 2211 γόνυ
712 2178 878 2203 καταπεσεῖν
898 2177 946 2203 καὶ
973 2177 1070 2211 χωρῶν
1103 2177 1150 2203 καὶ
1169 2177 1273 2203 πόλεων
1291 2176 1433 2212 χειρώσεις
1450 2177 1555 2208 παθεῖν,
1571 2176 1674 2202 ὕστατα
1688 2172 1716 2201 ἰδ

97 2224 145 2250 καὶ
161 2224 246 2258 αὐτὴν
261 2224 469 2256 ἐξαπολωλέναι,
485 2224 564 2250 τοῦτο
590 2224 615 2250 οἱ
638 2225 670 2250 ὲκ
702 2224 852 2259 Κομνηνῶν
883 2225 1027 2258 γεγόνασιν
1048 2224 1228 2258 ἀφιστάμενοι
1257 2224 1304 2250 καὶ
1330 2223 1533 2258 βασιλειῶντῖς.
1573 2223 1650 2258 Παρὰ
1664 2223 1717 2257 γὰρ

95 2269 184 2295 ἔθνεσι
202 2269 382 2301 καταλύοντες
402 2271 439 2304 μὴ
452 2269 527 2304 φίλια
549 2268 696 2303 Ῥωμαίοις
721 2268 812 2295 νοοῦσι
844 2268 895 2302 τῆς
914 2268 1044 2303 πατρίδος
1077 2266 1147 2303 ἦσαν
1170 2267 1318 2300 πανώλεια,
1350 2268 1452 2301 καίπερ
1470 2269 1500 2294 ἐν
1519 2268 1557 2302 τῷ
1575 2268 1719 2302 παρ’ἡμῖν

97 2315 189 2350 μένειν
205 2307 364 2350 πράγμασιν
383 2316 553 2350 ἐγχειρήσειν
569 2315 640 2341 ἑλεῖν
659 2322 688 2340 τε
725 2315 774 2341 καὶ
810 2315 960 2350 κρατήσειν
994 2314 1241 2349 ἀνεπιτηδειότατοι
1271 2313 1347 2346 ὀντες
1357 2315 1404 2341 καὶ
1424 2315 1532 2341 πάντων
1549 2315 1716 2349 ἀχρειότατοι

96 2363 144 2388 καὶ
159 2362 323 2389 σκαιότατοι.

131 2410 181 2436 Διὰ
196 2410 225 2437 δὲ
237 2410 285 2446 τὴν
295 2410 343 2437 τοῦ
356 2410 467 2445 Μιχαὴλ
488 2409 645 2445 νεωτέρισιν
660 2410 724 2445 περὶ
744 2409 818 2444 μῆια
832 2409 878 2436 τὸν

969 2409 1103 2436 Caeterum
1116 2408 1229 2436 Alexius
1236 2408 1384 2436 Novembri
1395 2416 1487 2437 mense
1495 2413 1590 2436 contra
1601 2409 1704 2436 ltichae
1711 2425 1718 2430 -

95 2455 243 2491 φυλλοχόοι)
279 2456 377 2488 ἔξεισιν
390 2457 430 2488 εἰς
453 2455 490 2482 ἔω
515 2455 641 2488 Ἀλέξιος,
664 2455 842 2490 ὑποστρέφων
854 2455 877 2482 δ’

93 2501 199 2528 ἐκεῖθεν
215 2500 398 2536 παρενέϐαλεν
415 2502 456 2532 είς
470 2501 504 2528 τὰ
527 2501 624 2533 Πύθια,
640 2502 694 2532 τοῖς
707 2501 817 2535 θερμοῖς
830 2501 875 2527 ὲν-

92 2547 238 2582 νηξόμενος
249 2547 353 2574 ὖῖασιν.
372 2547 415 2579 Ὠς
427 2547 449 2573 δ’
461 2547 518 2578 ἃλις
530 2544 585 2581 εἶχε
599 2546 737 2581 λουτήρων
753 2549 799 2574 καὶ
810 2556 876 2582 κρα-

91 2594 193 2629 τήρων,
210 2595 259 2630 ἐρᾷ
271 2595 318 2620 καὶ
334 2594 501 2628 μακροτέρου
517 2593 558 2628 [Ρ.
577 2591 640 2629 542]
654 2593 733 2624 πλοός
743 2599 750 2608 ·
763 2592 875 2628 διημφι-

92 2640 211 2675 σϐήτουν
228 2640 283 2674 γὰρ
301 2639 374 2673 παρὰ
387 2639 453 2674 τῷδε
468 2639 506 2673 τῷ
529 2639 626 2666 ἄνακτι
649 2639 695 2665 καὶ
711 2638 764 2665 ἀνὰ
790 2640 873 2675 μερίς

91 2686 226 2720 ἐκράτουν
249 2686 276 2712 αι
293 2687 407 2719 ἐπίγειοι
424 2685 470 2712 καὶ
489 2684 588 2718 ἐνάλιοι
606 2684 726 2719 χάριτες,
743 2685 789 2711 καὶ
803 2685 873 2720 λαμ-

90 2733 165 2766 πράν
182 2731 322 2758 ὰνεδοῦντο
338 2732 385 2765 τὴν
400 2731 487 2766 νίκην.
504 2731 565 2766 Νῆα
575 2732 664 2757 τοίνυν
681 2729 773 2757 εἰσιὼν
791 2738 874 2765 στρα-

89 2778 189 2812 τηγίδα
207 2778 270 2804 εὐθὺ
294 2778 348 2804 τῶν
362 2778 488 2813 νησιδίων
513 2777 704 2808 διαπλωΐζεται
718 2776 736 2803 ἃ
757 2777 872 2811 ἄγχιστα

88 2825 139 2858 τῆς
170 2824 375 2850 Κωνσταντίνου
397 2823 608 2858 ἀμφιρρέονται,
634 2822 679 2848 τὸν
703 2822 871 2857 Ἀστακηνὲν

89 2869 191 2895 κὰλπον
209 2870 288 2902 ἀφεὶς
304 2869 463 2903 περιπλεῖν·
493 2867 621 2898 λαίλαπος
638 2868 660 2893 δ’
678 2867 870 2902 ἀνεγερθεισης

929 2455 982 2482 lem
1012 2455 1039 2481 in
1063 2454 1204 2481 Orientem
1227 2454 1370 2489 profectus
1393 2454 1421 2481 in
1443 2455 1532 2482 reditu
1560 2454 1594 2481 ad
1622 2454 1717 2490 Pythia

928 2507 1141 2529 castrametatus
1166 2507 1218 2534 est,
1243 2506 1272 2529 ut
1286 2502 1382 2529 calidis
1392 2503 1472 2538 aquis
1487 2503 1632 2530 innataret.
1656 2502 1718 2529 Bal-

926 2548 987 2575 neis
998 2552 1027 2575 et
1042 2547 1198 2574 crateribus
1210 2547 1324 2574 satiatus
1337 2548 1490 2583 longiorem
1515 2547 1715 2582 navigationem

925 2593 1103 2621 desideravit.
1120 2593 1187 2620 Nam
1205 2594 1230 2620 in
1246 2594 1306 2629 ejus
1320 2594 1411 2621 animo
1426 2593 1596 2621 terrestrium
1613 2598 1637 2619 et
1656 2600 1714 2619 ma-

924 2639 1046 2666 rinarum
1058 2639 1228 2674 voluptatum
1250 2640 1388 2673 cupiditas
1410 2647 1444 2667 ex
1459 2647 1537 2674 aequo
1561 2639 1716 2670 certabant,

923 2693 997 2712 nunc
1008 2685 1052 2713 bis
1079 2694 1153 2713 nunc
1177 2686 1230 2713 illis
1252 2686 1436 2713 vincentibus.
1450 2686 1606 2713 Consceusa
1633 2685 1713 2721 702

922 2731 1071 2765 igiturnavi
1081 2731 1341 2767 imperatorias-ecta
1349 2731 1382 2759 ad
1393 2739 1489 2766 parvas
1498 2731 1602 2770 insulas
1612 2732 1715 2766 passim

918 2777 995 2812 juxta
1011 2778 1107 2805 urbem
1121 2778 1189 2806 sitas
1201 2778 1351 2809 contendit,
1373 2778 1538 2805 Astacenutn
1552 2777 1641 2804 sinum
1653 2777 1710 2804 eir-

921 2829 1090 2850 cumvectus.
1109 2823 1175 2851 Orto
1200 2827 1290 2850 autem
1317 2822 1409 2850 subito
1435 2822 1556 2855 turbine,
1584 2822 1668 2850 ﬂuctu
1686 2821 1712 2848 in
1735 2827 1739 2831 '

921 2868 1009 2896 altum
1039 2873 1145 2902 erecto,
1164 2868 1241 2896 navis
1265 2876 1280 2896 a
1304 2876 1387 2903 prora
1414 2868 1442 2896 in
1468 2869 1580 2904 puppim
1608 2868 1714 2896 sublata
