1954 3072
184 107 244 139 πνιπ

804 110 953 140 NlCET/E
972 110 1177 141 CllONlAT.E

1762 117 1800 150 94
1806 117 1822 148 ἱ

191 167 303 201 gerulos,
320 174 367 194 eos
387 173 452 194 vero
467 173 644 200 qualumope
662 165 688 192 in
703 165 816 200 patriam
835 166 970 193 restitutus

1030 174 1087 193 κεν.
1099 164 1190 193 Ἦσαν
1203 166 1231 193 δὲ
1251 168 1278 193 ai
1301 167 1468 202 ἐπαγγελίαι
1490 170 1558 205 πρὸς
1576 171 1661 206 μηδὲν
1679 172 1824 209 ἀνύσιμον

191 219 284 244 esset,
309 212 423 239 suminis
446 211 597 238 honoribus
623 211 780 238 afficiendos
809 219 880 239 esse.
906 211 975 239 lluic

192 259 336 286 sententia:
355 257 478 292 reliquizc
495 265 604 292 quoque
628 258 795 292 imperatorii
820 257 927 293 generis
947 257 974 284 in

188 304 276 331 Alt-xii
294 301 466 337 a-qualissui
481 302 595 337 gratiam
607 302 839 338 assentiebantnr.
857 302 973 334 Quidam

191 350 273 376 etiam
291 348 397 375 Latinis
420 347 568 374 familiares
587 346 649 373 facti
668 347 802 382 colloquia
821 347 921 373 civium
946 351 975 374 ut

192 399 297 422 veteres
332 401 418 428 nugas
453 393 687 428 aspernabantur,
714 392 840 419 Latinum
873 393 974 420 bellum

190 440 277 475 magis
307 439 516 467 reformidantes
547 447 628 474 quam
660 446 804 466 cervorum
836 440 975 467 exercitus

190 486 343 519 rugientem
366 485 484 513 lennem.
502 485 581 512 Solus
598 485 718 511 omnium
735 485 823 512 Ducas
843 485 973 518 Alexius,

190 532 233 559 cui
254 532 288 558 ob
305 532 450 566 conjuncta
466 530 609 565 supercilia
626 535 653 557 et
675 530 749 557 velut
774 530 861 557 oculis
882 530 974 556 ἱιιιιιιὶ-

190 578 280 604 ιιιιηιίιι
304 576 427 604 Murzufli
455 581 664 611 cognomentum
689 577 722 603 ait
741 576 892 611 :equalibus
914 580 975 604 erat

190 623 317 654 inditum,
339 623 414 657 regni
430 622 579 657 cupiditate
596 621 726 656 ﬂagrans,
747 627 776 649 ut
794 623 894 650 civium
910 630 974 657 gra-

190 671 254 697 tiam
284 670 444 704 colligeret,
470 677 532 696 cum
552 668 660 696 Latinis
682 677 803 703 pugnare
832 677 916 696 ausus
939 669 973 696 ad

190 715 360 743 Perforalum
383 722 477 742 saxum
500 715 702 749 etcontiguum
725 715 763 742 illi
787 715 921 742 fornicem
939 715 973 742 il-

188 763 274 790 lustre
301 763 412 790 virtutis
435 762 574 797 specimen
596 762 694 790 edidit.
722 762 774 790 Sed
797 762 973 798 popularium

188 808 289 835 ducum
302 809 376 835 nullo
390 808 529 843 adiuuante
543 808 616 842 (nam
631 808 658 834 id
675 809 822 842 imperator
836 807 971 842 Vetucrat)

188 858 284 888 captus
311 858 400 884 esset,
429 853 510 888 743
539 861 610 888 equo
637 853 663 880 in
688 861 775 888 genua
801 854 928 888 prolapso
943 858 972 880 et

187 899 317 926 omnibus
327 906 410 925 unum
427 899 525 925 ducem
534 899 702 934 petentibus,
714 899 766 925 nisi
776 907 873 926 manus
888 899 971 933 sagit-

189 945 319 972 tariorum
337 952 400 972 eum
417 936 596 972 deiciidisset.
618 944 739 972 Proinde
753 944 859 979 plebeia
877 943 972 971 multi-

188 992 265 1024 tudo,
292 999 354 1020 eum
382 991 519 1018 nemiuem
543 991 597 1025 tqui
622 996 717 1017 contra
745 990 861 1018 Latinos
891 997 971 1025 opem

187 1038 272 1065 ferret
294 1037 442 1068 inveniret,
457 1036 619 1064 defectionis
630 1037 747 1064 consilia
770 1036 874 1071 agitare
889 1036 971 1070 ccepit

185 1087 215 1111 et
236 1083 370 1111 conviciis
391 1083 574 1117 imperatores
587 1082 734 1115 insectari,
755 1082 972 1117 cogitationibus

186 1136 248 1164 quae
263 1129 310 1156 diu
327 1128 426 1156 animis
442 1128 581 1155 latuerant
595 1128 817 1162 erumpentibus.
833 1127 972 1162 Agebatur

187 1180 244 1202 tum
260 1174 392 1202 vicesima
408 1174 503 1209 quinta
517 1174 576 1201 dies
594 1174 694 1201 mensis
708 1173 841 1206 Januarii,
855 1174 972 1207 septima

187 1220 345 1252 indictione,
359 1228 430 1247 anno
443 1219 524 1248 6712.
539 1220 679 1247 Concursu
695 1224 785 1246 autent
803 1219 919 1246 maximo
944 1219 970 1245 in

185 1274 312 1302 magnum
338 1266 468 1300 templum
492 1265 585 1297 facto,
608 1265 688 1292 etiam
707 1270 818 1292 senatus
835 1268 863 1291 et
886 1264 970 1291 colic-

186 1313 259 1348 gium
276 1312 436 1348 pontificum
458 1316 487 1339 et
510 1311 761 1339 ecclesiasticarum
780 1310 916 1345 primores
938 1317 971 1337 eo

186 1366 351 1391 convenere,
366 1363 394 1386 et
404 1358 443 1385 .de
453 1355 783 1392 imperatore'deligendo
796 1364 848 1383 una
863 1355 970 1382 delibe-

185 1413 247 1433 rare
269 1410 334 1432 sunt
351 1405 455 1432 coacti.
474 1404 549 1432 Ilum
572 1408 664 1431 autem
687 1402 839 1430 sententias
860 1408 972 1436 rogare-

187 1457 267 1481 mur,
299 1449 375 1476 nullo
409 1448 491 1476 modo
517 1453 643 1476 auctores
669 1455 731 1475 esse
754 1450 912 1482 poteramus
940 1451 971 1473 ut

187 1496 398 1530 imperatoribus
412 1497 502 1524 statim
522 1496 616 1531 ejectis
636 1495 720 1522 alium
736 1499 880 1527 crearent,
896 1495 967 1522 haud
983 1505 1005 1535 ο

187 1541 284 1576 ignari,
301 1541 426 1576 quisquis
438 1541 596 1576 designatus
608 1546 691 1572 esset.
707 1548 770 1568 eum
785 1548 847 1567 cum
859 1541 895 1568 ob
907 1541 969 1573 alia,

188 1591 245 1614 tum
260 1586 332 1621 quod
346 1586 507 1613 Latinorum
523 1586 607 1613 duces
631 1593 727 1612 rursus
745 1585 870 1612 Alexium
894 1592 971 1612 sum-
987 1587 989 1589 '

187 1631 239 1658 mis
256 1631 359 1658 viribus
376 1631 513 1658 defensuri
529 1635 632 1664 essent,
651 1630 818 1666 posteriores
839 1630 970 1666 laturum.

185 1677 221 1704 At
235 1677 322 1712 plebs,
341 1681 370 1704 ut
394 1677 510 1713 simplex
529 1681 572 1704 est
588 1681 616 1704 et
635 1675 775 1704 mutabilis
788 1680 816 1703 et
831 1675 901 1702 nihil
918 1675 970 1703 nisi

185 1723 327 1750 libidinem
344 1723 371 1750 in
386 1723 501 1751 consilio
516 1723 618 1755 habet,
640 1729 669 1750 se
693 1721 857 1757 Angelorum
882 1721 970 1756 impe-

186 1768 257 1794 rium
284 1767 390 1794 diutius
415 1768 593 1795 toleraturam
615 1767 751 1802 negabat,
773 1774 863 1802 neque
894 1766 970 1801 prius

186 1814 368 1841 discessuram
385 1820 465 1848 quam
482 1813 675 1848 imperatorem
689 1820 721 1840 ex
736 1812 871 1840 sententia
890 1816 970 1839 nacta

184 1865 269 1887 esset.
295 1859 381 1894 igitur
407 1859 465 1894 ipsa
483 1867 512 1886 re
537 1858 739 1886 contumaciam
761 1858 902 1885 hominum
921 1865 970 1884 ex-

185 1905 266 1940 perti,
284 1904 407 1931 fortunas
423 1908 531 1932 nostras
545 1904 709 1931 miserantes
722 1908 750 1932 et
763 1904 869 1932 affatim
887 1903 969 1939 744

183 1950 366 1984 lacrymantes
378 1948 556 1983 quiescimus,
569 1947 635 1983 quid
648 1948 771 1975 futurum
788 1953 871 1981 esset,
883 1949 968 1975 multo

184 2000 247 2024 ante
263 1995 472 2034 prospicientes.
497 1995 566 2022 Dum
581 1999 672 2022 autem
691 1994 730 2022 illi
755 1994 900 2029 diligenter
919 1994 968 2021 im-

185 2048 338 2076 peratorem
355 2045 483 2076 quarunt
504 2045 533 2068 et
547 2041 615 2068 alios
629 2046 711 2075 atque
728 2040 796 2067 alios
811 2048 844 2067 ex
866 2040 968 2067 nobili-

185 2088 236 2114 bus
252 2087 364 2114 familiis
380 2087 534 2122 designant,
552 2087 659 2114 tandem
674 2086 708 2114 iis
722 2086 851 2113 omnibus
866 2085 968 2120 impro-

184 2133 265 2164 batis,
300 2133 422 2167 plebeios
457 2132 632 2167 magistratus
662 2136 691 2159 et
720 2131 851 2166 quosdam
879 2130 966 2158 nostri

1026 211 1181 246 προϊοῦσαι.
1196 212 1230 239 ’Ὀ
1244 221 1274 239 τε
1287 214 1341 249 γὰρ
1357 214 1476 247 ’Λλὲξιος
1489 216 1625 244 ὡπλίσθαι
1641 219 1711 245 κατὰ
1730 219 1822 246 Λατί-

1026 265 1079 282 νων
1096 258 1134 291 μὴ
1150 257 1282 291 πεφυκὼς
1297 259 1366 293 ᾣετο
1378 261 1424 287 καὶ
1441 260 1610 296 ἀσύμφορον,
1629 263 1677 289 καὶ
1690 264 1704 290 6
1716 265 1820 291 τούτου

1026 302 1118 338 πατὴρ
1154 304 1289 335 Ίσαέκιος
1319 305 1413 339 εἰσῆγε
1444 307 1616 341 παραίφασιν
1648 312 1821 343 κενοφωνεῑν

1025 349 1087 379 τοὺς
1111 349 1143 375 ἐκ
1162 349 1274 384 τριόδων
1293 350 1352 385 ὲᾷν,
1381 351 1446 382 τοὺς
1474 352 1497 378 δ’
1525 353 1605 380 αὐτὸν
1633 358 1820 389 καταγαγόν-

1025 401 1073 424 ta;
1088 394 1129 425 είς
1144 393 1192 428 τὴν
1206 395 1324 429 πατρίδα
1335 396 1420 431 τιμῆς
1434 397 1484 432 τῆς
1500 398 1631 425 ἀνωτάτω
1651 400 1816 432 καταξιοῦν.

1025 438 1091 470 Ταῖς
1103 439 1131 466 δὲ
1145 440 1267 474 γνώμαιπ
1280 441 1394 473 ταύταις
1412 444 1639 479 προσεπέρρεπον
1657 445 1705 472 καὶ
1719 446 1752 472 τὰ
1765 448 1817 473 τοῦ

1025 483 1163 518 βασιλείου
1194 486 1292 520 γένους
1323 488 1583 524 ὲγκαταλείμμπιτα,
1610 491 1705 526 ἥλικες
1728 492 1818 528 ἥλικα

1024 531 1173 565 τέρποντες
1188 532 1234 558 τὸν
1252 533 1381 565 ’Δλέξιον.
1396 535 1482 562 Ἔνιοι
1497 535 1526 562 δὲ
1539 537 1585 562 καὶ
1607 538 1664 568 τοῖς
1684 539 1818 568 Λατίνοις

1025 576 1064 607 εἰς
1081 576 1208 612 ἑταίρους
1228 579 1430 614 ἁνακραθέντες
1458 581 1495 612 ὡς
1522 581 1624 613 ἑώλους
1649 583 1747 615 ὕθλους
1762 585 1818 616 τὰς

1025 619 1078 646 τῶν
1099 621 1219 648 πολιτῶν
1240 623 1376 655 ἐντεύξεις
1393 625 1573 660 παρέτρεχον,
1596 627 1641 654 τὸν
1657 629 1710 654 τῶν
1727 630 1817 655 Λατί-

1024 673 1078 692 νων
1090 666 1285 702 ἐκτρεπόμενοι
1298 668 1414 704 πόλεμον
1427 670 1464 701 ὡς
1479 671 1539 697 οὐδὲ
1555 672 1648 700 λέοντα
1661 673 1816 710 βρυχητίαν

1024 711 1133 746 ἐλάφων
1145 713 1336 747 στρατόπεδον.
1354 715 1444 747 Μόνος
1458 715 1481 742 δ’
1504 717 1536 743 ὲκ
1557 718 1667 745 πάντων
1683 721 1814 752 ὸΔούκας

1030 757 1161 791 ’Λλέξιος,
1174 758 1203 790 ὃς
1215 759 1247 785 ἐκ
1259 759 1307 785 τοῦ
1319 761 1506 788 συνεσπάσθαι
1521 763 1570 794 τὰς
1585 763 1674 798 ὀφρῦς
1690 765 1738 791 καὶ
1753 763 1814 793 οἷον

1024 803 1082 834 τοῖς
1096 803 1249 838 ὀφθαλμοῖς
1265 805 1471 840 ἐπικρέμασθαι
1491 808 1560 842 πρὸς
1579 809 1633 835 τῶν
1648 811 1814 845 συνεφήϐων

1024 848 1204 883 ἐπωνόμαστο
1224 849 1447 885 Μούρτζουφλος,
1474 853 1545 889 πλὴν
1561 854 1607 880 καὶ
1633 852 1711 886 οὗτος
1732 856 1813 890 βασι-

1023 893 1103 920 λειῶν
1120 895 1168 920 καὶ
1179 895 1229 930 τὴν
1243 896 1298 923 τῶν
1314 896 1431 924 πολιτῶν
1447 898 1667 934 ἐπιτεχνώμενος
1689 900 1811 935 εὔνοιαν,

1022 940 1068 965 τὸν
1083 939 1154 966 κατὰ
1173 940 1228 967 τῶν
1249 941 1372 968 Λατίνων
1393 943 1546 979 ἀπεθάρρει
1563 945 1692 980 πόλεμον,
1707 947 1812 982 ἀρετῆς

1023 983 1066 1020 [Ρ.
1089 984 1152 1021 561]
1170 993 1200 1011 τε
1219 986 1257 1017 ὡς
1286 987 1403 1020 μάλιστα
1424 988 1585 1024 ποιούμενος
1602 990 1716 1023 ἔνδειξιν
1743 993 1812 1027 περὶ

1022 1030 1067 1056 τὸν
1088 1031 1239 1066 λεγόμενον
1255 1033 1402 1068 Τρυπητδν
1424 1033 1498 1061 λίθον
1520 1035 1568 1062 καὶ
1589 1036 1639 1070 τὴν
1652 1037 1742 1064 ἐκεῖσε
1759 1047 1814 1064 πε-

1024 1078 1196 1112 ριαγομένην
1226 1078 1308 1113 ἁψῖδα
1338 1080 1396 1111 τοῖς
1422 1080 1571 1116 δυσμενέσι
1607 1083 1812 1119 συμπλέκεται.

1022 1123 1147 1157 Μηδενδς
1162 1123 1190 1150 δὲ
1212 1123 1266 1150 τῶν
1285 1125 1470 1160 παρεστώτων
1484 1127 1631 1162 ὁμοφύλων
1654 1129 1811 1164 ἡγεμόνων,

1021 1168 1100 1200 δόξαν
1125 1169 1197 1196 οὕτω
1219 1170 1346 1206 βασιλεῖ,
1367 1172 1557 1208 ὲπαρήξαντος
1585 1174 1685 1209 μικροῦ
1719 1175 1813 1202 συνεί-

1021 1214 1109 1249 ληπτο
1126 1215 1158 1242 ἄν
1173 1223 1181 1230 ·
1202 1216 1215 1241 δ
1229 1224 1258 1241 τε
1276 1216 1331 1251 γὰρ
1355 1218 1438 1248 ἵππος
1468 1218 1515 1245 ἐπὶ
1542 1219 1607 1252 γόνυ
1635 1219 1759 1247 ὤκλασεν
1788 1217 1812 1255 ᾦ

1022 1261 1185 1296 ἐπεκάθητο,
1205 1262 1251 1288 καὶ
1267 1263 1341 1289 πᾶσα
1355 1264 1371 1299 ἡ
1388 1263 1508 1300 ξυμσολὴ
1522 1265 1595 1301 πρὸς
1607 1266 1654 1293 ἕνα
1671 1266 1811 1303 ἀπεκρίθη

1022 1306 1203 1341 πολέμαρχον,
1221 1308 1245 1333 εἰ
1277 1308 1315 1343 μὴ
1333 1309 1436 1340 τοξότις
1452 1310 1561 1338 νεολαία
1576 1311 1626 1346 τῆς
1644 1311 1750 1343 πόλεως
1775 1312 1811 1338 τὰ

1020 1352 1121 1378 δυνατὰ
1149 1354 1349 1388 παρατυχοῦσα
1378 1355 1514 1390 ἐπήμυνε.
1530 1356 1567 1382 Τὸ
1589 1357 1682 1384 τοίνυν
1710 1357 1811 1390 λεῶδες

1020 1400 1070 1432 τῆς
1091 1398 1194 1430 πόλεως
1222 1399 1324 1434 μηδένα
1343 1400 1399 1435 ’τῆς
1426 1401 1472 1427 ἐπὶ
1492 1401 1625 1434 Λατίνους
1649 1403 1810 1437 ξιφουλκίας

1022 1445 1230 1480 συναγωνιστὴν
1250 1445 1381 1480 εὑρίσκον
1401 1447 1450 1473 καὶ
1475 1447 1619 1483 ξύμμαχον
1635 1449 1676 1481 είς
1689 1450 1811 1477 ἀποστα-

1022 1489 1081 1516 σίαν
1102 1490 1230 1516 οίδαίνειν
1246 1490 1356 1526 ἤρξατο,
1374 1492 1421 1518 καὶ
1433 1492 1470 1523 ὡς
1491 1492 1572 1527 λέϐης
1587 1495 1619 1520 ὲκ
1636 1494 1722 1529 πυρὸς
1739 1495 1810 1521 κατὰ

1022 1535 1077 1562 τῶν
1099 1536 1273 1571 κρατούντων
1299 1537 1404 1572 ἀτμοὺς
1430 1539 1535 1566 ἀνιέναι
1561 1539 1668 1572 ὕϐρεων
1689 1541 1738 1567 καὶ
1758 1542 1809 1576 τὴν

1021 1580 1107 1607 πάλαι
1140 1581 1244 1615 ὖφαλόν
1269 1590 1298 1608 τε
1325 1582 1372 1608 καὶ
1400 1582 1541 1616 ἄγνωστον
1561 1584 1676 1620 γνώμην
1701 1585 1809 1617 ὲκζέειν

1021 1625 1089 1660 πρὸς
1106 1625 1174 1660 φῶς.
1187 1623 1258 1660 Ἶῖγε
1276 1626 1326 1661 μὲν
1338 1627 1389 1654 -οὗν
1403 1627 1464 1654 τότε
1480 1628 1613 1663 πέμπτην
1623 1631 1670 1656 καὶ
1681 1631 1809 1666 εἰκοστὴν

1019 1670 1034 1697 6
1053 1670 1218 1706 Ἰανουάριος
1235 1671 1285 1707 τῆς
1305 1672 1424 1707 ἑϐδόμης
1448 1673 1614 1706 ἱνδικτιῶνος
1634 1675 1681 1702 τοῦ
1698 1676 1810 1709 ἑξακισ-

1019 1715 1157 1751 χιλιοστοῦ
1182 1717 1399 1744 ἑπτακοσιοστοῦ
1432 1718 1586 1746 δωδεκάτου
1614 1720 1710 1753 ἔτους·
1741 1730 1808 1748 συν-

1019 1761 1124 1797 δρομῆς
1143 1762 1166 1789 δ¹
1191 1763 1231 1789 ὅτι
1258 1763 1391 1799 πλείστης
1415 1764 1455 1796 εις
1483 1765 1528 1791 τὸν
1552 1766 1639 1801 μέγαν
1658 1768 1807 1804 γινομένης

1019 1808 1087 1835 νεὼν
1102 1808 1274 1843 ἠναγκάζετο
1297 1809 1345 1835 καὶ
1359 1810 1376 1844 ἡ
1392 1809 1544 1845 σύγκλητος
1564 1812 1581 1847 ἦ
1597 1821 1626 1839 τε
1641 1813 1696 1840 τῶν
1713 1814 1808 1849 ἀρχιε-

1019 1855 1090 1891 ρέων
1105 1855 1245 1890 ὁμήγυρις
1265 1855 1313 1881 καὶ
1330 1855 1354 1881 οἱ
1371 1855 1417 1882 τοῦ
1436 1856 1559 1892 βήματος
1577 1858 1686 1893 λόγιμοι
1711 1861 1806 1886 συνελ-

1020 1902 1077 1928 θεῖν
1095 1901 1187 1928 ἐκεῖσε
1212 1901 1261 1928 καὶ
1288 1901 1539 1937 συνδιασκέψασθαί
1565 1911 1641 1937 σφισι
1673 1906 1738 1939 περὶ
1759 1906 1807 1932 τοῦ

1018 1946 1156 1981 ἄρξοντος.
1176 1945 1243 1981 Περὶ
1270 1945 1325 1973 τῶν
1351 1948 1540 1982 προκειμένων
1572 1948 1662 1976 τοίνυν
1681 1949 1712 1977 τὺ
1735 1958 1808 1985 παρ-

1020 1991 1165 2026 ιστάμενον
1184 1992 1273 2018 είπεῖν
1296 1991 1495 2027 λιπαρούμενοι
1513 1993 1545 2019 ἐκ
1563 1992 1614 2028 μὲν
1638 1994 1685 2021 τοῦ
1707 1995 1806 2023 αὐτίκα

1019 2037 1166 2064 ἐπιθέσθαι
1185 2039 1242 2068 τοῖς
1264 2037 1440 2071 βασιλεύουσι
1466 2038 1513 2064 καὶ
1529 2041 1695 2074 χειροτονεῖν
1711 2040 1805 2075 ἕτερον

1020 2083 1060 2113 είς
1079 2082 1168 2118 ἀρχὴν
1184 2082 1240 2109 οὐδ’
1262 2082 1331 2114 ὅλως
1355 2083 1555 2119 ἐδοκιμάζομεν
1580 2084 1730 2112 ὑποθέσθαι
1747 2088 1805 2118 τοῖς

1019 2126 1142 2154 συνιοῦσι
1156 2136 1164 2143 ο
1184 2128 1276 2160 καλῶς
1297 2129 1352 2168 γὰρ
1369 2129 1482 2164 ᾔδειμεν
1506 2130 1544 2162 ὡς
1571 2130 1603 2157 τὸ
1617 2132 1694 2166 μεῖον
1708 2133 1722 2158 ό
1739 2140 1807 2168 προ-

184 2177 290 2204 ordinis
322 2177 450 2204 manibus
491 2177 642 2212 prehensus
673 2177 798 2212 accipere
834 2184 966 2204 coronam

1022 2173 1130 2208 ὗληθεὶς
1143 2173 1290 2201 ἀποίσεται
1308 2175 1341 2210 τῇ
1362 2184 1391 2202 τε
1411 2175 1478 2211 ἄλλῃ
1500 2176 1548 2202 καὶ
1563 2176 1606 2203 ὃτι
1618 2176 1671 2204 τῶν
1682 2177 1804 2204 Λατίνων

182 2212 286 2249 strictis
309 2221 422 2257 ensibus
440 2221 630 2248 hortabantur.
655 2221 723 2248 lleui
739 2222 806 2249 heul
830 2221 895 2256 quid
921 2221 968 2249 illo

184 2266 306 2301 periculo
323 2266 433 2301 gravius
449 2271 531 2300 atque
544 2267 690 2294 acerbius?
705 2266 772 2302 quid
790 2267 860 2294 illius
876 2267 968 2294 conci-

185 2312 278 2339 liabuli
307 2311 434 2339 vecordia
468 2312 624 2340 dementius
656 2313 775 2348 magisve
803 2313 969 2340 ridiculum?

186 2358 384 2393 Designationis
397 2365 427 2386 ea
443 2358 510 2385 ratio
523 2357 705 2386 aﬂ‘erebatur:
722 2368 730 2384 ι
745 2359 852 2386 Vestem
865 2358 966 2386 habes:

183 2407 243 2430 esto
259 2408 354 2430 noster
370 2403 528 2438 imperator.
547 2412 556 2429 ι
571 2403 621 2431 Vix
635 2403 743 2431 tandem
759 2404 848 2431 triduo
864 2404 967 2438 elapso,

184 2449 386 2477 adolescentem
411 2449 556 2485 quemdam
572 2450 712 2477 Nicolaum
738 2449 876 2477 Canabum
900 2450 969 2477 invi-

186 2502 242 2523 tum
270 2496 465 2531 imperatorem
497 2495 673 2530 inaugurant.
701 2495 767 2529 Quae.
789 2497 834 2522 ubi
856 2496 968 2524 Alexius

183 2540 287 2567 audivit
310 2544 393 2573 (nam
417 2540 537 2567 lsaacius
563 2540 681 2567 animam
704 2540 812 2574 agebat,
831 2540 885 2568 illis
908 2540 969 2568 diu-

185 2587 257 2612 turni
280 2585 387 2620 imperii
410 2585 634 2620 prazdictionibus
651 2586 710 2620 ipso
726 2591 826 2613 eventu
846 2586 969 2613 refutatis

184 2633 210 2654 ct
225 2636 278 2655 non
296 2629 376 2656 aliter
400 2636 481 2663 quam
504 2629 718 2656 febricitantium
740 2630 845 2657 somnia
869 2638 969 2658 evane-

183 2673 323 2701 scentibus
342 2674 368 2709 ),
398 2674 567 2702 Bonifacium
605 2675 791 2702 marchionem
827 2676 967 2710 accersit;

185 2718 305 2753 mitoque
331 2720 446 2747 consilio
460 2719 571 2755 utrique
585 2720 673 2747 visum
686 2724 728 2747 est
743 2721 853 2748 Latinas
870 2721 970 2749 cohor-

186 2769 225 2790 tes
246 2765 274 2791 in
300 2766 431 2799 palatium
453 2766 637 2794 admittendas
661 2774 738 2800 esse,
762 2767 863 2801 quibus
883 2774 970 2794 novus

185 2809 235 2836 iste
252 2810 412 2846 imperator,
427 2818 455 2841 et
470 2813 588 2848 populus
603 2813 649 2848 qui
673 2813 748 2840 illum
775 2813 947 2849 designasset
959 2833 966 2847 ,

1020 2219 1045 2245 oi
1069 2220 1219 2254 στρατηγοὶ
1236 2220 1406 2255 ἀμφοτέραις
1423 2222 1471 2248 καὶ
1485 2221 1567 2248 πάλιν
1584 2222 1742 2256 ἀνθέξονται
1757 2222 1803 2249 τοῦ

1027 2263 1147 2297 Ἀλεξίου
1176 2265 1224 2292 καὶ
1249 2266 1432 2300 περιέξονται.
1461 2267 1492 2294 Οί
1520 2267 1549 2294 δὲ
1574 2268 1633 2294 λαοὶ
1662 2268 1758 2303 χρῆμά
1776 2272 1804 2296 τι

1021 2309 1100 2341 ὀντες
1117 2311 1218 2344 ἀφελὲς
1237 2313 1285 2338 καὶ
1300 2311 1458 2346 εὐρίπιστον
1470 2332 1478 2345 ,
1504 2313 1553 2340 καὶ
1569 2313 1651 2341 πλέον
1664 2314 1712 2340 τοῦ
1728 2313 1805 2348 θελη-

1023 2356 1167 2390 ματαίνειν
1190 2357 1267 2383 οὐδὲν
1292 2357 1490 2391 ἐπιστάμενοι,
1507 2359 1597 2385 οὐκέτ’
1622 2359 1742 2394 ἔφασκον
1759 2360 1804 2387 ὑπ’

1031 2402 1170 2436 Ἀγγέλων
1184 2403 1330 2438 βούλεσθαι
1345 2403 1547 2438 βασιλεύεσθαι,
1563 2406 1611 2432 καὶ
1627 2406 1666 2438 ὼς
1686 2406 1747 2441 οὐκ,
1759 2406 1806 2433 ἀλ-

1023 2446 1076 2479 λως
1092 2448 1105 2473 ὁ
1121 2449 1249 2482 σύλλογος
1261 2449 1364 2480 ἐκεῖνος
1378 2449 1580 2485 διαλυθήσεται,
1599 2451 1624 2477 εί
1640 2451 1678 2486 μή
1698 2460 1740 2483 τις
1752 2451 1804 2480 τῶν

1024 2494 1197 2528 πραγμάτων
1223 2496 1409 2530 προστήσεται
1434 2495 1561 2531 θυμήρης
1585 2497 1689 2528 αὐτοῖς.
1718 2498 1804 2533 Πείρα⁵

1021 2540 1112 2565 τοίνυν
1132 2539 1243 2574 γνόντες
1257 2540 1286 2566 τὸ
1299 2541 1354 2567 τῶν
1367 2541 1473 2576 ἀνδρῶν
1485 2542 1654 2577 ἀμετάθετον
1672 2543 1804 2579 ἡσυχάζο-

1025 2594 1084 2621 μεν,
1104 2585 1219 2618 ἑαυτοὺς
1239 2586 1440 2620 ταλανίζοντες,
1455 2587 1598 2614 καὶπολλὰ
1613 2589 1667 2615 τῶν
1683 2590 1803 2624 παρειῶν

1023 2630 1221 2665 κατελείὸομεν
1244 2631 1361 2667 δάκρυα,
1387 2632 1417 2658 τὺ
1439 2632 1548 2668 μέλλον,
1567 2633 1604 2665 ὡς
1628 2634 1712 2666 εἰκὸς,
1728 2643 1804 2670 προο-

1024 2676 1152 2712 ρώμενοι.
1179 2679 1211 2704 Oi
1237 2678 1265 2704 δὲ
1289 2678 1335 2705 τὸν
1357 2678 1474 2713 ἄρξοντα
1496 2681 1638 2715 ἐπιμελῶς
1660 2682 1802 2718 ἀνεδίφων,

1023 2722 1070 2748 καὶ
1089 2721 1137 2747 νῦν
1163 2723 1212 2757 μὲν
1230 2722 1316 2756 τόνδε,
1342 2723 1392 2751 νῦν
1405 2724 1428 2751 δ’
1449 2725 1552 2752 ἐκεῖνον
1568 2726 1600 2752 ὲκ
1616 2726 1664 2762 τῆς
1679 2728 1802 2761 εὐγενοῦς

1024 2768 1160 2801 φυταλιᾶς
1193 2769 1405 2804 ηὑτοσχεδίαζον
1435 2772 1637 2808 αὐτοκράτορα.
1666 2775 1747 2807 Τέλος
1783 2775 1804 2802 δ’

1026 2814 1210 2850 ἀπειρηκότες
1229 2817 1286 2848 τοῖς
1303 2817 1391 2852 ἣλοις,
1416 2815 1479 2850 τοὺς
1500 2817 1681 2852 ὀχλαρχικοῠς
1702 2820 1749 2845 καὶ
1762 2819 1805 2853 δη-
