1945 3074
97 119 153 151 £49

658 121 824 152 ALEXIUS
844 121 965 152 DUCAS
987 121 1225 153 hl‘UltZUFLUS.

1670 117 1723 149 953

93 178 179 212 ληφε,
201 177 248 204 καὶ
265 177 314 213 τὴν
331 179 464 214 στρατιὰν
481 179 654 216 ἀνεζωπύρει
677 181 716 216 τῷ
728 181 788 208 καθ’
802 181 884 208 αὐτὴν

938 181 1115 208 excursiones
1132 180 1267 216 reprimit,
1284 178 1383 214 partim
1397 185 1445 206 eos
1459 177 1505 213 qui
1526 177 1722 205 frumentatum

93 223 293 258 ὑποδείγματι.
323 224 368 251 Ἐν
383 225 491 257 πολλοῖς
506 226 534 252 δὲ
551 226 598 253 καὶ
612 227 694 258 αὐτὸς
708 227 784 261 ξίφος
799 227 884 260 ἀγκυ-

94 268 241 304 λιζόμενος
256 270 303 296 καὶ
315 270 449 306 χαλκήρει
466 271 569 308 κορύνῃ
587 273 636 308 τὴν
651 273 732 307 χεῖρα
753 273 882 300 καθοπλι-

94 316 215 350 ζόμενος
237 317 317 343 τοῦτο
342 317 391 352 μὲν
420 317 469 349 τὰς
498 318 553 345 τῶν
578 319 709 345 ἐναντίων
734 318 884 345 ἀνέκοπτεν

95 363 248 397 ἐκδρομὰς,
270 362 350 389 τοῦτο
371 363 399 390 δὲ
423 364 481 395 τοῖς
510 364 685 399 σποραδικῶς
707 363 825 396 ἐξιοῦσιν
845 365 885 395 είς

95 408 235 442 πορισμὸν
253 408 348 435 σιτίων
360 409 542 443 ἐφιστάμενος
554 407 588 444 ἦν
602 409 826 443 αὐτεπάγγελτος
838 409 885 435 καὶ

95 453 314 488 αὐτενέργητος.
351 454 461 488 Ἀμέλει
491 454 535 481 διὰ
561 455 647 481 ταῦτα
674 456 733 486 τοῖς
761 454 885 485 πολίταις

93 499 251 533 ἠσπάζετο,
269 501 293 526 εἰ
319 501 366 526 καὶ
385 500 506 531 ὕποπτος
526 499 560 536 ἦν
578 502 611 527 τὰ
629 501 716 528 πολλὰ
730 501 777 527 καὶ
795 501 885 535 ἀσύμ-

93 546 180 578 ΰατος
197 547 254 577 τοῖς
270 547 300 579 ἐξ
323 547 456 582 αἵματος·
473 548 521 574 ἅτε
544 547 599 582 γὰρ
615 548 796 583 ἐντραφέντες
811 544 885 573 οὗτοι

97 591 218 627 βλακείᾳ
233 591 280 618 καὶ
303 591 426 627 μαλακίᾳ
447 592 694 627 συνανδρωθέντες,
706 594 885 628 ἀναγωγικὴν

93 638 251 672 αὐστηρίαν
271 638 318 664 καὶ
333 638 440 665 δίαιταν
459 638 586 673 σώφρονα
613 639 832 674 περιιστάμενοι,
843 639 886 670 ’ὡς

95 683 130 707 τὰ
145 682 342 717 κεκρατημένοι
361 682 477 717 σώματα
497 684 691 718 νοσοκόμησιν,
716 684 886 719 ἐτραχηλίων

97 728 149 753 καὶ
162 727 373 762 ἐσκληρύνοντο.
386 728 441 763 Τὴν
454 728 501 755 τοῦ
517 729 605 756 Δούκα
618 730 706 756 τοίνυν
719 730 886 765 ὲμὸρίμησιν

95 773 146 800 καὶ
161 773 310 809 ἐπίπληξιν
330 772 376 810 (ἦν
390 774 445 809 γὰρ
462 777 508 801 καὶ
525 776 606 810 φύσει
625 776 714 807 κοῖλος
736 777 785 802 καὶ
799 776 886 810 βαρὺς

95 820 147 855 τὴν
165 820 256 854 φωνὴν
268 821 315 846 καὶ
328 821 373 847 τὸν
385 821 516 856 φάρυγγα
532 822 682 857 βραγχιῶν)
696 822 746 849 ὅσα
760 822 808 848 καὶ
823 822 886 856 γεῦ-

95 875 141 893 σιν
162 866 313 899 πολύποδος
324 867 400 902 ὼμοῦ
417 869 432 904 ἦ
449 868 592 904 ἐλλεϐόρου
606 869 746 903 τράπεζαν
761 869 815 894 εἴτε
832 869 885 903 μὴν

94 912 227 947 ταυρείου
240 913 355 946 αἵματος
366 914 496 949 κέρασμα
509 915 716 948 ἐκτρεπόμενοι,
731 915 780 948 τὴν
790 915 885 941 τούτου

95 958 294 992 καταστροφὴν
309 959 479 994 ἐπιστροφὴν
496 959 580 994 ῷοντο
600 960 706 994 οεῖκήν.
726 961 823 986 Ἔνθεν
844 968 886 986 τοι

95 1004 145 1028 καὶ
162 1003 327 1030 Βαλδουίνου
344 1004 391 1030 τοῦ
405 1005 453 1039 τῆς
471 1005 622 1040 Φλαντρίας
636 1006 758 1041 κόμητος
773 1005 807 1032 τὰ
819 1006 886 1040 περὶ

96 1048 143 1074 τὸν
158 1048 255 1075 Φιλέαν
268 1049 407 1084 κείροντος
425 1049 506 1085 μέρη,
535 1050 663 1077 κάκεῖθεν
680 1051 779 1086 φόρους
796 1049 888 1076 συλλέ-

95 1101 204 1127 γοντος,
222 1093 307 1125 ἔξεισι
331 1095 391 1121 κατ’
411 1094 494 1121 αὐτοῦ
520 1095 657 1130 βασιλεύς.
679 1095 722 1126 Ὠς
745 1095 768 1121 δ’
793 1096 808 1122 ὁ
838 1095 887 1130 μὲν

96 1138 204 1172 ἀπιὼν,
220 1140 245 1165 οί
263 1139 286 1166 δ’
300 1141 332 1166 ἐκ
346 1139 394 1166 τοῦ
406 1141 538 1175 πολεμίου
553 1141 663 1175 στίφους
673 1140 886 1175 ἀναζευγνύντες

97 1183 227 1218 ἀλλήλοις
245 1185 406 1220 συνέμιξαν,
430 1185 562 1220 Ῥωμαῖοι
580 1186 630 1220 μὲν
650 1185 704 1211 δέει
730 1185 885 1221 ξυνέχονται

97 1229 146 1256 καὶ
162 1229 289 1256 συντόνου
312 1231 401 1265 φυγῆς
417 1230 535 1266 ἔχονται,
548 1231 734 1265 περιλειφθεὶς
756 1231 784 1256 δὲ
803 1231 884 1266 μόνος

937 227 1053 261 sparsim
1068 227 1180 253 exibant
1198 225 1383 260 persequitur.
1411 225 1476 257 Qum
1492 231 1553 251 cum
1575 223 1649 250 ultro
1676 231 1722 250 nc-

938 272 1010 298 miue
1026 271 1162 306 ﬂagitante
1178 272 1291 302 iaceret,
1309 276 1337 298 ut
1350 271 1450 297 charus
1464 274 1523 296 erat
1542 269 1664 300 civibus,
1685 269 1721 295 ita

938 317 1059 352 cognatis
1076 317 1134 344 suis
1153 317 1210 343 fere
1225 320 1369 351 suspectus
1391 321 1419 344 et
1433 316 1549 343 invisus.
1571 315 1622 348 Qui
1643 319 1673 344 ut
1694 315 1721 342 in

938 365 995 391 otio
1009 363 1106 390 nutriti
1123 367 1151 390 et
1168 363 1194 389 in
1217 363 1324 390 deliciis
1343 362 1447 395 adulti,
1462 369 1585 390 severam
1612 367 1640 389 et
1666 370 1723 389 mo-

938 410 1042 437 destam
1061 409 1121 436 vitae
1138 408 1271 435 rationem
1285 413 1316 435 ut
1332 408 1456 435 morbida
1477 415 1592 442 corpora
1618 412 1722 442 tempe-

940 455 1056 482 rantiam
1089 460 1248 482 aversantes
1276 454 1365 481 abeo
1390 454 1593 485 abhorrebant,
1611 459 1639 480 et
1664 454 1722 489 ejus

939 500 1147 535 castigationem
1163 504 1190 527 et
1208 500 1423 534 increpationem
1440 501 1516 534 (erat
1533 499 1605 527 enim
1626 503 1722 526 natura

938 552 1006 575 voce
1021 544 1107 579 gravi,
1120 551 1215 579 aspera
1228 548 1256 571 et
1274 544 1366 578 rauca)
1380 544 1538 579 gravissime
1556 549 1584 571 et
1607 543 1724 578 iniquis-
1758 573 1761 575 _

940 591 1021 618 simis
1035 591 1135 617 animis
1156 590 1352 624 patiebantur,
1372 594 1400 617 et
1417 590 1475 624 ejus
1495 590 1608 616 exitium
1634 595 1663 616 ut
1680 589 1722 615 di-

939 636 1033 662 vinum
1050 634 1215 662 beneﬁcium
1240 634 1417 669 exoptabant.
1434 633 1503 661 Cum
1524 639 1615 661 autem
1636 634 1724 668 impe-

939 685 1016 707 rator
1038 684 1136 707 contra
1163 679 1326 707 Balduinum
1355 679 1490 706 Flandritc
1511 679 1650 709 comitem,
1677 678 1724 712 qui

939 726 1041 753 Phileas
1061 726 1120 752 loca
1136 725 1254 752 ﬁnitima
1271 725 1455 760 populabatur
1472 730 1498 752 et
1515 725 1617 751 tributa
1635 724 1727 758 exige-

940 772 1006 802 bat,
1035 771 1141 803 exiret,
1168 775 1249 805 atque
1272 774 1299 797 in
1321 779 1354 798 eo
1383 771 1481 798 itinere
1507 775 1622 804 utcrqtte
1647 770 1724 796 alteri

940 817 1144 847 occurrissent,
1164 817 1296 844 Romanis
1324 816 1476 851 perterritis
1500 821 1527 844 et
1552 816 1658 850 trepide
1684 817 1726 843 l'u-

901 860 923 889 B
937 862 1075 897 gientibus
1089 862 1167 897 751
1187 862 1263 890 solus
1275 862 1423 889 derelictus
1440 869 1510 896 pene
1530 862 1671 897 periisset;
1698 868 1725 889 et

938 909 1086 936 Genitricis
1105 909 1152 935 Dei
1171 909 1259 943 imago
1278 916 1359 943 quam
1376 904 1560 934 ananoium
1576 908 1724 942 imperato-

939 962 983 981 res
999 954 1062 981 belli
1086 953 1187 981 sociam
1211 953 1363 984 asciscunt,
1380 953 1414 980 ab
1429 952 1554 979 hostibus
1570 956 1648 987 capta
1672 957 1724 979 est.

938 999 1034 1033 Neque
1049 999 1107 1026 haec
1119 1002 1223 1026 tantum
1241 999 1333 1033 gravia
1346 1003 1434 1027 erant.
1455 998 1502 1026 sed
1518 1003 1546 1025 et
1564 998 1644 1033 longe
1664 1006 1726 1033 gra—

939 1044 1016 1071 viora
1045 1044 1222 1072 timebantur.
1256 1043 1324 1071 Nam
1362 1043 1389 1070 in
1425 1043 1575 1079 majoribus
1610 1043 1726 1070 navibus

940 1090 1084 1117 horrendae
1116 1097 1212 1117 rursus
1237 1089 1316 1116 scalae
1349 1089 1554 1116 fabricabantur
1580 1093 1607 1116 et
1637 1091 1726 1116 omnis

939 1136 1048 1171 generis
1063 1136 1198 1163 machina:
1211 1136 1394 1171 parabantur,
1410 1136 1517 1163 vexillis
1536 1143 1655 1170 superne
1676 1143 1724 1161 vo—

939 1181 1098 1213 litantibus;
1114 1186 1143 1209 et
1158 1182 1201 1214 iis,
1223 1181 1269 1216 qui
1291 1181 1429 1216 pugnandi
1445 1188 1526 1208 causa
1542 1188 1573 1208 ea
1593 1187 1724 1207 conscen-

939 1229 1047 1261 derent,
1061 1237 1076 1256 a
1088 1229 1193 1256 Latinis
1208 1228 1324 1256 maxima
1337 1229 1448 1264 praemia
1463 1227 1696 1264 proponebantur.

96 1277 111 1302 ὁ
132 1275 259 1310 βασιλεὺς
285 1277 365 1308 αὑτός
400 1285 431 1304 τε
473 1277 572 1312 μικροῦ
599 1277 791 1313 παραπώλετο,
823 1277 870 1304 καὶ
897 1277 914 1312 ἡ
932 1276 982 1312 τῆς
1003 1277 1174 1311 Θεομήτορος
1198 1276 1290 1308 εἰκὼν,
1328 1276 1362 1311 ἣν
1385 1277 1410 1302 oi
1437 1275 1555 1311 βασιλεῖς
1583 1275 1726 1310 Ῥωμαίων

98 1322 240 1348 ποιοῦνται
252 1323 451 1358 συστράτηγον.
466 1326 522 1355 τοῖς
538 1323 669 1354 ἐναντίοις
684 1323 814 1350 ἑάλωκεν.
826 1321 882 1349 Ἦν
903 1323 917 1349 δ
953 1323 984 1349 οὐ
1003 1323 1082 1358 μόνον
1095 1322 1182 1349 ταῦτα
1197 1322 1282 1354 δεινὰ,
1301 1321 1370 1348 ἀλλά
1382 1329 1415 1356 γε
1448 1321 1495 1348 καὶ
1511 1321 1545 1348 τὰ
1561 1320 1725 1355 ἐλπιζόμενα

100 1369 168 1396 πολὺ
188 1369 272 1404 χείρω
294 1370 342 1396 καὶ
358 1369 538 1404 χαλεπώτατα
550 1378 557 1385 ·
580 1371 609 1397 ὲν
629 1370 683 1405 γὰρ
704 1372 762 1402 τοῖς
780 1371 886 1406 μείζοσι
905 1370 960 1397 τῶν
993 1370 1095 1397 πλοίων
1112 1370 1259 1405 φρικώδεις
1277 1369 1359 1397 πάλιν
1392 1369 1528 1405 κλίμακες
1541 1369 1727 1396 ὲτεκταίνοντο

99 1416 147 1442 καὶ
173 1415 292 1450 μηχαναὶ
315 1416 440 1442 παντοῖαι
459 1416 702 1449 κατεσκευάζοντο,
724 1417 838 1451 σημαῖαι
870 1425 900 1443 τε
920 1417 966 1443 ἐπὶ
984 1416 1089 1444 τούτων
1106 1417 1259 1452 ὴνέμωντο,
1293 1416 1340 1443 καὶ
1358 1417 1414 1447 τοῖς
1432 1416 1472 1447 είς
1498 1414 1584 1447 αὑτὰς
1603 1413 1725 1441 ἀνιοῦσιν

97 1463 145 1489 ἐπὶ
161 1462 199 1497 τῷ
219 1462 353 1498 μάχεσθαι
381 1463 482 1498 δωρεαὶ
507 1465 582 1499 παρὰ
606 1464 730 1496 Λατίνων
756 1463 947 1503 προὺτείνοντο
964 1465 1102 1500 μέγισται.

134 1507 177 1544 [Ρ.
192 1506 254 1543 565]
276 1508 308 1542 β’.
321 1508 377 1534 Καὶ
393 1508 479 1534 ταῦτα
499 1509 547 1543 μὲν
564 1510 619 1538 τῶν
642 1509 737 1536 δεινῶν
750 1510 881 1542 -ὲκινεῖτο,

970 1511 1053 1538 2.1m
1073 1510 1202 1546 periculis
1224 1511 1322 1546 partim
1357 1510 1533 1542 instantibus,
1563 1509 1663 1544 partim
1678 1515 1726 1537 ιπ-

98 1554 133 1580 τὰ
150 1553 179 1579 δὲ
202 1553 316 1586 ἐγίνετο,
342 1553 376 1579 τὰ
391 1553 413 1579 δ’
431 1553 549 1587 ἣμελλεν
565 1561 571 1568 ·
591 1554 727 1588 ἠλύγηντο
743 1554 770 1580 δὲ
793 1555 840 1580 καὶ
859 1555 884 1580 oi

101 1598 165 1633 περὶ
193 1598 283 1631 φιλίας
308 1598 384 1632 λόγοι
410 1599 458 1624 καὶ
490 1599 652 1625 παντάπασι
678 1600 881 1633 κατημέληντο.

99 1644 207 1670 Μᾶλλον
220 1643 246 1669 δὲ
265 1644 312 1669 καὶ
326 1643 439 1674 τούτους
455 1644 569 1678 πονηροί
584 1653 657 1673 τινες
671 1645 798 1679 Τελχῖνες
819 1645 884 1670 πιιλ-

98 1688 177 1719 λάκις
196 1689 331 1722 συνέχεον.
354 1687 383 1713 '0
397 1687 450 1721 γὰρ
470 1687 531 1720 δοὺξ
551 1688 678 1720 Βενετίας
703 1689 807 1723 Ἐρίκος
819 1689 885 1716 Δάν-

97 1735 190 1765 δουλος
201 1733 329 1768 ὁμιλῆσαι
348 1735 412 1768 περὶ
426 1734 547 1760 σπονδῶν
563 1734 688 1769 ἐλόμενος
701 1735 816 1770 βασιλεῖ,
833 1735 885 1770 νῆα

99 1779 191 1806 εἰσιὼν
219 1781 329 1815 τριήρη,
363 1779 429 1813 περὶ
462 1781 521 1811 ταῖς
552 1781 648 1812 ἀκταῖς
676 1781 808 1816 προσέχει
838 1781 884 1807 τοῦ

101 1826 257 1860 Κοσμιδίου.
284 1826 327 1857 Ὡς
343 1825 365 1852 δ’
380 1826 498 1860 ἔφιππος
511 1827 600 1853 ἐκεῖσε
629 1828 676 1854 καὶ
693 1827 819 1861 βασιλεὺς
836 1828 886 1862 ἁφ-

101 1874 185 1905 ίκετο,
202 1872 354 1898 ὲκοινοῦντο
385 1871 435 1906 μὲν
462 1873 587 1908 ἀλλήλοις
613 1873 648 1900 τὰ
676 1873 744 1909 πρὸς
774 1874 885 1910 εἰρήνην

99 1921 222 1954 ῥήματα,
239 1919 334 1954 μηδενὶ
353 1919 407 1946 τῶν
427 1919 515 1946 ἄλλων
535 1920 583 1954 τὴν
607 1921 724 1954 σπουδὴν
740 1921 887 1955 χαριζόμε-

97 1974 146 1991 νοι.
169 1965 224 1990 Καὶ
250 1963 321 2000 ἦσαν
343 1966 377 1992 τὰ
401 1966 476 2001 παρὰ
501 1966 547 1993 τοῦ
568 1966 662 1997 δουκδς
682 1967 811 1998 Βενετίας
837 1967 885 1994 καὶ

98 2011 152 2035 τῶν
172 2009 275 2036 λοιπῶν
295 2011 456 2046 στρατηγῶν
479 2012 627 2046 αἰτούμενα
648 2013 761 2047 χρυσίου
786 2012 886 2047 πεντή-

98 2064 180 2082 κοντα
198 2057 364 2092 κεντηνάρια
387 2058 420 2083 ἐκ
446 2057 493 2084 τοῦ
511 2059 609 2084 αὐτίκα
629 2059 700 2093 μάλα
716 2058 885 2085 καταϐαλλό-

100 2110 178 2135 μενα,
197 2102 243 2128 καὶ
256 2103 412 2136 συμφωνίαι
427 2104 501 2134 τινὲς
527 2104 570 2129 ἐπ’
583 2105 674 2135 αὐτοῖς
685 2104 885 2132 ἀποκναίουσαι

100 2149 149 2181 μεν
170 2148 219 2174 καὶ
239 2148 454 2182 δυσπαρᾱδεκτοι
467 2150 524 2180 τοῖς
550 2150 709 2183 γευομένοις
725 2150 886 2186 ἐλευθερίας

936 1557 1073 1592 gentibus,
1103 1557 1177 1584 nulla
1197 1565 1260 1592 spes
1283 1557 1483 1592 paciﬁcationis
1500 1561 1656 1591 supererat.
1674 1564 1723 1590 pa-

936 1603 1074 1630 ctionibus
1091 1610 1140 1638 per
1169 1602 1278 1630 invidos
1304 1608 1332 1629 et
1349 1602 1498 1629 sceleratos
1528 1601 1660 1636 quosdam
1676 1601 1726 1629 ho-

935 1649 1023 1676 mines
1043 1651 1114 1683 saape
1129 1648 1261 1676 confusis.
1281 1648 1350 1674 Nam
1365 1647 1419 1674 dux
1435 1647 1611 1674 Venetiarum
1627 1647 1725 1674 Ericus

937 1694 1075 1722 Dandulus
1088 1702 1149 1722 cum
1176 1694 1339 1729 imperatore
1361 1694 1395 1721 de
1410 1701 1475 1728 pace
1492 1697 1602 1720 acturus
1618 1691 1724 1719 triremi

920 1741 1010 1776 juxta
1030 1741 1198 1768 Cosmidium
1226 1739 1338 1774 appellit
1365 1739 1488 1767 :eodetn
1516 1742 1544 1765 et
1574 1739 1724 1772 imperator

936 1794 1008 1819 eqno
1015 1786 1171 1814 advehitur.
1181 1786 1274 1813 Rebus
1285 1786 1346 1813 aliis
1360 1785 1488 1812 omnibus
1501 1784 1604 1812 relictis
1615 1783 1649 1812 de
1658 1791 1724 1819 pace

937 1833 1019 1860 verba
1051 1832 1206 1863 conferunt,
1229 1832 1268 1859 Ac
1295 1839 1310 1858 a
1334 1831 1408 1869 duce
1437 1831 1613 1858 Venetiarum
1643 1834 1723 1857 caete-

938 1877 1030 1912 risque
1062 1876 1233 1912 principibus
1259 1876 1318 1903 auri
1349 1875 1500 1902 centenarii
1527 1875 1724 1909 quinquaginta

937 1923 1028 1951 statim
1050 1922 1213 1950 numerandi
1238 1922 1423 1956 postulantur,
1445 1921 1560 1956 adjectis
1583 1920 1722 1947 conditio-

937 1970 1020 1997 nibus
1035 1969 1139 2004 aliquot
1154 1968 1308 1996 durissimis
1325 1974 1352 1995 et
1373 1968 1483 1994 minime
1504 1966 1674 2000 aecipiendis
1692 1966 1725 1993 ii;

937 2015 983 2049 qui
1012 2013 1147 2041 libertatis
1175 2012 1348 2040 dulcedinem
1375 2016 1439 2038 sunt
1455 2011 1560 2044 experti
1587 2015 1615 2037 et
1637 2010 1723 2044 impe-

937 2068 1009 2092 rare,
1037 2068 1092 2087 non
1111 2067 1207 2094 parere
1231 2058 1396 2090 didicerunt,
1422 2061 1449 2084 et
1475 2057 1601 2084 Laconici
1625 2055 1720 2090 ﬂagrlli

937 2103 1112 2130 acerbitatem
1126 2103 1329 2138 superantibus.
1348 2101 1454 2134 Quibus
1470 2109 1536 2128 vero
1553 2101 1722 2135 captivitatis

938 2149 1088 2184 periculum
1114 2149 1276 2176 imminebat
1303 2156 1334 2175 ac
1369 2148 1509 2182 publicum
1547 2147 1660 2174 exitium
1695 2151 1722 2174 et

98 2192 145 2217 καὶ
171 2192 297 2218 είωοόσιν
323 2193 493 2225 ἐπιτάσσειν,
520 2194 570 2221 οὐκ
600 2195 808 2225 ἐπιτάσσεσοαι.
834 2197 882 2222 καὶ

937 2195 1093 2222 inchoatum
1111 2199 1138 2221 et
1158 2200 1358 2229 exasperatum,
1376 2195 1455 2230 752
1469 2194 1548 2229 plane
1566 2193 1722 2220 tolerabiles

97 2238 259 2264 Λακωνικαὶ
290 2238 397 2274 βαρεῖαι
425 2239 583 2274 κρινόμεναι
617 2240 775 2274 μάστιγες·
793 2239 834 2272 οἷς
863 2242 885 2267 δ’

99 2283 288 2317 αίχμαλωσίας
300 2285 444 2319 πρόκειται
460 2286 581 2316 κίνδυνος
595 2287 642 2313 καὶ
654 2286 794 2321 πάνδημος
807 2287 885 2322 ἀνέρ-

101 2330 188 2362 ρωγεν
200 2329 310 2364 ὄλεθρος
318 2330 348 2356 τὸ
362 2331 412 2364 μέν
429 2340 454 2356 τι
472 2331 580 2369 πρώην,
593 2333 623 2358 τὸ
640 2333 668 2359 δὲ
684 2334 730 2358 καὶ
747 2333 885 2366 ὑπογυίως

100 2375 347 2410 ἀναστομούμενος.
370 2376 485 2403 ἀνεκταὶ
499 2377 608 2409 παντως
625 2378 692 2413 μηδὲ
709 2379 884 2405 παντάπασιν

99 2418 297 2453 ἀχθεινόταται,
323 2421 366 2447 Ἐν
377 2419 399 2455 ᾦ
412 2421 440 2448 δὲ
456 2421 488 2448 τὰ
501 2422 569 2456 πρὸς
585 2423 696 2458 εἰρήνην
710 2423 751 2454 είς
766 2423 884 2455 διάλεξιν

99 2464 271 2498 προῦκειντο,
299 2466 412 2493 ἱππικαὶ
434 2467 579 2494 Λατινικαὶ
602 2468 733 2503 δυνάμεις
751 2469 780 2501 ἐξ
798 2469 883 2504 ὑπερ-

97 2510 190 2542 δεξίων
215 2512 314 2545 αἴφνης
344 2514 471 2547 φανεῖσαι
499 2514 588 2548 ἡνίαις
616 2514 691 2546 ὅλαις
714 2514 751 2549 τῷ
779 2516 884 2549 βασιλεῖ

99 2556 275 2590 ἐπιτίθενται,
301 2557 339 2589 ὡς
365 2559 442 2593 μόλις
480 2560 582 2586 ἐκεῖνον
613 2560 813 2596 παρερύσαντα
836 2561 883 2587 τὸν

98 2603 179 2628 ἵππον
202 2602 359 2636 διεκφυγείν
384 2604 431 2630 τὸν
453 2604 585 2638 κῧιδυνον,
608 2605 662 2632 τῶν
691 2606 718 2632 δὲ
747 2607 881 2633 συνόντων

97 2648 260 2682 χειρωθῆναί
275 2657 350 2680 τινας
363 2657 371 2664 ·
387 2649 417 2676 τὸ
436 2650 489 2684 γὰρ
511 2651 594 2685 ἄκρον
613 2651 662 2686 τῆς
682 2652 794 2678 ἐκείνων
815 2653 882 2687 πρὸς

97 2695 169 2728 ἡμᾶς
183 2694 331 2728 ἀπεχθείας
346 2696 435 2722 καὶτὸ
450 2697 620 2730 ὑπερϐάλλον
634 2696 685 2732 τῆς
699 2698 743 2723 ἐπ’
760 2699 881 2730 ἐκείνους

97 2740 175 2774 ἡμῶν
186 2741 317 2775 διχονοίας
329 2741 457 2775 οὐδεμίαν
473 2743 614 2778 ἑκατέροις
631 2744 782 2779 παρεισῆγε
795 2743 881 2780 ῥοπὴν

99 2787 300 2822 ᾳιλάνορωπον.
320 2787 360 2814 Τὰ
379 2789 402 2815 δ’
417 2789 462 2815 ἐπὶ
477 2789 580 2821 τούτοις
600 2790 814 2818 ἀποσαλεύονται
826 2791 880 2818 τῶν

98 2832 181 2866 ῂτὶνων
198 2833 229 2858 τὰ
247 2833 364 2867 μέγιστα
385 2833 440 2860 τῶν
455 2834 610 2862 ἀντιπάλων
634 2835 756 2870 σκαφῶν,
781 2838 825 2871 ἐφ’
842 2833 879 2863 ὧν

936 2246 1014 2269 erant
1033 2249 1084 2268 nec
1098 2242 1220 2268 omnittm
1237 2241 1411 2269 dillicillimte.
1428 2241 1496 2268 Dum
1520 2247 1587 2267 vero
1604 2240 1638 2266 de
1655 2247 1721 2273 pace

937 2287 1102 2322 disputatur,
1129 2287 1288 2314 Latinorum
1309 2292 1452 2321 equestres
1482 2287 1567 2320 copiae
1583 2293 1615 2313 ex
1636 2293 1719 2320 supe-

935 2333 1007 2360 riore
1036 2334 1096 2361 loco
1125 2333 1216 2361 subito
1240 2339 1417 2368 erumpentes
1443 2333 1511 2360 laxis
1537 2332 1652 2359 habenis
1669 2333 1719 2358 im-

935 2383 1088 2414 peratorem
1099 2382 1204 2413 petunt,
1219 2382 1248 2405 ut
1265 2379 1310 2405 vix
1330 2386 1401 2413 eqtto
1414 2384 1547 2405 converso
1566 2377 1718 2412 periculum

935 2425 1106 2460 eﬂ'ugeretet
1141 2424 1272 2451 comitum
1304 2424 1364 2459 ejus
1391 2423 1496 2458 aliquot
1533 2428 1718 2457 caperentur.

934 2471 999 2497 Nam
1016 2478 1152 2497 summum
1175 2477 1269 2497 eorutn
1288 2477 1352 2504 erga
1370 2478 1419 2496 nos
1438 2470 1530 2496 oditttn
1552 2474 1580 2495 et
1604 2469 1720 2495 immen-

933 2523 992 2543 sum
1021 2521 1146 2543 nostrum
1173 2523 1235 2543 cum
1267 2516 1321 2544 illis
1341 2515 1484 2542 dissidium
1511 2515 1638 2541 obstabat
1664 2521 1718 2548 quo

934 2563 1024 2590 mintts
1040 2563 1167 2597 utrinque
1181 2563 1213 2589 de
1230 2563 1315 2597 aequis
1327 2561 1531 2589 conditionibus
1548 2561 1590 2596 agi
1615 2564 1717 2594 posset.

933 2608 1037 2635 Exinde
1059 2609 1182 2634 maximae
1209 2608 1323 2635 hostiles
1337 2615 1430 2638 naves.
1450 2607 1476 2633 iu
1496 2606 1598 2640 quibus
1617 2609 1716 2640 parata:

932 2658 1011 2680 erant
1031 2653 1109 2680 scala:
1133 2658 1285 2687 caeteraque
1310 2653 1490 2679 instrumenta
1512 2650 1546 2677 ad
1573 2658 1717 2685 Oppugna-

933 2700 1034 2727 lionem
1061 2699 1224 2731 necessaria,
1253 2707 1267 2726 a
1288 2698 1428 2725 littoribus
1452 2697 1571 2725 reduetre
1595 2701 1667 2724 recta
1683 2698 1716 2724 ad

932 2745 1032 2772 mmnia
1046 2745 1192 2776 accedunt,
1208 2749 1234 2772 et
1245 2744 1327 2780 jttstis
1340 2744 1456 2771 invicem
1475 2744 1611 2771 distincta:
1626 2744 1714 2771 inter—

932 2791 1012 2818 vallis
1041 2792 1066 2818 id
1100 2793 1218 2826 spatium
1247 2796 1394 2826 occupant,
1422 2791 1494 2824 quod
1515 2791 1548 2818 ad
1576 2791 1726 2825 Evergetze,

931 2838 1099 2865 monasterio
1114 2838 1145 2864 ad
1165 2837 1296 2864 amussim
1313 2837 1345 2864 ad
1376 2837 1567 2864 Blachernium
1585 2838 1716 2872 palatium
