1954 3072
223 105 273 136 951

832 107 855 137 Ν
864 107 981 137 ΙΩΕΤΑΞ
999 107 1201 138 CllONIAT/E

1790 109 1855 139 957’.

222 162 390 194 extenditur,
406 162 532 190 incendio
550 162 700 189 desolalum
712 167 878 198 aspectuque
893 162 1006 190 foedum.

1070 163 1088 188 ιξ
1108 161 1244 198 κλίμακες
1268 163 1411 198 εὐτρεπεῖς
1435 163 1482 190 καὶ
1497 163 1547 191 ὅσα
1562 163 1616 190 τῶν
1634 163 1759 198 ὀργάνων
1782 166 1860 195 προς

225 207 286 239 Quo
298 208 356 235 viso
372 209 470 240 Ducas,
495 211 524 234 ut
548 208 623 242 paria
649 216 711 235 cum
744 209 870 236 hostibus
897 208 1009 240 faceret,

226 253 284 287 ipse
302 261 410 288 quoque
435 254 611 288 imperatoria
634 255 754 282 tentoria
783 255 810 281 in
848 255 954 281 tumulo
976 254 1010 281 ad

226 298 397 332 l’autr-popta:
415 299 610 326 monasterium
637 299 679 335 ﬁgi
696 300 793 335 jussit;
820 300 893 327 unde
914 305 941 326 et
962 300 1012 327 ho-

226 343 310 370 stium
327 351 420 376 naves,
436 348 464 371 ct
480 344 612 379 quidquid
625 350 747 380 agerent.
765 345 884 380 conspici
894 349 1010 380 poterat.

225 388 261 416 Ut
289 393 379 416 autern
409 396 482 416 nona
507 389 567 417 dies
599 390 703 424 Aprilis
729 390 830 422 illuxit,
863 390 1013 418 indictione

226 433 342 469 septima
363 436 426 461 anni
445 435 524 466 6712,
537 437 631 468 {naves
646 435 679 462 ad
698 436 800 463 moenia
819 436 1010 468 contendunt;

225 483 255 505 et
279 479 389 513 quidam
412 479 531 510 audaces
550 480 662 511 milites.
679 481 762 508 scalis
773 480 941 512 conscensis,
959 480 1012 507 tela

227 525 307 560 753
320 525 408 553 omnis
429 526 536 561 generis
553 526 580 553 in
605 534 653 553 eos
669 526 826 561 iaculantur
839 527 886 561 qui
913 526 1013 553 Inomia

227 570 423 598 defendebant.
438 571 477 598 Ac
489 579 523 599 eo
539 576 596 599 toto
610 572 654 599 die
668 572 768 599 acriter
789 576 938 607 pugnatum
960 578 1013 603 est,

227 616 343 644 victoria
362 622 451 644 tamen
470 618 504 644 ad
523 618 662 645 Romanos
679 618 846 650 inclinante;
870 625 932 645 nam
953 625 1014 644 sca-

228 662 320 696 ligCI'iE
337 667 364 689 et
379 668 522 697 equestres
538 671 620 691 naves
637 671 666 691 re
682 664 782 691 infecta
808 668 873 691 sunt
898 663 931 690 ab
947 663 1014 691 urbe

228 707 357 742 repulsae,
380 712 408 735 et
430 709 574 736 tormentis
601 716 698 743 magna
721 709 841 736 hostium
865 708 1014 735 multitudo

230 754 371 780 occubuit.
391 754 527 781 Postridie
541 758 569 782 et
581 754 707 788 sequenti
722 754 766 781 die
781 754 923 781 Dominico
937 754 1016 789 quie-

230 804 330 826 verunt
357 799 460 827 hostes.
485 799 550 826 Inde
568 799 668 834 Aprilis
692 797 867 832 duodecima,
893 799 1013 827 secunda

231 844 275 871 die
297 848 382 872 sexta:
401 844 581 872 hebdomadis
601 845 781 880 jejuniorum,
807 853 903 872 rursus
918 845 1015 872 urbem

231 892 338 923 petunt.
351 887 390 915 Ac
408 895 452 915 res
464 893 558 915 nostra
575 895 662 922 usque
677 888 710 915 ad
728 887 871 915 meridiem
884 888 1014 923 superior

231 934 294 966 fuit,
310 938 338 961 et
354 941 443 969 pugna
458 934 582 961 atrocior
605 941 687 968 quam
712 933 915 961 nudiustertius
938 941 1015 960 coms

233 981 327 1007 missa.
344 979 398 1007 Sed
414 987 476 1007 cum
492 980 615 1007 omnium
638 979 749 1007 urbium
773 979 892 1007 dominae
912 978 1016 1006 civitati

231 1025 374 1053 servitutis
385 1025 481 1060 iugum
494 1024 668 1052 subeundum
689 1028 773 1057 esset,
786 1029 814 1052 et
832 1024 956 1052 maxillas
968 1032 1017 1051 no-

232 1076 303 1099 stras
314 1071 393 1098 freno
407 1077 434 1098 et
448 1078 526 1098 camo
538 1071 764 1106 constringendas
772 1071 923 1098 censuisset
932 1070 1015 1103 Deus,

232 1118 305 1153 quod
322 1124 419 1145 omnes
431 1116 679 1150 declinaveramus,
695 1116 824 1144 sacerdos
837 1116 918 1145 simul
930 1121 957 1143 et
969 1124 1017 1151 ρο-

233 1163 326 1198 pulus.
344 1167 372 1190 ut
388 1170 476 1197 equus
490 1162 603 1190 clIrenis
620 1167 648 1190 et
662 1167 820 1194 contumax,
832 1161 887 1189 duo
905 1162 955 1188 viri
973 1169 1018 1188 sa-

232 1210 289 1237 lute
307 1217 354 1236 sua
379 1208 497 1236 fortunae
513 1209 655 1243 permissa,
674 1216 706 1235 ex
718 1208 799 1235 scalis
814 1215 874 1243 quze
893 1207 1017 1242 proxime

233 1256 355 1284 Pctrium
380 1254 512 1282 adversus
538 1254 732 1288 imperatorem
758 1253 785 1280 in
815 1248 898 1287 opere
922 1256 1012 1285 erant,

234 1310 290 1336 pne
307 1301 414 1329 caeteris
425 1300 507 1328 sociis
519 1300 546 1327 in
563 1300 660 1327 turrim
676 1299 806 1326 desiliunt
818 1305 846 1326 et
865 1299 1017 1326 Romanum

234 1348 393 1383 prassidium
405 1347 563 1381 deturbant.
585 1346 688 1373 Deinde
704 1346 804 1380 agitata
829 1353 920 1378 manu,
945 1345 1018 1380 quod

235 1395 385 1422 alacritatis
398 1399 425 1421 et
437 1392 543 1420 ﬁducia:
554 1392 661 1427 signum
679 1390 761 1427 754
774 1395 858 1423 esset,
873 1391 1019 1425 populares

235 1448 302 1468 suos
313 1441 487 1467 conllrmant.
509 1438 612 1466 Eodem
630 1446 740 1473 quoque
754 1443 889 1472 tempore,
905 1437 1017 1472 quidam

237 1494 323 1521 eques
334 1486 445 1513 nomine
462 1485 570 1517 Petrus,
583 1492 632 1519 per
648 1489 756 1519 portam
780 1483 882 1510 ibidem
899 1482 1017 1517 ingrcdi-
1032 1501 1053 1531 c

238 1537 293 1564 tur,
307 1532 352 1566 qui
369 1536 440 1558 totas
453 1531 601 1566 phalanges
621 1530 716 1565 fugare
741 1537 822 1564 posse
846 1533 1017 1560 censeretur,

237 1578 370 1613 gigantem
395 1575 593 1611 propemodum
618 1580 739 1606 staturae,
763 1574 897 1602 cassidem
915 1575 1020 1601 turrita:

236 1623 315 1651 urbis
341 1623 426 1649 instar
447 1621 536 1656 capite
560 1625 688 1656 gestans;
714 1620 793 1655 cujus
815 1620 897 1646 unius
913 1620 1014 1653 equitis

238 1674 317 1696 torvo
345 1667 424 1694 vultu
450 1671 479 1694 et
507 1665 649 1700 spectabili
675 1664 849 1699 proceritate,
874 1663 1020 1696 stipatores

238 1713 420 1749 imperatorii,
449 1712 578 1739 homines
601 1710 718 1740 nobiles.
744 1713 772 1736 et
796 1708 916 1743 reliquus
940 1715 1019 1734 exer-

238 1761 310 1788 citus
338 1768 393 1787 non
421 1759 547 1787 tolerato.
573 1760 731 1784 consuetam
762 1755 833 1788 fllga‘
885 1754 1023 1789 egregium

235 1804 333 1832 salutis
345 1803 505 1838 praesidium
523 1801 694 1838 iudicarunt,
720 1799 798 1834 quasi
823 1799 850 1825 in
876 1808 958 1825 unum
976 1802 1023 1826 de-

235 1857 364 1884 generem
385 1849 507 1876 animum
527 1847 637 1875 conﬂati
661 1851 754 1875 essent
780 1854 896 1878 omnes;
922 1854 954 1872 ac
976 1846 1023 1873 de-

235 1896 319 1924 sertis
331 1894 533 1923 munitionibus
547 1894 620 1930 (nam
636 1893 664 1921 in
679 1893 762 1921 editis
774 1893 887 1920 tumulis
901 1892 1022 1927 stabant)

237 1943 342 1971 milleni
365 1942 399 1970 ab
422 1950 476 1970 uno
491 1941 668 1977 lugabantur.
685 1945 714 1968 et
735 1948 783 1975 per
803 1947 914 1967 auream
939 1944 1025 1966 terre-

237 1995 322 2017 strem
338 1989 416 2016 urbis
430 1991 539 2023 portam
560 1987 675 2022 egressi,
689 1994 720 2013 ac
731 1994 820 2021 nuper
837 1990 943 2013 structo
959 1993 1021 2019 pro—

238 2033 393 2069 pugnaculo
401 2032 505 2063 diruto,
519 2039 574 2067 quo
583 2039 720 2066 quemque
732 2035 821 2058 metus
835 2031 896 2057 tulit
909 2030 1023 2062 (utinam

238 2086 302 2105 vero
325 2077 352 2104 in
364 2077 523 2104 barathrum
541 2080 568 2103 et
588 2076 804 2104 internecionem
831 2073 1023 2107 incidissent!)

239 2122 397 2158 dilIugiuut.
413 2122 483 2150 Tum
499 2123 603 2155 hostes,
625 2122 771 2150 resistente
788 2121 908 2153 nemine,
923 2120 1023 2155 passim

240 2170 408 2202 discurrunt,
425 2174 452 2197 et
467 2169 576 2204 gladiOS
592 2169 619 2195 in
633 2175 742 2196 omnem
758 2172 866 2195 aetatem
887 2170 914 2194 et
929 2173 1023 2194 sexum

239 2215 390 2251 stringunt,
412 2211 468 2242 non
490 2218 655 2242 conservata
682 2213 753 2246 acie,
776 2221 833 2241 non
856 2213 962 2247 integra
978 2219 1026 2239 co-

245 2265 337 2297 horte,
353 2264 400 2292 sed
415 2265 531 2299 sparsim
552 2263 645 2291 diliusi
668 2268 698 2290 ut
714 2263 769 2299 jam
785 2262 914 2289 oninibus
936 2261 1030 2288 fortui-

245 2311 361 2338 dabiles.
373 2310 486 2345 Vesperi
504 2310 537 2337 iis
556 2318 615 2343 quze
631 2309 664 2336 ad
681 2309 823 2337 Orientem
850 2308 967 2335 tendunt
984 2308 1029 2334 iu-

245 2357 336 2384 eensis
351 2356 433 2391 (quod
446 2355 603 2384 incendium
616 2356 650 2382 ab
665 2355 806 2386 Evergetaa
818 2353 985 2380 monasterio
997 2361 1029 2379 ca

244 2411 305 2438 qua).
326 2402 359 2430 ad
381 2410 456 2429 mare
471 2402 606 2429 inclinant
628 2408 714 2435 usque
731 2399 810 2434 755
831 2399 864 2426 ad
883 2397 1028 2433 Druugarii

246 2449 320 2477 :edcs
337 2448 501 2484 absumpsit)
519 2447 621 2474 reversi
643 2446 676 2473 ad
700 2446 876 2479 Paulcpoptre
893 2448 1029 2471 monaste—

245 2495 315 2522 rium
331 2500 421 2522 castra
446 2494 550 2525 locant,
571 2491 745 2526 imperaloris
765 2490 884 2518 tentorio
910 2490 1029 2524 spoliato

244 2545 274 2570 ct
287 2541 449 2570 Blachcrnio
473 2539 574 2575 palatio
601 2538 671 2566 citra
696 2536 837 2572 negotium
864 2536 956 2571 primo
977 2535 1029 2566 im-

1062 208 1239 242 τειχομαχίαν
1256 208 1418 243 ἡτοίμασται
1434 209 1482 235 καὶ
1497 209 1533 240 ὼς
1550 209 1598 235 ἐπὶ
1615 208 1700 242 ζυγοῦ
1718 210 1858 234 κατατεί-

1062 261 1146 280 ναντα
1159 254 1206 280 ἐπὶ
1227 253 1276 288 τὴν
1304 253 1372 288 πρὸς
1396 253 1431 280 τὰ
1454 254 1533 288 τείχη
1565 254 1758 288 μεταϐαίνουσι
1781 254 1861 280 πλά-

1064 307 1176 332 στιγγα,
1192 299 1238 326 καὶ
1263 299 1419 334 διειλήφασι
1443 300 1489 326 τὸν
1505 299 1605 334 χῶρον,
1624 300 1653 331 ἐς
1670 299 1701 326 τὸ
1717 300 1861 334 ἀποχρῶν

1062 344 1186 379 ἀλλήλων
1197 345 1368 380 διιστάμενα,
1381 345 1409 377 ὃς
1423 346 1456 372 ὲκ
1468 345 1518 379 τῆς
1530 345 1576 371 τοῦ
1594 345 1748 380 Εὐεργέτου
1763 346 1862 380 μονῆς

1062 390 1091 422 ὲς
1104 390 1137 416 τὰ
1150 391 1179 417 ἐν
1190 390 1356 426 Βλταχέρναις
1367 391 1506 426 ἀνάκτορα
1519 390 1689 426 γραμμικῶς
1702 391 1864 426 ὲκμηκίξε-

1062 444 1119 467 ται,
1137 436 1378 472 ὲμπεπῦρισμένος
1390 437 1428 463 ὢν
1439 437 1487 463 καὶ
1502 437 1711 472 ἀνεσκαμμένος
1724 437 1760 463 τὰ
1775 437 1862 464 ἔνδον

1063 481 1194 508 οἰκόπεδα
1219 481 1266 508 καὶ
1289 481 1390 514 παντὸς
1412 482 1580 517 ἐψιλωμένος
1601 482 1677 518 ἡδέος
1700 482 1861 517 θεάματος.

1065 528 1154 563 ὀπερ
1177 527 1238 554 ἰδὼν
1254 529 1268 554 ὁ
1289 528 1405 560 Δούκας,
1430 528 1501 563 δρῶν
1520 529 1566 555 καὶ
1588 529 1669 560 αὐτὸς
1686 530 1744 560 τοῖς
1769 529 1862 555 πολε-

1065 574 1137 609 μίοις
1153 573 1290 606 ἀντίθετα,
1304 573 1354 608 τὴν
1370 573 1507 608 βασίλειον
1521 572 1636 599 αὐλαίαν
1651 573 1860 607 προσετετάχει

1064 618 1226 653 διαταθῆναι
1249 619 1320 646 κατὰ
1343 618 1388 644 τὸν
1403 618 1431 644 ἑν
1447 619 1480 653 τῇ
1495 619 1563 653 μονῇ
1578 617 1625 644 τοῦ
1651 617 1859 644 Παντεπόπτου

1065 666 1197 700 κολωνὶν,
1212 666 1273 693 ὅθεν
1288 664 1359 701 ἦσαν
1373 666 1470 700 ὁραταὶ
1491 665 1540 700 μὲν
1556 665 1584 692 αι
1603 665 1667 700 νῆες
1687 665 1715 691 αἱ
1737 664 1860 697 πολεμι-

1066 713 1183 747 στήριοι,
1196 711 1339 746 καταφανῆ
1354 711 1381 738 δὲ
1398 711 1445 737 καὶ
1459 710 1493 738 τὰ
1509 711 1576 746 παρ’
1590 709 1679 736 αὐτῶν
1693 710 1722 736 ὲν
1737 709 1860 741 ταύταις

1065 757 1202 793 δρώμενα.
1225 756 1269 788 Ὠς
1282 757 1303 783 δ’
1319 756 1481 791 ἐπέφωσκεν
1495 757 1512 791 ὴ
1524 756 1606 790 ἐνάτη
1623 756 1671 782 τοῦ
1693 755 1859 790 Ἀπριλλίου

1068 803 1153 839 μηνὸς
1166 804 1216 838 τῆς
1230 803 1347 838 ἑϐδόμης
1367 803 1531 834 ίνδικτιῶνος
1550 802 1597 829 τοῦ
1616 801 1858 836 ἐξακισχιλιοστοῦ

1068 848 1283 876 ἑπτακοσιοστοῦ
1307 848 1461 875 δωδεκάτου
1486 847 1574 878 ἔτους,
1593 846 1628 873 τὰ
1644 846 1694 882 μὲν
1710 847 1792 872 πλοῖα
1806 846 1859 872 καὶ

1066 895 1092 921 οι
1107 895 1245 930 δρόμωνες
1264 894 1322 925 τοῖς
1338 894 1439 929 τείχεσι
1455 892 1689 929 προσπελάζουσι,
1703 891 1857 926 θαρσαλέοι

1066 941 1095 968 δέ
1109 949 1180 972 τινες
1199 940 1387 975 πολεμήτορες
1406 938 1534 966 ἔπανίασι
1544 938 1598 969 τὰς
1614 937 1763 972 κλίμακας,
1775 937 1813 963 τὰ
1825 937 1858 963 δὲ

1068 985 1136 1020 βέλη
1148 986 1263 1011 παντοῖα
1287 984 1358 1011 κατᾶ
1383 983 1438 1010 τῶν
1461 984 1490 1010 tv
1500 983 1556 1014 τοῖς
1584 982 1701 1017 πύργοις
1729 981 1856 1016 ἠφίεντο.

1071 1031 1157 1065 ὀλην
1173 1030 1222 1066 μὲν
1236 1029 1282 1056 οὖν
1292 1029 1400 1064 ἐκείνην
1415 1029 1464 1064 τὴν
1477 1028 1585 1063 ἡμέραν
1602 1028 1675 1063 μάχη
1698 1028 1856 1062 ἐνειστήκει

1067 1074 1224 1106 στονόεσσα,
1241 1072 1275 1109 ἦν
1291 1073 1321 1100 δέ
1334 1082 1390 1104 πως
1401 1073 1435 1100 τὰ
1453 1072 1598 1108 Ῥωμαίων
1612 1072 1834 1106 ἐπικρατέστερα
1847 1080 1855 1087 ο

1067 1119 1133 1147 αἵτε
1149 1119 1203 1154 γὰρ
1219 1118 1418 1154 κλιμακοφόροι
1441 1118 1504 1152 νῆες
1531 1120 1580 1143 σιν
1596 1118 1652 1148 τοῖς
1678 1118 1856 1151 ἱππαγωγοῖς

1067 1164 1204 1199 δρόμωσιν
1221 1164 1358 1199 ἄπρακτοι
1371 1163 1425 1190 τῶν
1442 1162 1540 1197 τειχῶν
1551 1162 1791 1196 ἁπεκροὺσθησαν,
1807 1163 1856 1188 καὶ

1067 1211 1102 1237 τὰ
1116 1210 1170 1237 τῶν
1194 1210 1275 1237 λίθων
1294 1210 1326 1236 ἐκ
1344 1209 1393 1244 τῆς
1419 1209 1522 1240 πόλεως
1542 1208 1682 1242 ἀφετήρια
1707 1207 1857 1239 πλείστους

1068 1256 1148 1287 ὅσους
1161 1255 1215 1282 τῶν
1236 1254 1373 1289 πολεμίων
1389 1253 1556 1288 διέφθειραν.
1578 1253 1809 1288 Ἀνοχευσάμενοι
1826 1253 1857 1280 δὲ

1068 1302 1092 1328 ot
1108 1301 1233 1335 πολέμιοι
1248 1300 1297 1333 τὴν
1311 1299 1369 1334 μετ’
1384 1299 1491 1334 ἐκείνην
1512 1299 1620 1334 ἡμέραν
1633 1300 1681 1325 καὶ
1691 1299 1741 1333 τὴν
1755 1299 1857 1334 ἐφεξῆς

1068 1347 1250 1381 κυριώνυμον,
1275 1347 1307 1380 τῇ
1336 1345 1469 1380 ὑστεραίᾳ
1498 1344 1578 1371 πάλιν
1602 1345 1636 1379 τῇ
1664 1344 1741 1370 πόλει
1765 1352 1854 1378 προσ-

1069 1392 1181 1419 πλέουσι
1199 1392 1245 1419 καὶ
1262 1393 1322 1422 ταῖς
1341 1392 1403 1427 ᾐόσι
1425 1391 1631 1425 προσίσχουσιν,
1648 1389 1690 1425 IP.
1705 1388 1768 1425 366]
1793 1390 1857 1425 ἣτις

1068 1436 1103 1470 ἦν
1119 1438 1254 1472 δωδεκάτη
1269 1439 1317 1472 μὲν
1330 1437 1377 1463 τοῦ
1401 1436 1558 1471 Ἀπριλλίου
1576 1435 1672 1470 μηνὸς,
1698 1434 1812 1470 δευτέρα
1825 1434 1856 1461 δι

1069 1485 1118 1520 τῆς
1137 1484 1220 1518 ἕκτης
1242 1482 1389 1518 ἐὸδομέιδος
1410 1482 1465 1508 τῶν
1484 1480 1624 1515 νηστειῶν.
1647 1480 1728 1515 Mean
1744 1479 1793 1514 μὲν
1807 1478 1856 1506 οὖν

1070 1531 1161 1564 ἡμέρᾳ
1182 1530 1228 1556 καὶ
1247 1529 1393 1563 κατίσχυον
1409 1528 1440 1554 τὰ
1461 1527 1595 1561 ἡμέτερα,
1611 1527 1658 1552 καὶ
1676 1527 1693 1561 ἡ
1713 1525 1791 1561 ἀκμὴ
1803 1525 1854 1554 τοῦ

1071 1576 1158 1604 κακοῦ
1170 1576 1332 1612 ἰσχυροτέρα
1340 1585 1381 1607 τις
1390 1573 1424 1612 ἦν
1433 1577 1480 1604 καὶ
1487 1576 1638 1612 δριμυτέρα
1650 1576 1700 1612 τῆς
1710 1576 1855 1612 πρότριτα·

1071 1622 1166 1657 ἐπειδὴ
1188 1623 1216 1649 δὲ
1243 1622 1297 1648 ἔδει
1321 1622 1440 1650 δούλειον
1466 1622 1547 1656 ζυγὸν
1568 1622 1700 1650 ὑποδῦναι
1724 1621 1774 1657 τὴν
1800 1622 1856 1648 τῶν

1071 1667 1176 1695 πόλεων
1191 1668 1304 1696 ἀπασῶν
1319 1669 1474 1704 ἄρχουσαν,
1497 1668 1524 1695 ὲν
1540 1669 1622 1703 κημῷ
1639 1677 1668 1694 τε
1689 1669 1736 1695 καὶ
1754 1668 1856 1703 χαλινῷ

1071 1712 1121 1744 τὰς
1138 1714 1266 1747 σιαγόνας
1288 1714 1366 1749 ἡμῶν
1382 1713 1463 1747 ἄγξαι
1479 1713 1544 1745 ea;
1563 1713 1732 1745 ἐδικαίωσεν,
1750 1715 1792 1740 ὅτι
1809 1714 1857 1740 καὶ

1072 1758 1172 1791 πάντες
1187 1760 1348 1795 ἐξέστημεν,
1361 1760 1460 1795 ’ἱερεὺς
1473 1759 1540 1796 ὁμοῦ
1555 1760 1602 1787 καὶ
1620 1760 1695 1792 λαδς,
1711 1759 1749 1791 ὡς
1772 1759 1856 1790 ἵππος

1073 1804 1232 1841 θρασαύχην
1255 1814 1285 1832 τε
1309 1806 1357 1833 καὶ
1383 1805 1558 1842 δυσχάλινος,
1585 1807 1616 1833 ἐκ
1639 1806 1693 1832 τῶν
1714 1806 1856 1839 κλιμάκων

1074 1851 1151 1886 μιᾶς,
1175 1851 1237 1886 ἥτις
1257 1851 1374 1886 ἄγχιστα
1391 1849 1425 1887 ἦν
1446 1851 1500 1878 τῶν
1522 1851 1647 1887 Πετρίων
1659 1852 1707 1879 καὶ
1725 1852 1856 1886 βασιλέως

1076 1899 1168 1926 ἔναντι
1180 1899 1339 1930 διεπονεῖτο,
1365 1897 1461 1932 ἄνδρες
1482 1895 1529 1922 δύο
1552 1896 1721 1930 παραδόντες
1746 1895 1859 1926 ἑαυτοὺς

1075 1945 1109 1979 τῇ
1135 1945 1203 1979 τύχῃ
1228 1943 1332 1978 πρῶτοι
1358 1942 1405 1969 τοῦ
1425 1941 1564 1977 ἑταιρικοῦ
1589 1942 1618 1972 ὲς
1644 1941 1690 1967 τδν
1715 1942 1776 1967 κατ’
1799 1941 1859 1975 ὄψιν

1077 1989 1182 2024 πύργον
1192 1988 1381 2022 καταληδῶσι,
1395 1988 1442 2014 καὶ
1460 1987 1618 2014 διασοόοῠσι
1636 1986 1666 2013 τὸ
1682 1987 1772 2012 ἐκεῖσε
1791 1985 1857 2012 Ῥω-

1079 2035 1169 2070 μαίοις
1188 2035 1336 2070 φυλακικδν
1351 2034 1538 2068 συμμαχικὸν,
1559 2033 1594 2059 ἐκ
1607 2033 1634 2058 δὲ
1651 2031 1746 2059 τούτου
1763 2031 1860 2057 διασεί-

1079 2089 1176 2111 σαντες
1199 2080 1248 2115 τὴν
1264 2081 1343 2115 χεῖρα
1359 2080 1462 2107 ἄνωθεν
1475 2077 1529 2105 οἷον
1548 2078 1684 2113 σύμϐολον
1709 2078 1796 2112 χαρᾶς
1814 2078 1859 2103 καὶ

1080 2127 1197 2160 οάρσους
1214 2126 1276 2156 τοὺς
1291 2125 1407 2159 φυλέτας
1422 2125 1594 2160 ὲπέῤῥωσαν.
1616 2123 1662 2155 Ἐξ
1683 2123 1741 2149 ίσου
1756 2123 1784 2148 δὲ
1807 2124 1859 2153 τοῖς

1045 2169 1065 2196 υ
1080 2174 1119 2204 είς
1135 2173 1179 2199 τὸν
1199 2171 1303 2208 πύργον
1329 2171 1476 2206 ἁλαμένοις
1494 2170 1541 2196 καί
1561 2179 1603 2202 τις
1627 2171 1659 2196 ὲκ
1673 2171 1724 2204 τῆς
1746 2169 1859 2200 ῑππάδος

1057 2222 1060 2223 ⁷
1079 2219 1182 2254 Πέτρος
1198 2216 1314 2252 τοῦνομα
1330 2217 1374 2243 διὰ
1397 2218 1445 2252 τῆς
1465 2216 1552 2251 πύλης
1567 2217 1666 2242 εἷσεισι
1689 2216 1738 2250 τῆς
1761 2216 1856 2247 ἐκεῖσε,

1079 2263 1141 2294 ὅλας
1153 2263 1296 2296 φάλαγγας
1311 2262 1390 2296 κλονῆ
1397 2270 1439 2288 σαι
1453 2261 1612 2296 κρινόμενος
1623 2261 1799 2291 ἱκανώτατος,
1815 2259 1858 2285 καὶ

1080 2309 1129 2342 τὴν
1145 2308 1301 2342 ἀναδρομὴν
1317 2306 1364 2333 τοῦ
1381 2306 1507 2341 σώματος
1522 2306 1560 2336 ὡς
1577 2305 1658 2338 γίγας
1676 2303 1776 2339 μικροῦ
1793 2312 1857 2339 προ-

1080 2353 1241 2388 φαινόμενος
1273 2352 1442 2386 ὲννεόργυιος
1471 2351 1547 2387 (Si),
1565 2351 1613 2376 καὶ
1639 2349 1721 2376 αὺτὺν
1756 2349 1784 2375 δὲ
1812 2350 1857 2382 τὴν

1083 2397 1161 2424 κάσιν
1176 2397 1232 2432 (55)
1254 2398 1303 2430 τῆς
1328 2396 1448 2430 κεφαλῆς
1461 2395 1690 2429 διεσκευασμένον
1708 2393 1777 2428 ἔχων
1792 2391 1858 2419 κατὰ

1082 2443 1160 2470 πόλιν
1188 2442 1371 2477 πυργόεσσαν.
1395 2441 1462 2467 Οὐδὲ
1488 2440 1603 2475 κόρυθος
1624 2439 1713 2466 τοίνυν
1739 2438 1858 2472 μέτωπον

1082 2488 1141 2518 ἑνὸς
1169 2487 1265 2523 ἀνδρὸς
1293 2485 1442 2517 ίππαστοῦ,
1473 2484 1698 2520 καταπληκτικοῦ
1724 2484 1755 2511 τὸ
1783 2482 1857 2515 εἶδος,

1081 2532 1238 2566 ἀξιοθεάτου
1255 2532 1285 2559 τὸ
1303 2523 1418 2567 μέγεοος
1434 2531 1458 2558 oi
1475 2531 1540 2566 περὶ
1554 2530 1600 2557 τὸν
1612 2529 1724 2566 βασιλέα
1738 2530 1777 2564 τῷ
1790 2529 1858 2563 γένει

851 2664 855 2667 _
878 2624 965 2655 Hier.
987 2622 1089 2654 Wolﬁi
1113 2626 1208 2658 noue.

281 2716 336 2751 (5i)
349 2715 441 2750 Γίγας
452 2714 633 2749 ἐνεόργυιος.
640 2711 838 2749 Iugeribusque
847 2719 943 2740 novem
953 2720 1028 2740 sum-

246 2753 298 2778 mis
313 2752 432 2779 distabat
441 2751 476 2777 ab
492 2751 558 2778 imo.
645 2759 649 2762 ”

282 2787 336 2821 (55)
349 2786 400 2813 Καὶ
417 2786 511 2812 αὑτὸν
527 2785 561 2812 δὲ
573 2786 626 2818 τὴν
643 2784 745 2811 πᾶσιν.
758 2783 851 2821 Taletu
861 2783 966 2821 galeam
979 2782 1028 2808 Ba-

247 2819 400 2854 silexVidi,
417 2821 543 2854 qualibus
559 2822 623 2849 olim
645 2821 671 2847 in
691 2819 920 2847 concursionibus
941 2824 1026 2852 eque-

1080 2711 1184 2738 stribus
1197 2708 1359 2736 Germanica
1377 2707 1504 2734 nobilitas
1519 2713 1565 2732 usa
1582 2710 1633 2742 est.
1650 2701 1716 2742 tanti
1735 2700 1858 2740 ponderis

1081 2746 1165 2773 armis
1180 2746 1373 2777 rireumsepta,
1391 2747 1419 2769 ut
1435 2749 1508 2769 nunc
1529 2749 1543 2768 a
1562 2741 1654 2767 tuultis
1673 2741 1715 2765 vix
1733 2742 1856 2763 susttuen

1081 2790 1160 2817 posw
1181 2781 1335 2806 \‘ldt'itllllll‘.
