1954 3072
117 115 183 145 953

644 115 813 147 ALEXIUS
828 117 952 147 DUCAS
973 119 1221 151 MUllZUFLUS.

1699 118 1754 151 954

115 172 262 206 ἐπίσημοι
287 172 334 199 καὶ
361 171 392 199 τὸ
416 172 508 200 λοιπὸν
530 173 686 209 στράτευμα
701 174 820 201 κατιδεῖν
836 175 913 208 ἐνεγ-

980 180 1033 202 tetu
1051 181 1141 211 capto.
1159 178 1193 204 At
1207 177 1357 212 imperator
1369 178 1396 204 in
1413 178 1482 206 alios
1497 184 1579 214 atque
1595 180 1663 207 alios
1676 180 1756 209 urbis

116 217 224 248 κέαντες
245 217 348 250 ἀγαθὸν
369 218 417 245 τοῦ
439 219 575 251 σώζεσθαι
593 220 739 254 φάρμακον
761 220 810 254 τὴν
834 219 916 247 ἐϐάδα

116 262 219 297 φυγὴν
245 262 439 297 ὑπειλήφασιν.
455 263 552 300 ὥσπερ
578 265 619 296 εἰς
638 265 703 300 μίαν
728 264 916 297 ἐνεθισθέντες

116 306 178 333 καὶ
202 307 384 340 συντακέντες
409 308 512 343 ἀγεννῆ
541 309 641 345 ψυχὴν,
663 309 725 336 ὅθεν
751 311 790 341 είς
814 310 915 337 δειλίαν

115 353 185 380 τῶν
202 353 391 388 ὀχυρωμάτων
409 354 501 386 αὐτοῖς
515 355 680 390 τεθειμένων
695 355 754 389 (ἐπὶ
769 354 823 390 γὰρ
836 354 918 390 γηλό-

117 407 189 432 φων
199 398 299 434 ὀρθίων
308 398 429 434 ἵσταντο)
442 399 512 426 κατὰ
523 399 625 434 χιλίους
635 399 680 434 ὑφ’
692 400 752 432 ἐνὸς
764 399 916 433 ἐδιώκοντο,

118 445 178 472 καὶ
191 446 250 476 ταῖς
265 445 396 480 χρυσέαις
410 445 554 481 χερσαίαις
569 445 669 477 πύλαις
684 446 739 481 (56)
758 446 920 477 ἐπιστάντες

965 221 1127 256 angiportus
1141 222 1300 251 discurrens
1312 224 1441 251 studebat
1458 225 1504 252 ille
1523 226 1634 260 quidem
1651 232 1754 255 temere

968 266 1144 295 aberrantem
1164 269 1295 304 populum
1318 270 1447 305 colligere
1461 275 1489 298 et
1509 272 1686 305 centuriare;
1705 272 1753 300 sed

967 310 985 338 ii
1001 318 1091 346 neque
1112 312 1225 340 tuonitis
1249 314 1309 348 ejus
1337 315 1531 347 movebantur,
1555 324 1607 343 nec
1629 316 1756 352 increpa-

967 356 1057 384 tiones
1069 358 1203 386 curabant
1222 360 1333 388 turbine
1357 360 1562 395 desperationis
1585 370 1684 390 omnes
1704 371 1755 398 op-

968 403 1067 438 pressi.
1079 404 1114 431 Et
1130 408 1204 432 utea
1219 413 1280 440 quae
1296 411 1401 435 restant
1414 408 1570 443 adiungam,
1592 407 1652 436 dies
1676 409 1757 436 ineli-

969 448 1057 480 navit,
1073 456 1128 476 nox
1153 451 1298 485 processit,
1326 456 1354 478 et
1374 452 1450 479 urbis
1477 453 1757 482 habitatoresomues

83 496 88 499 ‘
116 491 179 525 τῆς
197 490 306 522 πόλεως
330 491 360 517 τδ
386 491 532 527 νεόδμητον
557 492 648 518 ἐκεῖσε
680 491 842 518 κατασπῶσι
865 492 919 519 τῶν

982 495 1170 523 ransl’erendis
1193 502 1221 523 et
1241 497 1416 525 defodiendis
1438 499 1495 526 suis
1517 500 1616 534 opibus
1637 507 1758 535 occupa-

118 537 237 563 πολλῶν
258 537 445 572 ἐπιτείχισμα,
465 538 513 564 καὶ
536 537 666 573 τρέχουσι
684 546 713 564 τε
742 538 790 564 καὶ
815 537 921 565 διασκί-

980 545 1085 568 tantur.
1101 542 1186 570 Erant
1200 543 1282 570 etiam
1295 543 1341 578 qui
1360 551 1393 570 ex
1408 544 1474 571 urbe
1484 545 1586 572 vellent
1604 545 1757 579 discedere,

116 583 251 615 δνανται,
270 583 307 615 ὡς
324 583 424 618 ὄφελόν
439 592 471 618 γε
488 584 538 619 τὴν
555 585 584 616 ἐς
604 584 742 620 βάραθρον
759 584 808 611 καὶ
826 584 920 612 πανώ-

980 594 1023 622 [ua
1042 587 1159 622 quisque
1174 594 1265 623 posset
1281 589 1388 616 ratione
1402 590 1517 617 salutem
1531 591 1685 625 quaesituri.

117 629 206 656 λειαν
219 630 403 667 βαδιούμενοι.
415 633 446 660 Ol
457 632 486 659 δέ
499 632 625 667 πολέμιοι
640 633 756 666 μηδενὸς
770 633 812 664 είς
826 634 921 668 χεῖρας
943 633 1028 667 ἰόντος
1061 635 1200 663 διαθέουσι
1218 637 1351 672 πολλαχῆ,
1373 637 1420 663 καὶ
1434 637 1469 663 τὰ
1504 636 1568 672 ξίφη
1589 637 1678 663 σπῶσι
1696 636 1759 663 καθ’

118 676 242 710 ἡλικίας
267 678 360 712 πάσης
374 679 422 706 καὶ
447 679 543 712 γένους
559 678 674 711 παντὸς,
700 679 749 713 οὐχ
761 676 802 711 εἷς
833 679 875 706 ἐνὶ
908 681 1078 716 συνημμένοι
1105 683 1154 710 καὶ
1178 683 1250 710 κατὰ
1285 683 1412 716 σύνταξιν
1442 684 1553 715 πλείους
1574 682 1758 718 ἀλληλουχού·

121 728 220 755 μενοι,
247 721 323 748 ἀλλὰ
347 722 541 758 διακεχυμένοι
570 723 704 758 σποράδες
727 723 764 755 ὼς
782 723 832 759 ήδη
845 725 923 758 παρά
943 726 1028 752 πᾶσιν
1060 728 1271 762 ἐπιφοὸώτατοι.
1306 729 1444 764 Ἐσπέρας
1457 729 1486 756 δέ
1502 730 1670 764 παραδόντες
1691 726 1759 763 πυρὶ

116 769 159 796 τὰ
170 768 243 804 πρὸς
257 768 294 796 ἒω
307 769 354 796 καὶ
369 769 408 796 ἐτι
423 770 517 804 πρόσω
530 770 627 806 μικρὸν
641 770 691 805 τῆς
704 770 751 797 τοῦ
765 771 918 806 Εὐεργέτου
937 773 1032 808 μονῆς,
1061 773 1075 800 ὃ
1087 774 1134 801 καὶ
1144 775 1350 810 κατινεμήσατο
1359 776 1394 802 τὰ
1405 775 1471 809 πρδς
1485 775 1623 802 θάλασσαν
1652 775 1756 801 ἐκεῖθεν

119 814 260 849 ἐπικλινῆ
282 815 432 850 καὶμέχρι
448 815 504 841 τῶν
522 816 712 850 Δρουγγαρίου
747 816 938 851 καταλήγοντα
960 819 1030 854 μέρη
1055 819 1105 854 τῆς
1127 820 1244 852 πόλεως,
1272 820 1471 847 ἐπαναλύουσιν
1508 818 1598 852 αὖθις,
1624 821 1672 846 καὶ
1698 817 1762 853 περὶ

121 862 183 898 τὴν
209 861 295 898 μονὴν
316 860 364 888 τοῦ
381 861 575 888 Παντεπόπτου
594 863 761 897 στρατήγιον
782 862 920 896 βάλλουσι,
938 865 988 899 τὴν
1010 865 1147 899 βασίλειον
1180 867 1387 904 ἐσκυλευκότεςη
1415 865 1519 901 σκηνὴν
1541 866 1589 892 καὶ
1604 866 1695 892 αὐτῶν
1709 866 1763 892 τῶν

118 909 154 936 ἐν
172 909 345 944 Βλαχέρναις
362 908 482 944 ἀρχείων
497 909 685 944 ἀπραγμόνως
696 918 726 937 τε
741 911 789 937 καὶ
805 910 835 944 ἐξ
867 911 964 946 ἐφόδου
997 913 1210 949 κεκρατηκότες.
1246 914 1277 942 '0
1293 914 1322 941 δὲ
1354 914 1482 950 βασιλεὺς
1491 914 1556 951 τῇδε
1573 915 1686 941 κάκεῖσε
1710 913 1765 939 τῶν

117 956 179 991 τῆς
199 956 306 988 πόλεως
321 956 437 991 περιιὼν
454 956 602 984 στενωπῶν
616 957 756 992 ἐπεχείρει
780 957 831 993 μέν
863 959 995 995 συνιστᾷν
1034 960 1082 987 καὶ
1102 961 1256 997 διαχροτεϊν
1277 962 1346 998 πρὸς
1362 961 1490 994 σύνταξιν
1520 961 1566 988 τδν
1601 961 1662 995 εικῆ
1683 968 1767 994 περιρ

119 1003 269 1039 φοιτῶντα
279 1003 359 1031 λαόν⁸
371 1003 398 1031 οι
410 1005 433 1032 δ’
444 1004 502 1031 οὒτ’
516 1004 657 1031 ἐπείθοντό
669 1006 694 1031 οί
723 1006 937 1041 ἐπιρρωννύοντι
957 1007 1015 1034 οὔθ’
1039 1008 1179 1044 ὑπήκουον
1189 1010 1394 1045 ἐπιπλήττοντι,
1406 1009 1465 1037 ἀλλ’
1476 1008 1662 1044 ἀπογνώσεως
1675 1009 1762 1034 πᾶσιν

120 1052 206 1085 αἰγὶς
221 1050 405 1079 ἐπεσέσειστο.
424 1052 480 1079 Καὶ
500 1052 544 1079 ῐνα
560 1051 600 1086 τῷ
614 1052 685 1087 λόγῳ
708 1053 867 1088 προδιὸάσω
884 1055 914 1080 τὸ
933 1054 1037 1088 λοιπὴν,
1070 1057 1226 1094 κέκλικενή
1244 1059 1337 1094 ἡμέρα
1368 1057 1415 1085 καὶ
1430 1058 1446 1092 ἡ
1461 1057 1509 1089 νὺξ
1525 1055 1695 1092 προῦκοπτε,
1716 1054 1762 1081 καὶ

119 1097 184 1124 τῶν
200 1096 251 1131 μέν
267 1096 310 1132 [Ρ.
333 1096 396 1132 ⁸567]
426 1096 586 1124 ἀπυπόλων
606 1097 722 1130 ἕκαστος
755 1098 878 1124 ἐνεπόνει
904 1100 937 1132 τῇ
957 1101 1103 1134 μεταθέσει
1121 1103 1167 1129 καὶ
1191 1103 1348 1138 καταχώσει
1367 1103 1422 1130 τῶν
1459 1101 1570 1136 οὐσιῶν,
1593 1099 1664 1138 ἦσαν
1685 1100 1708 1127 δ’
1723 1097 1765 1133 οἷς

121 1144 263 1180 ᾑρέτιστο
285 1143 332 1170 καὶ
356 1144 373 1178 ἡ
399 1144 432 1169 ἐκ
454 1144 505 1179 τῆς
523 1144 629 1175 πόλεως
644 1145 774 1180 ἄπαρσις,
806 1145 854 1171 καὶ
881 1144 918 1176 ὠς
939 1146 1066 1179 ἑκάστοις
1085 1148 1244 1184 προύχώρει
1263 1149 1398 1182 σώζεσθαι
1413 1148 1573 1184 ἠπείγοντο.

163 1192 207 1225 γ’.
215 1188 287 1217 Ἰδὼν
296 1189 386 1216 τοίνυν
394 1190 407 1216 ὀ
415 1189 519 1221 Δουκας
529 1189 566 1221 ὡς
576 1190 651 1217 οὐδὲν
657 1189 767 1224 ὠφελεῖ,
778 1189 826 1217 καὶ
835 1190 928 1222 δεδιὼς

1016 1193 1043 1220 5.
1064 1194 1153 1222 Ducas
1168 1194 1251 1229 igitur
1267 1202 1329 1222 cum
1350 1202 1379 1222 sc
1395 1194 1463 1221 nihil
1483 1193 1615 1228 prolicere
1639 1191 1766 1219 videret.

125 1237 192 1272 ἅμα
206 1235 244 1270 μὴ
255 1234 421 1271 συλληφθείη
442 1236 490 1262 καὶ
501 1235 539 1267 ὡς
554 1235 620 1270 ὄψον
634 1237 650 1271 ἢ
668 1236 850 1271 ἐπιτράγημα
867 1237 929 1266 ταῖς

127 1281 248 1316 γνάθοις
262 1281 318 1308 τῶν
330 1281 455 1308 Λατίνων
471 1282 665 1317 προκείσεται,
680 1282 794 1311 εἴσεισιν
818 1283 928 1317 ἀρχεῖον

124 1328 161 1355 τὸ
192 1327 333 1363 μέγιστον.
355 1327 411 1354 Καὶ
434 1327 466 1363 δὴ
495 1327 544 1363 τὴν
566 1327 725 1362 βασίλισσαν
751 1327 929 1363 Εὐφροσύνην

127 1375 185 1411 τὴν
218 1374 265 1400 τοῦ
285 1373 419 1408 βασιλέως
437 1373 558 1406 Ἀλεξίου
572 1375 690 1407 γυναῖκα
706 1375 753 1400 καὶ
767 1374 816 1408 τὴν
829 1374 929 1408 ταύτης

127 1419 274 1454 θυγατέρα
290 1418 420 1444 Εὺδοκίαν
428 1417 565 1452 λεμὸαδίῳ
581 1418 736 1453 ἐνθέμενος,
744 1416 778 1453 ἧς
793 1418 831 1453 τῷ
848 1418 928 1453 ἔρωτι

128 1465 359 1500 προκατείληπτο
370 1463 570 1498 πολυομίλητος
585 1464 617 1490 ἐκ
633 1464 746 1499 πρώτης
767 1465 860 1499 τριχὸς
883 1465 930 1490 καὶ

131 1512 281 1547 ῥυηφενὴς
293 1512 333 1541 είς
349 1509 443 1542 κοίτας
456 1509 632 1545 δεικνύμενος
650 1511 697 1538 καὶ
712 1510 759 1537 δύο
778 1511 931 1546 κουριδίους

131 1557 255 1591 ἀλόχους
276 1555 351 1590 παρὰ
370 1555 449 1590 δίκην
473 1556 730 1590 ἀποπεμψάμενος,
754 1556 805 1591 τῆς
825 1556 930 1587 πόλεως

129 1604 235 1636 ἔξεισι,
261 1601 427 1636 βασιλεύσας
452 1602 541 1637 μῆνας
555 1602 601 1628 δύο
620 1602 667 1629 καὶ
690 1595 796 1637 η’μέρας
812 1601 842 1635 ἓξ
859 1603 931 1638 πρὸς

129 1650 197 1680 ταῖς
213 1648 290 1675 δέκα,
303 1648 356 1674 Τοῦ
369 1647 397 1674 δέ
415 1647 546 1683 βασιλέως
560 1647 632 1674 οὕτω
648 1647 929 1682 μεταναστεύσαντος,

131 1695 256 1723 νεανιῶν
278 1694 393 1729 ξυνωρὶς
408 1693 546 1728 νηφαλίων
563 1701 593 1719 τε
612 1694 659 1720 καὶ
674 1693 794 1728 ἀρίστων
809 1695 841 1728 τῇ
858 1693 931 1720 κατὰ

132 1742 260 1777 πόλεμον
283 1740 419 1774 δεξιότητι
431 1740 456 1775 (ὁ
470 1740 574 1771 Δούκας
589 1736 661 1766 οὗτοι
678 1740 726 1766 καὶ
742 1740 755 1765 ὁ
777 1739 929 1774 Λάσκαρις,

133 1790 244 1824 ἀμφοῖν
259 1788 283 1814 δ’
302 1788 319 1822 ἡ
335 1787 431 1822 κλῆσις
447 1786 592 1821 ὁμώνυμος
614 1785 654 1821 τῷ
676 1785 792 1821 ἀρχηγῷ
814 1786 864 1820 τῆς
886 1785 932 1811 πί-

134 1842 228 1864 στεως
244 1832 369 1868 βασιλεῖ)
384 1832 422 1862 ὡς
443 1832 508 1866 περὶ
528 1832 591 1865 νηὸς
616 1830 819 1866 χειμαζομένης
839 1831 931 1865 διαφέ-

139 1887 239 1916 ρονται
253 1879 303 1913 τῆς
317 1877 406 1913 ἀρχῆς
418 1897 425 1910 ,
444 1877 528 1912 τύχης
545 1876 688 1912 βράὸευμα
704 1876 753 1902 καὶ
766 1877 853 1911 φορᾶς
868 1876 931 1903 ἀλο-

136 1926 237 1961 γίστου
260 1924 402 1959 πέττευμα
419 1923 450 1949 τὺ
468 1923 597 1957 μέγιστον
611 1922 679 1956 ὁμσῦ
696 1921 930 1964 καὶειερίπυστον

136 1970 238 2006 χρῆμα
263 1969 311 2005 τὴν
333 1969 388 1995 τῶν
408 1967 553 2002 Ῥωμαίων
574 1966 713 2002 βασιλείαν
727 1967 846 2002 δρῶντες
861 1975 930 2001 προ-

135 2015 281 2051 κείμενον.
302 2014 483 2048 Είστήκεισαν
505 2011 552 2039 οὖν
575 2013 744 2048 ἀμφήριστοι
768 2012 814 2039 τὸν
843 2013 931 2047 μέγαν

136 2061 274 2092 είσιόντες
287 2059 366 2093 νεὼν⁷
382 2058 566 2092 ἁμιλλώμενοι
589 2067 618 2085 τε
639 2059 765 2094 ἀλλήλοις
778 2059 825 2085 καὶ
838 2067 932 2093 παρα-

137 2107 312 2142 ὕαλλόμδνοι,
322 2107 368 2133 καὶ
380 2105 464 2141 μηδὲν
479 2105 561 2132 πλέον
575 2105 591 2140 ῆ
607 2105 718 2131 ἔλαττον
731 2105 850 2140 ἔχοντες,
863 2104 932 2131 ἀλλὰ

136 2154 188 2187 τῆς
202 2153 266 2187 ἴσης
280 2152 366 2187 ῥοπῆς
383 2151 551 2186 ἀξιούμενοι,
563 2152 604 2178 ὅτι
623 2151 686 2186 μηδ’
700 2149 733 2186 ἦν
752 2151 766 2177 ὁ
784 2151 903 2185 ἐλέγχων
916 2150 932 2186 ἦ

138 2200 186 2225 καὶ
207 2198 358 2233 ἐπικρίνων
375 2197 517 2232 ἑκάτερον.
538 2196 585 2223 Ἐκ
597 2197 625 2222 δὲ
637 2196 738 2231 κλήρου
756 2196 786 2222 τὸ
802 2197 934 2233 πρωτεῖον

139 2231 285 2279 εἰληφὼςδ
306 2243 447 2278 Λάσκαρις
461 2231 498 2269 τὰ
519 2243 568 2277 μὲν
582 2242 632 2277 τῆς
650 2242 788 2277 βασιλείας
800 2242 830 2267 οὐ
847 2231 935 2276 πριῗσ-

141 2289 197 2315 ίετο
212 2287 334 2324 σύμδολα
351 2307 358 2320 ,
380 2286 509 2319 συνεξιὼν
537 2286 565 2313 δέ
579 2286 618 2322 τῷ
639 2286 796 2322 πατριάρχῃ
814 2286 886 2312 κατὰ
904 2286 936 2314 τὸ

141 2335 242 2362 Μίλιον
257 2335 308 2361 οὐκ
330 2333 400 2360 ἀνίει
424 2332 567 2369 παραινῶν
589 2333 645 2364 τοῖς
661 2332 782 2359 συνιοῦσι
797 2332 844 2358 καὶ
866 2333 936 2366 σφᾶς

142 2380 331 2408 ὑποϐωπεύων
341 2380 381 2412 εἰς
392 2380 586 2415 ἁντιμάχησιν.
595 2378 676 2406 Ἀλλὰ
688 2379 804 2410 καὶτοὺς
813 2378 936 2410 σείοντας

142 2427 172 2460 ἐξ
182 2427 267 2462 ὤμων
279 2427 312 2453 τὰ
325 2426 423 2461 ἀρεῖκὰ
440 2426 548 2461 σιδήρια
560 2426 589 2456 ἐς
595 2425 640 2451 τὸν
650 2424 832 2460 προκείμενον
841 2425 936 2458 ἀγῶνα

143 2473 263 2508 πέμπων
294 2473 446 2508 ἐπώτρυνε,
484 2471 522 2507 μὴ
541 2472 638 2506 χρῆναι
669 2470 759 2505 λέγων
792 2470 937 2506 Ῥωμαίων

143 2518 256 2546 ἐλαττον
270 2518 392 2550 ἐκείνους
399 2518 429 2544 τὸ
437 2516 593 2544 διολωλέναι
606 2517 761 2549 δεδιέναι,εὶ
773 2517 842 2552 πρὸς
855 2517 936 2551 γένος

979 1240 1116 1275 simulque
1141 1242 1251 1269 timeret
1283 1248 1318 1268 ne
1346 1245 1443 1276 captus
1472 1244 1598 1275 paratum
1620 1237 1766 1273 opsonium

979 1286 1097 1314 maxillis
1116 1286 1276 1314 Latinorum
1300 1291 1384 1318 esset,
1410 1285 1557 1312 maximum
1575 1285 1706 1320 palatium
1724 1284 1768 1310 in-

980 1333 1116 1367 greditur,
1143 1338 1171 1361 et
1198 1333 1377 1368 Euphrosyna
1393 1332 1569 1367 imperatoris
1591 1331 1678 1358 Alexii
1700 1338 1767 1357 con-

977 1379 1041 1413 juge
1058 1383 1085 1406 et
1110 1379 1169 1414 ejus
1190 1379 1243 1405 ﬁlia
1259 1378 1392 1410 Eudocia,
1408 1378 1487 1412 cujus
1514 1384 1607 1404 amore
1622 1376 1769 1403 tenebatur

981 1423 1056 1458 (erat
1072 1423 1144 1449 enim
1162 1423 1243 1449 homo
1268 1430 1281 1449 a
1300 1422 1444 1456 pubertate
1458 1422 1621 1448 libidinosus
1634 1426 1662 1447 et
1682 1421 1767 1452 salax.

980 1470 1008 1494 et
1025 1467 1093 1494 duas
1113 1467 1276 1502 juvenculas
1298 1474 1397 1493 uxores
1416 1473 1464 1501 per
1491 1465 1618 1500 injuriam
1640 1465 1768 1499 repudia-

980 1511 1049 1546 rat),
1065 1512 1156 1539 lembo
1174 1512 1310 1546 impositis
1321 1532 1327 1542 ,
1347 1512 1415 1538 urbe
1434 1511 1576 1546 egreditur
1588 1530 1596 1542 ν
1621 1518 1683 1537 cum
1699 1511 1770 1537 duos

980 1566 1089 1586 menses
1108 1563 1137 1585 et
1155 1558 1237 1593 756
1258 1558 1317 1585 dies
1344 1557 1481 1585 sexdecim
1508 1558 1677 1591 imperasset.
1706 1555 1771 1583 Post

980 1605 1039 1639 ejus
1053 1604 1204 1631 discessum
1221 1605 1276 1631 duo
1287 1604 1403 1639 juvenes
1425 1603 1620 1630 modestissimi
1647 1607 1673 1629 et
1692 1601 1770 1628 belli—

981 1649 1127 1681 cosissimi,
1154 1648 1243 1676 Ducas
1255 1653 1282 1675 et
1304 1648 1439 1680 Lascaris,
1455 1652 1573 1682 uterque
1596 1647 1769 1677 Theodorus,

982 1693 1015 1721 de
1032 1693 1148 1728 imperio
1169 1700 1298 1728 tanquam
1323 1694 1356 1720 de
1379 1700 1449 1720 nave
1475 1691 1684 1727 tempestatibus
1706 1699 1771 1718 cou-

981 1739 1103 1768 ﬂictante
1131 1744 1248 1771 certant,
1281 1747 1343 1765 cum
1374 1739 1521 1765 maximam
1549 1742 1577 1764 et
1603 1728 1774 1764 celebratam.

982 1785 1056 1812 illam
1080 1792 1138 1812 rem
1166 1785 1320 1812 Romanum
1345 1784 1491 1818 imperium
1516 1784 1631 1811 fortuna-
1651 1782 1772 1809 ludibrio

982 1835 1010 1857 et
1036 1830 1132 1857 incerti
1160 1837 1239 1857 casus
1263 1829 1411 1856 temeritati
1437 1829 1608 1864 propositum
1636 1829 1771 1856 viderent.

982 1875 1129 1903 Maximum
1153 1876 1236 1910 igitur
1257 1875 1389 1910 templum
1408 1875 1521 1909 ingressi
1539 1875 1612 1901 inter
1625 1882 1685 1901 sese
1703 1882 1769 1901 cou-

982 1922 1152 1955 tendebant,
1177 1929 1228 1949 nec
1245 1925 1304 1948 erat
1334 1921 1381 1955 qui
1407 1921 1434 1948 in
1461 1920 1667 1955 comparatione
1694 1920 1772 1947 alteri

981 1969 1212 2004 przeponderaret.
1228 1968 1363 1996 ambobus
1383 1967 1458 1994 velut
1480 1967 1507 1994 in
1532 1967 1688 1999 :equililrio
1705 1974 1772 1993 con-

982 2015 1098 2042 stitutis.
1125 2015 1220 2049 Neque
1243 2014 1316 2041 enim
1334 2019 1394 2041 erat
1412 2012 1458 2048 qui
1475 2020 1619 2040 censuram
1635 2017 1681 2039 aut
1700 2011 1774 2047 judi-

983 2060 1056 2087 cium
1084 2060 1197 2087 faceret.
1226 2059 1351 2086 Lascaris
1379 2063 1470 2085 tamen
1496 2065 1511 2085 a
1536 2058 1611 2085 clero
1633 2058 1773 2092 praelatus,

984 2105 1139 2140 insignibus
1165 2105 1272 2139 imperii
1296 2103 1462 2139 repudiatis.
1483 2099 1545 2130 cum
1568 2102 1721 2137 patriarcha
1746 2102 1773 2128 in

984 2151 1087 2178 Milium
1100 2158 1226 2185 egressus
1247 2150 1430 2177 conﬂuentem
1456 2149 1586 2183 populum
1608 2148 1775 2174 blandiendo

984 2202 1012 2224 et
1027 2197 1148 2231 rogando
1164 2196 1197 2222 ad
1219 2195 1401 2223 resistendum
1424 2195 1563 2222 cohortari
1588 2202 1642 2221 non
1657 2194 1774 2221 desiste-

985 2242 1050 2274 bat,
1080 2247 1107 2269 et
1127 2242 1259 2269 satellites
1282 2241 1315 2268 ad
1338 2249 1456 2276 pugnam
1480 2240 1646 2268 concitabat.
1680 2239 1776 2274 Neque

986 2289 1060 2317 enim
1076 2289 1190 2316 exitium
1207 2288 1299 2316 minus
1315 2288 1355 2316 eis
1372 2288 1522 2315 timendum
1537 2295 1599 2314 esse
1614 2294 1696 2322 quam
1722 2286 1775 2313 Ro-

987 2335 1084 2368 manis,
1102 2335 1125 2362 si
1142 2335 1286 2370 imperium
1312 2334 1347 2361 ad
1363 2334 1443 2361 aliam
1456 2331 1596 2361 natiOnem
1616 2332 1777 2360 devolvere-

987 2385 1051 2413 tur;
1081 2388 1170 2415 neque
1206 2379 1295 2415 ampla
1320 2379 1456 2414 stipendia
1486 2386 1576 2413 neque
1603 2376 1777 2412 imperatoris

988 2426 1107 2461 stipandi
1131 2426 1264 2452 honorem
1285 2430 1452 2456 retenturos,
1475 2424 1523 2451 sed
1543 2422 1775 2450 mercennariorum

988 2472 1105 2499 militum
1131 2471 1192 2498 loco
1215 2471 1335 2498 futuros.
1362 2470 1468 2504 Quibus
1488 2470 1581 2497 verbis
1597 2475 1658 2495 cum
1686 2474 1737 2493 nec
1760 2474 1777 2493 e

987 2517 1091 2552 populo
1106 2516 1250 2550 quisquam
1272 2521 1449 2544 moveretur.
1468 2522 1518 2541 nec
1541 2510 1706 2547 bipenniferi
1724 2508 1776 2535 nisi

145 2563 281 2599 ἱταροντὰ
297 2563 441 2598 Ῥωμαίων
454 2563 759 2599 ἀνακυμσιλισθήτεται
772 2564 925 2597 πράγματα

991 2561 1127 2597 stipendio
1143 2561 1279 2596 promisso
1297 2559 1428 2588 auxilium
1446 2559 1658 2594 promitterent,
1675 2563 1777 2589 urgens

146 2611 208 2638 οὒδέ
224 2612 279 2647 γὰρ
303 2610 554 2646 μισθοφορήσουσιν
568 2610 653 2637 εἰσέτι
669 2610 769 2645 ἁδρῶς,
792 2609 853 2636 οὐδὲ
869 2609 939 2646 γέρα

990 2608 1059 2636 illud
1081 2607 1235 2644 periculum
1256 2606 1355 2634 callide
1377 2604 1578 2636 nundinaturi,
1603 2602 1686 2630 etiam
1703 2605 1778 2627 cata-

783 2688 871 2719 Hier.
891 2688 995 2720 Wolt‘ti
1012 2691 1109 2723 nota.

189 2756 244 2790 (56)
262 2757 325 2789 Ταῖς
338 2754 479 2790 χρυσέαις
492 2755 647 2789 χερσαίαις
661 2755 780 2786 πύλαις,
795 2754 936 2789 Leguntnr

151 2791 261 2825 quidem
278 2789 497 2827 apud’Zonaraiu
514 2791 722 2827 χρυσαῖ-πύλαι,
739 2789 785 2816 sed
802 2791 845 2816 hic
862 2789 934 2816 haud

151 2824 208 2854 seio
223 2835 256 2854 an
273 2824 303 2854 τδ
318 2827 442 2862 χρυσέαι,
458 2826 588 2852 abundet.
603 2824 633 2851 Et
647 2827 727 2860 paulo
745 2831 804 2860 post
819 2833 868 2859 pro
883 2834 935 2852 των

989 2755 1096 2781 πολλῶν
1120 2753 1264 2788 legendum
1290 2751 1402 2778 videtur
1429 2747 1531 2780 πυλῶν,
1550 2755 1603 2774 non
1628 2744 1712 2780 vulgi,
1727 2743 1775 2771 sed

989 2797 1072 2826 portzu
1088 2788 1333 2826 propugnaculum.
