1945 3074
37 174 89 207 961

552 163 723 196 ALEXIUS
743 159 868 192 DUCAS
890 157 1137 189 MUIiZUFLUS.

1616 150 1671 182 962

35 231 118 268 πυρὶ,
135 229 182 257 καὶ
197 227 287 264 ῥυτίσι
308 225 442 262 χαλαραῖς
457 222 648 268 ηὐλακισμένη
675 221 725 268 ⁴τὴν
751 217 827 268 στιλ-
841 224 851 248 Α

904 215 1000 250 iligine
1013 213 1162 246 exstitisti;
1178 210 1322 248 profundis
1343 209 1419 246 rugis
1437 207 1578 245 splendida
1593 207 1671 237 Drius

905 266 909 268 _
996 260 1002 265 ι
1040 265 1045 268 .
1100 259 1120 268 r,
1145 259 1183 268 !,_
1200 263 1236 268 4-.
1256 264 1328 268 μγ-.-
1359 257 1452 268 \I-_..-
1464 256 1515 268 ΞΑ...-
1537 255 1597 268 Ᾱειι..
1611 261 1671 268 ιιι-μη

36 263 168 312 «viriut
175 263 296 311 τερπνὴν
306 271 367 307 ὄψιν
379 270 521 305 πρότερον.
534 267 588 295 Ἐὦ
600 267 655 302 γὰρ
664 265 755 312 λέγειν
766 263 830 312 τοὺς

123 309 213 356 λύραν
223 317 392 349 ἐντείνοντάς
403 325 433 344 τε
446 315 495 342 καὶ
505 313 656 349 ψάλλοντας
665 311 704 358 ,τὰ
718 310 752 358 σὰ
767 309 831 336 δυσ-

40 355 218 404 πραγήματα
228 383 236 396 ,
254 363 302 390 καὶ
320 361 466 398 κωμῳδίαν
478 359 637 395 τιθεμένους
709 355 832 404 σὴντρα·

42 400 151 450 γῷδίαν
164 412 194 438 ἐν
207 409 247 444 τῷ
261 405 395 436 τδν¹οἶνον
406 405 578 442 προσίεσθαι,
598 403 645 431 καὶ
660 402 719 437 βίου
730 400 833 450 ’τέχνην

43 446 228 492 ποιουμένους
241 454 290 488 τὴν
303 453 434 488 γελοιώδη
445 451 499 479 τῶν
514 450 609 478 κακῶν
624 457 671 475 σου
684 446 834 482 ἀφήγησιν.

44 504 110 536 τοὺς
123 491 320 535 κονδυλισμοΰς
336 507 368 526 τε
385 499 433 525 καὶ
446 495 642 533 πτερνισμοὺς,
667 493 709 520 ἐτι
733 492 762 518 δὲ
785 491 836 521 τὰς

46 550 193 584 ἀθετήρεις
218 546 268 574 καὶ
291 545 327 572 τὰ
346 543 459 571 ὑπώπια
477 543 496 570 ά
515 551 557 569 σοι
572 540 633 568 καθ’
654 539 728 574 ὥραν
740 537 837 584 ,πάσαν

47 580 273 630 προστρίδονται.
292 587 515 625 Παρεζηλωμένη
531 585 624 612 θεόθεν
649 583 696 610 ἐπὶ
718 581 756 618 μὴ

47 626 147 675 φροσιν
166 638 284 668 ἔθνεσιν,
304 635 320 670 ἢ
338 634 393 661 οὐδ’
407 633 513 660 ἐθνεσιν
524 630 633 675 άληθῶς
651 630 752 660 εἰπεῖν,
779 626 837 654 ἀλλ’

48 673 185 721 ἀμυδροῖς
211 685 259 710 καὶ
279 680 453 716 σποραδικοϊς
476 679 596 713 γένεσιν,
610 673 648 704 ὧν
663 676 697 702 τὰ
711 674 798 701 πλείω
814 673 839 721 εί

49 717 91 766 μή
118 717 283 765 ἐγέννησας,
303 727 360 756 ἀλλ’
384 725 494 761 ὕψωσάς
510 732 540 750 τε
555 723 601 750 καὶ
625 721 735 750 στέατος
752 717 839 754 πυροῦ

50 765 221 813 μετέδωκας,
245 774 288 806 τίς
311 773 393 800 σώσει
408 779 437 798 σε
452 779 459 804 ;
476 770 492 806 ἢ
516 769 558 800 τίς
580 765 769 802 παρακαλέσει
789 771 840 796 σε;

49 809 94 854 τίς
107 823 232 856 φείσεται
246 820 294 846 ἐπὶ
308 819 367 851 aoi;
381 818 398 853 ἤ
414 817 456 849 τίς
470 814 665 850 σκυθρωπάσει
679 812 726 839 ἐπὶ
743 810 783 837 σοὶ
799 818 807 843 ;
823 809 841 845 ἢ

50 867 94 899 τίς
110 864 307 900 ἐπανακάμψει
323 863 460 899 ἐρωτῆσαι
471 862 505 888 τὰ.
513 861 553 892 είς
566 860 678 895 είρήνην
690 866 730 884 σοι
741 856 842 892 (Ἱερε-

52 891 122 948 μίου
129 891 257 938 κᾷιγτάέε
267 891 319 936 ,τοῦ
338 891 549 942 ,πολυθρηνήτου
573 891 608 931 τά
620 891 739 940 ’ῥήματα
751 902 773 938 ).
786 900 842 948 εἴτε
859 891 879 918 Β

54 946 110 991 μὴν
127 956 179 989 τὴν
197 953 337 990 προτέραν
358 951 455 987 στολὴν
468 949 611 977 ἐπενδύσει
629 956 680 981 ac;
703 948 770 974 πότε
785 946 846 974 θεό-

53 1001 101 1027 θεν
130 1000 248 1034 ἐνωτίσῃ
281 997 450 1033 Ἐξεγείρου,
481 994 614 1030 ἀνάστηθι
640 995 657 1030 ή
690 992 791 1020 πιοῦσα
814 992 846 1018 τὸ

53 1046 188 1081 ποτήριον
202 1043 251 1071 τοῦ
265 1043 353 1079 θυμοῦ
370 1051 421 1078 μου
437 1042 485 1069 καὶ
496 1041 526 1068 τὺ
541 1040 620 1067 κόνδυ
635 1040 684 1075 τῆς
702 1037 844 1069 πτώσεως.

56 1093 189 1119 Ἔνδυσαι
211 1091 263 1127 τὴν
290 1090 366 1126 ἰσχύν
389 1098 449 1122 σου,
476 1088 585 1115 ἔνδυσαι
609 1087 660 1123 τὴν
677 1086 756 1120 δόξαν
776 1093 846 1118 σονς

61 1138 222 1170 Ἐκτίναξαι
234 1137 279 1164 τὺν
295 1137 360 1172 χοῦν
374 1136 422 1163 καλ.
436 1134 578 1169 ἀνάστηθι.
594 1133 727 1160 Ἐκδυσαι
743 1131 789 1158 τὸν
805 1132 848 1157 δε-

56 1185 128 1219 σμδν
153 1183 201 1210 τοῦ
226 1182 363 1218 τραχήλου
386 1189 434 1208 σου
453 1189 462 1197 ·
479 1180 612 1207 πλάτυνον
631 1178 677 1205 τὸν
698 1177 781 1204 τόπον
797 1176 848 1212 τῆς

60 1231 167 1265 σκηνῆς
184 1238 231 1256 σου
244 1230 292 1255 καὶ
306 1228 362 1255 τῶν
371 1226 489 1254 αὑλαιῶν
504 1234 566 1253 σου.
574 1225 621 1260 Μὴ
630 1223 713 1259 φοϐοῦ
728 1224 770 1250 ὅτι
780 1231 846 1250 κατ-

58 1274 219 1312 ῃσχύνθης,
249 1273 318 1309 μηδέ
345 1272 484 1307 ἐντραπῇς
515 1271 557 1297 ὅτι
597 1268 769 1304 ώνειδίσθης,
800 1266 852 1294 καὶ

59 1321 217 1357 ἐκρότησαν
232 1319 279 1345 ἐπὶ
290 1319 332 1345 σοὶ
346 1319 442 1354 χεῖρας
462 1317 562 1348 πάντες
579 1317 603 1343 ot
618 1313 853 1350 παραπορευόμε-

59 1377 102 1395 νοι
115 1368 190 1401 ὁδὸν,
201 1367 332 1402 ἐσύρισαν
344 1366 393 1393 καὶ
406 1365 536 1399 ἐκίνησαν
551 1362 672 1398 κεφαλὰς
685 1362 787 1393 αὐτῶν,
802 1359 851 1387 καὶ

58 1411 151 1448 εἷπον,
170 1421 180 1440 ι
197 1412 272 1448 Αὕτη
285 1411 359 1439 ἐστὶν
370 1411 387 1446 ἡ
402 1410 490 1443 πόλις,
504 1409 519 1436 ό
532 1409 663 1443 στέφανος
674 1406 755 1442 δόξης
772 1406 819 1433 καὶ
833 1407 849 1441 ἡ

59 1458 218 1494 εὐφροσύνη
240 1458 330 1493 πάσης
353 1459 402 1493 τῆς
422 1456 486 1491 γῆς.
506 1456 561 1482 Καὶ
577 1454 636 1486 πῶς
654 1453 764 1480 ἐκάθισε
780 1453 852 1488 χήρα

60 1505 77 1539 ὴ
95 1503 314 1539 πεπληθυσμὲνη
337 1502 411 1530 λαῶν
424 1521 432 1534 ,
457 1501 504 1528 καὶ
524 1501 541 1536 ἡ
568 1500 690 1536 ἄρχουσα
704 1500 733 1526 ὲν
749 1498 853 1534 χώραις

62 1549 199 1585 ἐγεννήθη
216 1550 256 1581 είς
270 1549 388 1584 φόρους;
406 1545 475 1574 Eine
491 1547 544 1582 γὰρ
560 1548 574 1573 ὁ
589 1546 656 1578 Θεός
673 1554 732 1578 σου,
747 1545 851 1580 Χρόνον
864 1553 886 1583 c

61 1596 164 1631 μικρὸν
172 1594 317 1622 κατέλιπόν
341 1602 384 1627 σε,
394 1593 442 1620 καὶ
454 1593 513 1628 μετ’
522 1592 613 1624 ἐλέους
627 1591 745 1626 μεγάλου
757 1591 855 1617 οίκτει-

65 1640 145 1675 ῥήσω
161 1647 202 1666 σε.
222 1639 266 1666 Ἐν
280 1638 359 1673 θυμῷ
384 1638 477 1673 μικρῷ
491 1636 651 1672 ἀπέστρεψα
665 1636 696 1663 τὸ
709 1635 856 1670 πρόσωπόν

66 1693 134 1720 μου,
149 1684 197 1711 καὶ
216 1685 246 1711 ὲν
261 1684 329 1719 ἐλέῳ
341 1684 443 1718 αἰωνίῳ
455 1683 559 1715 ἐλεήσω
576 1690 616 1709 σε.
629 1691 639 1708 ›
649 1681 684 1708 Ἢ
699 1681 765 1716 γοῦν
779 1680 857 1717 ᾀσεις

56 1729 215 1761 ,Δαὸιδικῶς
236 1730 304 1765 πρὸς
319 1729 397 1762 Θεὸν,
410 1738 419 1755 ι
435 1728 513 1756 Κατὰ
527 1728 557 1755 τὸ
572 1727 673 1763 πλῆθος
688 1727 743 1754 τῶν
755 1727 857 1753 ὀδυνῶν

64 1784 120 1811 μου
134 1775 165 1801 ἐν
180 1776 214 1811 τῇ
233 1774 332 1811 καρδίᾳ
345 1783 394 1809 μου
407 1776 434 1801 αἱ
450 1773 639 1809 παρακλήσεις
655 1780 704 1799 σου
717 1771 857 1807 εὖφραναν

62 1821 115 1856 τὴν
128 1820 216 1855 ψυχήν
230 1829 308 1855 μου.»
331 1820 377 1851 Τίς
393 1819 571 1855 ἐπιστήσεται
585 1827 628 1845 σοι
638 1819 759 1853 Μωῠσῆς
774 1825 858 1844 καιν-

62 1866 175 1902 ουργὸς,
191 1867 208 1900 ἢ
224 1866 368 1900 ἐπανάγων
400 1865 583 1900 ἐποφθήσεται
605 1863 776 1900 Ζοροϐάϐελς
792 1863 858 1889 πότε

63 1912 92 1940 δ’
108 1911 211 1939 ἐσεῖταί
229 1919 272 1938 σοι
289 1912 321 1938 ἐκ
340 1911 394 1937 τῶν
407 1910 549 1944 τεσσάρων
569 1909 679 1944 ἀνέμων
694 1908 859 1942 συναγαγεῖν

65 1956 104 1983 τὰ
129 1955 215 1983 τέκνα
238 1963 298 1989 σου,
325 1955 354 1981 ἐν
381 1951 423 1986 οἷς
447 1953 646 1988 διεσπάρημεν,
662 1952 691 1979 ὃν
706 1952 806 1987 τρόπον
831 1951 860 1978 αί

67 2001 227 2037 φιλότεκνοι
244 2000 353 2036 δρνιθες
367 2000 420 2027 ὑπὸ
438 2001 488 2031 τὰς
503 1999 609 2026 ἑαυτῶν
623 1998 782 2033 ἀθροίζουσι
796 1997 861 2024 πτέ-

70 2056 160 2084 ρυγας
178 2047 212 2074 τὰ
236 2048 325 2073 οἰκεῖα
342 2045 448 2073 νεόττια
463 2054 471 2079 ;
493 2046 538 2077 Ὧς
555 2044 601 2072 νῦν
616 2053 649 2079 γε
664 2043 719 2070 οὐδ’
738 2043 861 2074 ἐνωπίως

70 2101 118 2119 σοι
137 2088 349 2127 ἱποφθαλμῆσαι
372 2091 501 2127 καθαρῶς
524 2091 634 2126 ἔχομεν,
659 2090 714 2117 οὐδ’
736 2089 858 2124 ἐμφῆναι

69 2136 230 2172 περιχαρῶς
244 2136 281 2168 ὼς
299 2137 396 2172 μητρὶ,
417 2136 465 2162 καὶ
487 2135 610 2171 άκριὸῶς
637 2136 796 2161 ἐπισπεῖσαι
817 2142 876 2161 cot-

68 2182 189 2216 δάκρυον
214 2181 274 2207 ὅσον
298 2180 436 2215 ὀφθαλμὸς
463 2180 585 2215 βούλεται
621 2179 637 2215 ἢ
662 2179 787 2211 δύναται,
802 2178 861 2206 ἀλλ’

885 266 914 289 et
926 260 1019 288 suavis
1040 265 1085 287 tua
1100 259 1185 286 facies
1197 263 1239 286 est
1254 264 1342 285 arata.
1359 257 1454 292 Neque
1462 256 1517 291 jam
1535 255 1598 283 dico
1610 261 1672 282 esse

886 306 934 342 qui
949 311 1011 333 tuas
1034 305 1127 332 clades
1150 305 1184 332 ad
1208 304 1343 331 citharam
1364 302 1517 335 cantillent,
1532 301 1580 336 qui
1596 305 1672 327 tuam

889 352 1053 388 tragmdiam
1070 359 1122 387 pro
1135 350 1269 378 comoedia
1285 349 1391 380 ludant,
1407 356 1462 385 quo
1474 348 1591 376 artiﬁcio
1605 347 1674 374 ridi-

887 387 957 427 culte
981 397 1155 426 recitationis
1184 397 1318 424 malorum
1347 387 1458 423 tuorum
1480 400 1506 422 et
1530 395 1672 429 alaparum

887 445 997 472 alantur
1007 466 1015 478 ,
1030 444 1074 479 qui
1087 444 1179 478 lapsus
1193 447 1220 470 et
1238 442 1342 469 vibices
1357 445 1386 469 et
1403 441 1596 473 contumelias.
1609 440 1673 476 qui-

888 492 941 519 bus
955 491 981 518 in
997 490 1078 518 horas
1102 490 1229 520 aﬂiceris.
1255 496 1305 524 per
1329 489 1422 524 jocum
1447 493 1674 516 commemorent.

889 536 941 564 Per
966 535 1097 563 invidiam
1122 534 1251 569 depressa
1271 541 1301 561 es
1328 542 1343 560 a
1368 533 1480 561 vecordi
1507 530 1619 569 p'opuio,
1644 540 1677 561 ac

889 583 982 618 pmius
1002 581 1037 609 ab
1056 581 1168 609 obscuri
1191 584 1219 608 et
1243 579 1399 616 vagabundi
1420 580 1513 615 populi
1539 580 1676 612 colluvie;

890 630 969 664 cuius
983 635 1109 663 magnam
1130 633 1234 662 partem
1255 628 1275 653 si
1292 634 1347 653 non
1366 627 1497 662 genuisti.
1516 630 1543 653 at
1561 626 1677 654 evexisti

890 679 918 702 et
932 674 1073 709 saginasti.
1086 674 1153 706 Quis
1165 674 1195 700 ιε’
1205 672 1346 700 servabit?
1356 672 1419 707 quis
1434 675 1458 699 te
1471 672 1680 699 consolabitur?

895 721 960 755 quis
980 720 1029 747 tibi
1044 720 1158 755 parcet?
1173 719 1236 754 quis
1261 719 1348 746 vicem
1372 724 1446 745 tuam
1472 717 1595 745 dolebit?
1617 719 1680 753 quis

893 771 1059 797 revertetur,
1077 770 1107 792 ut
1124 766 1184 800 paci
1202 770 1255 792 tum
1267 764 1412 792 consulat?
1432 764 1516 800 (Sunt
1528 768 1555 790 et
1567 763 1624 791 haec
1640 763 1681 790 la-

893 812 1011 848 crymosi
1032 811 1157 839 Jeremite
1179 810 1285 843 verba.)
1311 809 1378 842 Quis
1399 809 1485 844 priori
1505 809 1574 836 stola
1599 813 1624 836 te
1639 808 1682 836 in-

895 858 980 886 duet?
1003 857 1114 892 quando
1137 856 1269 883 divinitus
1294 855 1412 882 audies:
1439 854 1561 889 Erigere,
1588 862 1682 890 surge,

896 913 956 940 qua:
972 904 1084 932 calicem
1099 902 1201 934 furoris
1216 903 1268 928 mei
1285 900 1379 928 bibisti
1398 905 1426 928 et
1450 901 1577 936 poculum
1596 901 1684 928 ruina:

897 949 1067 982 exhausisti;
1086 948 1170 976 indue
1183 947 1257 974 vires
1271 951 1341 978 tuas,
1361 946 1445 974 indue
1461 946 1575 982 gloriam
1593 951 1684 978 tuam;

895 996 989 1024 exuito
1003 995 1144 1023 vinculum
1172 993 1235 1021 colli
1265 992 1345 1028 765
1362 992 1418 1026 tui;
1449 992 1566 1019 extende
1593 992 1685 1019 locum

899 1037 1067 1068 tabernaculi
1083 1039 1122 1066 tui
1138 1044 1166 1065 et
1179 1037 1307 1065 vestibuli
1330 1036 1368 1064 tui
1382 1045 1389 1069 ;
1409 1044 1443 1063 ne
1459 1037 1595 1064 movearis
1612 1036 1685 1072 quod

898 1086 1000 1122 probro
1020 1085 1119 1112 aﬂ‘ecta
1134 1092 1175 1117 es,
1190 1090 1280 1118 neque
1298 1083 1496 1110 vcrecumteris
1512 1082 1546 1109 ob
1559 1087 1687 1117 acceptas

899 1130 1093 1162 contumelias,
1109 1134 1137 1157 et
1153 1129 1228 1163 quod
1247 1135 1344 1155 omnes
1370 1133 1570 1163 praetereuntes
1588 1135 1687 1155 manus

899 1183 984 1210 super
999 1179 1025 1202 te
1041 1173 1259 1208 comploserunt,
1276 1166 1434 1203 sibilarunt,
1456 1176 1484 1198 et
1499 1171 1588 1206 capita
1605 1179 1687 1206 quas-

899 1224 1007 1252 sarunt,
1020 1223 1048 1247 et
1061 1218 1210 1246 dixerunt:
1232 1217 1294 1244 Haec
1319 1221 1361 1244 est
1377 1216 1454 1248 urbs,
1473 1223 1574 1243 corona
1595 1216 1687 1251 glori-.1:

900 1271 928 1295 et
943 1265 1048 1294 delicia:
1064 1265 1138 1292 orbis
1152 1268 1285 1291 terrarum
1296 1262 1308 1288 ἳ
1319 1263 1378 1296 Quo
1400 1266 1491 1289 autem
1508 1266 1587 1297 pacto
1606 1261 1688 1289 vidua

901 1313 983 1345 sedit,
1007 1319 1067 1346 quae
1092 1309 1203 1346 populis
1230 1308 1330 1336 referta
1357 1307 1429 1335 fuit?
1449 1307 1587 1342 quomodo
1602 1307 1690 1334 tribu-

903 1358 971 1386 taria
998 1358 1067 1384 facta
1097 1360 1150 1389 est,
1169 1363 1231 1390 qua:
1254 1353 1405 1389 provinciis
1430 1353 1592 1388 imperavit?
1620 1353 1690 1380 dixit

903 1404 978 1431 enirn
994 1403 1067 1430 Deus
1081 1407 1146 1429 tuus
1165 1409 1172 1428 :
1191 1401 1297 1436 Exiguo
1315 1405 1439 1433 tempore
1461 1405 1488 1426 te
1513 1398 1624 1434 reliqui,
1641 1398 1689 1426 sed

904 1455 1002 1483 magna
1018 1453 1043 1475 te
1058 1445 1249 1474 misericordia
1269 1453 1430 1480 prosequar.
1448 1444 1478 1471 in
1495 1452 1577 1479 parva
1594 1444 1632 1471 ira
1650 1444 1691 1471 fa-

903 1492 974 1520 ciem
987 1499 1074 1518 meam
1086 1490 1183 1520 averti.
1199 1490 1248 1517 sed
1261 1495 1363 1517 aeterna
1381 1494 1406 1516 te
1423 1489 1567 1517 clementia
1580 1488 1689 1516 fovebo.

905 1537 1040 1565 Nimirum
1060 1545 1121 1564 cum
1141 1537 1242 1564 Davide
1267 1535 1392 1563 cantabis
1406 1537 1482 1563 Deo:
1498 1535 1550 1563 Pro
1566 1535 1693 1562 multitu-

905 1584 970 1611 dine
988 1583 1115 1610 dolorum
1129 1582 1221 1610 cordis
1237 1581 1515 1609 mei-consolationes
1531 1586 1583 1609 tuae
1601 1589 1691 1608 meum

906 1630 1028 1657 animum
1046 1628 1247 1656 esttilurarunt.
1264 1627 1332 1660 Quis
1348 1627 1436 1655 Moses
1459 1634 1594 1654 novorum
1626 1626 1693 1653 οσο-

910 1679 970 1702 ctor
988 1680 1103 1709 operum
1121 1673 1171 1700 tibi
1186 1672 1421 1708 patrocinabitur?
1434 1672 1496 1707 quis
1509 1672 1694 1699 Zorobabelto

908 1720 1044 1748 reducet?
1060 1720 1172 1754 quando
1191 1719 1294 1746 liberos
1309 1723 1370 1746 tuos
1388 1726 1402 1745 a
1420 1722 1539 1753 quatuor
1549 1719 1649 1748 ventis,
1667 1719 1694 1744 in

907 1773 980 1802 quos
994 1765 1111 1801 dispersi
1128 1773 1231 1795 sumus.
1248 1765 1409 1799 recolligere
1425 1763 1520 1792 licebit
1531 1784 1539 1795 .
1563 1765 1694 1800 quemad-

908 1811 1020 1838 modum
1033 1811 1084 1846 pia:
1096 1810 1201 1845 gallinae
1211 1810 1300 1845 pullos
1311 1809 1362 1836 sub
1372 1809 1428 1836 alas
1439 1816 1502 1836 suas
1511 1813 1677 1844 congregant
1685 1809 1696 1828 ⁷

909 1857 977 1885 Nam
996 1864 1071 1884 nunc
1086 1854 1197 1891 quidem
1214 1863 1263 1883 nec
1281 1854 1383 1882 intueri
1401 1854 1468 1882 satis
1485 1859 1510 1882 te
1526 1854 1606 1882 nobis
1618 1854 1696 1887 licet,

909 1907 958 1930 aut
972 1906 1097 1930 amanter
1111 1902 1240 1936 amplecti
1257 1905 1287 1928 ut
1305 1904 1432 1934 matrem,
1445 1904 1474 1928 et
1491 1900 1577 1928 libare
1595 1900 1643 1927 tibi
1657 1901 1697 1928 la-

911 1955 1028 1984 erymas.
1044 1953 1162 1983 quantas
1180 1948 1278 1974 oculus
1295 1947 1371 1981 cupit
1391 1951 1440 1973 aut
1465 1950 1556 1981 potest
1572 1954 1580 1972 :
1599 1946 1646 1973 sed
1662 1946 1698 1973 ti-

911 1992 985 2020 mide
1011 1996 1040 2019 ut
1069 1991 1219 2027 passerculi
1248 1995 1274 2018 te
1302 1990 1551 2022 circumvolamus,
1578 1997 1697 2024 quorum

913 2038 1006 2066 nutrix
1036 2038 1158 2072 abrepta,
1179 2037 1260 2064 nidus
1283 2036 1409 2071 direptus
1425 2039 1479 2068 est,
1505 2035 1699 2064 miserabiliter

913 2083 995 2118 766
1009 2088 1038 2109 et
1051 2082 1205 2117 lugubriter
1219 2081 1385 2116 pippicntes.
1402 2079 1494 2115 Longe
1510 2088 1524 2107 a
1541 2080 1596 2106 tuis
1620 2079 1698 2106 lacu-

912 2129 1028 2155 naribus
1056 2127 1154 2154 rcmoti
1183 2133 1296 2159 sumus,
1321 2125 1478 2152 esurientes
1507 2129 1535 2151 et
1560 2124 1697 2155 sitientes,

914 2174 1041 2208 squalore
1061 2177 1088 2200 et
1101 2173 1189 2207 rigurc
1204 2172 1360 2198 horrentes.
1374 2171 1396 2197 Α
1410 2170 1544 2205 pedieuiis
1560 2177 1631 2204 sa-pe
1653 2177 1700 2195 ri.-

69 2226 196 2258 εὐλαϐῶς
218 2227 256 2258 ὡς
275 2226 399 2261 στρουθοί
416 2234 445 2252 σε
467 2226 689 2261 περιιπτάμενοι,
711 2222 748 2251 ὦν
770 2224 851 2251 συνεί-

914 2220 1016 2251 dimur,
1042 2218 1141 2245 animis
1169 2218 1271 2245 nostris
1293 2217 1449 2245 calamitate
1472 2215 1698 2250 liquescentibus.

69 2273 105 2308 λη
111 2281 176 2299 πται
188 2273 205 2308 ἡ
213 2272 323 2307 τροφὸς,
333 2273 350 2307 ὴ
360 2272 388 2298 δὲ
397 2272 480 2298 καλιὰ
493 2272 691 2303 διεσκέδασται,
703 2271 819 2297 ἐλεεινόν
833 2279 860 2296 τι

70 2320 121 2347 καὶ
129 2319 229 2354 γοῶδες
241 2319 450 2355 περιτρὺζομεν,
459 2319 464 2354 |
472 2319 503 2345 P.
511 2317 576 2353 372]
585 2317 679 2353 πόρρω
687 2325 738 2343 που
744 2317 798 2343 τῶν
806 2316 860 2344 σῶν

72 2365 266 2401 φατνωμάτων
276 2365 495 2397 ἐκτοπισθέντες,
506 2364 652 2395 πεινῶντες
663 2365 709 2391 καὶ
716 2363 860 2398 διψῶντες,

73 2412 236 2447 αὑχμῶντες
248 2412 294 2438 καὶ
310 2411 507 2447 ριγῶντες,καὶ
519 2411 587 2445 πρὸς
600 2410 718 2445 φθειρῶν
732 2409 861 2442 πολλάκις

73 2458 244 2493 κειρόμενοι,
271 2457 317 2483 καὶ
342 2457 392 2488 τὰς
417 2457 506 2492 ψυχὰς
527 2457 556 2482 ἐν
582 2457 677 2488 κακοῖς
703 2456 860 2491 τηκόμενοι,

73 2504 135 2529 ὁδόν
160 2511 189 2528 τε
218 2503 317 2538 μηκέτι
342 2504 516 2533 κατοικεσὶας
546 2501 719 2536 εὑρίσκοντες
745 2501 861 2533 πόλεως,

75 2548 147 2575 ἀλλὰ
160 2548 365 2581 πολύπλαγκτοι
380 2547 525 2583 φερόμενοι
539 2548 576 2578 ti);
587 2546 693 2582 ὄρνιθες
704 2547 728 2572 οἱ
740 2546 864 2573 άόἐὸαιοι

76 2595 126 2620 καὶ
142 2593 197 2620 τῶν
212 2593 335 2629 ἀστέρων
348 2593 372 2620 oi
388 2594 533 2628 πλάνητες.
549 2593 584 2620 Ἢ
604 2593 652 2619 καὶ
667 2592 750 2624 οὕτως
764 2592 862 2624 εἰπεῖν,

77 2640 217 2675 ἐνούμεθά
232 2648 273 2667 σοι
288 2640 460 2675 διηρημένως
471 2641 519 2666 καὶ
533 2638 745 2675 συμπλεκόμεθά
762 2646 803 2664 σοι
816 2645 863 2664 κε-

78 2687 270 2722 χωρισμένως,
295 2686 366 2712 κατὰ
393 2687 455 2717 τοὺς
475 2686 547 2721 ψυχῇ
570 2686 790 2720 συναπτομένους
818 2683 866 2710 καὶ

78 2732 271 2767 διισταμένους
289 2731 406 2767 σώματι,
424 2733 472 2758 καὶ
489 2732 702 2767 προσπὰσχομεν
719 2729 837 2765 ἀτεχνῶς
851 2728 866 2755 ὃ

80 2778 131 2804 καὶ
149 2778 210 2804 ἔνια
222 2777 277 2804 τῶν
290 2777 369 2810 ζώων
389 2778 458 2812 πρὸς
480 2778 515 2804 τὰ
528 2777 732 2812 παγιδευόμενα
743 2777 773 2802 ἐκ
791 2775 866 2810 σφῶν

82 2823 136 2850 ὑπδ
157 2823 298 2859 θηρευτῶν
320 2823 367 2851 καὶ
384 2824 563 2859 ἐγκλειόμενα
578 2823 737 2858 διαφανέσιν
753 2821 867 2853 ὑελίνοις

82 2870 209 2904 ἄγγεσιν.
231 2869 338 2897 Ἐκεῖ·ιὰ
354 2877 383 2896 τε
408 2869 461 2903 γὰρ
476 2869 516 2897 τῶ
531 2869 578 2896 τοῦ
595 2870 710 2900 σκεύους
727 2867 868 2900 εἰλικρινεί

914 2266 970 2294 Nec
986 2266 1056 2292 viam
1075 2264 1231 2292 invenimus
1246 2263 1279 2290 ad
1295 2262 1390 2290 urbem
1414 2263 1441 2289 in
1461 2270 1516 2297 qua
1532 2262 1699 2293 babitentus,

915 2314 963 2341 sed
979 2313 1072 2340 multis
1087 2312 1230 2339 erroribus
1242 2315 1272 2338 ut
1287 2310 1454 2346 vagabundaa
1467 2310 1594 2338 volucres
1613 2313 1641 2336 et
1655 2317 1700 2336 er-

915 2363 1008 2386 rantes
1027 2358 1111 2385 stellze
1126 2357 1362 2389 circumfcrimur;
1388 2364 1419 2383 ae
1442 2356 1535 2390 potius
1553 2356 1635 2391 longo
1660 2355 1702 2390 iu-

917 2405 1056 2432 tervalloa
1073 2408 1098 2431 te
1116 2403 1231 2438 sejuncti
1246 2408 1335 2430 tecum
1350 2403 1553 2437 conjungimur.
1578 2402 1702 2436 comple-

916 2451 1016 2478 ctimur
1041 2455 1068 2477 te
1099 2449 1227 2484 separati,
1261 2449 1330 2482 ut_ii
1353 2449 1399 2484 qui
1426 2449 1525 2475 animis
1553 2448 1701 2478 coluerent,

916 2497 1014 2524 divulsi
1024 2495 1194 2531 corporibus.
1206 2495 1332 2522 Dolenlus
1342 2495 1427 2521 vicem
1440 2500 1525 2525 tuam,
1538 2498 1567 2520 ut
1577 2492 1702 2528 quaedam

917 2544 1082 2575 animantes.
1103 2550 1164 2570 cum
1181 2541 1286 2576 aliquas
1311 2541 1352 2569 sui
1367 2540 1476 2576 generis
1493 2548 1506 2567 a
1525 2538 1702 2566 venatoribus

918 2595 1012 2625 captas
1034 2593 1063 2616 et
1078 2588 1237 2623 .perspicuo
1264 2587 1335 2614 vitro
1362 2587 1482 2614 inclusas
1499 2586 1605 2616 vident,
1633 2591 1703 2617 quas

919 2639 1009 2662 tamen
1032 2634 1165 2669 attingere
1189 2637 1217 2660 et
1239 2631 1366 2667 amplecti
1390 2634 1542 2666 nequeunt.
1557 2634 1585 2656 et
1603 2629 1702 2655 frustra

920 2688 982 2707 cum
1008 2680 1102 2707 dolore
1124 2679 1197 2706 circa
1221 2683 1398 2705 transennam
1420 2679 1576 2704 versantur.
1599 2678 1703 2700 mutato

919 2730 1032 2761 aspectu
1055 2729 1085 2752 ut
1107 2723 1194 2758 priori
1212 2723 1308 2750 forma:
1331 2722 1471 2750 contrario
1495 2719 1703 2755 obstupefacta.

920 2771 1022 2799 Eodem
1043 2770 1124 2798 modo
1141 2773 1170 2797 et
1182 2776 1231 2796 nos
1245 2768 1367 2803 adjicere
1382 2767 1477 2794 oculos
1487 2771 1516 2793 et
1539 2765 1650 2800 propius
1661 2773 1705 2791 ae-

920 2817 1019 2845 eedere
1044 2823 1210 2852 possumus:
1237 2814 1285 2842 sed
1309 2813 1459 2841 convenire
1484 2817 1510 2839 te
1533 2811 1617 2839 libere
1632 2816 1658 2838 et
1675 2811 1706 2838 ti-

921 2865 1018 2894 denter
1034 2861 1172 2898 amplecti,
1184 2865 1215 2890 ut
1227 2860 1346 2896 pridem,
1361 2859 1438 2888 nullo
1455 2859 1537 2887 modo
1551 2866 1705 2892 possumus.
