1954 3072
67 143 124 176 969

753 145 854 175 URBS
875 145 1005 175 CAP'I‘A.

1643 144 1693 173 970

64 200 131 227 ἀλλ’
146 200 200 227 οὐδ’
217 199 301 234 ᾠδαῖς
318 199 435 236 ὀρνίθων
465 200 685 237 διυπνιζόμενον,
701 202 738 234 ὡς
765 203 812 230 καὶ
827 203 858 230 τὸ

914 211 1016 236 amnes,
1034 202 1138 230 bellum
1152 209 1266 238 prorsus
1279 201 1405 237 ignorare
1417 198 1596 227 didicissent?
1610 202 1690 225 caete-

65 245 133 272 ὅλον
150 245 281 272 καθεῦδον
298 247 383 281 ἡδέως
393 247 440 273 καὶ
458 247 496 283 μὴ
508 247 626 282 ὲγνωκός
636 257 702 274 ποτε
718 249 835 282 πόλεμον
849 258 856 282 ;

68 290 102 317 τὸ
122 291 151 317 δέ
166 299 199 324 γε
216 291 370 318 συντιθέναι
386 293 527 328 ποιήματα
545 294 593 320 καὶ
609 293 664 320 τῶν
691 295 858 329 διαμαρτόν-

67 344 130 362 των
150 337 340 364 καθάπτεσθαι
357 336 391 373 ἦν
410 339 460 373 μὲν
476 340 525 366 καὶ
541 340 588 366 τοῦ
608 340 754 374 μεγαλείου
770 340 858 366 Σόλω-

69 390 131 415 νος,
142 379 176 417 ἦν
191 382 225 415 δ’,
245 383 283 413 ὡς
297 383 379 416 ἔοικε,
402 384 449 410 καὶ
466 385 513 411 τοῦ
530 385 590 411 τότε
605 385 692 420 δήμου
706 386 760 411 τῶν
779 385 859 421 Ἀθη-

70 427 170 459 ναιων,
185 427 326 462 κνωμένου
341 429 371 454 τὸ
384 428 429 459 οὓς
446 430 506 460 ταῖς
524 429 581 455 τῶν
601 430 774 465 είσηγήσεων
792 438 860 465 χρη-

73 474 182 508 σὶμοις,
207 474 299 508 ἡρέμα
321 482 350 500 τε
374 474 561 504 ὑπενδιδόντος
588 476 648 506 ταῖς
668 475 722 501 τῶν
743 475 861 510 ἀρίστων

71 519 182 554 ἀνδρῶν
194 519 395 554 παραιφάσεσι.
412 520 465 546 Καὶ
479 520 566 551 ἄλλως
583 520 612 546 δὲ
626 520 665 555 τῷ
679 521 745 554 πρὸς
760 520 861 552 ὕνειδος

73 563 153 599 ᾄδειν
172 564 312 595 τιθασσοῖς
328 564 414 597 λόγων
438 565 551 600 μέροψιν
571 565 660 592 ἔνεστί
681 574 707 591 τι
732 565 779 592 καὶ
794 565 861 599 γλυ-

73 611 161 642 κάζον
176 611 224 636 σὺν
236 611 275 645 τῷ
291 610 418 644 στύφοντι
436 611 649 645 ἐμφαινόμενον·
664 611 712 637 καὶ
724 612 740 646 ἡ
754 612 862 646 μνήμη.

72 656 127 682 ὅσα
142 655 176 690 δὴ
194 657 239 682 καὶ
253 657 340 690 ῥιπὶς,
358 657 388 682 τὸ
415 652 580 691 παραμένον
606 659 636 682 ὲν
655 657 730 692 ψυχῇ
747 658 796 684 καὶ
820 658 863 683 ὲν-

34 725 39 732 ,
73 701 250 736 θαπτόμενον
265 702 432 737 ὲμπύρευμα
448 702 496 728 τοῦ
522 702 606 731 καλοῦ
622 706 695 730 κατὰ
707 703 799 735 ζῶσαν
822 703 862 729 ἔτι

74 748 165 781 φλόγα
182 748 267 782 πυρὸς
284 748 489 779 ἀναθάλπουσα,
503 748 552 783 τὴν
564 749 607 782 ἐφ’
620 749 725 783 ὁμοίοις
736 749 864 774 ὲσέπειτα

72 793 241 827 διαμαρτίαν
257 793 438 828 φυλάττεσθαι
455 794 617 829 διανίστησι.
636 795 698 825 Τοῖς
711 793 733 820 δ’
746 795 774 825 ἐς
789 795 864 829 ἡμᾶς

75 837 129 872 τῆς
160 838 367 865 Κωνσταντίνου
387 840 554 874 οἰκήτορσιν,
576 840 665 865 εἰπεῖν
686 839 713 865 δὲ
740 840 787 866 καὶ
809 841 865 871 τοῖς

75 884 109 910 ἐκ
125 884 180 910 τῶν
197 885 283 910 ἄλλων
295 885 469 920 ὁρμωμένοις
484 886 593 920 χωρῶν,
611 886 634 912 οἱ
648 885 756 920 ἔλεγχοι
769 885 865 920 μώλω-

76 938 129 960 πες
147 931 280 965 ἁκριὸὧς.
297 931 359 962 Τοῖς
373 931 400 957 δὲ
416 931 524 962 πολλοῖς
540 931 595 957 οὔδ’
616 928 674 957 ὦτα
692 932 863 965 πεφύτευται

76 976 236 1010 τετρημένα
254 976 294 1007 είς
309 976 383 1008 νοῦν,
415 977 468 1002 οὐδ’
484 977 619 1012 ή.Παφία
644 977 692 1011 τῆς
710 977 865 1012 ἐλευθερίας

75 1022 160 1047 ὁποία
174 1022 216 1052 τίς
234 1022 313 1047 ἐστιν
328 1023 356 1052 ὲς
375 1021 457 1057 δεῦρο
471 1022 665 1057 κατείληπται,
679 1022 716 1053 ὡς
730 1013 789 1048 οὗδὲ
801 1023 866 1056 γλυ-

78 1068 168 1102 κύτης
192 1067 301 1102 μέλιτος
319 1069 375 1099 τοῖς
401 1069 514 1102 μηδέπω
538 1068 720 1103 γευσαμένοις
746 1069 864 1102 μέλιτος.

84 1110 164 1137 Ἐπεὶ
177 1111 269 1137 τοίνυν
288 1111 443 1146 ἀσύμφωνα
454 1114 511 1144 τοῖς
533 1113 653 1143 Σόλωνος
666 1113 700 1139 τὰ
729 1114 864 1148 ἡμέτερα,

77 1156 129 1188 ἆγε
143 1156 177 1182 τὰ
192 1156 241 1190 μὲν
262 1157 317 1183 τῶν
340 1158 462 1193 ἐλέγχων
477 1160 639 1194 παρήσομεν
659 1159 819 1195 βούχεντρα,
836 1161 866 1191 ἐς

77 1201 156 1228 οὐδὲν
170 1202 264 1237 ἕτερον
277 1203 543 1239 προσληφθησόμενα
558 1205 599 1231 ὃτι
612 1206 648 1239 μὴ
663 1205 717 1232 τῶν
730 1205 864 1232 πλείστων

77 1247 274 1283 ὲτεροζύγησιν
292 1249 357 1284 (εἰσὶ
369 1250 436 1285 γὰρ,
451 1250 520 1276 εἰσὶν
533 1251 558 1277 οἳ
574 1252 674 1285 χόρτον
697 1251 726 1278 ἐν
742 1253 799 1282 τοῖς
821 1251 866 1278 κέ-

78 1302 160 1328 ρασιν
173 1294 286 1329 ἔχουσι),
305 1295 353 1330 τὴν
366 1296 388 1322 δ’
407 1296 528 1331 ἱστορίας
544 1297 606 1323 καθ’
622 1297 718 1332 εἱρμὸν
731 1297 861 1332 ἑξόμεθα.

79 1340 124 1376 [Ρ.
137 1340 200 1376 577]
217 1342 248 1368 Εἰ
262 1343 315 1376 γὰρ
329 1343 375 1368 καὶ
401 1343 436 1369 τὰ
452 1343 507 1369 τῶν
526 1343 673 1378 βαρϐάρων
695 1344 770 1379 ᾄδειν
785 1345 864 1370 ἀπει-

78 1386 204 1420 πάμεθα,
232 1387 291 1413 ἀλλ’
313 1387 361 1413 οὖν
385 1387 432 1414 τοῦ
457 1388 643 1423 δρασσομένου
668 1391 732 1420 τοὺς
764 1390 864 1422 σοφοὺς

78 1432 109 1456 ὲν
138 1433 170 1466 τῇ
193 1433 274 1467 σοφία
305 1432 397 1458 αὐτῶν
428 1433 456 1458 ἐν
490 1433 598 1464 πολλοῖς
623 1434 686 1464 τοὺς
707 1433 862 1468 ὑψαύχενας

79 1476 231 1510 σφήλαντας
251 1479 298 1503 καὶ
314 1478 349 1503 τὰ
359 1479 493 1512 πρόσωπα
505 1478 596 1504 αὐτῶν
616 1479 727 1513 ἀτιμίας
743 1479 864 1514 πλήσαν-

77 1530 134 1553 τος,
161 1524 208 1549 καὶ
241 1523 407 1558 παραδόντος
433 1525 474 1554 είς
503 1524 615 1558 ὄλεθρον
644 1525 863 1560 βαρϐαρωτέροις

909 259 968 277 rum
986 257 1081 276 versus
1091 256 1256 284 componere
1273 252 1300 275 et
1314 247 1380 275 vitia
1393 253 1515 280 carpere.
1530 252 1561 272 ea
1587 249 1690 278 tempe-

909 300 979 323 state
1002 303 1063 323 cum
1080 294 1189 321 Solonis
1212 298 1287 324 erat.
1317 293 1368 320 viri
1403 290 1598 321 illustrissimi,
1633 295 1690 316 tum

909 341 1004 375 populi
1031 340 1215 370 Atheniensis,
1240 340 1319 372 cujus
1335 345 1416 365 aures
1439 337 1553 364 utilibus
1582 335 1693 362 monitis

911 385 1101 420 capiebantur.
1115 384 1217 418 quique
1233 384 1399 417 optimorum
1422 382 1543 408 virorum
1572 380 1694 407 consiliis

912 431 1043 465 paulatim
1071 429 1273 464 acquiescebat.
1302 429 1369 456 Nam
1404 428 1554 454 mansuetis
1579 426 1695 461 ingeniis

912 475 1144 510 reprehensiones
1162 475 1223 508 plus
1237 473 1294 501 fere
1309 474 1457 508 voluptatis
1473 473 1593 500 atterunt
1612 479 1693 506 quam

912 521 1025 552 doloris,
1038 527 1190 553 eorumque
1207 519 1340 546 memoria
1357 518 1488 545 scintillas
1501 518 1652 544 hmestatis
1666 517 1694 543 in

913 565 1012 593 animis
1040 565 1115 592 velut
1140 565 1230 599 ignem
1247 564 1297 592 sub
1321 563 1460 590 cineribus
1489 562 1696 589 delitescentem

914 611 947 638 ad
976 611 1096 638 cavenda
1123 611 1150 637 in
1175 613 1315 644 posterum
1341 608 1439 636 similia
1466 608 1565 635 delicta
1584 608 1694 634 excitat.

913 656 1013 684 Nostra
1028 664 1093 683 vero
1112 660 1191 683 aetate
1208 654 1358 689 Cpolitanis
1379 655 1486 682 civibus
1500 659 1527 680 et
1541 653 1697 688 provincia—

914 702 986 729 libus
1013 709 1122 736 quoque
1145 701 1346 728 admonitiones
1373 701 1452 735 plane
1476 700 1580 726 vibices
1607 704 1697 730 erant,

915 755 967 775 nec
979 748 1077 783 vulgus
1099 755 1180 774 aures
1205 748 1321 775 habebat
1336 747 1368 774 ad
1395 751 1513 773 tuentem
1532 745 1697 780 perfomtas,

915 801 1006 828 neque
1032 793 1170 820 libertatis
1195 792 1314 820 dulcedo
1339 796 1440 825 quanta
1471 795 1543 818 esset
1567 791 1700 817 hactenus

917 839 1097 868 intellexerat.
1115 844 1146 865 ut
1160 843 1188 866 et
1203 839 1291 865 mellis
1305 838 1422 865 dulcedo
1438 837 1527 871 ignota
1543 837 1576 863 iis
1595 841 1636 863 est
1651 837 1698 870 qui

878 875 902 905 B
917 884 943 912 id
959 892 1014 911 non
1031 888 1186 919 gustarunt.
1203 883 1337 916 Quoniam
1353 883 1437 918 igitur
1461 887 1553 909 nostra
1576 886 1698 916 tempora

915 931 950 958 ab
963 934 1043 958 attate
1059 930 1167 958 Solonis
1178 930 1346 964 discrepant,
1360 936 1409 963 age
1426 928 1535 955 omissis
1547 928 1699 961 reprelien-

916 978 1023 1005 sionum
1041 976 1171 1008 stimulis,
1205 976 1251 1010 qui
1271 975 1339 1002 nihil
1361 974 1435 1002 aliud
1466 974 1518 1001 nisi
1542 974 1603 1000 odia
1620 972 1701 1008 ’1⁸14¹

916 1023 1109 1057 plerarumque
1128 1021 1267 1048 irritarent
1279 1022 1354 1054 (sunt
1366 1020 1450 1052 enim,
1462 1020 1579 1053 suntqui
1595 1018 1698 1046 foenum

916 1069 944 1095 in
959 1075 1043 1096 cornu
1060 1067 1177 1103 gerant),
1206 1066 1348 1093 historiam
1369 1065 1465 1092 ordine
1489 1072 1699 1099 prosequamur.

916 1115 972 1143 Etsi
989 1115 1061 1142 enim
1092 1123 1142 1142 nos
1167 1122 1211 1142 res
1237 1122 1251 1141 a
1279 1113 1407 1140 Barbaris
1433 1116 1522 1146 gestas
1551 1113 1701 1146 scripturus

916 1161 1085 1196 negavimus,
1101 1165 1192 1187 tamen
1217 1167 1279 1186 cum
1301 1159 1324 1185 is
1350 1158 1397 1193 qui
1421 1158 1576 1192 sapientum
1594 1157 1703 1191 sapien-

917 1206 980 1232 tiam
996 1204 1150 1235 coniundit.
1166 1204 1299 1238 superbos
1321 1203 1382 1230 illos
1408 1202 1534 1229 homines
1562 1202 1589 1228 in
1613 1202 1701 1228 multa

918 1250 1071 1277 infortunia
1089 1249 1251 1284 conjecerit,
1279 1255 1431 1282 eorumque
1459 1247 1528 1274 facie
1553 1247 1702 1282 ignominia

917 1295 1028 1329 impleta
1043 1293 1250 1321 barbarioribus
1269 1292 1397 1328 gentibus
1412 1291 1567 1326 perdendos
1591 1291 1701 1326 objece-

916 1341 971 1373 rit,
994 1339 1137 1374 repudiato
1164 1338 1272 1366 silentio
1296 1337 1430 1365 mirabilia
1453 1337 1500 1364 Dei
1530 1343 1614 1371 opera
1640 1341 1704 1364 sunt

915 1385 1088 1417 celebranda,
1114 1384 1161 1419 qui
1188 1385 1227 1411 ait
1244 1393 1250 1410 :
1267 1393 1276 1409 Ι
1290 1383 1326 1410 Ut
1341 1383 1403 1410 vivo
1420 1383 1447 1409 in
1469 1387 1641 1417 perpetuum,
1668 1382 1704 1409 ita

915 1433 948 1459 de
979 1431 1096 1458 inimicis
1124 1430 1192 1457 meis
1207 1437 1302 1464 poenas
1326 1436 1444 1459 sumam,
1469 1433 1497 1466 _et
1521 1436 1567 1455 eos
1584 1429 1630 1462 qui
1660 1435 1704 1454 me

914 1478 1031 1506 oderunt
1045 1476 1210 1511 exstirpabo.
1235 1485 1244 1501 ›
1267 1476 1298 1502 Et
1319 1475 1372 1502 alio
1386 1475 1447 1501 loco
1459 1475 1492 1501 ad
1509 1474 1703 1500 Abrahamum-

917 1534 925 1550 ι
949 1524 1064 1551 Gentem
1077 1531 1142 1550 vero
1159 1522 1204 1549 cui
1220 1521 1351 1552 serviant.
1364 1528 1414 1556 ego
1432 1521 1558 1547 ulciscar.
1577 1530 1586 1546 ι

78 1567 184 1592 ἑαυτῶν
199 1566 300 1601 ἔθνεσι,
322 1567 410 1602 χρεὼν
428 1569 490 1603 μηδ’
507 1569 581 1603 ἡμᾶς
597 1569 646 1605 τὴν
664 1570 770 1605 σιωπὴν
783 1572 822 1601 εἰς
844 1569 918 1601 τέλος
935 1569 1055 1600 ἑλέσθαι,
1071 1569 1227 1603 χρήσασθαι
1238 1567 1267 1593 δὲ
1279 1567 1318 1602 τῷ
1333 1566 1404 1601 λόγῳ
1417 1566 1486 1601 προς
1518 1566 1704 1600 ἀνθομολογη-

78 1619 121 1636 σιν
137 1610 191 1635 τῶν
202 1611 352 1645 τερασῖίων
365 1612 442 1644 θεοῦ,
468 1612 516 1638 τοῦ
535 1622 544 1637 ι
559 1612 602 1638 Ζῶ
618 1613 673 1646 ἐγὼ
692 1622 700 1637 ι
715 1613 839 1647 λέγοντος
851 1623 860 1639 ι

78 1655 189 1685 καὶτοῖς
206 1655 317 1689 μισοῦσί
329 1663 363 1689 με
374 1655 569 1691 ὲξολόθρευσιν,
591 1666 600 1682 ι
615 1658 661 1682 καὶ
673 1656 705 1683 αὖ
716 1657 796 1684 πάλιν
815 1658 884 1692 προς

879 1614 919 1644 είς
936 1613 981 1639 τὸν
995 1612 1093 1644 αἰῶνα,
1108 1612 1153 1638 καὶ
1168 1611 1351 1637 ἀνταποδώσω
1362 1611 1439 1644 δίκην
1460 1611 1515 1641 τοῖς
1528 1610 1633 1645 ἐχθροῖς
1650 1619 1700 1645 μου

904 1656 1047 1692 Ἀὁραὲιμ”
1065 1665 1074 1681 t
1090 1655 1125 1681 Τὸ
1138 1656 1165 1682 δὲ
1182 1655 1258 1686 ἔθνος
1273 1651 1295 1688 ᾧ
1306 1654 1491 1683 δουλεύσουσι,
1510 1656 1595 1688 κρινῶ
1609 1655 1673 1688 ὲῖςώ.
1693 1665 1702 1679 ι

117 1702 149 1734 β’.
175 1699 236 1735 Εἶχε
251 1702 300 1734 μὲν
318 1701 350 1736 δὴ
364 1700 435 1727 οὕτω
458 1701 556 1732 ταῦτα,
584 1705 633 1729 καὶ
652 1704 667 1737 ὴ
686 1703 861 1730 Κωνσταντί-

947 1702 974 1729 2.
996 1701 1064 1729 Cum
1080 1702 1127 1728 illo
1144 1709 1236 1728 rerum
1265 1706 1338 1728 statu
1359 1701 1510 1728 clarissima
1535 1702 1609 1729 urbs.
1630 1709 1705 1727 con:-

79 1755 126 1773 voo
145 1747 316 1779 κα).λίπο).ις,
331 1747 361 1772 τὸ
383 1747 473 1773 κοινδν
484 1747 614 1774 ἁπάντων
643 1748 806 1783 ὲντρύςρημά
831 1757 862 1775 τε

80 1794 126 1819 καὶ
149 1793 313 1825 ἐξάκουστον
338 1792 526 1827 περιλὰλημα.
559 1793 698 1828 ᾐθάλωται
723 1795 791 1828 πυρὶ
815 1795 863 1820 καὶ

79 1837 246 1872 ὴμαύρωται
264 1837 335 1862 ἑάλω
348 1845 377 1862 τε
392 1837 439 1863 καὶ
454 1836 501 1863 τοῦ
524 1837 639 1864 πλούτου
659 1838 759 1869 παντὸς
783 1838 864 1864 κεκέ-

80 1892 175 1916 νωται,
187 1884 249 1914 ὅσος
260 1892 290 1909 τε
305 1883 435 1918 δημόσιος
445 1880 480 1917 ἦν
491 1883 539 1909 καὶ
554 1885 610 1915 τοῖς
625 1883 694 1918 λεῷς
706 1884 863 1918 ὲπῳκείωτο

80 1929 127 1954 καὶ
143 1929 203 1959 ὅσος
232 1928 292 1962 Θεῷ
317 1928 473 1962 ἁφωσίωτο,
509 1928 585 1962 παρὰ
610 1929 699 1962 γενῶν
729 1929 863 1964 ἐσπερίων

81 1973 263 2008 σποραδικῶν,
288 1973 418 2007 ἀφαυρῶν
442 1974 475 2000 τὰ
495 1972 610 1999 πλεῖστα
625 1974 670 1999 καὶ
700 1974 862 2008 ἀνωνύμων,

79 2019 118 2049 είς
130 2018 277 2053 λῃστρικὸν
289 2019 338 2052 μὲν
355 2018 473 2044 ἔκπλουν
489 2019 740 2053 συγκροτηθέντων,
753 2019 862 2054 ὀργάνῳ

79 2065 106 2091 δὲ
121 2065 301 2098 χρησαμένων
316 2065 362 2090 καὶ
379 2065 546 2099 προσωπείῳ
560 2064 710 2099 εὑτυπώτῳ
729 2065 778 2099 τῆς
800 2064 861 2091 καθ’

80 2111 156 2145 ἡμῶν
171 2113 305 2145 κινήσεως
319 2110 357 2145 τῷ
371 2110 541 2145 κρούσασθαι
559 2110 687 2145 πρύμναν
703 2111 743 2142 είς
756 2110 862 2146 ἄμυναν

87 2156 212 2190 Ὶσαακίῳ
227 2155 266 2190 τῷ
282 2155 310 2188 ἐξ
327 2155 466 2189 ’Λγγέλων
483 2156 530 2181 καὶ
543 2154 571 2180 ὃν
583 2156 687 2184 ἐκεῖνος
703 2155 861 2188 ἐφύτευσεν,

81 2202 116 2233 ὼς
132 2202 170 2235 μὴ
186 2200 302 2234 ὤφελεν,
327 2200 370 2226 ἐπ’
383 2199 507 2235 ἀπωλείᾳ
532 2199 582 2231 τῆς
602 2199 741 2234 πατρίδοε,
763 2199 792 2224 ὃν
816 2200 862 2225 καὶ

81 2247 171 2273 καλῶν
188 2246 332 2273 κάλλιστον
348 2246 395 2272 και
425 2253 518 2279 σφισιν
545 2244 695 2279 ἐπέραστον
720 2243 861 2279 ἀγώγιμον

80 2292 243 2327 ἐπεφέροντο
253 2298 260 2306 ·
281 2292 298 2326 ἡ
313 2291 368 2325 γὰρ
380 2291 510 2324 ὑπτιότης
526 2290 572 2316 καὶ
589 2290 746 2323 οἰκουρότης
763 2290 815 2315 τῶν
829 2289 862 2316 τὰ

86 2338 227 2372 Ῥωμαίων
249 2337 425 2372 χειριζόντων
453 2337 606 2371 πράγματα
623 2335 756 2365 δικαστὰς
781 2335 861 2370 ἡμῶν

915 1755 1012 1775 munes
1028 1747 1150 1774 oumium
1167 1747 1280 1778 ίΙοΙίοἱατ,
1290 1747 1411 1774 omnium
1427 1747 1562 1774 celebrata
1576 1747 1700 1777 vocibus.

920 1791 1048 1819 incendio
1063 1791 1219 1825 absumpta,
1236 1791 1335 1822 deleta,
1354 1795 1441 1825 capta,
1456 1791 1584 1818 omnibus
1601 1793 1704 1826 opibus

918 1840 972 1864 tam
995 1837 1081 1863 sacris
1097 1844 1178 1870 quam
1204 1836 1336 1870 profanis,
1362 1836 1420 1863 sive
1443 1837 1558 1871 publicis
1578 1838 1633 1864 sive
1648 1839 1704 1871 pri-

916 1883 987 1911 vatis
1001 1883 1035 1910 ah
1052 1883 1270 1910 Occidentalium
1299 1884 1420 1917 gentium
1445 1884 1561 1910 colluvie
1588 1885 1703 1918 spoliata

914 1933 996 1961 esset,
1028 1935 1089 1962 quae
1117 1933 1212 1963 gentes
1235 1928 1351 1955 maxima
1367 1937 1399 1955 ex
1428 1934 1504 1963 parte
1532 1929 1656 1955 oliscurze
1673 1933 1702 1955 et

916 1973 1051 2008 ignobiles
1064 1981 1126 2000 cum
1142 1974 1344 2007 navigationem
1355 1974 1493 2000 latrocinii
1509 1981 1590 2000 causa
1605 1981 1702 2001 susce-

915 2019 1030 2053 pissmt.
1059 2027 1114 2046 sua:
1145 2024 1239 2045 contra
1265 2027 1316 2046 nos
1352 2019 1522 2053 expeditioni
1551 2021 1702 2053 speciosam

915 2071 1024 2091 causam
1049 2064 1237 2097 pra'texebant
1255 2063 1349 2090 lsaarii
1364 2064 1457 2098 Angeli
1482 2064 1701 2097 restitutionem;

914 2114 942 2137 et
957 2118 1039 2144 quem
1056 2110 1079 2137 is
1095 2110 1180 2136 ﬁlium
1196 2109 1267 2136 malo
1281 2110 1336 2136 fato
1352 2110 1431 2144 775
1447 2110 1472 2135 in
1495 2111 1590 2144 palrfte
1609 2111 1703 2144 perui-

914 2156 984 2182 ciem
1001 2160 1143 2190 genuerat.
1157 2157 1285 2182 comitem
1306 2155 1521 2189 pulcherrimum
1537 2161 1564 2182 et
1586 2157 1703 2190 optatis-

914 2201 1012 2228 simum
1025 2201 1208 2228 adducebant.
1223 2201 1288 2228 Nam
1303 2209 1398 2228 eorum
1418 2201 1562 2228 oscitanlia
1576 2209 1603 2228 et
1621 2204 1682 2237 igua
1693 2217 1700 2222 -

911 2248 958 2281 .via
975 2248 1021 2281 qui
1040 2255 1132 2274 rerum
1149 2247 1339 2282 potiebantur.
1355 2247 1446 2274 eﬂccit
1470 2251 1498 2274 ut
1515 2248 1634 2275 latrones
1658 2249 1701 2275 isti

913 2293 996 2320 nobis
1011 2294 1057 2328 jus
1084 2293 1208 2320 dicerent
1227 2297 1253 2320 ct
1280 2301 1375 2327 poenas
1398 2294 1559 2327 inrogarent.
1578 2294 1632 2321 Nec
1651 2295 1701 2321 illa!

915 2338 1008 2365 clades
1027 2338 1103 2364 urbis
1118 2338 1172 2364 ttllo
1187 2342 1314 2372 portento
1330 2338 1372 2364 vel
1385 2338 1489 2364 cmlrsti
1510 2339 1551 2365 vel
1577 2340 1701 2366 terrestri

83 2384 129 2410 καὶ
146 2383 280 2413 κολαστὰς
302 2384 364 2414 τοὺς
393 2383 495 2417 λῃστὰς
526 2381 732 2416 ὲπεισήνεγκεν.
761 2381 821 2406 Ἐπὶ
834 2381 861 2407 δὲ

915 2383 1131 2419 praesigniﬁcatte
1143 2387 1217 2413 sunt.
1240 2383 1266 2409 id
1284 2383 1356 2417 quod
1390 2383 1454 2410 olim
1477 2384 1638 2418 plerumque
1663 2386 1701 2411 t'a-

79 2431 132 2462 τοῖς
144 2429 264 2464 συμὸἄσι
277 2429 344 2456 πᾶσι
359 2430 392 2462 τῇ
410 2428 527 2461 βασιλίδι
545 2427 621 2453 οὐδὲν
634 2427 748 2460 σημεῖον
762 2426 861 2460 ὑψόθεν

79 2477 153 2511 ἢκαὶ
168 2476 252 2510 γῆθεν
267 2474 401 2508 ἑκφανθὲν
422 2473 567 2507 ἔγνωσται,
589 2473 668 2498 ὁποῖα
690 2472 758 2498 ἄττα
777 2470 862 2498 πολλὰ

77 2524 132 2553 τοῖς
144 2522 277 2557 πρότερον
291 2519 497 2556 ξυνηνέχθησαν
516 2519 660 2554 συμφορὰς
683 2518 787 2552 ἀνδρῶν
813 2518 861 2544 καὶ

79 2568 172 2596 κακῶν
202 2568 351 2601 δποιγωγάς
387 2565 588 2601 κηρεσιφόρους
622 2563 858 2598 ὑποσημαίνοντα.

79 2614 146 2642 Οὔτε
159 2614 324 2649 γὰρ’ψιάδες
346 2612 493 2646 οὐρανόθεν
520 2610 641 2645 ὕσθησαν
663 2610 857 2644 αἱματόεσσαι,

78 2661 138 2689 οὒτε
155 2661 234 2696 θέρος
259 2660 373 2693 ἔναιμον
392 2657 624 2692 παρεξήλλακται,
645 2655 709 2682 οὔτε
724 2655 792 2682 λίθοι
808 2664 859 2681 πυ-

79 2708 184 2743 ρόεντες
197 2705 227 2737 ἐξ
239 2705 346 2739 αἰθέρος
357 2703 522 2738 ἠνέχθησαν,
531 2702 593 2728 οὔτε
604 2710 629 2728 τι
643 2703 736 2737 ἕτερον
749 2701 857 2736 ἑωράθη

77 2752 276 2788 καινουργηθὲν
306 2750 443 2781 ὁπωσοῦν,
475 2748 533 2775 ἀλλ’
561 2748 658 2783 ἐμϐάδι
687 2748 784 2783 did/6301;)
809 2749 856 2774 καὶ

78 2799 171 2835 χερσὶν
186 2797 348 2832 ἀκροτήτοις
362 2795 499 2824 πολύπους
515 2794 562 2819 καὶ
584 2793 714 2827 πολύχειρ
728 2796 760 2829 τῇ
776 2796 852 2821 πόλει

78 2847 122 2873 καὶ
137 2845 204 2880 ἡμῖν
219 2844 237 2877 ἡ
252 2842 314 2876 δίκη
335 2839 536 2867 ὲπεισπεσοῦσα
559 2839 730 2872 δυσπότμους
757 2841 785 2867 ἐν
808 2842 851 2868 ἀν.

217 2888 353 2918 Panos.
379 2887 436 2916 Gn.
459 2884 626 2916 CXXXIX.

920 2434 993 2457 ctum
1002 2433 1053 2462 est,
1071 2437 1133 2456 cum
1148 2430 1235 2456 caedes
1253 2429 1394 2456 hominum
1415 2434 1443 2456 et
1459 2430 1564 2457 excidia
1590 2432 1699 2458 uihium

914 2476 1107 2508 imminebant,
1129 2483 1220 2509 neque
1243 2481 1364 2502 cruenta:
1385 2480 1467 2509 gutta:
1494 2476 1565 2503 coelo
1590 2477 1701 2503 decide-

913 2525 988 2552 runt,
1007 2529 1096 2555 neque.
1114 2521 1264 2555 sanguinea
1292 2521 1389 2547 messis
1412 2521 1526 2551 exstitit.
1545 2529 1595 2548 nec
1622 2522 1699 2556 igniti

915 2567 1021 2602 lapides
1036 2575 1068 2594 ex
1081 2567 1183 2594 mthere
1201 2567 1375 2600 deciderunt,
1394 2575 1444 2594 nec
1458 2567 1605 2601 quidquam
1621 2567 1699 2594 deui-

913 2612 1101 2647 queinusitati
1118 2611 1227 2643 accidit,
1249 2612 1295 2638 sed
1322 2613 1401 2638 tacita
1414 2615 1442 2637 ct
1471 2613 1616 2646 tranquilla
1638 2614 1699 2640 viu-

913 2658 986 2685 dicta
1003 2657 1097 2684 multis
1109 2652 1233 2683 manibus
1247 2661 1276 2692 et
1291 2656 1408 2691 pedibus
1423 2656 1459 2683 ita
1480 2664 1530 2684 nos
1550 2658 1696 2692 oppressit,

918 2708 948 2731 ut
969 2703 1068 2730 delicta
1084 2702 1170 2737 probe
1189 2703 1243 2729 ulta
1260 2691 1443 2729 .miserrimos
1459 2691 1699 2731 omniumrmorta-

915 2748 1136 2776 lium-eﬂccerit.
1162 2748 1201 2775 Eo
1217 2755 1301 2782 porro
1313 2747 1357 2774 die
1379 2754 1434 2781 quo
1461 2747 1527 2774 urbs
1553 2754 1630 2783 capta
1645 2754 1697 2783 est,

908 2795 1076 2830 prtedatores
1091 2801 1140 2821 eas
1151 2793 1224 2820 aedes
1247 2794 1273 2819 in
1291 2800 1360 2827 quas
1384 2792 1554 2820 diverterant
1581 2794 1698 2828 diripie-

910 2843 996 2874 bant;
1013 2845 1040 2868 et
1055 2845 1153 2876 praeter
1171 2847 1201 2867 ea
1222 2846 1282 2875 quae
1294 2839 1344 2874 ipsi
1368 2838 1542 2874 indagabant.
1569 2839 1694 2869 dominos

1504 2884 1538 2916 31
