1954 3072
246 135 291 166 971
871 130 1021 160 ΝῐΕΕΤᾸί
1037 127 1238 159 (ἸΠΟΝΙΑἸὙΕ

1817 128 1876 160 972

244 195 273 219 :Ie
291 191 406 218 oretiltis
433 189 578 218 thesauris.
605 188 753 215 nonnttllos
769 195 831 214 cum
857 186 1030 217 verberibus,

1085 186 1206 220 θρώποις
1229 185 1390 220 εἰργάσατο,
1407 186 1537 221 ’τιμωρὸς
1568 185 1684 220 ὀφθεῖσα
1714 186 1867 220 φιλότιμος.

244 237 345 263 mullos
372 236 479 263 blandis
502 235 604 266 verbis,
632 241 728 262 omnes
755 241 818 261 cutn
842 233 1031 260 comminatio-

243 283 323 308 nibus
354 281 597 315 percontabantur.
628 279 680 312 Qui
711 286 772 305 cum
798 278 849 304 alia
875 285 904 304 se
929 277 1031 304 habere

242 329 403 357 faterentur,
431 327 483 352 alia
514 325 678 356 iudicarent,
707 324 760 351 alia
794 324 821 350 in
853 327 1031 356 conspectum

241 372 511 399 ali'errentzmilites
538 371 613 398 nulla
640 378 704 405 erga
727 369 849 404 hospites
873 367 1030 398 clementia,

241 419 316 445 nulla
343 418 523 452 benignitate,
543 424 594 443 nec
619 415 746 451 hospitiis
774 423 826 442 nec
847 414 923 441 victu
951 413 1032 448 776

241 463 484 493 communicando.
503 462 663 489 utebantur.
679 461 776 488 Omnia
795 460 925 495 superba,
952 460 1032 486 inbu-

241 517 332 539 mana,
349 509 479 535 immania
507 512 594 534 crant.
621 507 730 534 Domini
756 514 803 541 per
835 505 1031 532 contumeliam

240 556 345 582 milibus
358 555 416 581 suis
437 554 630 589 ejiciebnntur.
658 553 764 586 Quibus
791 553 825 579 de
854 551 945 578 causis
967 559 1030 578 cum

242 598 329 624 visunt
346 603 419 624 esset
436 597 554 624 dttcibus
568 597 601 623 iis
618 597 664 631 qui
679 598 780 624 vellent
795 596 864 623 urbe
876 595 1029 623 excedendi

242 649 405 679 potestatem
422 644 498 675 dare,
521 645 595 670 cives
624 644 763 670 turmatim
785 643 911 674 abibant,
934 642 1032 677 pannis

243 690 371 720 involuti,
387 690 474 716 macie
490 695 518 716 et
546 689 648 723 pallore
671 688 800 719 conlecti.
817 689 885 715 facie
916 687 1031 714 mortuis

241 736 356 765 similes.
370 736 458 762 octtlis
478 735 611 770 sanguine
636 735 760 766 sulfusis,
779 735 880 769 quippe
895 733 943 769 qui
970 741 1032 760 san-

241 782 324 816 guine
338 781 430 815 potius
440 789 520 816 qualn
539 774 667 816 liacrytnis
679 781 787 808 ﬂerent.
804 781 871 807 Nam
883 781 928 807 alii
945 780 1032 807 lacu’l-

243 831 326 853 Iatum
339 827 476 862 jacturam
491 827 672 862 deplorabant
689 836 695 853 :
708 827 767 859 alii,
786 835 819 854 ea
834 831 863 853 ut
877 835 907 854 re
920 826 1031 854 levioris

1085 231 1139 257 Kal
1154 232 1204 264 τὴν
1217 231 1266 264 μὲν
1287 231 1393 266 ἡμέραν
1408 231 1518 265 ἐκείνην
1530 232 1591 258 καθ’
1605 231 1639 266 ἢν
1651 233 1667 266 ὴ
1689 232 1768 263 πόλις
1785 233 1866 259 ἑάλω-

1083 279 1176 307 κεν,οἱ
1196 277 1343 303 σκυλευταὶ
1363 278 1424 308 ταῖς
1442 277 1545 311 ὁπῃοῦν
1566 278 1668 308 οἰκίαις
1683 277 1870 311 ἐναυλισάμε-

1083 332 1123 349 νοι
1140 324 1174 350 τά
1202 332 1231 349 τε
1250 323 1326 350 ἔνδον
1351 323 1503 358 διήρπαζον
1527 324 1574 350 καὶ
1595 323 1662 359 περὶ
1677 322 1732 349 τῶν
1756 324 1871 357 ἀφανῶν

1082 370 1146 401 τοὺς
1158 370 1291 400 δεσπότας
1303 369 1458 404 ἀνέκρινον,
1472 370 1580 404 πληγὰς
1594 370 1762 401 ἐντείνοντες
1775 369 1871 402 ἐνίοις,

1083 415 1194 446 πολλοῖς
1223 415 1252 441 δὲ
1276 414 1325 441 καὶ
1355 414 1500 450 προσηνῶς
1527 416 1734 450 συγγινόμενοι,
1764 417 1826 446 ταῖς
1848 416 1871 442 δ’

1082 460 1212 491 ἀπειλαῖς
1236 460 1283 487 ἐπὶ
1306 461 1375 493 πᾶσι
1397 460 1550 495 χρώμενοι·
1576 461 1614 492 ὡς
1631 461 1659 487 δὲ
1677 462 1712 488 τὰ
1729 461 1780 497 μὲν
1797 459 1873 497 εἶχον

1082 507 1117 532 τὰ
1132 507 1154 533 δ’
1172 507 1326 541 ἐξέφαινον,
1343 507 1378 533 τὰ
1393 507 1442 541 μὲν
1457 507 1609 541 ὀφθαλμοῖς
1630 508 1804 541 προκείμενα
1823 509 1873 534 καὶ

1083 551 1152 585 πρὸς
1167 551 1223 576 τῶν
1252 551 1371 586 ἑχόντων
1393 552 1601 586 προσαγόμενοι,
1614 552 1647 578 τὰ
1664 552 1688 578 δ’
1716 553 1770 578 ὑπὸ
1793 553 1872 587 σφῶν

1082 596 1173 622 αὐτῶν
1189 597 1396 630 ἁναδιφώμενα,
1415 597 1463 623 καὶ
1489 597 1573 632 φειδώ
1597 606 1640 629 τις
1662 598 1714 624 οὐκ
1734 595 1769 633 ἦν
1793 600 1873 633 παρὰ
1892 600 1897 612 ⁸

1083 644 1175 676 σφίσιν
1192 642 1253 668 οὐδὲ
1271 643 1325 668 τῶν
1341 644 1457 670 ὲνόντων
1474 644 1619 678 μετάδοσις
1634 644 1704 679 πρὸς
1716 646 1781 676 τοὺς
1792 646 1873 680 ἔχον·
1891 649 1893 670 1

1082 697 1143 720 τας.
1159 688 1221 715 οὕτε
1234 689 1287 724 μὴν
1305 690 1475 724 συμμέθεξις
1490 690 1582 721 ἑστίας
1598 691 1614 726 ἦ
1633 692 1795 724 ἑστιάσεως,
1809 692 1871 718 ἀλλ’

1083 733 1220 768 ὑπεροψία
1249 733 1296 759 καὶ
1322 734 1422 767 ἀμιξία
1441 734 1488 760 καὶ
1514 734 1574 768 μεθ’
1599 734 1706 770 ὕϐρεων
1730 735 1872 771 ἀπαγωγὴ

1083 781 1130 806 καὶ
1148 779 1320 814 ἀπόπεμψις,
1337 780 1411 812 εδοξε
1427 779 1472 806 διὰ
1487 780 1573 807 ταῦτα
1585 782 1643 812 τοῖς
1661 781 1872 815 στρατηγοῦσιν

1082 827 1224 853 ἀνεικέναι
1247 827 1304 858 τοῖς
1335 825 1509 861 βουλομένοις
1542 827 1591 861 τὴν
1615 828 1647 853 ἐκ
1679 827 1729 861 τῆς
1763 827 1873 858 πόλεως

241 873 372 899 momenti
385 873 519 907 neglecta,
538 877 585 899 aut
610 873 700 899 ﬁliolae
723 873 826 900 nubilis
855 877 964 907 raptum
986 877 1030 899 aut

1084 873 1215 913 ἄπαρσιν.
1253 871 1333 898 Κατὰ
1365 872 1523 906 συμμορίας
1560 871 1651 898 τοίνυν
1692 873 1873 907 ἀγειρόμενοι

241 918 536 952 conjugematnissam,
558 919 604 945 alii
628 919 748 953 denique
777 918 851 946 aliud
878 919 906 945 in
931 918 1030 946 itinere

241 965 383 1000 lugebant.

1084 917 1211 951 ἐξῄεσαν,
1228 918 1336 952 ῥακίοις
1361 917 1579 952 ἔσπειραμένοι,
1607 918 1729 954 ἀπαστίᾳ
1755 920 1872 953 ἐκτετη-

1087 964 1195 997 γμένοι,
1212 966 1256 989 τὸν
1270 963 1362 998 χρῶτα
1376 964 1540 998 τραπέντες,
1563 964 1707 999 νεκρώδεις
1729 966 1781 996 τὰς
1795 965 1874 1000 δψεις

241 1015 289 1041 καὶ
311 1013 427 1049 ὕφαιμοι
440 1013 504 1044 τοὺς
521 1013 692 1049 ὀφθαλμοὺς,
709 1013 751 1050 [P.
767 1013 832 1050 5'18]
853 1014 890 1045 ὡς
905 1013 988 1040 πλέον
1001 1012 1118 1047 αἰμασιν
1141 1012 1214 1046 ἤπερ
1234 1011 1351 1046 δάκρυσι
1381 1012 1534 1043 κλαίοντες.
1551 1013 1582 1039 οι
1600 1013 1649 1047 μὲν
1665 1014 1720 1048 γὰρ
1755 1013 1870 1048 θρήνων

240 1059 290 1089 τὰς
306 1059 400 1089 οὐσίας
414 1055 488 1092 εἶχον
503 1057 645 1090 ὑπόθεσιν,
662 1059 688 1084 οἱ
703 1059 731 1084 δὲ
743 1058 792 1093 τὴν
807 1057 911 1084 τούτων
933 1056 1071 1090 ἁποὸολὴν
1093 1056 1129 1086 di;
1144 1054 1220 1081 οὔπω
1238 1055 1330 1080 θλίὸον
1348 1056 1374 1087 ἐς
1399 1055 1436 1090 μὴ
1453 1055 1533 1090 λόγον
1549 1056 1699 1089 τιθέμενοι,
1717 1057 1734 1092 ἢ
1766 1057 1873 1092 ὡραῖον

241 1103 330 1137 γάμου
351 1102 442 1135 κόριον
460 1101 632 1136 ὠλοφύροντο
651 1101 777 1137 ὰρπαγὲν
794 1101 868 1136 παρά
883 1109 930 1127 του
948 1102 997 1127 καὶ
1008 1099 1214 1134 διακορηοὲν,ἧ
1232 1100 1330 1133 ἀλόγου
1353 1101 1483 1135 στέρησιν
1499 1100 1686 1134 ἀπωδύροντο,
1704 1100 1753 1127 καὶ
1784 1101 1872 1133 ἄλλος

241 1146 306 1173 ἄλλο
321 1154 348 1172 τι
365 1146 450 1171 κακὶιν
467 1144 603 1180 ἀιῴμωζε
623 1145 821 1180 πορευόμενος.

275 1191 302 1218 3.
325 1191 360 1218 Ut
379 1196 471 1218 autem
499 1191 534 1217 de
560 1199 603 1218 tne
633 1200 741 1226 quoque
769 1191 873 1226 aliquid
904 1191 1031 1222 referam,

241 1237 319 1264 multi
341 1245 374 1264 ex
389 1237 573 1264 familiaribus
593 1238 639 1265 illo
652 1238 724 1266 tristi
744 1243 771 1266 et
784 1245 848 1266 vere
863 1238 970 1266 nefasto
987 1238 1031 1266 die

241 1284 268 1311 in
284 1291 372 1311 meam
399 1285 510 1311 domum
542 1284 694 1318 porticibus
722 1285 888 1319 impositam.
920 1289 1032 1319 propter

241 1331 438 1357 obscuritatem
456 1329 530 1356 aditu
544 1329 683 1357 dillicilem
697 1330 771 1365 (nam
790 1330 982 1365 pulcherrima:
1004 1335 1031 1356 et

243 1375 420 1410 amplissima:
433 1375 505 1402 aedes
525 1380 624 1403 nostra:
638 1376 664 1402 in
694 1376 846 1410 Sphoraeio
860 1376 920 1407 sitae
942 1376 1030 1403 altero

242 1421 369 1448 incendio
383 1422 545 1456 perierant).
563 1421 753 1454 conﬂuebant;
771 1427 799 1449 et
815 1422 917 1457 alioqui
931 1429 1031 1456 oppor-

242 1472 326 1493 tunus
341 1472 400 1494 erat
416 1467 478 1494 inde
499 1467 526 1494 in
552 1468 702 1494 maximum
734 1468 865 1502 templum
890 1467 969 1502 777
987 1474 1030 1493 re-

241 1517 347 1546 ceptus,
380 1513 425 1539 cui
441 1514 529 1540 vicina
547 1518 616 1541 erat.
638 1513 690 1540 Sed
710 1514 811 1540 milites
833 1514 900 1540 nihil
923 1514 1028 1548 imper-

245 1557 408 1590 vistigatum
435 1558 644 1591 relinquebant;
672 1566 724 1584 nec
752 1558 828 1584 locus
855 1557 927 1583 ullus
953 1563 1031 1583 sacer

243 1607 290 1629 aut
303 1603 357 1629 situ
376 1603 502 1629 munitus
517 1603 655 1637 supplices
666 1602 842 1630 defendebat.
860 1602 1030 1636 Quocunque

243 1656 416 1680 occurreres,
431 1648 465 1675 ab
484 1649 611 1675 hostibus
631 1648 797 1680 abstractus,
818 1655 873 1681 quo
891 1647 944 1674 illis
970 1651 1031 1673 erat

243 1694 372 1725 lubitum,
390 1693 581 1721 abducrbaris.
598 1693 671 1726 Quas
693 1693 806 1728 injurias
819 1700 882 1719 cum
900 1699 1030 1719 cernere-

245 1748 316 1773 mns,
331 1745 359 1767 ut
373 1747 480 1774 tempus
505 1739 622 1770 ferebat,
647 1739 730 1766 rebus
747 1741 849 1766 nostris
869 1735 1031 1765 consuleba-

244 1794 314 1813 mus.
332 1786 397 1813 Erat
414 1785 480 1812 mihi
497 1785 639 1812 familiaris
657 1784 767 1819 quidam
796 1789 878 1819 atque
902 1784 1031 1811 domesti-

243 1840 292 1859 cus
311 1832 422 1858 natione
437 1831 568 1863 Venetus,
594 1831 640 1865 qui
665 1831 739 1858 domi
772 1838 838 1857 mea:
860 1837 922 1857 cum
946 1837 1030 1856 uxore

243 1885 270 1906 et.
286 1879 368 1906 rebus
381 1878 438 1905 suis
453 1879 555 1905 victutn
574 1882 718 1912 tutumque
733 1881 872 1911 receptum
889 1877 1006 1904 habebat
1020 1884 1028 1909 ;

244 1925 266 1951 is
277 1932 309 1951 eo
325 1929 447 1958 tempore
466 1923 546 1950 nobis
562 1922 636 1949 utilis
655 1923 717 1949 fuit.
736 1922 803 1950 Nam
815 1923 899 1950 armis
910 1926 938 1949 et
953 1923 1028 1949 mili-

245 1970 293 1996 tari
314 1970 409 1997 habitu
439 1977 488 2004 pro
512 1969 676 1996 mereatorio
707 1969 834 2004 sumptis,
864 1969 1030 2004 praedatores

243 2015 403 2050 aliquandiu
437 2015 543 2042 fortiter
566 2014 667 2041 mdium
697 2015 821 2049 ingressu
848 2014 974 2048 depulit.
1000 2022 1029 2041 se

243 2060 457 2086 connnilitonetn
472 2066 579 2091 eorum,
603 2064 631 2086 et
656 2059 729 2086 aedes
753 2067 799 2086 eas
825 2066 1029 2093 prawccupasse

244 2104 387 2136 simulans.
400 2110 427 2132 et
446 2105 534 2139 patria
550 2104 642 2139 lingua
659 2113 720 2132 cum
733 2105 773 2131 eis
791 2112 852 2138 quae
867 2112 912 2131 res
934 2108 1029 2138 postu-

244 2150 317 2175 labat
352 2149 521 2183 colloquens.
557 2149 626 2176 Cum
662 2154 753 2176 autem
786 2149 840 2176 illis
869 2150 1029 2176 catervatim

1120 1189 1159 1223 γ’.
1179 1190 1237 1216 Ἵνα
1252 1190 1280 1216 δὲ
1296 1190 1340 1217 καὶ
1355 1189 1388 1217 τὰ
1411 1191 1472 1216 κατ’
1487 1189 1537 1225 ἐμὲ
1562 1191 1680 1226 σννείρω
1695 1192 1727 1227 τῇ
1751 1191 1873 1228 ἱστορίᾳ,

1081 1237 1175 1263 πολλοὶ
1189 1237 1243 1263 τῶν
1261 1236 1386 1271 συνήθων
1401 1237 1442 1267 είς
1455 1237 1556 1271 τούμὸν
1575 1238 1745 1272 συνέδραμον
1759 1239 1871 1273 οἴκημα

1079 1286 1130 1319 τῆς
1149 1284 1269 1318 στυγνῆς
1290 1284 1399 1318 ἐκείνης
1433 1283 1480 1310 καὶ
1507 1283 1668 1318 δυσωνύμου
1694 1283 1783 1315 ὄντως
1809 1286 1874 1313 ἐπι-

1084 1330 1229 1364 φαυςὰσης
1261 1330 1380 1364 ἡμέρας,
1403 1329 1542 1355 ὑπόστωον
1563 1329 1645 1356 οὖσαν
1669 1331 1717 1357 καὶ
1745 1331 1874 1366 χαλεπὴν

1084 1375 1275 1411 προσπελάσας
1291 1376 1336 1401 καὶ
1353 1375 1462 1410 ζοφώδη
1478 1376 1527 1410 τὴν
1544 1375 1663 1402 εἴσοδον·
1684 1376 1698 1402 ό
1716 1376 1773 1412 γὰρ
1796 1377 1872 1412 ἆμα-

1082 1431 1128 1457 χος
1141 1421 1179 1456 τῷ
1194 1422 1288 1448 κάλλει
1302 1422 1349 1447 καὶ
1361 1421 1399 1454 τῷ
1417 1421 1528 1455 μεγέθει
1555 1422 1684 1455 μέγιστος
1697 1419 1772 1452 οἶκος
1787 1423 1873 1458 ἡμῶν

1081 1469 1111 1494 ὲν
1126 1470 1182 1499 τοῖς
1198 1467 1361 1501 Σφιιιρακίου
1379 1467 1522 1501 ἱδρυμένος
1538 1467 1591 1493 ὑπὸ
1605 1467 1652 1493 τοῦ
1668 1467 1800 1502 δευτέρου
1822 1478 1875 1495 πυ-

1084 1515 1129 1549 ρὸς
1143 1515 1300 1549 ὴςάνισται.
1319 1511 1373 1538 ἿΙν
1387 1513 1414 1538 δὲ
1437 1514 1482 1539 καὶ
1499 1513 1588 1544 ἄλλως
1616 1513 1743 1548 εὐμαρῶς
1764 1515 1877 1541 ἐκεῖθεν

1080 1560 1120 1590 εις
1134 1560 1180 1585 τὸν
1200 1559 1330 1593 μέγιστον
1345 1558 1467 1584 εἰσδῦναι
1490 1559 1564 1589 ναὸν,
1591 1559 1653 1584 ἐπεὶ
1668 1561 1715 1585 καὶ
1734 1559 1774 1593 τῷ
1791 1561 1876 1594 τεμέ-

1080 1610 1121 1629 νει
1143 1602 1295 1628 συνέχειτο.
1323 1601 1396 1627 Ἀλλ’
1420 1598 1454 1636 ἦν
1476 1601 1691 1637 ἀνεξερεύνητον
1715 1603 1793 1630 οὐδὲν
1815 1606 1875 1636 τοῖς

1083 1646 1297 1681 στρατεύμασιν,
1314 1646 1373 1672 οὐδὲ
1387 1647 1468 1678 τόπος
1480 1647 1582 1682 εὺαγὴς
1595 1649 1642 1674 καὶ
1657 1650 1690 1684 τῇ
1707 1648 1781 1675 θέσει
1797 1659 1835 1676 πα
1842 1659 1872 1685 ρ-

1081 1694 1151 1727 έχων
1189 1693 1346 1725 ἀσφάλειαν
1367 1693 1459 1724 ἀσινὲς
1475 1694 1568 1728 ἐτήρει
1594 1695 1625 1720 τὺ
1650 1697 1871 1730 προσρυόμενον,

1081 1739 1138 1764 ἀλλ’
1154 1739 1208 1772 ὅπη
1223 1748 1264 1770 τις
1291 1738 1324 1764 ἂν
1343 1739 1391 1765 καὶ
1415 1739 1614 1774 προσέδραμεν,
1640 1741 1785 1768 ἀπεσπᾶτο
1802 1743 1874 1777 πρὸς

1081 1785 1136 1810 τῶν
1151 1785 1292 1811 εἰσιόντων
1309 1786 1368 1810 ἐκεῖ
1383 1784 1530 1819 πολεμίων,
1551 1786 1598 1811 καὶ
1612 1786 1676 1813 ἔνθα
1688 1787 1757 1822 πρὸς
1769 1788 1872 1824 βουλῆς

1084 1831 1202 1862 ἐκείνοις
1224 1831 1360 1866 ἀπήγετο.
1389 1831 1473 1857 Ταῦθ’
1506 1832 1625 1867 ὁρῶντες
1643 1834 1724 1868 ἡμεῖς
1749 1825 1870 1870 ἀνομού-

1084 1885 1165 1911 μενα,
1186 1877 1224 1908 ὼς
1238 1878 1271 1903 ἐκ
1298 1877 1352 1903 τῶν
1368 1878 1511 1910 παρόντων
1538 1878 1663 1913 εἴχομεν,
1683 1881 1713 1905 τὸ
1728 1881 1873 1917 σύμφορον

1083 1922 1208 1956 μέτιμεν.
1223 1920 1278 1948 Ἦν
1292 1922 1339 1950 οὖν
1357 1924 1418 1958 ἐμοί
1435 1932 1476 1953 τις
1492 1923 1613 1959 συνήθης
1628 1934 1656 1951 τε
1669 1926 1716 1952 καὶ
1727 1927 1871 1961 συνέστιος

1081 1969 1113 1994 ἐκ
1135 1969 1181 1994 τοῦ
1197 1969 1251 1995 τῶν
1276 1969 1425 1996 Βενετίκων
1454 1970 1594 2005 προελθὼν
1621 1971 1728 2005 γένους,
1751 1974 1868 2008 κομιδῆς

1081 2013 1241 2047 ἀξιούμενος
1259 2014 1304 2040 καὶ
1318 2015 1369 2048 τῆς
1395 2015 1423 2045 ἐς
1439 2015 1469 2041 τὸ
1486 2015 1566 2050 σῶμα
1590 2016 1738 2050 ἀσφαλείας
1763 2020 1865 2055 κομιδῆ
1886 2010 1906 2055 ξ

1083 2060 1206 2094 μετέχων
1224 2061 1280 2091 τοῖς
1299 2060 1377 2086 οὖσιν
1391 2060 1450 2095 ἅμα
1465 2064 1512 2087 καὶ
1527 2049 1649 2094 γυναικί.
1670 2060 1753 2094 Οὗτος
1769 2049 1870 2099 χρήσιί

1083 2112 1132 2138 μσς
1147 2105 1213 2138 ἡμῖν
1226 2105 1256 2130 ὲν
1272 2106 1328 2136 τοῖς
1350 2105 1412 2131 τότε
1434 2107 1541 2140 καιροῖς
1559 2107 1675 2141 γίνεται.
1701 2108 1870 2143 Θωρακισά-

1083 2158 1163 2184 μενος
1180 2150 1234 2185 γὰρ
1257 2151 1305 2177 καὶ
1322 2151 1366 2176 τὸν
1387 2151 1510 2186 ἔμπορον
1525 2154 1566 2184 εἰς
1594 2154 1764 2189 στρατιώτην
1787 2163 1873 2190 μετα-

245 2194 427 2226 irruentibus,
452 2194 567 2221 Francis
589 2194 749 2228 prwsertim,
767 2195 826 2228 qui,
843 2195 949 2222 caeteris
979 2202 1030 2222 nec

1085 2195 1256 2230 μειψάμενος
1294 2196 1368 2230 μάλα
1405 2196 1546 2231 ὲμὸριθῶς
1590 2199 1760 2233 ἀπεκρούετο
1802 2202 1871 2232 τοῖς

245 2239 362 2274 ingeniis
375 2247 424 2268 nec
439 2239 604 2273 corporibus
625 2239 739 2271 similes,
752 2239 778 2265 id
795 2246 879 2265 unum
898 2246 927 2266 se
941 2239 1031 2265 vereri

241 2288 348 2321 jactant
363 2293 397 2312 tte
410 2285 510 2312 caelum
526 2285 732 2316 ruat,resistere
748 2292 802 2311 non
818 2289 919 2318 posset,
933 2289 1031 2311 auctor

244 2333 323 2360 nobis
334 2332 385 2359 fuit
398 2332 460 2359 inde
475 2331 644 2364 discedendi,
659 2339 694 2358 ne
706 2331 777 2365 capti
793 2339 808 2357 a
823 2331 952 2358 Barbaris
980 2337 1031 2357 nos

244 2379 271 2406 in
288 2378 394 2405 vincula
411 2378 626 2413 conjicerctuur,
645 2369 773 2403 mulieres
791 2384 855 2403 vero
881 2376 915 2403 ad
936 2381 1031 2410 stupra

244 2432 272 2453 et
303 2425 445 2452 libidinem
472 2427 648 2458 raperentur.
670 2423 738 2450 Cum
752 2427 843 2449 autem
870 2423 959 2449 bonus
985 2423 1030 2448 ille

245 2472 349 2507 pridem
377 2470 496 2498 famulus
521 2474 548 2496 et
576 2469 672 2500 cliens,
699 2475 755 2496 tum
783 2476 848 2496 vero
871 2469 979 2509 adjutor
1003 2473 1031 2496 et

245 2522 368 2550 tempore
388 2515 506 2541 maxime
522 2514 678 2540 necessario
692 2513 775 2548 778
789 2513 918 2540 defensor
931 2521 981 2541 nos
1003 2515 1028 2540 in

243 2563 311 2589 alias
327 2561 410 2592 mdes,
426 2559 471 2586 ubi
489 2559 568 2586 nobis
581 2559 638 2585 noti
651 2557 747 2586 Veneti
765 2559 934 2592 habitabant,
946 2560 1029 2587 duee-

244 2613 296 2640 rct,
312 2606 391 2643 panci
408 2606 489 2633 simul
510 2606 662 2638 exibamns,
687 2605 733 2631 illo
755 2605 881 2632 manibus
897 2613 947 2633 nos
975 2611 1030 2632 tra-

244 2655 327 2681 hcnte
351 2659 378 2680 et
400 2657 430 2680 ut
460 2653 578 2687 pristiam
607 2659 684 2678 suam
711 2651 870 2683 comitante,
885 2652 978 2679 tristes
1001 2656 1029 2679 et

244 2701 313 2730 male
332 2700 430 2728 vestiti.
448 2699 501 2727 Sed
516 2699 560 2726 ubi
579 2698 612 2726 ad
635 2692 707 2725 illa‘m
731 2698 806 2724 urbis
824 2703 927 2732 partem
947 2699 1031 2726 Fran-

242 2748 464 2780 cisusﬂguatatn
494 2753 589 2772 rursus
601 2744 788 2779 perri-nimus,
817 2744 880 2770 itide
909 2744 1029 2779 profugi-

243 2801 312 2823 mus.
331 2801 345 2820 a
362 2791 472 2819 famulis
491 2791 594 2818 nostris
611 2791 749 2822 omnibus,
774 2790 835 2817 aliis
853 2791 908 2816 alio
924 2791 1030 2824 disper-

243 2839 290 2872 sis,
303 2838 492 2866 inhumaniter
507 2838 620 2867 deserti,
640 2837 733 2863 liberis
750 2837 862 2868 nostris,
890 2837 936 2871 qui
958 2844 1028 2862 non-

1083 2241 1218 2273 εἰσιόντας
1251 2242 1333 2277 μέχρι
1360 2243 1434 2274 τινος
1461 2243 1491 2269 τὸ
1515 2243 1621 2277 οἴκημα
1645 2244 1808 2277 σκυλευτὰς,
1823 2247 1872 2272 τὴν

1083 2287 1246 2322 συνοπ).ίτην
1263 2288 1378 2318 ἐκείνοις
1393 2289 1609 2323 ὑποκρινόμενος
1627 2290 1675 2315 καὶ
1698 2291 1870 2325 προειληφέ-

1082 2341 1125 2360 ναι
1155 2334 1206 2367 τὴν
1230 2333 1321 2359 οὶκίαν
1351 2334 1601 2369 σχηματιζόμενος,
1634 2336 1871 2370 συμῦαρσαρίζων

1083 2379 1141 2412 ἅμα
1155 2378 1231 2412 σφίσι
1248 2378 1297 2405 καὶ
1309 2378 1342 2405 τὰ
1356 2379 1448 2405 εἰκότα
1462 2380 1663 2414 διαλεγόμενος.
1683 2380 1726 2412 Ὠς
1735 2381 1763 2408 δὲ
1775 2382 1801 2408 οί
1818 2383 1869 2416 μὲν

1083 2423 1155 2448 κατὰ
1175 2422 1280 2457 πλῆθος
1300 2424 1451 2459 είσέρῤεον,
1480 2426 1494 2450 ό
1516 2424 1538 2450 δ’
1567 2425 1692 2459 ἀντέχειν
1718 2426 1868 2460 ἀπείρηκε,

1082 2470 1130 2495 καὶ
1151 2469 1270 2501 μάλιστα
1298 2469 1363 2500 τοὺς
1385 2470 1417 2495 ἐκ
1440 2469 1493 2495 τῶν
1517 2470 1701 2504 Φραγκίσκων
1719 2471 1868 2502 εἰσιόντας,

1084 2515 1121 2550 μὴ
1136 2516 1191 2546 τοῖς
1205 2515 1295 2546 ἄλλοις
1309 2515 1389 2546 ὄντας
1402 2516 1613 2550 παραπλησίους
1630 2517 1678 2542 καὶ
1693 2518 1743 2548 τὰς
1755 2518 1870 2552 γνώμας

1082 2562 1130 2586 καὶ
1148 2562 1183 2586 τὰ
1200 2560 1326 2595 σώματα,
1344 2561 1424 2594 μόνον
1441 2561 1469 2587 δὲ
1478 2561 1522 2587 τὸν
1531 2562 1646 2597 οὐρανὸν
1660 2562 1776 2590 δεδιέναι
1798 2572 1870 2598 κομ-

1082 2606 1219 2638 πάζοντας
1241 2607 1278 2641 μὴ
1308 2607 1350 2642 εῑη
1381 2606 1473 2640 σφίσιν
1504 2608 1664 2641 ἐπιπεσὼν,
1698 2611 1869 2644 μεταχωρεῖν

1082 2654 1188 2679 ἐκεῖθεν
1204 2654 1270 2687 ἡμῖν
1293 2652 1468 2687 ὑποτίθησιν,
1486 2653 1528 2679 ἵνα
1546 2654 1584 2689 μὴ
1603 2654 1670 2688 πρὸς
1687 2655 1744 2686 τοῖς
1758 2655 1870 2689 Βαρϐα-

1084 2707 1141 2733 ροις
1153 2700 1294 2732 γενόμενοι
1315 2699 1343 2724 ὲν
1365 2699 1415 2733 μὲν
1432 2699 1543 2733 δεσμοῖς
1559 2699 1583 2725 οί
1610 2699 1707 2734 ἄνδρες
1723 2701 1806 2735 ἡμεῖς
1825 2702 1870 2728 διὰ.

1081 2745 1211 2779 χρήματα
1223 2745 1330 2778 εῑημεν,
1346 2745 1374 2770 al
1387 2745 1414 2770 δὲ
1426 2746 1556 2778 γυναῖκες
1576 2746 1605 2771 ὲν
1626 2745 1721 2780 ὖὸρεσι
1736 2747 1784 2772 καὶ
1801 2747 1870 2773 ἀσέ-

1083 2799 1159 2823 μνοις
1185 2791 1360 2824 ἀπαγιιιγαίς.
1382 2789 1434 2816 Τοῦ
1450 2790 1570 2825 χρηστοῦ
1592 2792 1685 2817 τοίνυν
1700 2792 1808 2818 ἐκείνου
1823 2793 1870 2818 καὶ

1082 2836 1178 2871 πρώην
1197 2836 1351 2870 οἰκότριῦός
1373 2844 1400 2861 τε
1418 2837 1464 2862 καὶ
1477 2836 1646 2871 πρὸσιρυγος,
1663 2838 1724 2863 τότε
1742 2838 1764 2864 δ’
1797 2839 1869 2872 ἀγα-
