1945 3074
81 171 134 203 £173

82 274 113 304 ἒς
141 272 226 306 ἄλλην
245 271 334 297 οἰκίαν
355 270 543 305 ἡγησαμένου,
569 269 706 303 γνωστοὺς
727 270 792 302 ἡμῖν
815 269 863 295 Βε-

81 318 208 348 νετίκους
223 317 390 351 τρέφουσαν,
405 315 476 342 κατὰ
493 315 604 350 βραχεῖς
629 314 721 348 ἔξιμεν
744 314 862 346 ἐκεῖθεν,

78 364 115 395 ὡς
129 362 295 397 δορύκτητος
314 362 411 396 ἐκείνῳ
431 361 542 395 κλῆρος,
558 361 590 386 ἐκ
609 360 700 394 χειρὸς
720 359 863 394 ἑλκόμενοι

79 409 213 442 κατηφεῖς
225 407 271 433 καὶ
291 406 448 440 δυσείμονες
462 405 588 431 καὶοῦτω
602 406 862 439 παραπεμπόμενοι.

85 453 162 479 Ἐπεὶ
182 452 205 478 δ’
225 453 314 478 έκεῖνο
337 452 367 477 τι
392 451 477 485 μέρος
495 451 544 484 τῆς
576 451 679 481 πόλεως
703 451 744 480 είς
764 450 864 484 κλῆρον

77 501 136 529 τοῖς
148 498 335 532 Φραγκίσκοις
353 497 481 531 ἐπέλαχε,
505 496 675 530 μετανάσται
689 495 771 521 πάλιν
789 495 865 528 γινό-

80 545 162 578 μεθα,
177 545 222 570 ὅτε
238 543 351 570 καὶτῶν
365 544 412 569 ἐπὶ
428 544 480 576 τῆς
504 542 654 577 θεραπείας
672 541 752 576 ἡμῶν
776 540 864 567 ἄλλων

76 590 146 626 ἄλλῃ
165 590 375 625 διασπαρέντων
391 590 438 615 καὶ
455 589 564 615 πάντων
579 587 772 622 ἀπανθρώπως
791 588 864 622 ἡμᾶς

75 635 249 670 παρεικότων
266 634 410 669 ὲπωμὰδια
440 634 535 668 φέρειν
561 634 642 668 ἡμεῖς
663 633 863 666 ἠναγκάσμεθα

78 681 114 707 τὰ
141 681 226 715 μήπω
242 680 297 706 τῶν
318 679 471 714 παιδαρίων
500 679 565 705 ποσὶ
585 678 725 713 χρώμενα,
756 678 863 711 στέγειν

75 727 106 752 δὲ
122 727 175 752 ὑπο
192 726 279 761 μάλην
299 726 347 751 καὶ
362 725 466 760 ἄρρενα
481 725 565 750 παῖδα
591 723 800 758 ὑπομαστίδιον,
816 723 863 748 καὶ

75 773 179 808 χωρεῖν
200 771 273 798 οὕτω
292 771 337 797 διὰ
355 772 439 805 μέσου
453 770 508 795 τῶν
520 770 634 803 ἁγυιῶν.
666 769 788 803 Ἡμέρας
805 769 862 794 τοί-

75 825 125 843 νυν
138 817 218 843 πέντε
240 816 310 849 μετὰ
329 816 378 850 τὴν
390 815 492 842 ἅλωσιν
507 816 540 849 τῇ
555 814 630 840 πόλει
647 813 864 848 προσμείναντες

73 862 228 896 ἀπαίρομεν
244 861 292 887 καὶ
306 862 397 894 ἡμεῖς.
422 860 463 895 [Ρ.
481 859 544 894 579]
562 857 616 885 Ἦν
632 859 660 885 δὲ
676 858 739 884 τότε
755 858 863 883 25:66a-

761 168 863 198 URBS
881 170 1012 199 CAPTA.

78 224 318 261 Θοῦ”συνεργάτου
334 233 385 251 καν
402 225 458 254 τοῖς
485 223 603 258 καιρίοις
629 223 862 258 ὑπερασπίζοντος

917 224 981 250 dum
1020 225 1124 260 ingredi
1153 222 1302 260 poterant,

1636 173 1700 198 -ιιῑι

1344 224 1464 250 humeris
1497 224 1640 259 impositis.
1666 226 1699 253 Et

916 269 1031 296 filiolum
1046 269 1192 297 lactentem
1208 270 1296 296 adhuc
1318 268 1368 296 sub
1391 269 1431 295 ala
1455 269 1527 296 ferre
1544 275 1570 296 et
1597 270 1633 296 ita
1651 277 1699 304 per

915 315 1022 341 medios
1038 315 1112 342 vicos
1125 315 1253 342 incedere
1267 315 1354 341 coacti
1369 323 1476 342 sumus.
1499 315 1533 342 Et
1545 314 1604 342 dies
1618 316 1698 349 quin-

915 369 968 394 que
988 366 1050 396 post
1065 367 1170 394 captam
1183 363 1277 388 urbem
1296 363 1457 389 conuuorati
1476 367 1503 388 et
1529 362 1578 396 ipsi
1596 362 1699 389 disces-

915 408 1001 434 sinms
1015 407 1059 434 die
1073 407 1196 434 Sabbati.
1215 407 1291 440 Quod
1307 408 1397 434 divina
1414 408 1585 442 providentia
1601 411 1629 433 et
1644 414 1697 433 non

915 452 1105 484 fortuito_easu
1124 452 1225 479 factum
1240 453 1360 480 videtur.
1387 452 1541 479 Accedebat
1555 457 1583 479 et
1599 452 1696 481 hiems.

913 503 941 524 ct
957 502 1050 525 nostra
1063 506 1131 525 uxor
1158 498 1247 525 vicina
1271 504 1330 525 erat
1350 500 1451 532 partui,
1480 504 1508 525 ttt
1537 499 1581 525 illa
1595 499 1697 526 Christi

914 544 1066 578 prmdiclio,
1086 551 1149 578 qua:
1161 549 1254 571 monet
1265 535 1398 571 orandum
1411 552 1471 571 esse
1486 552 1518 571 ne
1533 543 1593 578 fuga
1605 549 1698 571 nostra

914 589 941 615 in
954 589 1072 616 Sabbato
1084 594 1112 616 et
1128 589 1218 616 hieme
1233 590 1289 621 fiat,
1303 595 1330 617 et
1343 591 1544 624 przegnautibus
1561 592 1587 617 in
1602 591 1700 618 diebus

915 634 967 662 illis
985 635 1054 662 male
1067 636 1215 666 ominatur.
1231 644 1283 662 non
1302 644 1381 663 secus
1397 644 1428 662 ac
1455 637 1477 664 si
1502 641 1595 664 nostra
1619 645 1698 664 causa

914 681 986 708 dicta
1000 686 1082 713 esset,
1100 683 1201 709 exitqu
1225 683 1380 709 sortiretur.
1398 683 1433 710 Ut
1457 691 1522 710 vero
1545 683 1700 717 complures

914 728 1064 755 familiares
1085 733 1112 754 et
1139 728 1245 762 cognati
1274 728 1380 762 aliaque
1408 728 1487 756 turba
1515 728 1549 755 ad
1577 734 1699 756 nostrum

915 778 1092 808 conspectum
1109 774 1309 803 confluxerant.
1324 781 1376 800 non
1401 775 1481 801 aliter
1505 783 1586 809 quam
1613 778 1704 802 coetus‘

915 818 1090 845 formicarum
1109 827 1159 853 per
1182 820 1260 846 trivia
1288 820 1475 855 pergebamus.
1491 821 1701 848 occurrentibus

914 863 996 890 nobis
1007 863 1176 890 exercitibus
1190 871 1245 890 non
1261 869 1387 891 accurate
1410 865 1531 896 armatis,
1547 866 1629 900 779
1651 867 1698 893 sed

75 916 134 939 τον,
156 908 228 933 κατὰ
248 906 324 932 θείαν
341 905 420 940 οἶμαι
437 905 484 931 καὶ
504 905 541 939 μὴ
555 904 678 939 τυχηρὰν
694 904 862 936 περίπτωσιν

915 908 1059 942 praelongis
1072 909 1185 935 ensibus
1198 909 1230 935 ad
1249 909 1334 936 latera
1351 917 1484 943 equorum
1506 911 1656 944 suspensis.
1672 916 1699 937 ct

74 952 92 986 ἢ
115 952 266 987 συγκυρίαν
284 950 384 977 οὑτωσὶ
401 959 459 981 πως
478 949 586 984 συμϐὰν
608 948 716 982 ἄλογον,
732 947 781 974 καὶ
804 955 861 981 χει-

77 997 147 1033 μὼν,
164 996 210 1024 ἐπὶ
223 997 251 1023 δὲ
275 997 323 1023 καὶ
349 997 415 1030 πρὸς
433 996 525 1022 ὠδῖσιν
542 996 581 1021 ἐτι
598 994 676 1029 ἡμῶν
695 994 712 1028 ἠ
733 993 861 1026 σύζυγος,

75 1043 147 1070 ὥστε
169 1043 215 1068 καὶ
229 1042 259 1068 τὺ
275 1041 323 1067 τοῦ
339 1040 459 1075 Χριστοῦ
476 1039 675 1074 προαγόρευμα
689 1039 702 1064 ὅ
714 1045 797 1072 φησιν
814 1036 863 1063 εὖ·

75 1089 177 1121 ξασθαι
191 1087 228 1122 μὴ
245 1086 373 1120 γενέσθαι
400 1085 450 1120 τὴν
478 1085 567 1119 φυγὴν
588 1084 669 1118 ἡμῶν
684 1084 817 1118 χειμῶνος
844 1081 861 1116 ἢ

78 1132 301 1163 Σαῆὁάτου,καὶ,
325 1140 336 1156 ι
363 1131 432 1157 υὺαὶ
446 1131 507 1161 ταῖς
527 1130 556 1155 ὲν
573 1129 673 1163 γαστρὶ
693 1128 818 1162 ἐχούσαις
834 1128 862 1153 ὲν

77 1178 199 1207 ἐκείναις
215 1178 274 1206 ταῖς
292 1176 421 1211 ἡμέραις,
444 1185 453 1200 ι
470 1175 508 1201 ὡς
544 1175 622 1208 εἰπερ
635 1175 677 1207 ἐφ’
691 1174 757 1208 ἡμῖν
769 1173 862 1208 προεί-

76 1233 156 1258 ρητο,
173 1224 259 1258 πέρας
272 1223 390 1257 ἀτεχνῶς
404 1222 525 1256 εἴληφεν.
542 1221 586 1252 Ὠς
601 1220 623 1246 δ’
636 1221 723 1246 ἱκανοὶ
738 1219 863 1252 συνήθεις

74 1270 125 1296 καὶ
139 1270 281 1303 συγγενεῖς
307 1269 353 1294 καὶ
364 1267 467 1302 πλῆθος
489 1266 585 1300 ἓτερυν
610 1265 680 1292 κατὰ
703 1265 768 1291 θέαν
783 1265 862 1299 ἡμῶν

78 1316 234 1350 συνδραμὸν
246 1315 296 1348 τῆς
315 1313 429 1349 πορείας
446 1313 588 1348 εἰχόμεθα,
609 1312 653 1338 ἐπ’
684 1311 746 1346 ἴσης
774 1311 863 1345 ἀγορᾷ

79 1363 236 1398 μυρμήκων
260 1361 375 1391 διιόντες
407 1361 456 1391 τὰς
485 1359 630 1394 τριόδους,
662 1358 863 1393 προσυπήντων

75 1410 145 1444 ἡμῖν
159 1409 184 1434 οξ
208 1403 333 1442 inputat;
357 1407 405 1441 οὐχ
428 1406 598 1440 ὡπλισμένοι
618 1404 686 1439 πρὸς
708 1403 860 1438 ἀκρίϐειαν,

78 1454 217 1489 μαχαίρας
240 1452 263 1479 δ’
279 1453 426 1487 ἐπιμήκεις
447 1451 522 1486 παρὰ
540 1450 658 1484 πλευρὸν
688 1449 802 1483 πλάγιον
816 1449 862 1475 τοῦ

76 1501 165 1526 ἵππου
193 1499 374 1534 ἐξηρτημένοι
401 1498 449 1524 καὶ
469 1495 651 1532 παραξιφίδια
671 1496 732 1526 ’ταῖς
762 1494 862 1526 ζώναις

76 1548 204 1581 ὲνιὲμενα
226 1547 366 1579 φέροντες,
387 1545 411 1570 οι
435 1543 484 1578 μὲν
508 1543 562 1568 τῶν
583 1541 690 1568 σκύλων
717 1540 860 1576 ἑμφορτοι,

75 1593 101 1618 οἱ
126 1592 155 1618 δὲ
176 1592 240 1623 τοὺς
267 1591 417 1625 παριόντας
440 1587 630 1624 αἰχμαλώτους
663 1587 862 1621 ὲξιχνιάζοντες

76 1640 101 1665 εἰ
116 1638 248 1672 λαμπρὰν
268 1637 370 1671 ἐσθῆτα
402 1635 575 1670 περίκεινται
594 1633 756 1668 διερρωγότι
783 1640 862 1666 περι-

79 1684 262 1717 στελλομένην
282 1680 410 1716 χιτῶνιῆ
437 1679 501 1714 γοῦν
520 1679 653 1714 ἀργύριον
675 1678 723 1704 καὶ
750 1678 862 1712 χρυσίον

76 1731 116 1766 τῷ
140 1730 233 1764 κόλπῳ
264 1729 453 1760 ένθάπτουσιν,
480 1727 504 1752 οἱ
529 1726 557 1752 δὲ
577 1726 625 1751 καὶ
645 1724 783 1758 γυναικῶν
803 1725 862 1754 ταῖς

78 1776 172 1803 κάλλει
188 1774 384 1809 διαφερούσαις
405 1772 547 1807 πεπηγόσι
565 1771 705 1805 βλέμμασι
725 1769 793 1804 μηδὲ
810 1770 862 1804 ρᾳ-

77 1821 140 1850 δίως
161 1819 374 1853 ἀποσπωμένοις
402 1818 603 1848 ὲνατενίζοντες
628 1814 664 1846 ὡς
692 1815 862 1848 ἁρπάσοντες

77 1865 178 1892 αὐτίκα
199 1867 246 1890 καὶ
270 1865 440 1899 βιασόμενοι.
459 1863 527 1897 Περὶ
554 1863 615 1893 ταῖς
642 1862 751 1896 γυναιξὶ
774 1861 863 1887 τοίνυν

77 1913 160 1947 ἡμεῖς
175 1911 313 1942 δείσαντες
329 1911 378 1941 τὰς
394 1909 444 1944 μὲν
455 1909 492 1940 ὼς
508 1909 537 1934 ὲν
550 1908 625 1942 σηκῷ
645 1908 684 1942 τῷ
700 1908 773 1942 μέσῳ
783 1907 862 1941 ἡμῶν

78 1958 289 1992 amomum,
317 1957 376 1987 ταῖς
405 1956 433 1982 δὲ
453 1955 573 1981 νεάνισιν
606 1954 804 1988 ὲπεσκήψαμεν
818 1954 863 1979 ὲν-

78 2004 227 2039 τρίψασθαι
239 2003 316 2038 πηλῷ
332 2003 366 2029 τὰ
379 2003 515 2037 πρόσωπα
528 2001 682 2036 ἀντίρροπα
695 2000 750 2026 τῶν
767 1999 862 2035 πρώην

77 2050 250 2084 κομμιῦσεων
267 2051 314 2075 καὶ
331 2049 377 2074 τὸν
407 2048 511 2082 πυρσὸν
527 2048 600 2073 οὕτω
619 2046 790 2073 κατασϐέσαι
808 2046 863 2072 τῶν

77 2096 210 2131 παρειῶν,
229 2096 273 2121 ἵνα
291 2094 328 2130 μὴ
347 2095 384 2125 ώς
399 2095 427 2121 έν
441 2094 520 2120 νυκτὶ
538 2093 787 2128 φρυκτωρούμενον
807 2093 863 2127 πῦρ

78 2143 247 2178 προκαλῆται
265 2143 327 2173 τοὺς
339 2141 450 2172 όδευτὰς
466 2142 564 2176 πρῶτα
581 2141 630 2175 μὲν
645 2140 754 2172 θεατὰς,
768 2140 862 2166 ἔπειτα

76 2188 99 2215 δ’
121 2188 252 2223 ἐραστὰς,
270 2190 302 2214 ἐκ
325 2189 353 2214 δὲ
377 2188 473 2214 τούτου
489 2188 536 2213 καὶ
559 2186 684 2222 βιαστὰς,
712 2185 863 2212 ἀνεύθυνον

913 952 1046 986 pugiones
1069 953 1185 987 cingulis
1212 954 1329 980 insertos
1365 955 1552 988 gestantibus;
1582 963 1698 989 quorum

913 997 958 1024 alii
974 998 1111 1024 manubiis
1128 999 1218 1025 onusti
1243 1005 1331 1031 erant,
1361 1000 1406 1026 alii
1435 1006 1634 1034 praetereuntes
1655 1010 1700 1028 ca-

913 1043 1002 1078 ptivos
1016 1044 1201 1077 excutiebant,
1215 1052 1249 1071 an
1260 1045 1311 1072 sub
1323 1046 1411 1073 lacera
1425 1048 1516 1074 tunica
1528 1048 1699 1080 splendidam

913 1094 1015 1116 vestem
1039 1090 1161 1117 celarent
1189 1095 1236 1117 aut
1259 1096 1399 1126 argentum
1427 1100 1561 1119 aurumve
1586 1093 1612 1119 in
1638 1094 1700 1120 sinu
1724 1088 1734 1128 ί

913 1132 1098 1159 occultarent.
1125 1133 1178 1159 Alli
1207 1135 1338 1162 mulieres
1363 1135 1448 1162 forma
1479 1142 1641 1170 praestantes
1665 1138 1699 1164 ἱιει

913 1176 1010 1203 defixis
1038 1179 1125 1205 oculis
1155 1179 1358 1212 intuebantur,
1389 1182 1466 1215 quasi
1504 1191 1565 1209 mox
1594 1191 1640 1210 eas
1667 1184 1699 1210 ad

914 1230 1040 1258 stuprum
1056 1226 1159 1259 rapturi
1173 1231 1274 1253 essent.
1290 1227 1346 1254 Nos
1359 1227 1442 1262 igitur
1454 1229 1592 1261 mulieres,
1607 1237 1699 1256 earum

913 1269 1052 1303 pudicitiae
1067 1275 1230 1303 metuentes,
1246 1272 1273 1299 in
1298 1273 1419 1300 medium
1448 1282 1546 1308 agmen
1571 1280 1699 1309 tanquam

915 1314 943 1341 in
972 1315 1043 1342 ovile
1079 1316 1245 1350 recepimus,
1276 1319 1495 1346 adulescentulas
1523 1329 1588 1348 vero
1621 1329 1700 1348 C(euo

914 1358 1010 1386 faciem
1027 1360 1133 1387 illinere
1149 1366 1178 1388 ut
1191 1362 1296 1396 pridem
1316 1363 1398 1395 fucis,
1415 1369 1496 1398 atque
1514 1365 1548 1392 ita
1571 1366 1699 1394 ruboren:

914 1412 1044 1440 genarum
1063 1407 1237 1440 exstinguere
1251 1408 1393 1443 jussimus,
1409 1418 1442 1437 ne
1464 1411 1557 1438 formae
1573 1418 1701 1440 venustas

914 1451 1058 1485 principio,
1076 1456 1106 1478 ut
1129 1453 1249 1480 viatores
1275 1459 1359 1481 noctu
1383 1455 1471 1483 elatus
1486 1457 1566 1491 ignis,
1595 1464 1703 1493 specta-

914 1501 997 1529 tores,
1018 1497 1117 1524 deinde
1129 1504 1276 1531 amatores,
1289 1505 1430 1535 postremo
1458 1508 1583 1537 raptores
1608 1506 1700 1533 allice-

915 1546 968 1575 ret,
988 1550 1048 1569 cum
1065 1543 1115 1570 sibi
1132 1544 1214 1572 licere
1228 1545 1355 1573 viderent
1380 1548 1481 1576 omnia.
1511 1549 1621 1576 Interim
1638 1559 1702 1586 sup-

915 1587 1001 1622 plices
1015 1588 1066 1622 ipsi
1093 1597 1190 1617 manus
1206 1591 1239 1617 ad
1264 1592 1348 1619 Deum
1375 1594 1566 1627 tendebamus,
1595 1596 1702 1625 afﬂictis

914 1633 1013 1660 animis
1029 1639 1140 1668 pectora
1158 1636 1318 1671 plangentes
1332 1643 1357 1665 et
1374 1640 1469 1666 oculos
1482 1641 1600 1675 rigantes
1611 1645 1700 1677 laery

913 1679 975 1711 mis,
992 1680 1013 1706 si
1036 1688 1090 1714 quo
1103 1682 1183 1708 modo
1195 1690 1292 1710 omnes
1309 1685 1442 1713 immanes
1454 1687 1519 1713 istas
1535 1687 1607 1714 feras
1633 1690 1699 1716 ειιιιί

913 1731 941 1754 et
971 1727 1101 1754 inviolata
1137 1729 1267 1763 pudicitia
1294 1731 1481 1759 evaderemus.
1508 1733 1576 1760 Cum
1607 1739 1698 1761 autem

913 1773 993 1800 nobis
1011 1782 1059 1808 per
1072 1773 1189 1801 Auream
1213 1783 1318 1810 portam
1337 1778 1491 1804 exeundum
1515 1784 1597 1810 esset,
1623 1785 1652 1807 ut
1666 1782 1700 1808 ad

914 1820 1008 1854 inclyti
1020 1821 1147 1854 martyris
1173 1821 1254 1848 Mocii
1276 1823 1361 1848 aedem
1378 1824 1514 1856 venimus,
1537 1825 1657 1854 insolens
1673 1834 1700 1854 et

913 1865 1035 1892 nefarius
1047 1866 1157 1900 quidam
1173 1867 1306 1894 barbarus
1320 1869 1400 1903 780
1411 1870 1527 1903 puellam
1540 1872 1699 1906 formosam,

911 1911 1011 1946 judicis
1027 1912 1167 1947 cujusdam
1186 1913 1280 1945 filiam,
1297 1922 1312 1940 e
1328 1915 1417 1941 medio
1435 1923 1557 1944 nostrum
1569 1924 1696 1953 tanquam

914 1957 995 1991 lupus
1010 1965 1106 1992 agnam
1136 1958 1247 1993 abripit.
1263 1959 1322 1992 Quo
1363 1961 1521 1989 miserrimo
1543 1967 1699 1998 spectaculo

915 2007 989 2029 totus
1005 2007 1094 2030 ccetus
1111 2008 1203 2030 noster
1216 2009 1406 2033 consternatus
1418 2008 1580 2035 exclamavit
1599 2019 1607 2044 ;
1625 2012 1700 2044 μυί-1-

913 2048 946 2075 ia:
960 2056 1025 2075 vero
1036 2053 1122 2082 pater,
1135 2050 1211 2076 senio
1230 2054 1257 2077 et
1275 2051 1371 2078 morbo
1383 2051 1509 2084 amictus,
1538 2059 1593 2081 tum
1617 2057 1697 2083 etiam

915 2094 941 2120 in
958 2102 1067 2121 caenum
1082 2095 1225 2129 prolapsus
1237 2104 1267 2123 ac
1278 2098 1489 2130 contaminatus,
1499 2100 1592 2134 iacens
1601 2103 1699 2129 crebro

914 2147 958 2165 me
984 2143 1110 2174 tanquam
1141 2140 1269 2167 ficulnum
1297 2143 1453 2176 przesidiutn
1478 2145 1646 2178 intuebatur,
1672 2155 1699 2175 et.

915 2186 1076 2212 nominatim
1097 2187 1193 2213 orabat
1220 2191 1248 2214 ut
1277 2188 1326 2214 sibi
1345 2197 1395 2223 pro
1425 2190 1494 2216 virili
1520 2192 1553 2218 ad
1580 2194 1698 2226 puellam

78 2236 199 2269 ὁρῶντας
216 2236 245 2261 τὸ
267 2235 330 2261 ἴδιον
346 2234 465 2268 θέλημα,
487 2233 545 2268 ἃμα
565 2233 612 2258 καὶ
629 2228 722 2267 χεῖρας
743 2231 861 2260 ἱκέτιδας

916 2232 1132 2264 recuperandam
1172 2232 1331 2267 adjumento
1357 2242 1457 2261 essem.
1490 2235 1582 2271 Itaque
1608 2240 1697 2265 statim

77 2281 203 2315 αἴροντες
227 2282 266 2310 εἰς
289 2280 355 2306 Θεὸν
379 2281 425 2306 καὶ
455 2280 525 2314 μετὰ
550 2278 665 2312 συνοχῆς
692 2276 807 2311 καρδίας
832 2275 862 2301 τὸ

79 2326 178 2361 στῆθος
199 2326 350 2356 τύπτοντες
369 2326 416 2351 καὶ
428 2324 556 2359 δακρύοις
573 2323 608 2349 τὰ
621 2324 733 2358 ὄμματα
750 2322 862 2355 τέγγον-

75 2381 135 2403 τες,
158 2373 186 2398 εῐ
204 2380 262 2403 τιως
293 2372 412 2402 ἅπαντες
438 2372 485 2396 καὶ
522 2371 609 2396 πᾶσαι
638 2370 700 2400 τοὺς
733 2367 863 2402 ὼμηστάς

77 2417 203 2447 ἐκείνους
224 2417 311 2451 θῆρας
338 2416 469 2450 σχοιημεν
496 2414 677 2447 ἀδιαλὼὃητοι
706 2411 862 2446 παρελθεῖν.

78 2464 155 2490 Ἔδει
176 2463 205 2489 δὲ
225 2463 269 2489 διὰ
289 2463 338 2496 τῆς
355 2462 495 2496 Χρυσείας
521 2460 608 2496 πύλης
628 2459 703 2494 ἡμᾶς
731 2458 862 2490 ἐξελθεῖν.

82 2510 126 2540 Ὠς
142 2509 171 2535 δὲ
199 2509 263 2543 περὶ
288 2509 333 2535 τὸν
353 2508 421 2535 νεὼν
441 2509 545 2543 ἥκομεν
567 2506 677 2533 Μωκίου
697 2504 745 2531 τοῦ
767 2503 862 2529 καλλι-

79 2556 231 2590 μάρτυρος,
248 2554 379 2589 ὑϐριστὴς
402 2554 449 2580 καὶ
467 2554 574 2583 ἀνόσιος
602 2551 739 2586 βάρὸαρος
762 2549 799 2580 ὡς
824 2550 859 2575 ἀ-

77 2600 167 2635 μνάδα
201 2599 282 2630 λύκος
312 2600 344 2625 ἐκ
360 2599 449 2633 μέσων
481 2598 559 2633 ἡμῶν
589 2596 746 2631 ἀφαρπάζει
776 2596 860 2628 κόρην

75 2645 265 2679 εὑπλόκαμον,
283 2645 355 2675 τινος
367 2645 422 2670 τῶν
441 2644 487 2670 ἐπὶ
508 2644 546 2679 τῷ
563 2643 684 2674 δικάζειν
702 2641 860 2675 θυγάτριον.

76 2690 148 2726 Πρὸς
163 2690 213 2724 τὴν
233 2690 414 2724 οἰκτροτάτην
433 2689 522 2715 τοίνυν
547 2689 661 2722 ταυτηνὶ
685 2687 749 2713 θέαν
772 2688 787 2721 ἠ
811 2685 861 2720 μὲν

75 2736 185 2761 συνοδία
193 2736 267 2762 πᾶσα
281 2735 488 2770 διαθροηθέντες
499 2734 693 2768 ὲξεϐοήσαμεν,
706 2733 719 2758 ὀ
729 2732 757 2758 δὲ
768 2730 860 2766 πατὴρ

74 2782 124 2816 τῆς
144 2781 239 2812 παιδὸς
262 2782 335 2816 γήρᾳ
353 2781 401 2807 καὶ
421 2781 493 2814 νόσῳ
513 2778 732 2814 τετρυχωμένος,
750 2777 811 2803 τότε
831 2776 859 2802 δὲ

74 2828 121 2853 καὶ
139 2826 252 2861 σιραλεὶς
279 2827 349 2853 κατὰ
376 2826 524 2861 πέλματος,
544 2824 742 2858 ὀλοφυρόμενος
758 2822 805 2848 καὶ
822 2822 859 2856 τῷ

74 2871 153 2903 πηλῷ
180 2871 334 2905 φυρόμενος
361 2871 472 2905 δόχμιος
493 2869 593 2901 ἔκειτο,
618 2868 656 2899 ὡς
682 2869 721 2899 είς
745 2867 858 2902 συκίνην

915 2284 1066 2303 conversus
1081 2277 1193 2311 vestigia
1209 2279 1326 2312 raptoris
1346 2287 1505 2314 persequor,
1524 2290 1586 2308 cum
1610 2283 1697 2319 lacry—

914 2321 966 2348 mis
985 2321 1039 2347 vim
1055 2321 1153 2349 factam
1170 2323 1352 2356 proclamans,
1379 2329 1407 2351 et
1432 2327 1602 2360 Supplicibus
1617 2330 1698 2363 gesti-

914 2366 965 2393 bus
977 2375 1055 2402 opem
1083 2369 1306 2402 prmlereuntium
1329 2369 1446 2396 militum
1474 2371 1630 2405 implorans.
1651 2374 1698 2408 qui

913 2411 1012 2446 linguae
1024 2418 1124 2439 nostra:
1135 2421 1189 2440 non
1208 2415 1287 2448 plane
1303 2415 1386 2442 rudes
1397 2421 1485 2447 erant.
1514 2419 1696 2452 quorumdam

913 2457 995 2484 etiam
1019 2458 1145 2485 manibus
1174 2459 1355 2494 prehensatis.
1386 2461 1420 2488 Et
1439 2462 1483 2488 vix
1503 2463 1634 2497 quosdam
1663 2465 1696 2491 ad

914 2504 1180 2530 commiserationem
1199 2505 1236 2531 ita
1251 2505 1323 2538 ﬂexi,
1342 2511 1371 2532 ut
1385 2506 1570 2541 impudentem
1584 2513 1611 2535 et
1632 2509 1696 2536 libi-

915 2547 1127 2575 dinosumillum
1148 2549 1256 2577 hircum
1280 2551 1372 2579 ulcisci
1396 2553 1538 2586 cupientes
1564 2561 1578 2580 a
1601 2561 1644 2580 me
1662 2554 1694 2581 ad

914 2593 987 2620 aedes
1004 2594 1063 2621 illas
1078 2595 1304 2628 perducerentur.
1319 2597 1377 2630 Quo
1401 2606 1461 2625 cum
1480 2603 1591 2625 ventum
1610 2605 1694 2631 esset,

912 2639 1078 2666 mulierosus
1096 2640 1140 2667 ille
1150 2641 1252 2676 virgine
1269 2643 1424 2670 introducta
1438 2644 1463 2670 in
1477 2644 1580 2671 foribus
1595 2645 1693 2676 stabat,
1718 2663 1719 2666 η

912 2690 942 2712 ut
954 2685 1035 2720 siqui
1057 2686 1112 2712 vim
1126 2687 1224 2714 facturi
1251 2694 1352 2721 essent,
1379 2697 1427 2715 eos
1456 2691 1609 2724 repelleret.
1637 2691 1694 2726 Ego

910 2737 977 2757 vero
991 2731 1075 2765 digito
1097 2739 1158 2758 eum
1172 2738 1402 2765 commonstraus,
1418 2744 1427 2759 ι
1447 2735 1510 2766 iste,
1529 2745 1537 2761 ι
1552 2736 1691 2770 ὶηιιυιιιιι,ι

910 2775 971 2802 luce
988 2780 1056 2803 teste
1065 2777 1145 2812 injuri
1152 2785 1182 2805 us
1192 2783 1287 2805 vestra:
1299 2779 1450 2807 nobilitatis
1462 2781 1551 2809 edicta
1567 2788 1692 2810 conlcto-

911 2821 974 2856 psit.
991 2821 1069 2856 781
1082 2822 1136 2850 Vos
1153 2823 1225 2850 enim
1243 2823 1377 2857 edixistis,
1390 2833 1425 2853 ne
1435 2827 1585 2862 conjugataa
1598 2829 1694 2856 mulie-

912 2867 949 2894 ris
962 2872 1009 2894 aut
1024 2868 1138 2902 virginis
1153 2873 1200 2896 aut
1216 2869 1347 2898 dedicata:
1365 2871 1419 2899 Deo
1433 2873 1528 2902 puella:
1537 2874 1579 2902 vel
1603 2875 1693 2910 impu-
