1945 3074
107 156 143 188 77
771 155 872 185 URBS

929 155 1008 184 tPT/t

1654 150 1707 180 978

90 213 138 241 καὶ
162 213 268 249 βασιλὶς
294 213 344 249 μὲν
361 214 413 240 τῶν
438 214 582 250 βασιλίδων
609 215 724 248 πόλεων,
742 213 818 250 ᾆσμα
843 214 872 240 δὲ

929 221 1032 244 eorum,
1051 212 1180 247 splendor
1195 211 1372 246 splendorum
1384 231 1392 243 ,
1409 214 1435 238 et
1452 211 1535 237 rebus
1549 210 1609 237 visu
1626 211 1706 245 783

90 259 223 294 ᾀσμάτων
251 260 299 286 καὶ
327 260 490 296 λαμπρότης
515 261 726 296 λαμπροτὴτων,
756 261 801 286 καὶ
817 260 896 286 τῶν¹

91 304 215 332 σπανίων
241 307 366 340 πανταχῆ
384 307 530 341 θεαμάτων
562 306 749 341 σπανιώτερον
767 306 871 340 ὅραμα,

90 352 132 382 τίς
151 352 165 378 ὁ
179 351 334 383 διασπάσας
348 353 423 387 ἡμᾶς
439 353 493 378 ἀπὸ
507 351 554 378 σοῦ
570 353 607 383 ὼς
625 354 656 379 ἐκ
672 352 775 386 μητρδς
790 351 871 386 φίλης

89 397 176 423 τέκνα
185 396 337 432 φιλούμενα
347 407 354 430 ;
365 398 436 429 τίνες
448 398 594 434 γενοίμεθα
609 407 615 431 ;
626 400 673 425 ποῖ
681 398 852 434 τραποίμεθα
863 406 870 430 ;

90 443 174 470 ποίαν
192 443 358 478 παραψυχὴν
374 443 501 479 εὕροιμεν
515 446 626 478 γυμνοὶ,
653 445 690 476 ὡς
720 446 751 470 ὲκ
765 443 870 474 κοιλίας

92 489 197 523 μητρὸς
207 488 261 514 τῶν
275 489 328 514 σῶν
339 489 542 522 ὲκσπασθέντες
552 489 670 522 κόλπων,
683 490 729 516 καὶ
743 490 873 524 φανέντες

90 535 156 568 παρ’
175 533 263 560 ἔθνεσι
281 533 382 570 κιθάρα
404 534 451 560 καὶ
471 535 624 570 θρύλλημα.
646 535 756 568 ἀδελφοὶ
775 535 874 570 Σειρή-

90 589 156 610 νων,
193 580 298 614 ὲταϊροι
330 580 477 615 στρουθῶν,
509 581 556 607 καὶ
594 580 780 615 ψωμιζόμενοι
823 580 873 616 μὲν

89 625 226 658 ἀνάγκας,
252 625 324 660 ὕδωρ
355 625 383 652 δὲ
416 626 497 660 χολῆς
528 626 723 661 ποτιζόμενοι;
747 627 815 653 Πότε
842 635 872 652 σε

90 668 246 703 θεασόμεθα
260 668 309 703 οὐχ
321 668 358 700 ὡς
374 668 421 695 νῦν
432 669 520 696 πεδίον
528 670 684 704 ἀφανισμοῦ
698 670 748 696 καὶ
762 670 873 697 κοιλάδα

91 713 270 747 κλαυθμῶνος
287 712 333 739 καὶ
345 714 520 749 πατουμένην
532 714 584 740 ὑπὸ
600 715 800 749 στρατοπέδων,
816 715 872 741 εἴτε

94 759 149 794 μὴν
168 758 390 794 ὲξουθενημένην
411 761 458 786 καὶ
474 760 655 794 ἀπωσμένην,
672 761 730 787 ἀλλ’
754 761 876 796 ἐξαιρου-

94 805 179 839 μένην
196 805 241 831 καὶ
257 805 425 840 σωζομένην,
441 806 489 832 καὶ
500 807 742 841 προσκυνουμένην
754 807 806 833 ὑπὸ
820 808 874 834 τῶν

91 850 322 876 ταπεινωσάντων
344 859 373 877 σε
389 851 438 877 κα)⁸
453 851 665 885 παροξυνάντων
683 860 723 884 σε,
741 853 788 879 καὶ
803 853 875 886 γάλα

91 895 178 922 ἐθνῶν
190 895 359 931 θηλάξουσαν
375 897 422 923 καὶ
443 897 557 923 πλοῦτον
573 897 704 932 βασιλέων
726 898 764 930 ὡς
779 899 874 934 πρώην

91 941 223 974 ἐδουσανς
241 942 305 968 πότε
331 942 359 969 δὲ
372 943 419 969 καὶ
434 943 471 974 ὡς
488 943 574 978 φύλλα
590 944 675 978 συκῆς
697 944 743 970 καὶ
757 945 875 979 χιτῶνας

91 987 273 1022 δερματίνους
297 988 511 1024 ἀποῦαλούμεθα
537 990 570 1016 τὰ
591 991 672 1024 ῥικνὰ
698 991 783 1017 ταῦτα
803 991 874 1026 ῥάκη

92 1035 140 1060 καὶ
161 1034 229 1069 μηδὲ
244 1034 291 1061 τοῦ
308 1036 408 1066 παντὸς
425 1036 605 1072 ἐξικνούμενα
629 1037 766 1071 σώματος,
779 1037 796 1064 ἃ.
810 1038 875 1073 ἡμῖν

93 1080 253 1114 περιέθεντο
266 1080 291 1106 oi.
317 1080 459 1107 ὲπίῦουλοι
485 1082 522 1112 ὼς
554 1081 630 1115 ὄφεις
658 1081 815 1116 ἀλλόφυλοι,
842 1083 875 1109 τὰ

97 1125 210 1152 σύνοικα
232 1127 299 1160 ἡμῖν
323 1127 396 1152 κακά
422 1127 469 1153 καὶ
489 1127 620 1154 ἐπίϐουλα
646 1129 693 1154 καὶ
722 1128 874 1162 βαρύζηλα,

93 1171 299 1206 ἒπενδυσόμεθα
315 1171 337 1198 δ’
357 1172 436 1204 αὖθις
457 1173 520 1204 τοὺς
537 1172 566 1205 ἐξ
590 1173 662 1208 ὑφῆς
680 1174 875 1209 στιλπνοτέρας

93 1216 141 1242 καὶ
155 1216 305 1250 χλιδῶντας
321 1218 448 1252 χιτῶνας,
474 1219 520 1251 οὓς
536 1219 631 1254 πρώην
652 1221 873 1256 περιεκείμεθα;

97 1260 170 1288 Ἀλλ’
187 1262 277 1288 nam
288 1262 364 1295 Θεὸν,
376 1264 514 1298 άγιωτὰτη
532 1265 585 1290 τῶν
603 1265 707 1291 πόλεων
718 1274 724 1280 ·
737 1265 875 1301 προόαλοῦ

93 1306 157 1338 τοὺς
171 1306 249 1338 νεὼς,
265 1308 299 1334 τὰ
314 1308 368 1334 τῶν
383 1309 531 1344 μαρτύρων
552 1310 714 1346 λειπόμενα,
730 1311 779 1343 τὰς
805 1320 876 1347 συμ-

94 1353 181 1386 φορὰς
199 1353 295 1385 αὑτὰς,
311 1354 365 1380 τῶν
385 1355 571 1391 πειρατηρίων
587 1357 617 1382 τὸ
641 1357 767 1391 μέγεθος,
785 1354 822 1384 ὧν
836 1359 876 1390 εἰς

95 1397 176 1432 κόρον
191 1398 375 1433 μετέσχηκας,
394 1399 523 1434 ἀνδράσιν
540 1401 657 1432 ἀνοσίοις
674 1402 814 1429 ἐκδοθεῖσα
836 1404 875 1435 είς

96 1443 230 1478 πύρωσιν.
267 1445 440 1471 Ἐπικάλεσαι
451 1448 504 1480 γάρ
521 1455 565 1481 με,

95 1488 211 1522 θλίψεὼς
229 1498 285 1521 σου,
305 1490 353 1516 καὶ
366 1491 509 1526 ἑξελοῦμαί
532 1500 573 1523 σε,

604 1456 639 1482 φη
645 1450 696 1479 σιν,
744 1451 772 1475 ἐν
784 1450 876 1484 ἡμέρᾳ

608 1493 655 1520 καὶ
678 1493 799 1525 δοξάσεις
830 1503 875 1528 με.

924 259 994 286 raris
1012 258 1198 292 spectaculum
1210 258 1309 288 rarius.
1329 257 1391 291 quis
1406 264 1457 284 nos
1470 265 1483 283 a
1495 261 1520 283 te
1533 257 1633 283 avulsit
1647 261 1677 284 ιιι
1692 265 1706 283 a

924 312 987 332 cara
1002 309 1088 331 matre
1104 311 1184 331 caros
1209 303 1334 331 liberos?
1358 302 1405 336 qui
1424 302 1550 329 erimus?
1578 310 1633 336 quo
1658 310 1708 329 nos

925 349 1090 376 vertamus?
1110 356 1192 383 quam
1209 348 1425 375 consolationem
1443 348 1625 376 inveniemus.
1641 347 1706 374 nudi

924 404 939 423 a
956 400 1003 422 tuo
1028 395 1088 423 sinu
1106 400 1137 422 ιιι
1151 402 1185 421 ex
1206 399 1286 420 utero
1308 394 1405 420 matris
1428 394 1535 420 avulsi?
1551 393 1661 427 quando
1683 396 1708 419 te

925 440 1131 476 spectabimus..
1148 447 1202 466 non
1229 439 1310 465 talem
1326 438 1416 472 qualis
1431 446 1505 465 nunc
1518 446 1562 468 cs,
1581 446 1707 472 catupum

925 487 1071 518 vastitatis,
1086 486 1184 512 vallem
1198 485 1300 516 luctus,
1314 485 1505 512 conculcatam
1525 483 1559 510 ab
1583 483 1710 510 exerciti-

925 533 987 565 bus,
1005 532 1143 560 redactam
1160 531 1194 558 ad
1204 530 1322 558 nihilum
1337 534 1364 557 et
1379 529 1561 564 proﬂigatam,
1579 530 1624 556 sed
1636 530 1711 556 exal-

924 583 1007 606 tatam
1023 581 1052 605 et
1077 577 1260 608 incolumem,
1281 579 1308 603 et
1334 574 1499 601 adorandam
1514 575 1548 601 ab
1565 575 1598 602 iis
1621 575 1666 609 qui
1685 579 1711 601 te

926 624 1122 658 depresserunt
1135 627 1163 650 et
1176 621 1331 650 irritarunt,
1346 624 1374 646 et
1387 620 1458 646 bona
1471 620 1593 654 gentium
1610 627 1710 653 sugen-

927 674 992 701 tem,
1003 674 1032 696 et
1041 669 1150 696 divitias
1164 675 1258 703 regum
1268 670 1298 694 ut
1312 670 1376 692 ante
1385 666 1587 692 comedentem?
1601 665 1710 698 quando

927 714 1049 745 tandem,
1063 718 1094 741 ut
1111 713 1210 740 ﬁculna
1226 711 1291 739 folia
1309 716 1337 738 et
1353 711 1483 746 pelliceas
1500 711 1618 740 tunicas.
1637 710 1710 737 lacc-

926 768 972 788 ros
990 760 1057 787 istos
1070 765 1176 794 pannos
1192 765 1244 785 nec
1260 762 1346 784 totum
1363 764 1465 791 corpus
1480 756 1641 789 ohtcgcntes
1663 754 1711 780 ab-

927 805 1074 842 jiciemus?
1084 804 1186 840 quibus
1195 811 1245 830 nos
1256 803 1367 830 barbari
1382 808 1411 829 ut
1424 801 1549 829 insidiosi
1559 792 1711 835 serpentes,

927 852 996 878 mala
1005 851 1150 885 conjuncta
1160 853 1188 876 et
1197 849 1294 876 infesta
1302 846 1563 876 circumdederunt?
1575 854 1624 881 age
1636 853 1712 877 vero,

928 898 994 925 urbs
1009 897 1193 928 sanctissima,
1203 895 1311 930 placato
1326 895 1424 925 Deum,
1438 893 1578 928 praetende
1599 893 1712 926 templa,

929 947 1079 978 martyrum
1106 941 1258 976 reliquias,
1286 940 1361 975 ipsas
1375 939 1545 966 calamitates
1558 957 1564 968 ,
1591 937 1710 965 cladium

929 987 1144 1023 magnitudinem
1162 987 1264 1021 quibus
1275 994 1305 1013 es
1320 993 1460 1020 oppressa,
1474 985 1587 1012 nefariis
1602 984 1668 1011 viris
1678 982 1712 1009 ad

929 1034 1130 1063 incendendum
1144 1033 1216 1060 data.
1227 1032 1389 1061 Jubetenim
1407 1030 1528 1059 invocari
1545 1038 1574 1057 se
1590 1035 1712 1064 tempore

930 1080 1104 1108 necessitatis
1122 1084 1174 1106 tua:
1191 1087 1198 1104 :
1213 1085 1275 1105 nam
1293 1077 1352 1104 {ore
1368 1081 1398 1103 ut
1414 1077 1472 1111 ipse
1496 1081 1521 1104 te
1546 1076 1663 1109 eripiat,
1683 1079 1711 1101 tu

929 1134 994 1154 vero
1009 1134 1070 1153 eum
1082 1124 1189 1151 laudes.
1200 1123 1348 1158 Numquid,
1368 1124 1498 1157 templum
1513 1121 1710 1155 amplissimum

928 1177 956 1202 et
968 1171 1179 1202 divinissimum.
1196 1177 1316 1204 unquam
1327 1169 1441 1204 posthac
1457 1173 1482 1196 te
1492 1168 1602 1198 videbo,
1613 1167 1711 1194 caelum

929 1225 1079 1250 terrenum,
1095 1217 1193 1245 solium
1207 1215 1289 1251 784
1302 1215 1395 1250 gloriae
1413 1215 1472 1248 Dei,
1485 1214 1632 1242 cherubice
1651 1221 1713 1241 cur-

930 1266 1200 1298 rus,ﬁrmameutum
1218 1263 1347 1294 alterum,
1365 1262 1495 1289 fabricam
1513 1269 1644 1288 manuum
1662 1260 1711 1287 Dei

930 1310 1107 1342 annuntians,
1120 1308 1307 1343 spectaculum
1321 1312 1349 1335 et
1359 1315 1427 1342 opus
1436 1307 1585 1341 singulare,
1602 1305 1711 1332 ﬁrmum

930 1357 1064 1384 universm
1084 1360 1164 1382 terra!
1176 1353 1283 1381 decus?
1300 1357 1327 1379 et
1347 1353 1410 1387 quis
1426 1356 1468 1380 est
1483 1352 1530 1386 qui
1546 1351 1692 1386 pollicetur
1704 1369 1710 1378 ε

930 1403 984 1431 uisi
1001 1403 1024 1429 is
1039 1402 1115 1429 solus
1130 1401 1177 1436 qui
1209 1401 1237 1428 in
1257 1405 1354 1435 suopte
1372 1399 1508 1433 supplicio
1524 1402 1645 1424 tentatus
1656 1417 1662 1429 ,
1680 1397 1713 1423 iis

929 1449 976 1484 qui
991 1452 1143 1478 tentantur,
1156 1453 1319 1474 succurrere
1347 1445 1460 1472 didicit?
1484 1444 1530 1478 qui
1549 1443 1657 1478 inopem
1680 1451 1712 1469 c-x

931 1501 1014 1520 manu
1029 1493 1173 1520 l'ortiorum
1190 1495 1218 1518 et
1235 1499 1382 1526 pauperem
1397 1494 1424 1516 et
1440 1489 1596 1516 mendicum
1612 1497 1626 1516 a
1642 1497 1714 1523 pra:-

94 1532 171 1570 τΔρα
189 1534 216 1561 δὲ
232 1536 378 1570 προσθήσω
392 1538 438 1564 καὶ
454 1538 493 1569 εἰς
509 1538 538 1564 σέ
555 1546 620 1564 ποτε
633 1539 789 1573 ἐπιϐλέψαι,
804 1548 876 1574 παμ-

930 1540 1074 1568 datoribus
1091 1539 1185 1574 eripit,
1204 1539 1251 1573 qui
1264 1538 1356 1565 omnia
1372 1537 1436 1563 facit
1452 1544 1482 1563 ac
1498 1534 1615 1563 subinde
1638 1541 1714 1560 com-

95 1581 211 1615 μέγιστε
234 1583 277 1608 ναὶ
307 1584 355 1610 καὶ
373 1583 508 1616 θειότατε,
538 1584 638 1620 οὐρανὲ
655 1585 772 1618 ἐπίγειε,
797 1585 877 1621 θρόνε

931 1590 1021 1614 mutat
1033 1586 1060 1613 in
1078 1585 1186 1612 melius.

94 1625 174 1658 δόξης
189 1627 270 1660 Θεοῦ,
285 1629 456 1664 Χερουὸικὺν
469 1630 572 1665 ὄχημα,
591 1631 738 1666 στερέωμα
758 1631 898 1666 δεύτερον,
915 1632 1050 1666 ἀγγέλλον
1071 1632 1120 1666 τὴν
1132 1631 1187 1658 τῶν
1202 1630 1303 1665 χειρῶν
1320 1629 1389 1657 Θεοῦ
1414 1629 1533 1664 ποίησιν,
1558 1628 1648 1662 Θέαμα
1663 1628 1708 1654 καὶ

96 1671 178 1706 ἔργον
193 1671 315 1699 ἑναδικὺν
325 1674 372 1699 καὶ
385 1672 494 1708 εῠριζον
511 1675 601 1709 πάσης
622 1675 672 1709 τῆς
682 1675 734 1711 γῆς
752 1675 933 1711 ἀγαλλίαμας
950 1676 1004 1702 Καὶ
1020 1675 1060 1706 τίς
1080 1676 1094 1701 ὁ
1122 1674 1357 1709 ἐπαγγελλόμενος
1386 1673 1410 1699 εί
1429 1672 1466 1707 μὴ
1484 1672 1565 1707 μόνος
1583 1673 1597 1698 ὁ
1615 1672 1644 1697 ὲν
1663 1667 1704 1701 οἷς

96 1715 215 1742 πέπονθε
235 1717 397 1751 πειρασθεὶς
415 1719 472 1749 τοῖς
490 1719 700 1754 πειραζομένοις
732 1720 840 1755 βοηθεῖν
852 1720 1046 1754 ἐπιστάμενος,
1063 1719 1110 1745 καὶ
1126 1718 1259 1753 ῥυόμενος
1270 1717 1378 1752 πτωχὸν
1400 1717 1433 1743 ἐκ
1452 1716 1544 1752 χειρὸς
1568 1714 1715 1750 στερροτέ-

97 1768 153 1795 ρων
168 1761 252 1788 αὑτοῦ
271 1762 321 1788 καὶ
332 1763 439 1798 πτωχὸν
456 1765 503 1790 καὶ
517 1763 621 1800 πένητα
634 1763 689 1792 ἀπὸ
707 1764 761 1791 τῶν
782 1763 988 1801 διαρπαζόντων
1014 1763 1105 1795 αὑτὸν,
1131 1762 1178 1788 καὶ
1196 1761 1282 1788 ποιῶν
1313 1761 1404 1787 πάντα
1430 1761 1476 1787 καὶ
1503 1759 1716 1795 μετασκευάζων

96 1804 142 1831 ἀεὶ
161 1805 231 1840 πρὸς
249 1806 279 1832 τὸ
294 1805 418 1841 βέλτιον;
441 1817 451 1834 ι

133 1855 167 1879 ε’.
188 1851 273 1879 ταῦτ’
295 1853 326 1885 ἐξ
349 1853 519 1888 ὑπεράντλου
545 1854 605 1886 ταῖς
633 1854 763 1889 ἀχθηδόσι
788 1854 877 1890 ψυχῆς

96 1898 266 1930 κενώσαντες
278 1899 666 1935 πορευόμενοιὲπορευόμεθα,
678 1900 818 1930 κλαίοντες
831 1900 878 1927 καὶ
892 1916 896 1919 -

97 1945 242 1981 βάλλοντες
257 1944 321 1976 τοὺς
344 1944 460 1980 θρήνους
486 1945 525 1977 ὡς
544 1946 703 1981 σπέρματα.
724 1946 755 1973 El
779 1946 808 1972 δὲ
830 1946 878 1972 καὶ

95 1991 240 2027 ἐρχόμενοι
255 1991 368 2026 ἥξομεν,
396 1991 520 2027 αἴροντες
542 1992 571 2018 ἐν
595 1992 756 2026 ἀγαλλιάσει
782 1993 816 2019 τὰ
828 1993 878 2023 τῆς

93 2037 257 2072 δεξιωτέρας
272 2036 440 2068 ἀλλοιώσεως
453 2037 610 2073 δράγματα,
623 2037 710 2072 δῶρον
718 2037 798 2064 τοῦτο
810 2037 878 2064 Θεοῦ

94 2083 142 2109 τοῦ
158 2082 383 2118 παρακαλοῦντος
396 2083 460 2114 τοὺς
482 2083 661 2119 ὀλιγοψύχους
672 2086 719 2111 καὶ
744 2084 878 2119 σωτηρίου

96 2127 283 2163 περιτιθέντος
300 2128 409 2163 ἱμάτιον
427 2129 476 2156 καὶ
486 2130 588 2164 χιτῶνα
609 2129 779 2164 εὐφροσύνης
803 2130 879 2156 ἐνδύ-

95 2181 203 2204 σαντος.
214 2173 323 2207 Προῆγε
336 2173 363 2199 δὲ
378 2173 457 2208 ήμῶν
476 2174 490 2200 ὸ
502 2175 687 2208 οἰκουμενικὸς
700 2175 879 2209 ἀρχιποιμὴν.

97 2219 134 2254 μὴ
149 2220 242 2254 πήραν
260 2219 363 2254 φέρων,
379 2219 416 2254 μὴ
436 2219 536 2254 χρυσὸν
555 2220 601 2246 ἐπὶ
615 2221 664 2254 τὴν
683 2221 781 2254 ὀσφὺν,
805 2221 874 2255 ἄρα-
893 2213 913 2239 υ

95 2265 159 2295 ὃδος
175 2264 223 2290 καὶ
244 2265 392 2296 ἀοάνδαλος
412 2265 458 2291 καὶ
476 2264 600 2299 χιτώνιον
623 2265 652 2291 ἒν
674 2266 877 2300 περικείμενος,

97 2310 208 2344 ἐντελὴς
228 2309 407 2343 εὐαγγελικὺς
426 2310 584 2342 ἀπόστολος,
599 2311 615 2344 ἢ
638 2310 739 2344 μᾶλλον
753 2311 798 2336 τοῦ
811 2311 879 2345 Χρι-

96 2355 161 2383 στοῦ
175 2355 334 2390 ἀντίμιμος,
350 2355 412 2382 καθ’
428 2357 490 2382 ὅσον
506 2356 607 2390 όναρίῳ
621 2356 751 2390 πτωχικῷ
762 2356 880 2391 ἐποχού-

98 2410 178 2432 αενος
204 2402 351 2436 μεθίστατο
373 2402 423 2436 τῆς
446 2403 507 2433 νέας
532 2401 610 2434 Σιὼν,
634 2402 663 2428 οὐ
680 2403 725 2428 τὴν
737 2403 878 2437 ὲπάὺτῆς

95 2447 238 2483 ὲσχεδίαζε
266 2447 414 2482 θρίαμϐον.
434 2447 502 2473 Τότε
526 2447 548 2474 δ’
564 2447 610 2474 οὖν
640 2448 726 2482 πέρας
744 2448 794 2482 τῆς
815 2448 875 2474 ὁδοῦ

94 2494 144 2529 τὴν
168 2493 211 2530 [Ρ.
237 2492 301 2528 582]
333 2493 485 2528 Σηλυϐρίαν
512 2494 568 2528 (61)
589 2494 669 2528 ἡμεῖς
697 2494 805 2528 θέμενοι
829 2492 875 2520 τοῦ

94 2539 192 2566 λοιποῦ
205 2539 253 2566 τοῦ
273 2538 376 2565 πλάνου
390 2539 568 2570 πεπαύμεθα,
579 2539 738 2573 ἀνύϐριστοι
755 2539 876 2571 πανοικδ,

95 2585 126 2612 τὸ
141 2586 214 2621 μέγα.
224 2585 272 2613 τοῦ
288 2585 355 2613 Θεοῦ
371 2585 434 2620 περὶ
467 2585 542 2620 ἡμᾶς
563 2585 735 2620 φιλοτίμημα
757 2585 804 2611 καὶ
821 2585 878 2611 ἀεί-

96 2640 216 2667 μνηστον
233 2632 280 2660 καὶ
298 2631 401 2659 τέλειον
417 2631 542 2667 δώρημα,
559 2630 621 2668 μηδ’
635 2630 810 2666 ἁρθρέμὸολα
831 2631 879 2657 καὶ

967 1854 994 1881 5.
1013 1853 1079 1886 Quae
1105 1860 1167 1880 cum
1194 1860 1226 1880 ex
1253 1852 1345 1880 animo
1372 1851 1516 1878 doloribus
1539 1850 1712 1879 redundante

931 1900 1134 1930 elfudissemus,
1156 1897 1450 1926 continenteribamus
1464 1897 1605 1932 plorantes
1623 1900 1652 1924 et
1675 1896 1715 1924 la-

933 1953 1040 1981 crymas
1054 1950 1182 1979 tanquam
1198 1943 1303 1972 semina
1328 1947 1498 1977 spargentes.
1515 1941 1543 1968 Si
1558 1949 1623 1969 vero
1641 1941 1716 1969 redi-

934 1992 988 2019 turi
1006 1999 1102 2020 sumus
1116 1989 1301 2025 prosperioris
1316 1988 1477 2016 mutationis
1490 1987 1645 2021 manipulos
1659 1987 1716 2014 col-

927 2038 1037 2069 lecturi,
1049 2037 1095 2064 Dei
1114 2043 1214 2063 munus
1231 2035 1256 2062 id
1272 2035 1325 2063 erit
1339 2054 1347 2066 ,
1373 2034 1419 2069 qui
1443 2033 1632 2069 pusillanimes
1647 2039 1716 2060 cou-

929 2084 1029 2114 ﬁrmat,
1043 2083 1089 2117 qui
1111 2090 1158 2109 eos
1173 2081 1272 2109 salutis
1288 2087 1364 2108 veste
1381 2080 1471 2107 induit
1487 2084 1515 2106 et
1532 2079 1626 2107 tunica
1642 2078 1711 2106 lasti-

930 2130 973 2157 tize
988 2129 1091 2156 amicit.
1126 2128 1310 2155 Autccedehat
1335 2132 1426 2154 autem
1454 2135 1503 2154 nos
1527 2125 1716 2155 meumenicus

930 2183 1055 2202 suntnms
1070 2179 1174 2209 pastor,
1193 2182 1246 2200 non
1261 2181 1352 2208 peram
1367 2173 1468 2205 ferens,
1504 2181 1557 2199 non
1572 2179 1670 2199 aurum
1687 2172 1714 2198 in

929 2228 1007 2252 znna,
1027 2220 1085 2247 sine
1099 2220 1205 2251 baculo,
1224 2220 1283 2246 sine
1293 2219 1401 2250 calceis,
1426 2227 1478 2246 una
1496 2218 1617 2246 tunicula
1632 2217 1713 2245 indu-

928 2270 982 2296 tus.
1011 2265 1117 2299 integer
1155 2266 1330 2300 evangelicus
1365 2265 1526 2299 aposmlus,
1554 2270 1602 2291 aut
1620 2263 1712 2298 potius

928 2312 1030 2339 Christi
1046 2312 1195 2345 exemplar,
1210 2317 1346 2345 quatenus
1372 2319 1490 2346 paupere
1515 2311 1598 2338 asello
1621 2315 1715 2338 vectus

930 2365 998 2384 nova
1012 2357 1093 2384 Sionc
1105 2357 1272 2387 discedebat.
1286 2366 1339 2384 non
1352 2363 1441 2384 autent
1453 2357 1625 2391 triumphans
1640 2357 1712 2384 illam

929 2402 1147 2438 ingrediebatur.
1174 2402 1294 2430 Actum
1327 2411 1377 2430 nos
1410 2403 1562 2438 Selybriam
1598 2403 1712 2438 proiecti

932 2449 1062 2475 obcrrare
1087 2448 1263 2476 dcstitimus.
1295 2453 1350 2475 tota
1376 2449 1418 2475 ian
1432 2449 1477 2475 ilia
1503 2449 1715 2482 inviolata,qu:e

931 2501 1027 2529 magna
1046 2494 1091 2520 Dei
1107 2494 1256 2521 liberalitas
1267 2499 1309 2522 est
1320 2499 1346 2521 et
1359 2495 1524 2528 sempiterna
1540 2495 1714 2528 perfectaque

931 2540 1128 2572 munificentia,
1146 2540 1227 2575 785
1247 2549 1300 2567 non
1319 2540 1415 2567 ferreis
1434 2541 1557 2573 manicis,
1573 2548 1626 2566 non
1641 2540 1713 2566 l'uui-

932 2586 984 2612 bus
1004 2585 1087 2612 vincti
1100 2605 1106 2617 ,
1130 2594 1185 2613 non
1205 2587 1303 2621 pugnis
1324 2587 1402 2615 escsi.
1426 2592 1454 2612 ut
1476 2585 1553 2612 multi
1567 2593 1599 2612 ex
1612 2585 1713 2611 nostris

933 2632 1054 2665 pecuniae
1068 2631 1164 2659 daudre
1178 2639 1277 2664 causa;
1292 2636 1319 2663 et
1341 2640 1356 2659 a
1381 2631 1438 2658 solo
1456 2631 1510 2657 Deo
1523 2630 1647 2662 enutriti,
1665 2629 1713 2664 qui

723 2713 809 2743 Hier.
828 2712 926 2743 Wolfii
946 2716 1035 2745 nolle.

131 2775 187 2810 (6|)
207 2776 385 2810 Σηλυϐρίαν.
397 2775 581 2810 Σηλυμϐρίαν.
595 2775 682 2802 Etiam
697 2776 766 2810 apud
782 2767 879 2802 Demu-

95 2811 222 2839 sthenem
240 2815 361 2837 nostrum
379 2810 436 2837 haec
455 2817 506 2836 vox
525 2810 590 2836 alias
615 2819 688 2842 cum,
705 2811 772 2837 alias
784 2811 841 2837 sine
859 2820 878 2844 μ

95 2845 238 2876 scribitur.
251 2849 317 2873 utet
330 2844 457 2876 ἀούμὸας
469 2850 496 2872 et
511 2845 643 2876 ἁρύϐδας.
661 2845 737 2876 Quod
754 2846 879 2873 accidere

932 2776 1162 2837 nideturlpropter
1179 2775 1331 2803 litterarum
1349 2774 1364 2808 β
1378 2777 1405 2800 ct
1419 2781 1437 2807 ει
1454 2778 1531 2800 notus
1546 2771 1645 2799 alicubi
1658 2778 1714 2801 non

953 2818 1035 2837 lSt-ilml
1049 2819 1088 2837 cs.

953 2818 1089 2839 ιεειιῐιιιρδ.
