1945 3074
96 126 159 157 981

785 128 886 158 υιιιις
905 127 1034 156 CAPTA.

1668 116 1721 147 982

97 181 282 216 ἀπογραφείς
301 182 465 216 ἐπέστησαν,
484 183 586 216 γνῶναι
603 184 735 218 πρότερον
755 184 803 214 τας
828 184 892 208 έπε-

949 182 1042 209 mnuis
1052 181 1187 208 reditibus
1203 181 1229 206 in
1241 179 1337 214 primis
1353 176 1479 210 cognitis.
1493 176 1593 202 deinde
1605 183 1650 202 eas
1666 183 1722 201 sor-

97 227 202 258 τείους
214 227 357 262 ἀποφορὰς
381 227 514 260 θέλοντες,
532 227 582 255 εἶθ’
598 229 669 255 οὕτω
695 230 766 256 κατὰ
788 228 890 260 πάλους

99 272 182 299 αὐτὰ
211 273 386 308 μερίσασθαι,
406 274 456 305 τὰς
481 275 508 301 δὲ
528 275 594 310 παρ’
613 275 704 306 ἄλλοις
726 275 815 301 ἔθνεσι
844 274 891 301 καὶ

101 317 253 351 βασιλεῦσι
275 319 471 353 καρπουμένας
488 320 574 354 ἀρχὰς
591 321 636 346 καὶ
660 320 783 351 ἐξουσίας
797 322 827 346 ἐκ
843 320 890 346 τοῦ

101 362 213 389 αὐτίκα
239 363 381 390 διείλοντο.
405 363 439 390 Ἤ
455 372 484 390 τε
495 364 542 391 οὖν
570 365 599 390 ὲν
621 365 731 390 πόλεσιν
753 364 892 398 εὐδαίμων

102 408 158 434 καὶ
172 408 240 442 πρὶς
265 408 304 443 τῷ
333 409 422 444 Νείλῳ
443 410 556 444 κειμένη
592 410 782 445 Ἀλεξάνδρεια
804 411 844 444 τῷ
861 419 891 436 τε

102 453 205 486 κλήρῳ
218 452 345 478 ὑπέκειτο
360 453 408 479 καὶ
422 454 520 488 Λιϐύη.
536 455 583 481 καὶ
597 454 700 488 Διὸὑης
712 455 746 480 τὰ
761 455 789 486 ἐς
800 455 893 488 Νομά-

102 497 159 528 δας
173 498 221 523 καὶ
238 497 355 531 Γάδειρα
371 501 581 533 παρατείνοντα,
597 501 699 534 Πάρθοι
718 510 747 527 τε
759 501 806 527 καὶ
820 501 892 535 Πέρ-

105 551 171 574 σαι,
202 544 248 570 ἐπὶ
268 544 296 571 δὲ
334 545 443 580 Ἴϐηρες
474 546 537 580 ἑῷοι
564 547 611 572 καὶ
639 547 770 582 Ἀσσυρία
793 546 829 581 γῆ
849 547 895 572 καὶ

111 587 259 622 ’Υρκανοὶ,
285 591 333 617 καὶ
352 591 402 616 ὅσα
420 591 445 617 οἱ
472 591 540 626 πρὸς
555 591 592 617 ’ἐω
625 592 747 626 μέγιστοι
776 592 894 626 ποταμοὶ¹

103 633 167 663 τοῖς
186 632 265 659 ὕδασι
285 634 468 669 διειλήφασιν.
492 635 564 662 Ἀλλ’
579 636 639 662 οὐδὲ
658 637 693 662 τὰ
706 637 775 671 πρὸς
791 637 893 672 βορρᾶν

105 679 258 705 νενευκότα
273 679 394 714 κλίματα
422 681 501 716 εἰάθη
517 681 674 717 ἀκλήρωτα,
688 682 755 709 ἀλλὰ
781 683 893 709 κάκεῖνα

104 723 134 748 οἱ
154 723 233 750 αὐτοὶ
247 724 427 760 διενείμαντο.
442 726 495 752 Καὶ
507 727 520 752 ὁ
533 727 583 761 μὲν
595 727 633 758 ὡς
650 727 833 762 ἱπποτρόφουῖ
847 728 894 754 καὶ

106 767 208 802 φόροις
223 769 395 803 περιόριθεῖς
410 770 442 801 ἃς
455 771 631 806 ἐκληρώσατο
648 772 739 804 πόλεις
754 773 788 799 δι’
813 773 893 799 ὲπαί-

109 820 160 838 νου
181 813 288 840 ἐτίθετο
302 816 349 841 καὶ
369 815 417 841 τοῦ
438 817 539 851 κλήρου
561 818 656 844 ἑαυτὸν
682 818 861 853 ἐμακάριζεν,
881 820 895 845 ὁ

108 858 142 884 δὲ
158 858 195 889 ὡς
208 859 338 893 κομώσας
349 861 438 892 ἄλλοις
451 862 564 895 ἀγαθοῖς
573 863 720 897 θαυμάζων
728 865 778 890 οὐκ
787 864 894 898 ἔληγεν.

109 904 146 929 Οἱ
163 904 191 930 δὲ
205 905 252 930 καὶ
262 905 325 939 περὶ
337 906 438 941 κλήρου
453 907 557 934 πόλεων
567 909 678 942 ἤρισαν,
693 909 738 935 καὶ
752 909 895 936 ἀντέδοσαν

110 948 207 978 ἄλλοις
221 950 309 985 ἕτεροι
323 953 369 977 καὶ
383 952 531 978 ἀντέλαόον
548 953 640 984 πόλεις
655 954 701 981 καὶ
727 955 798 990 ὅρια.
818 955 896 987 Τινὲς

110 994 142 1020 δὲ
163 995 211 1021 καὶ
225 996 298 1029 μάλα
312 995 392 1036 δόξαν
406 998 541 1024 ἀσπάσιον
555 999 601 1025 τδν
617 1000 726 1026 Ἰκόνιον
741 1003 781 1031 εις
796 1001 896 1036 κλῆρον

112 1039 260 1074 εἰληφέναι
285 1042 465 1076 ἠγωνίσαντο.
485 1044 539 1070 Καὶ
555 1045 640 1076 πύλας
659 1045 709 1081 τῆς
732 1047 834 1077 ⁸πόλεως
850 1048 897 1073 καὶ

113 1087 236 1120 τέμαχος
252 1086 302 1121 τῆς
330 1087 465 1120 ἁλύσεως,
491 1089 507 1124 ἢ
533 1090 690 1118 διαταθεῐσα
718 1092 824 1127 συνεῖχε
851 1092 897 1118 τὸν

114 1130 300 1165 ναύσταθμον,
318 1133 374 1163 τοῖς
386 1133 415 1158 ὲν
429 1134 514 1168 Συρίᾳ
523 1135 667 1168 όμογενὲσι
682 1136 751 1170 μετὰ
763 1135 896 1162 πλείστων

115 1175 219 1201 πλοίων
240 1177 416 1211 πεπόμφασί,
436 1180 482 1205 καὶ
501 1179 639 1214 διαςρῆκαν
655 1181 790 1215 ἀγγέλους
808 1183 895 1209 ἀπαν-

111 1220 186 1255 ταχῆ
202 1221 252 1255 τὴν
270 1221 321 1256 τῆς
339 1222 443 1254 πόλεως
458 1223 691 1258 διατρανώσοντας
706 1225 816 1253 ἅλωσιν.
829 1227 896 1260 Δεῆ-

116 1274 168 1292 σαν
189 1267 217 1293 δὲ
245 1267 292 1293 καὶ
312 1267 425 1302 βασιλέα
447 1269 604 1304 χρισθῆναι,
634 1271 673 1301 εις
698 1272 743 1297 τὸν
769 1273 897 1305 μέγιστον

113 1311 184 1337 νεὼν
201 1313 397 1347 παραγίνονται
407 1315 462 1341 τῶν
473 1315 579 1342 ὀπαδῶν
592 1315 639 1341 τοῦ
659 1316 776 1351 Χριστοῦ
786 1325 793 1332 ·
807 1318 898 1351 ἐκεῖσε

113 1358 169 1392 γὰρ
186 1358 377 1393 συνερχόμενοι
394 1359 460 1395 περὶ
480 1360 535 1387 τῶν
553 1349 697 1396 πρακτέων
713 1363 805 1396 σφίσιν
819 1349 898 1389 ἐϐου-

114 1402 235 1430 λεύοντο.
256 1403 311 1429 Καὶ
324 1405 357 1430 τὰ
372 1405 421 1438 μὲν
436 1404 533 1440 πρῶτα
550 1406 621 1432 κατά
637 1415 663 1432 τι
678 1406 791 1440 πάτριον
804 1407 898 1441 ἔθιμον

117 1449 260 1484 κρατῆρας
271 1450 408 1484 τέσσαρας
425 1451 547 1486 στιχηδὸν
563 1453 726 1478 ἐσκέπτοντο
746 1452 897 1486 διαθέσθαι,

942 229 995 255 ιίιο
1008 227 1217 254 distribuerent.
1235 226 1358 252 Aliarum
1377 231 1441 250 vero
1458 223 1600 250 nationum
1619 222 1721 256 princi—

944 278 1022 308 patus
1050 277 1077 300 et
1105 281 1186 307 regna
1215 272 1307 299 statim
1338 271 1503 297 diviserunt.
1532 269 1589 295 Sub
1619 273 1721 295 sortem

939 319 1043 346 'cecidit
1056 319 1135 345 beata
1152 318 1217 344 urbs
1229 317 1289 343 Nilo
1305 316 1431 350 adjacens
1443 314 1615 345 Alexandria,
1630 312 1721 347 Libya.

943 373 974 392 ea
989 372 1050 399 qua:
1066 373 1079 390 :t
1095 364 1180 399 Libya
1197 370 1283 397 itSque
1298 362 1330 389 ad
1347 361 1502 389 Numidiam
1517 366 1545 387 et
1562 359 1650 386 Gades
1666 366 1724 392 per.

945 412 1053 442 tinent,
1072 411 1135 437 item
1158 409 1251 436 Parthi
1280 413 1307 435 et
1327 409 1416 435 Persm
1430 428 1437 438 .
1451 407 1598 434 orientales
1624 406 1725 433 Iberos.

945 455 1223 490 Assyria.llyrcania.
1247 459 1274 481 et
1299 461 1359 488 qua:
1382 452 1415 480 ad
1434 452 1573 479 Orientem
1602 450 1727 476 maximis

945 502 1027 536 788
1041 501 1198 528 numinibus
1211 500 1448 527 disterminantur.
1461 499 1497 525 Ac
1510 505 1543 524 ne
1564 496 1727 531 septentrio-

946 548 1021 574 nales
1042 547 1153 581 quidem
1174 547 1300 580 regiones
1326 549 1390 571 sunt
1407 546 1581 579 .pr:t:teritae.
1614 544 1660 570 sed
1680 551 1728 569 ica:

946 599 1054 627 quoque
1081 592 1180 618 sortito
1205 590 1368 618 distributae.
1396 590 1472 617 Alius
1499 597 1561 616 suas
1590 589 1670 616 urbes
1699 593 1729 615 ut

948 646 1075 671 magnum
1091 637 1205 672 vectigal
1220 637 1373 671 pendentes
1384 640 1412 662 et
1431 636 1510 669 cquis
1530 635 1635 662 alendis
1649 640 1726 669 aptas

946 682 1086 713 laudabat,
1103 687 1131 709 et
1148 686 1250 708 sortem
1268 689 1343 708 suam
1359 681 1520 711 extollebat;
1537 681 1607 706 alius
1623 684 1652 706 ut
1668 679 1729 706 aliis
1747 698 1752 717 τ

947 729 1028 756 bonis
1052 728 1182 755 ﬂorentes
1206 727 1299 754 mirari
1324 734 1370 753 eas
1391 734 1445 752 non
1462 726 1619 756 desistebat;
1636 724 1681 751 alii
1697 724 1730 751 de
1743 719 1753 757 ζί

945 775 1090 802 sortitione
1119 774 1228 801 urbiutn
1259 774 1428 802 rixahantur;
1454 772 1500 798 alii
1516 772 1586 798 inter
1601 778 1630 797 se
1646 770 1729 797 urbes
1746 791 1749 795 .

946 826 975 847 et
990 820 1057 847 lines
1076 820 1288 854 permutabant;
1317 818 1364 845 alii
1391 824 1556 852 magnopere
1581 815 1731 854 eontende—
1748 810 1756 818 ³

947 867 1013 894 bant
1029 871 1059 893 ul
1072 866 1163 893 [conio
1181 865 1348 900 potirentur.
1365 869 1457 898 portas
1470 870 1536 890 vero
1556 863 1633 889 urbis
1646 866 1673 888 et
1686 870 1732 889 ca—

947 917 1017 939 tena:
1033 916 1149 947 partem.
1164 919 1224 945 qua:
1239 910 1271 936 ad
1290 909 1395 936 navalia
1410 908 1574 936 continenda
1599 906 1731 934 extende—

947 958 1040 988 batur,
1056 957 1114 984 suis
1142 957 1168 983 in
1198 956 1279 990 Syria
1305 954 1485 989 popularibus
1511 961 1572 981 cum
1608 952 1732 987 plurimis

947 1001 1063 1036 navigiis
1090 1002 1224 1028 miserunt
1243 1021 1250 1033 ,
1282 1000 1382 1035 passim
1406 999 1526 1026 dimissis
1549 998 1731 1032 nuntiis,qui

949 1052 1055 1082 captam
1071 1053 1131 1073 esse
1147 1045 1242 1072 urbem
1259 1045 1412 1079 vulgarent.
1427 1044 1485 1071 Jam
1500 1051 1561 1071 cmn
1581 1044 1731 1077 imperator

947 1092 1082 1120 creandas
1094 1095 1176 1120 esset.
1195 1091 1223 1117 in
1248 1089 1334 1116 :edctn
1361 1088 1524 1116 Sanctorum
1540 1088 1731 1122 Apostolorum

948 1136 1118 1164 deliberandi
1131 1143 1196 1170 ergo
1221 1141 1391 1166 convenere;
1421 1141 1453 1160 ac
1477 1133 1626 1168 principio.
1644 1133 1733 1166 patrio

948 1182 1067 1216 quodam
1083 1181 1137 1208 ritu
1152 1201 1159 1213 ,
1182 1187 1232 1215 pro
1255 1187 1370 1206 numero
1386 1179 1595 1206 candidatorum
1613 1183 1731 1211 quatuor

949 1229 1048 1256 calices
1062 1228 1159 1254 ordine
1175 1227 1309 1253 collocare
1321 1226 1512 1255 instituerunt,
1526 1231 1644 1258 quorum
1662 1231 1732 1249 unus

949 1276 1122 1302 incruentam
1145 1273 1285 1299 victimam
1303 1271 1474 1299 contineret.
1493 1270 1598 1297 cineris
1615 1268 1730 1300 vacuis;

948 1328 1049 1356 eosque
1068 1319 1178 1347 tradere
1199 1317 1311 1345 totidem
1325 1316 1524 1348 sacerdotibus,
1544 1320 1574 1342 ut
1590 1316 1623 1342 ad
1638 1316 1730 1350 cujus-

948 1375 1001 1402 que
1025 1365 1108 1401 789
1130 1365 1262 1400 principis
1276 1371 1376 1390 nomen
1392 1370 1474 1390 unum
1491 1362 1617 1389 tollerent
1641 1366 1668 1389 et
1691 1361 1731 1388 cis

949 1413 1107 1441 redderent.
1118 1411 1262 1446 Imperium
1275 1418 1341 1437 vero
1357 1417 1439 1444 penes
1453 1417 1514 1436 eum
1528 1410 1649 1435 futurum
1662 1414 1730 1437 erat.

950 1460 995 1495 qui
1011 1467 1073 1487 eum
1089 1458 1200 1485 calicem
1210 1457 1370 1491 accepisset,
1385 1457 1411 1482 in
1423 1463 1477 1490 quo
1498 1455 1619 1482 divinum
1633 1462 1732 1488 corpus

115 1491 154 1520 ὧν
168 1492 208 1525 εἷς
225 1494 275 1530 τὴν
290 1496 459 1530 ἀναίμακτον
472 1497 568 1523 θυσίαν
583 1498 690 1531 στέγειν
714 1499 825 1533 ἤμελλε,
851 1500 896 1526 καὶ

950 1511 978 1533 et
1003 1504 1115 1539 sanguis
1131 1503 1230 1530 Christi
1251 1506 1333 1529 esset.
1350 1501 1453 1528 Deinde
1470 1508 1531 1527 cutn
1547 1501 1652 1527 Veneto
1670 1499 1732 1526 duci

117 1539 207 1571 οὔτως
223 1540 345 1567 ἐνδοῦναι
359 1543 416 1572 τοῖς
443 1542 592 1576 Θυηπόλοις
610 1542 655 1577 ἐφ’
673 1544 775 1579 ἑκάστῃ
802 1545 896 1580 κλήσει

119 1586 175 1612 τῶν
191 1587 232 1617 εις
247 1587 334 1622 ἀρχὴν
349 1588 530 1622 ὲπιλεγέντων
545 1589 632 1624 αἴρειν
645 1589 694 1615 ἕνα
709 1590 763 1616 τῶν
784 1591 896 1625 σκύφων

120 1631 167 1658 καὶ
181 1632 332 1667 προσάγειν
348 1633 441 1664 αὐτοῖς
456 1642 464 1650 ν
481 1635 586 1666 ἐκεῖνος
606 1635 628 1661 δ’
651 1633 684 1669 ἦν
700 1636 713 1661 ὁ
726 1636 781 1662 τῶν
794 1636 896 1663 λοιπῶν

117 1677 159 1708 είς
172 1677 222 1710 τὴν
237 1677 324 1712 ἀρχὴν
351 1678 614 1714 προκριοησόμενος,
643 1681 656 1706 ὁ
680 1681 726 1706 καὶ
754 1680 844 1716 λαχὼν
867 1683 897 1708 τὸ

118 1724 249 1759 ποτήριον
266 1724 296 1750 τὸ
322 1723 368 1750 τοῦ
397 1724 470 1751 θείου
488 1725 615 1760 σώματος
647 1728 692 1753 καὶ
713 1728 827 1762 αἵματος
849 1728 895 1755 τοῦ

118 1769 236 1804 Χριστοῦ
264 1770 388 1805 μέτοχον.
411 1771 495 1802 Δόξαν
521 1771 549 1797 δὲ
569 1771 607 1805 τῷ
631 1772 755 1803 Βενετίας
767 1773 842 1799 δουκὶ
859 1773 898 1808 τῷ

119 1816 261 1851 Δανδούλῳ
276 1817 316 1847 είς
336 1816 430 1850 ψῆφον
458 1817 628 1850 ἀπολυθῆναι
663 1818 711 1851 τὴν
736 1818 897 1853 πρόϐλησιν,

119 1862 276 1895 ἐκλέγονται
291 1861 453 1896 ψηφηφόροι
467 1862 547 1889 πέντε
568 1863 617 1897 μὲν
630 1864 662 1889 ἐκ
680 1863 726 1890 τοῦ
740 1864 795 1890 τῶν
809 1866 898 1900 Φραγ-

119 1908 221 1934 κίσκων
237 1908 283 1934 καὶ
310 1908 488 1943 Δαμπάρδων
513 1909 620 1941 γένους,
646 1909 670 1935 οἱ
696 1911 760 1944 παρ’
785 1911 898 1942 ἐκείνοις

119 1954 235 1989 ἄριστοι,
257 1954 289 1980 ἐκ
302 1953 330 1979 δὲ
343 1953 399 1979 τῶν
417 1954 569 1980 Βενετίκων
585 1955 686 1989 ὁμοίιος
699 1955 789 1990 ἕτεροι
804 1958 896 1983 πέντε.

123 2000 176 2027 Kal.
194 2000 244 2033 τῆς
260 1999 314 2025 τῶν
346 1999 479 2025 πλειόνων
495 1999 585 2034 ψήφου
611 2001 789 2036 κρατησάσης
818 2001 832 2026 ὁ
848 2002 898 2036 τῆς

120 2047 205 2082 ἀρχῆς
222 2045 303 2072 ἔπεσε
319 2045 418 2080 κλῆρος
434 2046 502 2080 πρὸς
515 2045 672 2073 Βαλδουῗνον
687 2046 732 2072 τὸν
751 2047 799 2082 τῆς
814 2047 899 2073 Φλάν-

119 2100 188 2127 τρας
214 2091 333 2126 κόμητα,
363 2091 433 2126 πλὴν
452 2091 490 2123 ὡς
512 2091 591 2126 ᾔδετο
608 2093 685 2127 παρὰ
716 2093 794 2125 πᾶσι,
828 2093 898 2120 κατὰ

121 2136 194 2163 δόλον
205 2145 234 2162 τε
249 2137 296 2163 καὶ
315 2137 457 2172 περίνοιαν
471 2137 518 2163 τοῦ
533 2136 627 2168 δουκὺς
648 2138 775 2177 βενετιας
789 2139 899 2165 Δανδού-

951 1551 1075 1578 Dandulo
1086 1548 1301 1584 designationem
1315 1547 1451 1582 suffragiis
1460 1546 1632 1572 committere
1644 1544 1732 1571 vismn

950 1600 1031 1628 esset,
1049 1603 1081 1622 ex
1106 1594 1219 1621 Francis
1234 1598 1262 1619 et
1278 1591 1467 1627 Longobardis
1480 1590 1601 1624 quinque
1618 1589 1734 1623 optima-

952 1642 1024 1669 tibus
1035 1647 1061 1667 et
1073 1649 1105 1667 ex
1115 1639 1227 1667 Venetis
1240 1638 1352 1665 totidem
1364 1637 1500 1664 indicibus
1511 1636 1598 1665 let-tis.
1615 1635 1732 1668 plurittm

951 1685 1090 1720 suti‘ragiis
1118 1684 1226 1719 imperii
1254 1690 1315 1710 sors
1336 1682 1470 1708 Baldnino
1493 1680 1625 1707 Flamiriae
1640 1671 1732 1706 comiti

950 1733 1057 1767 obtigit.
1070 1732 1171 1759 Verum
1189 1730 1290 1764 ubique
1313 1728 1421 1755 celebre
1444 1731 1485 1753 est
1501 1727 1563 1753 dolo
1579 1730 1606 1752 ct
1621 1726 1732 1752 solertia

952 1778 1066 1805 Danduli
1092 1777 1117 1803 id
1144 1784 1203 1803 esse
1228 1775 1340 1802 factum.
1363 1774 1493 1807 Quicum
1520 1773 1554 1798 ob
1580 1772 1730 1798 caecitatem

952 1828 1068 1847 numero
1085 1819 1292 1846 candidatorum
1306 1817 1510 1847 excluderetur.
1522 1816 1667 1850 imperium
1685 1825 1733 1849 pe-

952 1874 1000 1894 nes
1015 1873 1076 1892 cum
1093 1873 1152 1892 esse
1169 1865 1254 1891 voluit
1267 1864 1312 1898 qui
1331 1863 1508 1890 hilarioribus
1522 1868 1593 1889 esset
1610 1862 1733 1888 moribus

952 1918 980 1940 et
996 1912 1103 1948 ingenio
1121 1912 1211 1938 minus
1225 1910 1381 1939 ambitioso.
1393 1917 1547 1943 quanquam
1583 1909 1609 1934 id
1627 1913 1733 1942 specta-

953 1959 991 1985 vit
1010 1958 1110 1992 potius,
1128 1961 1158 1983 ut
1173 1958 1294 1990 privatus
1315 1954 1488 1988 imperatoris
1501 1954 1633 1987 designati
1658 1955 1733 1987 prin-

954 2003 1062 2038 cipatus
1074 2011 1155 2038 quam
1173 2001 1375 2028 remotissimus
1386 2003 1460 2027 esset
1473 2007 1486 2026 a
1501 2000 1606 2026 ditione
1619 2000 1734 2026 Veneto-

955 2058 1032 2081 rum,
1051 2056 1084 2076 ne
1101 2049 1122 2075 si
1137 2056 1189 2082 qua
1209 2046 1395 2073 controversia
1418 2053 1478 2071 cum
1500 2045 1546 2071 illo
1569 2046 1711 2072 incidisset
1725 2066 1732 2075 .

955 2096 1048 2130 plures
1064 2095 1157 2128 copias
1172 2093 1265 2119 subito
1291 2100 1323 2118 ex
1349 2099 1399 2118 suo
1425 2092 1565 2118 territorio
1580 2099 1732 2120 accersere.

953 2146 1002 2167 aut
1017 2139 1137 2166 Venetos
1151 2138 1218 2164 lines
1232 2135 1374 2163 commode
1393 2136 1520 2162 invadere
1535 2142 1581 2162 aut
1598 2136 1734 2163 incursio-

120 2182 178 2208 λου.
194 2182 286 2216 Πηρὸς
302 2182 357 2216 γὰρ
369 2181 406 2208 ὦν
419 2179 497 2213 οὗτος
513 2183 563 2214 τὰς
577 2183 664 2217 ὄψεις,
678 2184 726 2210 καὶ
739 2183 786 2210 τοῦ
797 2184 896 2220 κλήρου

953 2187 1036 2214 nibus
1052 2192 1151 2212 vexare
1165 2189 1267 2218 posset.
1286 2183 1350 2215 Qua:
1364 2183 1454 2210 omnia
1472 2183 1497 2209 in
1522 2183 1648 2215 expedito
1674 2191 1733 2209 esse

121 2228 191 2255 κατὰ
213 2227 292 2254 τοῦτο
328 2228 382 2254 τῶν
409 2228 548 2263 ἀρξόντων
571 2230 742 2264 διαγραφεὶε,
772 2230 901 2264 ἠϐούλετο

122 2275 253 2310 χειρίζειν
267 2275 317 2309 τὴν
335 2274 475 2308 βασιλείαν
489 2274 535 2301 τὸν
550 2275 579 2301 τὸ
602 2273 667 2310 ἦθός
683 2284 711 2301 τε
735 2276 901 2311 ἱλαρώτατον

123 2320 169 2347 καὶ
187 2321 225 2355 μὴ
239 2322 270 2347 τὸ
290 2322 401 2356 φρονεῖν
430 2321 626 2357 ἁρχικώτερον,
642 2323 673 2348 τὸ
689 2322 711 2348 δ’
739 2324 768 2349 ἐν
798 2323 900 2357 μείζονι

123 2367 186 2401 παρ’
199 2368 296 2401 ἐκείνῳ
316 2367 416 2401 μᾶλλον
437 2367 550 2401 σπουδῇ,
577 2369 624 2394 καὶ
650 2368 700 2402 τὴν
714 2368 901 2404 ῐδίανοχώραν

124 2413 307 2447 κληρούμενον
323 2412 365 2447 [Ρ.
381 2412 442 2447 381]
455 2413 509 2439 τῶν
519 2414 568 2447 τῆς
579 2414 705 2444 Βενετίας
715 2414 786 2448 ὅρων
797 2414 902 2440 διισταο

127 2459 208 2493 μένην
220 2459 290 2484 κατὰ
302 2459 379 2488 πολὺ,
395 2459 442 2491 ὡς,
457 2460 485 2485 ετ
500 2468 565 2486 ποτε
577 2460 762 2495 διχονοήσειαν
775 2461 901 2495 ἀλλήλοις

127 2504 249 2538 βασιλεὺς
261 2504 308 2530 καὶ
319 2504 465 2536 Βενέτικοι,
480 2505 516 2539 μὴ
531 2505 573 2539 εἴη
585 2506 615 2531 ὲκ
629 2506 674 2531 τοῦ
690 2505 784 2540 σχεδὸν
796 2506 903 2540 βασιλεῖ

124 2551 252 2585 δυνάμεις
270 2550 379 2581 πλείους
398 2551 541 2582 οἱκειακὰς
560 2551 789 2585 μεταπέμπεσθαι
805 2551 820 2586 ἢ
836 2551 900 2584 γοῦν

125 2597 252 2632 εὐμαρῶς
273 2598 387 2624 εἰσιέναι
412 2597 446 2622 τὰ
475 2597 628 2623 Βενετίκων
662 2598 726 2632 ὅρια
752 2598 800 2623 καὶ
823 2597 901 2623 ταῦθ’

124 2641 229 2675 ὁπωσΞὴ
243 2641 425 2675 κατατρέχειν
440 2641 486 2666 καὶ
502 2641 635 2671 σίνεσθαι,
657 2641 675 2668 ἃ.
691 2642 722 2675 δὴ
742 2642 829 2668 πάντα
843 2641 901 2676 ᾔδει

88 2698 91 2700 -
126 2686 192 2721 πρὸς
212 2686 303 2720 ἰσχύος
317 2685 413 2720 ἔχοντα
428 2686 494 2720 δρᾷν
510 2687 556 2712 τὸν
577 2686 737 2720 Βονιφάτιον
752 2688 901 2720 μαρκέσιον

125 2733 154 2758 ἐκ
170 2732 353 2766 Δαμπαρδίας
369 2731 417 2766 τὴν
444 2733 555 2765 γένεσιν
573 2732 669 2766 ἔχοντα
683 2740 690 2747 ·
719 2733 902 2767 Λαμπαρδίαν

125 2777 150 2803 δὲ
167 2777 301 2804 οἰκεῖσθαι
318 2777 464 2811 παράλιον,
480 2777 525 2803 καὶ
539 2777 635 2812 ῥᾳδίας
648 2775 717 2803 εἶναι
732 2778 780 2807 τὰς
794 2777 900 2803 ἐκεῖθεν
933 2771 937 2777 ”

126 2824 161 2855 εἰς
184 2824 234 2857 τὴν
279 2823 423 2858 Ῥωμαίων
455 2823 596 2856 ὲκπλοίας,
637 2824 683 2850 καὶ
717 2824 842 2850 Βενετίαν
873 2823 900 2851 δὲ

953 2231 1093 2259 Bonifacio
1131 2229 1281 2256 marcbioni
1310 2237 1341 2256 ex
1372 2228 1560 2263 Longobardia
1600 2229 1732 2263 originem

953 2276 1074 2304 trahenti
1090 2280 1181 2306 norat,
1196 2282 1258 2310 quae
1275 2274 1411 2301 maritima
1426 2279 1509 2305 esset,
1527 2274 1598 2300 unde
1613 2274 1691 2300 facile
1706 2275 1731 2299 in

953 2323 1090 2350 Romanas
1103 2321 1260 2356 provincias
1277 2321 1448 2354 trajiceretur
1459 2325 1487 2347 et
1500 2320 1535 2347 ub
1548 2321 1735 2354 propinquita—

953 2375 1006 2396 tcm
1024 2375 1129 2402 magna:
1143 2367 1236 2394 clades
1247 2366 1359 2393 Venetis
1381 2373 1490 2400 quoque
1514 2366 1654 2400 importari
1672 2374 1737 2400 pos-

953 2420 1024 2442 sent.
1041 2413 1087 2440 His
1100 2414 1184 2448 igitur
1198 2412 1278 2447 790
1290 2412 1444 2439 rationibus
1459 2413 1531 2439 haud
1555 2421 1620 2439 sane
1638 2414 1736 2439 absur-

953 2460 995 2486 dis
1009 2459 1142 2493 impulsus
1155 2458 1312 2490 Dandulus,
1328 2463 1356 2485 et
1371 2458 1455 2484 multa
1480 2458 1561 2484 etiam
1578 2458 1735 2484 \‘idrntibus

953 2506 1071 2532 obscura
1103 2504 1206 2531 lumine
1236 2503 1338 2538 ingenii
1363 2504 1533 2538 perspiciens
1558 2511 1644 2530 execus
1668 2503 1732 2534 ille,

953 2551 1122 2577 Bonifacium
1146 2550 1330 2577 marchionem
1355 2550 1475 2584 repulit,
1503 2549 1615 2583 pratlato
1639 2549 1677 2575 illi
1692 2547 1734 2575 ‘de

953 2597 1118 2624 Francorum
1135 2602 1163 2623 et
1176 2597 1341 2623 Venetorum
1351 2597 1485 2623 sententia
1500 2595 1642 2626 Balduino,
1652 2602 1733 2628 quem

952 2650 984 2669 ex
999 2642 1174 2668 inferioribus
1187 2642 1282 2669 Galliis
1290 2648 1380 2668 ortum
1394 2648 1464 2672 esse,
1477 2640 1624 2667 Galliarum
1640 2643 1732 2666 autem

953 2693 980 2715 ct
997 2688 1172 2715 Venetiarum
1192 2687 1294 2714 limites
1311 2691 1413 2714 tantutn
1437 2686 1538 2712 distare
1554 2691 1632 2714 norat
1647 2693 1734 2719 quatt—

954 2738 1010 2760 tum
1028 2733 1172 2761 Venetitea
1186 2733 1316 2760 Romanis
1330 2731 1479 2766 provinciis
1494 2732 1733 2758 disterminentur.

954 2779 992 2805 Eo
1019 2778 1167 2805 accedebat
1192 2777 1264 2811 quod
1287 2777 1436 2803 Balduinns
1467 2782 1523 2804 toto
1556 2782 1666 2811 pectore
1694 2776 1732 2802 illi

952 2823 1079 2852 studebat
1093 2827 1120 2849 et
1134 2830 1196 2849 eum
1219 2826 1247 2849 ut
1267 2826 1370 2856 patrem
1389 2822 1505 2855 C(lit‘illll,
1535 2830 1584 2849 ncc
1601 2822 1733 2849 diuturno
