1945 3074
65 133 118 164 985

746 133 848 162 URBS
867 133 999 164 C.\l’T:\..

1638 132 1692 165 986

65 189 114 216 καὶ
132 187 269 221 συνέθετο,
283 187 350 215 ἀλλὰ
368 187 438 214 κατὰ
455 188 533 214 τοῦτο
549 187 673 223 προϊέναι
693 187 738 213 καὶ
755 186 848 212 συνϊό-
864 209 867 216 λ

925 188 1124 223 idymotiehum
1154 193 1280 223 occupat,
1319 196 1406 223 eoque
1446 187 1574 215 omnibus
1604 187 1690 213 modis

65 242 110 261 νου
133 233 244 268 ἔχεσθαι
261 233 309 268 τῆς
328 234 439 268 πορείας
452 232 490 264 ὡς
508 232 557 268 τὴν
579 233 656 258 πόλιν
672 231 767 258 εῑσιὼν
784 231 853 258 ἰδιώ-

64 288 155 313 σαιτο,
171 278 237 310 αὖος
251 276 284 314 ἧν
297 278 340 313 ἐφ’
357 278 460 312 ἱκανὸν,
472 278 566 314 ὥσπερ
578 279 630 305 ὑπὸ
645 277 775 313 κεραυνοῦ
790 277 855 312 βλη-

64 325 137 356 θείς.
169 324 276 351 Οὐκοῦν
304 324 350 351 ὕπ’
384 324 504 359 ἀθυμίας
534 325 628 358 φανεὶς
660 323 854 357 κατακώχιμος

71 370 232 405 παλίμπους
255 370 380 405 φέρεται,
395 370 519 404 Γραικῶν
541 369 744 403 ἀπατηλότερον
765 369 811 395 καὶ
826 368 855 394 τὺ

74 414 141 451 ἦθος
163 415 311 450 σκαμϐώδη
333 415 378 442 καὶ
403 415 515 442 ἄπιστον
529 415 576 441 καὶ
602 414 766 449 παλίμϐολον
787 413 856 448 ὑπὲρ

69 461 206 496 δστρακον
236 462 283 488 καὶ
316 461 399 488 κύϐον
429 462 473 488 τὸν
505 461 662 488 Βαλδουῑνον
698 460 854 487 ἀποκαλῶν.

74 509 185 544 Ἀμέλει
208 517 248 535 τοι
277 509 324 534 καί
349 506 509 534 καταλαϐὼν
536 507 565 533 τὸ
594 506 782 541 Διδυμότοιχον
810 504 858 532 καὶ

69 554 206 585 παντοίως
230 553 296 579 αὐτὸ
319 553 536 588 κρατυνάμενος,
553 552 599 578 ἐπὶ
613 551 642 577 δὲ
663 551 713 582 τὰς
737 550 857 586 Θρᾳκίας

71 599 164 630 πόλεις
187 599 347 625 ἀναστατῶν
373 598 442 633 πλὴν
465 598 514 632 τῆς
544 597 714 632 Ὀρεστιάδος
739 595 857 631 (ταύτην

71 644 125 678 γὰρ
150 643 368 678 ἀντιπαρήρχετο
385 643 509 670 πλεῖστον
525 643 586 669 ὅσον
600 641 629 668 τὸ
647 643 677 668 ὲκ
693 641 856 668 Βαλδουίνου

73 690 224 723 στέγουσαν
248 689 421 724 ὀπλομάχον)
447 689 546 724 φόρους
562 688 706 714 συνέταττε
725 688 770 713 καὶ
794 687 859 713 Ῥω-

74 735 173 770 μαίους
187 735 357 769 συνήγειρεν,
377 733 425 770 [Ρ.
441 733 510 769 587]
527 734 552 760 εἴ
564 741 590 759 τι
605 732 740 768 φρικῶδες
753 731 858 765 ανθρώ-

72 788 136 811 ποις
153 780 200 806 καὶ
220 779 356 805 Θειὸτατον
372 779 458 814 ὄνομα
475 779 566 813 φέρων
588 778 632 804 διὰ
658 775 795 811 γλώττης,
812 776 859 802 καὶ

75 825 285 860 μαρτυρόμενος
304 824 474 851 ἀπείπασθαι
500 824 549 858 μὲν
564 823 613 854 τὰς
635 822 695 858 μεθ’
717 821 860 856 ὁμοφύλων

72 859 190 901 σπονδάς
203 871 249 896 καὶ
264 870 312 905 τὴν
332 871 463 905 πρότερον
481 869 644 903 σύμπνοιαν,
668 868 814 903 Ῥωμαίοις
830 867 859 894 δὲ
876 859 897 886 B

74 916 273 952 προσχωρῆσαι
298 915 442 951 λαμπρῶς.
466 914 559 941 Ταῦτα
575 914 662 948 λέγων
688 914 735 941 καὶ
750 912 860 948 διομνύ-

75 970 157 997 μενος
181 961 446 996 προσεμηχανήσατό
471 969 497 987 τι
526 960 572 986 καὶ
592 960 684 995 ἕτερον
711 959 804 985 ποιοῦν
826 959 861 985 τὰ

75 1008 188 1043 ῥήματα
201 1007 391 1042 εὐπαράδεκΐα
402 1015 410 1022 ι
423 1007 469 1033 τὸν
485 1007 539 1041 γὰρ
555 1005 726 1041 πρωτότοκον
738 1006 798 1032 υἱέα
812 1005 860 1040 τῆς

76 1053 273 1088 συξευχθείσης
301 1052 376 1088 αὑτῷ
404 1052 514 1088 Μαρίας
539 1052 650 1087 (κλῆσις
678 1051 775 1078 τουτωῒ
799 1051 860 1077 Μα-

76 1099 178 1134 νουὴλ)
208 1099 319 1135 βασιλέα
342 1099 485 1134 Ῥωμαίων
506 1098 699 1133 ἀνηγορεύκει,
724 1097 861 1127 ὑπεκστὰς

77 1145 175 1180 ὶκείνῳ
195 1145 242 1171 καὶ
266 1145 405 1180 σχήματος
429 1143 477 1171 καὶ
492 1144 622 1178 ὀνόματος
646 1143 693 1170 καὶ
708 1143 738 1169 τὸ
755 1151 861 1177 προσω-

78 1193 155 1218 πεῖον
175 1191 254 1217 τοῦτο
277 1193 323 1218 καὶ
347 1191 495 1227 πρόσχημα
515 1190 587 1217 κατὰ
605 1189 685 1225 στίφη
702 1190 765 1220 τοὺς
795 1189 862 1214 Ῥω-

79 1238 177 1272 μαίους
193 1237 304 1272 ἀγήοχε.
319 1238 374 1264 Καὶ
386 1237 519 1267 τοιούτοις
534 1237 583 1271 μὲν
597 1236 717 1263 ὲνεπόλει
730 1235 863 1270 σοφίσμα-

79 1292 122 1309 σιν
137 1284 151 1309 ό
166 1282 325 1317 μαρκέσιος,
342 1282 379 1318 μὴ
390 1283 457 1317 πρὸς
471 1282 600 1317 ἀλήθειαν
617 1281 684 1312 ὅλως
699 1281 862 1316 δρωμένοις,

79 1328 118 1359 ὡς
132 1329 167 1355 τὰ
183 1329 329 1363 μετέπειτα
340 1328 531 1362 καθυπέφηνε·
547 1328 594 1354 τοῦ
607 1328 636 1354 δέ
657 1335 688 1361 γε
704 1326 863 1353 Βαλδουίνου

83 1377 117 1410 τῇ
135 1375 318 1410 Θεσσαλονίκῃ
335 1375 494 1409 ἐγγίσαντος
512 1374 584 1405 am;
604 1373 770 1409 ἐξερρύησαν
784 1373 863 1406 λεὼς,

83 1422 131 1448 καὶ
147 1420 206 1456 μετ’
221 1421 350 1455 εὐσήμων
367 1412 436 1454 βοῶν
455 1421 524 1454 σφᾶς
537 1428 566 1446 τε
577 1420 675 1450 αὐτοὺς
689 1420 736 1445 καὶ
751 1418 800 1452 τὴν
817 1417 865 1444 πόὲ

82 1467 125 1494 λιν
142 1466 298 1502 περιχαρῶς
322 1465 480 1493 ὲνδιδόασιν.
507 1465 661 1492 ’ἱκέτευσαν
688 1465 778 1500 μέντοι
802 1463 864 1500 μήτ’

82 1515 164 1541 αὑτὸν
190 1514 347 1541 Βαλδουῐνον
373 1513 499 1548 ἐπιϐῆναι
522 1512 573 1548 τῆς
594 1512 707 1545 πόλεως,
726 1513 794 1548 μήτε
816 1512 866 1546 τὴν
879 1531 902 1560 c

83 1562 151 1587 εῐσω
165 1560 195 1587 τὸ
210 1560 368 1596 στράτευμα
386 1560 563 1594 συγχωρῆσαι
576 1559 738 1593 παρελθεῖν·
752 1558 866 1584 δεδιέναι

84 1606 139 1642 γὰρ
159 1606 196 1642 μὴ
219 1606 253 1633 τὰ
276 1606 382 1632 ἐκείνου
409 1605 691 1640 παραγκωνισάμενον
712 1603 868 1638 ἐντάλματα

84 1653 135 1688 τὴν
151 1653 228 1679 πόλιν
242 1651 427 1684 σκυλεύσειεν,
440 1649 484 1678 οἷα
499 1651 560 1687 μηδ’
580 1651 625 1686 ὑφ’
638 1651 686 1677 ἕνα
707 1651 868 1684 ταττόμενον

89 1696 222 1731 ἡγεμόνα,
237 1695 294 1722 ἀλλ’
317 1696 350 1721 ἐκ
375 1695 479 1722 πολλῶν
505 1694 695 1729 ἀγηγερμένον
711 1693 869 1729 φυλαρχιῶν

87 1742 136 1769 καὶ
151 1741 285 1771 πλείστοις
301 1739 479 1774 ὑποκείμενον
502 1739 642 1775 ἄρχουσιν.
667 1739 695 1765 '0
710 1738 869 1769 Βαλδουῖνος

85 1788 177 1814 τοίνυν
190 1785 269 1812 τοῦτο
284 1786 333 1821 μὲν
352 1786 413 1816 ταῖς
427 1786 481 1817 τῶν
498 1785 632 1820 αἰτήσεων
658 1784 779 1818 εὐλόγοις
803 1784 872 1810 καθ-

88 1832 327 1868 υπσχθεὶς,τοῦτο
345 1832 374 1858 δὲ
402 1831 551 1866 βάλλουσαν
574 1830 643 1865 ἔχων
667 1830 704 1865 μὴ
723 1829 811 1863 ἀγαθὰ
832 1830 871 1855 δι-

87 1881 185 1907 δοῦσαν
201 1877 384 1914 φαντάζεσθαι
399 1878 448 1911 τὴν
461 1877 611 1912 μαρκεσίου
629 1875 688 1910 μετ’
702 1876 785 1910 ὀργῆς
805 1876 871 1901 ὑπο-

88 1927 221 1961 χώρησιν,
234 1926 263 1951 ὲν
279 1924 385 1956 πολλοῖς
399 1923 428 1950 δὲ
445 1923 492 1949 καὶ
509 1922 654 1949 κεντοῦντα
673 1921 722 1956 τὴν
740 1920 823 1955 ἀκοὴν
839 1920 873 1946 τὰ

89 1973 135 1999 ὑπ’
153 1971 259 1999 ἐκείνου
272 1971 414 2005 γινόμενα,
427 1971 483 2001 τοῖς
495 1967 722 1995 Θεσσαλονικεῠσι
735 1966 872 2002 προσέσχε

90 2019 138 2044 καὶ
160 2017 278 2052 γράμμα
294 2016 386 2050 σφίσιν
408 2013 614 2049 ὲρυθρόγραφον
629 2013 790 2047 ἐνεχείρισε,
807 2011 873 2037 πᾶσι

90 2066 148 2095 τοῖς
179 2063 283 2098 ἐθίμοις
306 2063 339 2096 τῇ
372 2061 448 2088 πόλει
478 2061 508 2087 τὺ
533 2060 650 2094 ἔμπεδον
680 2057 872 2093 χαριζόμενον.

97 2109 210 2144 ’Δμέλει
237 2107 367 2142 καὶπρὸς
391 2106 498 2142 ἡμέρας
523 2105 733 2139 ἐναυλισάμενος
751 2098 872 2135 ἔξωθεν,

91 2156 140 2183 καὶ
167 2153 374 2189 φιλοφρονηθεὶς
395 2153 429 2179 τὰ
459 2151 561 2184 εἰκότα,
577 2150 716 2177 ἐπάνεισιν
733 2147 812 2180 αὖθις
835 2149 874 2179 εἰς

906 233 1016 261 ﬁrmato
1027 234 1157 262 Thracias
1171 235 1253 262 urbes
1270 235 1379 265 evertit,
1404 234 1547 266 Orestiade
1566 236 1691 266 excepta,

904 286 986 312 quam
1020 279 1137 305 maximo
1153 278 1279 313 praesidio
1293 287 1307 306 a
1330 279 1461 306 Baltluino
1476 278 1610 304 ﬁrmatam
1628 284 1694 311 prae-

906 325 991 351 teriit.
1010 324 1155 358 Vectigalia
1180 324 1300 356 ordinat,
1326 325 1464 351 Romanos
1490 323 1607 358 colligit:
1627 329 1692 348 san-

906 371 1029 398 ctissimo
1042 371 1220 406 jurejurando
1243 371 1317 403 dato,
1340 375 1367 397 et
1382 370 1430 397 Dei
1454 378 1553 396 nomen
1576 368 1693 395 subinde

907 421 1024 444 testatus
1045 425 1074 443 se
1102 417 1275 451 popularium
1304 423 1417 443 suorutn
1446 415 1577 442 societate
1600 413 1692 440 relicta

906 469 1024 496 prorsus
1033 461 1064 488 ad
1079 460 1216 488 Romanos
1227 461 1370 488 defecisse.
1387 461 1488 487 Praeter
1505 459 1689 490 dejerationes

908 507 974 534 istas
987 507 1063 533 aliud
1074 507 1155 533 etiam
1169 506 1352 537 machinatus,
1376 510 1406 532 ut
1429 504 1520 531 verbis
1537 503 1616 538 793
1636 501 1695 528 suis

908 551 990 578 ﬁdem
1003 555 1149 583 astrueret,
1162 551 1373 586 primogenitum
1389 549 1516 584 conjugis
1534 557 1589 575 sua:
1604 548 1694 574 Maria:
1722 578 1733 584 -

908 596 996 623 ﬁlittm
1022 597 1172 623 Manuelem
1190 597 1375 623 Romanorum
1400 595 1592 629 imperatorem
1616 591 1694 622 dixit.

909 641 991 676 eique
1022 646 1049 668 et
1065 641 1161 668 habitu
1189 645 1216 668 et
1242 641 1320 668 titulo
1332 640 1425 667 cessit.
1456 639 1514 671 Quo
1540 641 1696 664 commento

911 688 1052 715 Romanos
1065 687 1223 714 catervatim
1238 686 1271 713 ad
1285 694 1313 713 se
1325 685 1445 720 pellexit,
1458 683 1584 719 quamvis
1602 690 1695 709 canon

910 740 1023 767 prorsus
1034 740 1067 758 ex
1091 732 1182 758 animo
1197 731 1309 762 faceret,
1328 734 1356 758 ut
1385 735 1446 764 post
1462 732 1576 756 eventus
1591 727 1696 753 docuit.

910 777 977 805 Cum
995 781 1086 804 autem
1097 777 1245 804 Balduinus
1269 784 1325 803 non
1350 775 1445 810 procul
1469 783 1484 801 a
1505 772 1697 801 Thessalonica

912 823 1030 854 abesset.
1045 822 1134 850 omnis
1151 822 1269 857 populus
1295 821 1321 848 ei
1345 821 1475 852 ocrurrit,
1500 824 1528 847 et
1538 820 1610 846 clara
1631 825 1698 844 voce

913 868 1009 896 urbem
1038 872 1066 896 et
1079 875 1139 895 sese
1163 867 1286 895 hilariter
1301 866 1422 894 dedidit:
1442 870 1531 892 tamen
1557 863 1647 891 oravit
1665 870 1699 889 ne

913 914 957 941 vel
977 913 1035 948 ipse
1067 913 1163 940 urbem
1191 913 1307 939 intraret
1334 910 1377 938 vel
1411 911 1562 938 exercitum
1595 906 1698 942 ingredi

913 963 1064 995 pateretur,
1093 959 1140 993 qui
1160 966 1222 986 cum
1238 959 1301 989 ;non
1319 957 1366 984 uni
1391 956 1455 984 duci
1488 959 1596 990 pareret
1611 958 1638 980 et
1667 960 1699 979 ex

913 1005 997 1032 variis
1013 1004 1304 1040 gentibusXconstaret,
1325 1002 1414 1029 vereri
1428 1009 1458 1028 se
1473 1008 1507 1027 ne
1522 1000 1595 1026 illius
1608 998 1700 1025 edicto

914 1050 1123 1086 spretofmilites
1146 1050 1242 1077 urbem
1258 1049 1418 1084 spoliarent.
1435 1048 1527 1081 Quare
1550 1044 1702 1072 Balduinus

914 1097 1014 1132 partint
1041 1096 1168 1131 aequitate
1184 1095 1376 1130 postulationis
1391 1095 1534 1126 adductus,
1551 1095 1648 1130 partim
1668 1102 1702 1121 ex

915 1145 979 1172 irati
1014 1144 1181 1171 marehionis
1209 1144 1332 1171 discessu
1360 1142 1430 1168 nihil
1458 1141 1523 1168 ι)οηί
1555 1147 1700 1174 augurans.

915 1190 1014 1225 partim
1031 1189 1066 1216 ob
1092 1189 1161 1216 facta
1179 1189 1262 1220 illius.
1280 1195 1340 1222 quae
1355 1187 1424 1214 fama
1442 1185 1702 1217 aﬁ‘erebat,anxius.

916 1235 1210 1264 Thessalonicensibus
1233 1235 1340 1268 annuit,
1366 1237 1394 1260 et
1424 1232 1572 1261 rubricatis
1600 1231 1703 1258 litteris

916 1281 1007 1309 omnia
1039 1280 1115 1307 urbis
1151 1279 1276 1306 instituta
1304 1281 1332 1305 et
1353 1275 1570 1311 consuetudines
1601 1273 1704 1301 conﬁr-

917 1327 1018 1359 mavit;
1033 1330 1062 1354 et
1082 1326 1188 1360 aliquot
1204 1325 1300 1352 diebus
1312 1328 1390 1351 extra
1417 1322 1518 1350 muenia
1541 1320 1703 1350 honoriﬁce.

918 1378 949 1401 ut
960 1373 1064 1406 decuit,
1080 1372 1190 1399 habitus
1202 1371 1360 1407 Byzantium
1377 1369 1538 1396 revertitur.
1553 1367 1612 1394 Jam
1628 1365 1701 1393 enim

918 1420 1000 1447 etiam
1022 1418 1198 1446 Venetiarum
1220 1417 1298 1444 ducis
1327 1415 1452 1447 Danduli,
1470 1418 1499 1442 et
1509 1414 1627 1441 aliorum
1658 1418 1704 1438 eo-

919 1466 1016 1493 mitum
1043 1464 1091 1500 qui
1114 1464 1141 1491 in
1162 1463 1229 1490 urbe
1255 1465 1472 1497 permanserant,
1496 1459 1577 1495 7θῆ¹
1604 1458 1704 1486 litteris

920 1511 1110 1539 revocabatur.
1139 1508 1273 1536 Balduino
1307 1514 1417 1535 reverso
1451 1505 1573 1533 tnarchio
1596 1510 1705 1538 quoque

919 1565 968 1592 per
984 1555 1123 1583 lol'redum
1150 1554 1285 1589 quendam
1309 1560 1412 1587 magna:
1436 1550 1609 1579 auctoritatis
1633 1548 1704 1582 apud

918 1603 1027 1631 Latinas
1051 1601 1143 1636 copias
1173 1599 1281 1631 virum,
1305 1605 1384 1632 quem
1422 1596 1460 1623 illi
1501 1593 1707 1625 mariscaldum,

918 1649 1004 1677 Graeci
1019 1650 1259 1683 prostostratorem
1271 1648 1381 1675 vocant.
1409 1647 1573 1674 revocatur;
1605 1644 1634 1667 et
1653 1639 1707 1666 fide

920 1693 1090 1730 impunitatis
1109 1695 1220 1727 accepta
1233 1691 1260 1717 in
1277 1689 1373 1717 urbem
1386 1688 1526 1723 profectus
1556 1693 1589 1712 ac
1611 1691 1707 1712 recon-

920 1741 1009 1768 ciliata
1026 1737 1155 1766 Balduini
1170 1737 1267 1772 gratia,
1282 1733 1471 1770 Didymoticbo
1487 1732 1560 1759 cedit
1580 1735 1608 1757 et
1620 1730 1707 1756 Thes-

920 1785 1067 1814 salonicam
1084 1782 1244 1813 descendit;
1265 1780 1312 1807 ubi
1329 1780 1364 1806 ab
1392 1778 1520 1806 omnibus
1544 1776 1612 1803 citra
1624 1774 1707 1802 dimi-

922 1831 1058 1859 cationem
1075 1833 1220 1863 susceptus
1230 1827 1324 1854 urbem
1337 1824 1498 1859 ingreditur,
1515 1823 1543 1849 in
1563 1820 1708 1857 praesentia

924 1876 1041 1912 tempori
1057 1876 1190 1906 serviens.
1210 1872 1313 1908 ingenii
1328 1870 1430 1897 malitia
1444 1874 1472 1896 et
1485 1869 1575 1895 animo
1590 1866 1706 1900 bilingui

923 1923 1105 1951 dissimulato.
1120 1921 1214 1954 Neque
1228 1924 1318 1945 tamen
1331 1916 1435 1944 diutius
1446 1914 1600 1942 institutum
1616 1917 1709 1939 tenere

924 1968 1030 2004 potuit:
1047 1967 1094 1994 sed
1118 1969 1148 1993 ut
1169 1963 1314 1991 mustelam
1334 1962 1429 1990 sebum
1444 1958 1622 1995 prodidit.ita
1651 1957 1710 1991 ipse

925 2013 1193 2043 Thessalonicenses,
1209 2009 1326 2044 cognitis
1340 2014 1436 2035 eorum
1468 2005 1577 2039 opibus.
1595 2002 1710 2038 pecunia

925 2061 1059 2088 multavit.
1086 2057 1189 2093 Deinde
1205 2054 1404 2090 pulcherrimas
1421 2052 1493 2078 aedes
1505 2049 1623 2076 dominis
1647 2056 1711 2075 ere-

924 2111 985 2142 ptas
1001 2104 1141 2140 equilibus
1153 2102 1209 2129 suis
1236 2099 1394 2127 incolendas
1413 2096 1526 2124 tradidit
1548 2104 1555 2127 ;
1573 2094 1711 2128 Mariaque

926 2141 1040 2188 conjuge
1052 2151 1171 2184 et‘parte
1186 2147 1323 2174 exercitus
1338 2143 1375 2171 ibi
1393 2143 1498 2174 relicta,
1521 2141 1637 2169 urbibus
1651 2147 1713 2174 quae

92 2202 123 2229 τὸ
155 2186 321 2233 Ιέυζάντιονλ
341 2199 391 2234 ἤδη
411 2199 464 2234 γὰρ
492 2198 539 2224 καὶ
563 2197 693 2231 ἀγγελίαν
714 2196 785 2222 τοῦτ’
807 2195 867 2221 αὐτὶ

925 2186 1014 2225 Serris
1038 2201 1066 2223 et
1098 2194 1235 2221 Berrlitere
1267 2191 1388 2218 ﬁnitimae
1413 2194 1477 2216 sunt
1497 2194 1524 2216 et
1548 2187 1581 2214 ad
1611 2186 1713 2220 Tempe

93 2247 318 2282 ἐπισκήπτουσαν
346 2244 491 2278 δεξάμενος
513 2241 546 2278 ἦν
572 2242 639 2277 πρός
651 2250 680 2267 τε
713 2241 760 2267 τοῦ
783 2240 877 2271 δουκδς

92 2293 221 2323 Βενετίας
255 2290 401 2318 Δανδούλου
431 2290 478 2316 καὶ
505 2289 562 2315 ὅσοι
598 2287 652 2314 τῶν
683 2287 812 2321 κομήτων
843 2286 875 2320 τῇ

93 2334 382 2364 Κωνσταντινουπόλει
412 2333 585 2368 παρέμενον.1
608 2330 652 2362 Ὠς
673 2330 792 2364 ἐπανῆκε
821 2329 877 2355 τοί-

98 2391 142 2408 νυν
164 2382 179 2407 ὁ
212 2381 381 2412 Βαλδουῖνος,
396 2379 592 2414 μετάπεμπτος
613 2377 718 2410 γίνεται
737 2375 785 2401 καὶ
806 2383 877 2409 μαρ-

94 2427 202 2459 κέσιος,
223 2425 310 2460 Ἰοφρέ
333 2433 403 2458 τινος
430 2422 659 2457 ὲπιδεδημηκότος
690 2420 780 2455 αὐτῷ,
809 2420 879 2455 μέγα

95 2472 173 2506 παρὰ
200 2473 255 2502 τοῖς
283 2471 336 2497 τῶν
363 2470 487 2496 Λατίνων
514 2467 664 2502 δυναμένου
695 2465 879 2501 στρατεύμασι

97 2517 303 2553 (μαρισκάλκος
329 2514 364 2551 ἦν
390 2515 515 2550 τάξίωμα
534 2515 548 2540 ὀ
570 2514 650 2549 ἀνὴρ,
677 2513 752 2549 δηλοῖ
774 2512 802 2538 δὲ
820 2511 880 2538 καθ’

98 2563 232 2597 Ἕλληνας
249 2563 266 2597 ἡ
294 2561 369 2597 φωνὴ
395 2561 441 2587 τδν
474 2560 742 2595 πρωτοστράτορα),
767 2558 813 2584 καὶ
837 2557 881 2583 πί-

99 2618 170 2641 στεις
193 2609 283 2640 δόντος
305 2609 342 2639 ὡς
365 2607 441 2634 οὐδέν
459 2615 485 2632 τι
511 2606 731 2641 παραγενόμενος
757 2604 881 2630 πείσεται

99 2655 191 2690 ἀηδές.
229 2654 401 2689 Ἀπαντήσας
438 2654 486 2680 καί
515 2652 555 2688 τῷ
585 2651 736 2686 Βαλδουίνῳ
770 2650 883 2677 σπεισά-

100 2709 180 2735 μενος
223 2701 370 2734 ἀφίσταται
400 2700 448 2735 μὲν
477 2698 524 2726 τοῦ
556 2698 762 2734 Διδυμοτοίχου,
796 2698 825 2729 ἐς
854 2697 882 2723 δὲ

98 2747 301 2781 Θεσσαλονίκην
326 2749 446 2776 κάτεισι,
466 2746 513 2773 καὶ
545 2746 620 2781 παρὰ
637 2745 746 2772 πάντῶν
779 2744 880 2778 ἀμαχεὶ

100 2792 308 2827 παρεισῆεχοεὶς
322 2792 370 2826 τὴν
388 2792 464 2817 πόλιν
494 2792 600 2820 εἴσεισι,
622 2790 666 2816 av
683 2789 777 2825 καιρὸν
795 2789 823 2814 ἐν
845 2788 882 2822 τῷ

101 2839 201 2864 uti-rint
228 2837 382 2869 καθυποδῦς
405 2837 450 2864 καὶ
475 2838 504 2863 τὸ
518 2837 563 2864 τοῦ
584 2837 684 2868 τρόπον
702 2835 833 2866 σκαιῶδές
854 2843 882 2861 τε

930 2240 1123 2270 Thessalonica
1149 2238 1296 2273 pertinent,
1314 2240 1413 2271 praeter
1431 2234 1587 2269 opinionem
1600 2233 1713 2265 potitus,

929 2294 1074 2322 semperea
1083 2292 1145 2319 quae
1160 2286 1266 2310 teneret
1281 2282 1377 2316 exigua
1391 2285 1477 2310 ratus,
1510 2283 1538 2306 et
1562 2278 1598 2304 ob
1616 2278 1715 2304 Roma-

929 2340 1026 2361 norum
1051 2330 1254 2365 simplicitatem
1287 2327 1403 2354 ulterius
1433 2324 1562 2359 progredi
1590 2323 1714 2357 cupiens,

929 2380 1011 2406 etiam
1040 2377 1175 2404 Larissam
1197 2373 1327 2401 invadere
1344 2376 1372 2400 et
1388 2379 1437 2406 per
1453 2370 1583 2398 Graeciam
1600 2368 1716 2396 transitu

930 2424 1001 2451 facto
1012 2423 1230 2456 Peloponnesum
1244 2425 1381 2453 occupare
1400 2416 1507 2444 statuit.
1524 2414 1717 2448 Sequebantur

930 2478 992 2498 eum
1012 2468 1124 2495 Romani
1141 2473 1249 2501 quoque
1262 2464 1386 2491 nonnulli
1404 2461 1496 2497 ,795
1512 2462 1585 2495 iique
1611 2458 1718 2486 nobiles

933 2515 961 2541 in
986 2514 1092 2548 primis,
1108 2511 1154 2546 qui
1169 2510 1325 2546 provincias
1354 2509 1497 2536 aiiicerent
1521 2511 1548 2533 et
1567 2505 1624 2532 vias
1644 2510 1718 2530 com-

932 2561 1083 2596 planarent.
1102 2557 1209 2585 Fraude
1238 2556 1348 2590 quidem
1362 2559 1390 2581 et
1417 2553 1479 2581 dolo
1500 2551 1590 2579 Maria:
1614 2549 1718 2584 primo-

932 2606 1023 2640 genito
1043 2604 1098 2630 ﬁlio
1111 2603 1195 2639 (hunc
1211 2601 1286 2629 enim
1308 2600 1404 2628 habitu
1421 2596 1599 2632 imperatorio
1613 2600 1641 2622 et
1655 2601 1717 2621 cuin
1760 2631 1764 2636 Ι

932 2651 1027 2679 faustis
1038 2648 1282 2676 acclamationibus
1290 2646 1450 2677 deductum,
1462 2648 1488 2670 ut
1500 2642 1576 2676 prius
1586 2641 1718 2671 Thraces,

934 2700 971 2725 ita
987 2702 1044 2724 tum
1059 2695 1220 2724 Macedones
1233 2698 1261 2720 et
1275 2691 1400 2719 Thessali
1423 2694 1450 2717 et
1468 2688 1579 2717 Graeciaa
1598 2687 1718 2713 ﬁnitima:

935 2749 1025 2778 partes
1050 2741 1148 2776 cupide
1174 2736 1364 2773 accipiebant).
1384 2742 1413 2762 re
1436 2741 1499 2761 veta
1522 2731 1625 2759 Latinis
1647 2733 1718 2757 viam

937 2777 1138 2819 ntonstrabant,
1159 2791 1186 2813 ct
1212 2784 1277 2819 quid
1307 2782 1442 2817 agendum
1458 2783 1531 2807 esset
1557 2777 1719 2814 prmseribe-

937 2837 1011 2868 ltant,
1043 2834 1136 2869 patrue
1162 2831 1325 2868 proditores.
1364 2829 1402 2856 ita
1441 2826 1562 2855 ntarcbio
1593 2823 1719 2861 gentibus
