1945 3074
76 117 129 148 989

765 120 818 150 UR
824 121 866 150 BS
883 121 928 149 CA
934 121 1017 150 ΡΤΛ.

1655 120 1707 149 9υο

77 175 194 212 Προύσῃ
218 175 310 203 λαϐεῖν
336 176 360 202 oi
376 176 424 212 [Ρ.
447 176 509 213 589]
528 177 637 204 Λατῖνοι
669 177 793 208 Θέλοντες
825 177 869 202 καὶ

924 179 1096 212 postulantes
1126 183 1155 206 ut
1183 178 1250 206 urbe
1275 177 1454 212 recipiantur.
1486 177 1526 204 lta
1550 175 1623 204 enim
1647 185 1709 211 quae

73 223 181 258 γνῶναι
211 222 279 258 πρὸς
303 220 343 254 οἷς
367 224 447 255 εἰσιν,
463 223 525 249 ἐπεὶ
543 223 609 258 μηδὲ
632 223 776 258 προσεῖχον
794 231 869 256 σφισι

75 269 228 304 Προυσαϊοι
243 267 312 303 (65),
335 267 406 294 ἀλλὰ
433 269 494 295 σῖτα
511 268 750 304 παρεσκευακότες
769 267 869 302 διαρκῆ

77 315 148 348 πρὸς
172 314 332 349 πολιορκίαν
356 313 467 349 χρονίαν
490 314 537 341 καὶ
566 314 599 349 τῇ
618 313 691 340 θέσει
719 312 766 339 τοῦ
783 313 867 339 τόπου

75 359 253 390 πιστεύοντες
283 358 321 394 μὴ
346 359 379 386 ἄν
404 367 470 385 ποτε
495 358 541 394 βίᾳ
565 359 678 392 ἁλῶναι,
696 358 738 384 ὅτι
753 357 800 384 καὶ
819 357 865 383 ἐπὶ

75 405 200 440 γηλόφου
215 403 333 439 ᾤκισται
362 403 473 438 Προῦσα
497 404 544 430 καὶ
567 404 655 438 τεῖχος
675 402 773 438 ὀχυρὸν
792 410 872 437 περι-

81 451 223 486 ϐέϐληται,
236 449 351 485 ἄραντες
363 449 395 475 ἐκ
408 449 543 476 Λοπαδίου
559 450 592 484 τῇ
604 448 714 484 Προύσῃ
729 447 869 483 προσίασι,

78 497 125 524 καὶ
140 496 171 523 τὸ
190 495 377 531 μεσημϐρινὸν
393 496 480 530 τεῖχος
497 494 675 529 διειληφότες,
693 493 759 519 καθὸ
775 492 805 519 τὸ
820 491 870 526 μὲν

79 542 139 577 ὅρος
157 542 171 567 ό
189 541 331 576 Ὄλυμπος
353 541 488 576 ἀναχωρεῖ
504 549 529 567 τι
545 540 631 576 βραχὺ
651 539 699 574 τῆς
714 538 834 571 πόλεως,
849 538 864 564 ὸ

75 587 102 614 δὲ
128 587 270 622 πετρώδης
281 586 362 621 λόφος
378 587 391 612 6
413 586 463 621 τὴν
491 585 567 612 πόλιν
591 584 782 619 διαλαμϐάνων
804 582 870 618 μεθ-

77 633 150 666 ίασιν
177 633 266 660 ἐκεῖσε
293 633 341 667 τήν
352 632 416 666 ὃλην
426 630 472 658 τοῦ
486 631 575 666 χώρου
586 630 724 662 διάζωσιν,
736 629 872 656 ἐνέκειντο

74 681 138 711 τοὺς
154 679 228 706 ἔνδον
254 679 409 713 αἰτούμενοι
431 679 463 713 τῇ
481 677 557 704 πόλει
583 678 654 711 σφᾶς
687 675 869 708 είσδέξασθαι,

77 725 115 757 ὡς
145 723 218 751 οὕτω
247 724 301 750 τῶν
327 723 395 758 πρὸς
424 723 522 758 βουλῆς
550 722 772 756 ὲπιτευξόμενοι,
802 721 870 757 ὅπερ

77 767 188 802 ἀνάγκη
208 767 246 802 μὴ
262 768 352 802 εὑρεῖν
370 767 494 802 ὕστερον,
510 767 592 801 ἡνίκα
611 766 660 801 τὴν
679 766 727 801 μὲν
743 765 819 792 πόλιν
833 766 870 797 ὡς

75 815 116 845 είς
139 814 270 848 χείρωσιν
293 813 370 840 αὐτοὶ
396 812 576 848 περιέλθοιεν,
601 813 635 839 τὰ
663 813 690 839 δέ
716 813 793 848 τείχη
810 813 870 844 ταῖς

75 861 218 887 ἐλεπόλεσι
243 859 396 887 τύπτοιντο.
421 859 514 895 Μηδὲν
544 859 573 886 δὲ
598 859 770 894 φρονούντων
801 859 868 894 πρὸς

76 905 165 932 ταῦτα
180 906 320 940 ἐνδόσιμον
343 905 398 932 τῶν
414 905 500 937 ἐντὸς,
516 905 595 932 ὲνίων
610 905 638 931 δὲ
652 905 700 932 καὶ
714 905 870 940 θαρῤησάν-

79 961 135 979 των
159 952 208 986 τὴν
234 951 324 983 ἔξοδον
339 952 386 978 καὶ⁴
406 952 521 983 πολλοὺς
539 951 593 978 τῶν
613 951 758 986 ἐπισήμων
776 951 870 986 βαλόν-

81 1007 138 1024 των
156 997 247 1032 βέλεσι
261 997 308 1023 καὶ
319 996 540 1029 καταϐαλόντων,
554 996 664 1028 αὐτίκα,
679 996 717 1026 ὼς
732 996 780 1031 οὐχ
795 997 871 1031 αῐρε-

75 1045 138 1071 τέον
167 1044 256 1071 ἐδόκει
280 1043 312 1070 τὸ
327 1044 430 1078 τεῖχος,
449 1042 496 1070 καὶ
514 1042 633 1078 μάλιστα
653 1043 709 1074 τοῖς
727 1041 756 1074 ἐξ
773 1042 869 1075 ἐφόδου

76 1090 307 1124 προσϐάλλουσιν,
320 1089 427 1116 ἐκεῖθεν
439 1089 628 1124 μεθίστανται.
640 1089 671 1115 0t
684 1088 712 1114 δέ
723 1088 870 1122 Προυσαῖοι

77 1135 148 1170 πρὸς
171 1135 222 1170 τὴν
247 1134 303 1162 τῶν
328 1134 453 1161 Λατίνων
472 1134 594 1169 ἄπαρσιν
618 1133 658 1160 ἔτι
683 1133 783 1168 μᾶλλον
802 1133 870 1167 πλη-

77 1180 190 1212 σθέντες
206 1180 381 1215 φρονήματος
404 1179 475 1206 κατὰ
491 1179 601 1209 πλείους
615 1178 769 1206 ἐπέκειντο.
789 1177 831 1204 Τὰ
847 1178 870 1204 δ’

77 1227 149 1254 αὐτὰ
163 1226 249 1262 ἔδρων
269 1226 318 1252 καὶ
331 1226 356 1252 οἳ
371 1225 426 1252 τῶν
447 1225 617 1261 ὑπερδεξίων
634 1224 771 1257 ἐλάϐοντο,
787 1224 821 1251 δι’
832 1221 870 1251 ὧν

78 1273 108 1298 τὺ
126 1271 257 1306 πολέμιον
270 1273 335 1299 ῐετο.
351 1272 388 1298 Οὐ
405 1271 515 1306 βραχεῖς
530 1271 615 1298 δὲκαὶ
629 1271 796 1301 ἀποστάντες
813 1271 869 1297 Λα-

77 1319 160 1345 τίνων
172 1317 217 1344 ῐσα
229 1319 285 1350 τοῖς
298 1317 335 1353 μὴ
346 1317 503 1352 δεξαμένοις
513 1317 646 1348 Λατίνους
662 1317 733 1343 κατὰ.
747 1316 870 1343 Λατίνων

78 1364 252 1396 ὡπλίσαντο,
273 1363 320 1389 καὶ
340 1363 454 1394 πολλοὺς
475 1362 566 1389 αὐτῶν
589 1362 764 1389 ἀπέκτειναν.
779 1359 870 1388 Ἦσαν

78 1409 106 1435 δέ
121 1409 170 1435 καὶ
186 1408 257 1435 οὕτω
275 1408 308 1434 τὰ
331 1407 455 1434 Λατίνων
474 1405 551 1439 αὖθις
567 1407 803 1442 ἐπικρατέστερα,
821 1406 870 1433 καὶ

81 1454 185 1488 σφαγαὶ
205 1451 366 1488 προῦϐησαν
390 1453 486 1488 συχναὶ
509 1453 556 1479 καὶ
583 1452 652 1487 ἄλλη
673 1452 731 1487 μὲν.
754 1451 822 1478 ἀλλὰ
836 1451 868 1486 δὴ

79 1499 213 1526 καὶκατὰ
232 1499 263 1526 τὺ
280 1499 401 1533 πόλισμα
422 1499 472 1534 τὴν
495 1498 676 1534 Καισάρειαν.
705 1497 747 1524 Τὰ
770 1498 816 1524 ι’σα
839 1497 869 1524 δὲ

78 1546 186 1576 τούτοις
214 1545 262 1572 καὶ
288 1545 302 1571 ὀ
332 1544 516 1579 Φιλαδελφεὺς
540 1544 679 1579 Θεόδωρος
700 1543 868 1579 προθέμενος

78 1591 280 1626 διαπράξασθαι
304 1583 348 1617 διὰ
376 1591 465 1626 μάχης
484 1591 568 1626 χωρεί
589 1590 627 1625 τῷ
656 1590 738 1625 Ἐρρῇ
758 1589 823 1624 περὶ
838 1589 868 1616 τδ

87 1637 285 1673 ’Λτραμύττιον
300 1637 476 1673 διατρίϐοντι.
499 1636 609 1672 ’Λμέλει
625 1636 672 1663 καὶ
695 1636 733 1672 μὴ
755 1636 869 1671 προσδόο

79 1677 160 1720 κιμος
173 1683 260 1711 ἐπιὼν
270 1684 309 1719 τῷ
321 1684 398 1719 ἀνδρὶ
413 1685 445 1711 τὰ
458 1684 508 1719 μὲν
519 1684 614 1719 πρῶτα
630 1684 697 1719 πρὸς
711 1684 741 1710 τὸ
754 1683 866 1718 πλῆθος,

79 1731 93 1757 ὃ
119 1732 257 1766 ἐπήγετο,
278 1732 433 1765 ὰποκνῆσαι
461 1731 554 1757 τοῦτον
584 1730 750 1763 πεποίηκεν·
776 1729 814 1760 ὡς
838 1729 867 1756 δέ

78 1777 299 1804 διακινδυνευτέα
318 1777 356 1812 τῷ
376 1778 459 1812 Ἐῤῥῇ
478 1776 574 1809 ἐδόκει,
590 1777 606 1810 ὴ
624 1776 709 1807 ἱππὰς
723 1776 764 1807 εἰς
776 1775 866 1809 παρά-

79 1823 158 1855 ταξιν
174 1823 333 1851 διατίθεται.
354 1824 386 1850 Ἣ
409 1823 438 1849 δὲ
452 1823 520 1858 ὀρθὰ
538 1824 573 1849 τὰ
587 1823 688 1858 δόρατα
701 1823 865 1848 ἁνατείνασα

79 1870 128 1903 τὴν
141 1870 196 1896 ἀπὸ
211 1869 264 1896 τῶν
285 1870 430 1904 Ῥωμαίων
445 1870 603 1904 ἐγχείρησιν
622 1869 766 1903 ἐπέμενεν.
791 1868 868 1894 Ἐπεὶ

79 1914 108 1941 δὲ
131 1915 263 1950 ῥᾳθύμοις
286 1913 360 1950 εἶχον
390 1916 520 1950 Ῥωμαῖοι
540 1914 608 1950 πρὸς
629 1914 679 1949 τὴν
704 1913 754 1948 τῆς
777 1914 868 1949 μάχης

80 1961 302 1996 πρωτοὺργησιν,
321 1962 392 1988 κατὰ
407 1962 457 1996 μὲν
467 1961 602 1996 δράκοντα
618 1960 763 1994 φλογωπὸν
777 1960 868 1991 ὁλκοῖς

79 2006 256 2040 λορδούμενοι
284 2006 498 2041 στρατευμάτων
521 2007 569 2033 καὶ
600 2006 705 2040 φολίσιν
737 2007 868 2042 ἐπιφρίσ-

922 224 1006 250 velint
1038 223 1252 258 impetraturos:
1288 223 1331 250 sin
1354 222 1450 250 urbem
1482 229 1642 257 oppugnare
1681 226 1710 249 et

922 271 1023 298 arietes
1035 278 1146 297 murum
1162 274 1305 305 percutere
1320 269 1466 303 cmperint,
1478 269 1558 296 aliam
1573 269 1707 295 rationem

921 315 990 343 fore.
1005 315 1058 343 Sed
1074 323 1135 343 cum
1147 316 1221 342 cives
1248 323 1302 342 non
1317 315 1398 342 modo
1410 324 1423 342 ιι
1443 315 1584 341 deditione
1607 314 1711 341 abhor-

921 366 1025 393 rerent,
1055 361 1103 389 sed
1122 360 1233 395 quidam
1263 361 1345 388 etiam
1364 361 1391 387 in
1416 361 1503 387 aciem
1528 360 1622 394 egredi
1650 360 1709 386 ausi

921 408 1022 435 multos
1042 407 1149 434 nobiles
1172 407 1278 442 sagittis
1313 406 1533 440 prostravissent,
1561 406 1652 434 statim
1679 410 1710 433 ut
1754 419 1757 431 ι

921 461 976 481 non
1002 453 1152 488 expugnari
1179 460 1258 487 posse
1287 451 1413 483 munitio,
1442 453 1530 486 primo
1556 452 1708 486 prazsertim
1746 446 1753 474 Ῑ

921 499 1205 534 impetu,videbatur.
1235 498 1299 525 inde
1315 497 1459 525 recedunt.
1475 498 1578 526 Ρη]δωί
1595 506 1662 524 vero
1676 499 1709 525 ad
1728 500 1744 533 1'

921 546 1042 573 hostium
1057 546 1208 573 discessum
1219 546 1306 572 auctis
1329 544 1439 576 animis,
1455 544 1606 578 majoribus
1623 536 1726 578 copiis.

921 591 1060 619 Latinosa
1083 595 1158 626 tergo
1174 590 1320 626 urgebant.
1345 589 1420 616 ldem
1442 593 1470 616 et
1492 589 1538 616 alii
1562 581 1723 620 faciebant;

921 637 1061 665 montanis
1075 636 1227 670 occupatis.
1248 643 1297 670 per
1324 643 1384 669 qua:
1419 634 1546 661 hostibus
1565 639 1711 661 transeun-

921 683 986 711 dum
995 687 1063 709 erat.
1075 682 1169 716 Neque
1185 682 1264 716 pauci
1281 681 1363 716 798
1377 689 1393 708 ιι
1422 679 1530 707 Latinis
1540 680 1709 710 defecerunt.

921 734 949 757 et
964 736 1011 756 eos
1026 735 1104 763 aeque
1127 730 1324 762 oppugnarunt
1348 725 1467 756 aciiqui
1495 732 1545 752 eos
1558 733 1612 752 non
1633 732 1711 751 reco-

921 780 1030 810 perant,
1060 779 1088 802 et
1109 774 1211 800 multos
1228 772 1402 801 occiderunt.
1419 771 1604 799 Nihilominus
1621 774 1711 798 tamen

921 822 1003 850 etiam
1033 821 1073 848 sic
1103 828 1148 848 res
1178 819 1274 847 Latina
1305 818 1432 853 superior
1470 818 1533 849 fuit,
1569 817 1711 851 caedesque

923 868 1015 895 multa:
1029 874 1093 893 cum
1114 866 1180 893 alibi
1203 870 1260 894 tum
1289 864 1323 892 ad
1349 864 1447 892 urbem
1466 863 1617 891 Caesaream
1634 863 1712 890 facta:

921 918 995 942 sunt.
1019 913 1086 941 Nam
1104 912 1219 940 Romani
1232 911 1344 947 quidam
1369 911 1511 946 signifero,
1526 911 1573 946 qui
1598 910 1710 937 Latino-

921 967 982 987 rum
995 959 1146 987 cxercitum
1166 957 1356 990 antecedebat,
1382 957 1484 990 occiso,
1506 957 1660 991 vcxilloque
1683 956 1710 983 in

923 1007 1030 1034 tumulo
1052 1006 1196 1038 collocato,
1219 1005 1349 1033 cohortes
1375 1012 1436 1040 qua:
1457 1003 1646 1039 sequebantur
1665 1003 1712 1031 illo

921 1056 1070 1086 couspecto
1087 1051 1119 1079 ad
1134 1059 1163 1078 se
1181 1051 1360 1086 pellexerunt.
1387 1058 1402 1078 a
1418 1050 1520 1085 quibus
1541 1049 1588 1077 ubi
1612 1049 1712 1077 Roma-

921 1105 971 1126 nos
1004 1105 1065 1125 esse
1099 1101 1298 1132 cognoverunt,
1340 1096 1469 1124 facillime
1499 1103 1532 1122 ac
1567 1095 1711 1123 celerrime

920 1143 1054 1179 proﬂigati
1077 1151 1108 1171 ac
1133 1144 1203 1171 male
1221 1142 1329 1170 multati
1342 1147 1417 1170 sunt.
1450 1141 1526 1169 Idem
1554 1141 1710 1168 institutum

921 1190 1086 1218 Theodorus
1099 1189 1347 1224 Philadelphiensis
1372 1188 1506 1220 imitatus,
1524 1187 1621 1215 Errico
1636 1187 1710 1214 circa

919 1236 1123 1271 Adramyttium
1148 1236 1239 1270 agenti
1258 1243 1333 1262 arma
1348 1235 1440 1265 infert.
1467 1242 1499 1261 ac
1523 1234 1711 1268 inexspectato

921 1288 1089 1317 superventu
1103 1287 1132 1309 et
1160 1281 1339 1309 multitudine
1364 1279 1502 1316 principio
1524 1279 1712 1307 terrorcmin—

922 1329 1003 1356 cutit.
1017 1327 1070 1356 Sed
1097 1335 1159 1355 cum
1174 1328 1270 1355 Errico
1288 1327 1394 1361 ’lilartis
1411 1327 1470 1354 alca
1486 1325 1614 1353 tentanda
1632 1326 1711 1352 vide<

921 1379 1008 1408 retur,
1033 1374 1158 1409 equitum
1201 1373 1288 1400 aciem
1325 1373 1461 1405 instruit;
1493 1371 1539 1407 qui
1562 1371 1648 1398 hastis
1683 1371 1710 1397 in

921 1420 1006 1446 altum
1018 1420 1097 1447 elatis
1108 1419 1294 1446 Romanorum
1308 1425 1485 1453 congressum
1503 1416 1709 1451 exspectabant.

921 1464 972 1498 Qui
990 1472 1052 1492 cum
1064 1473 1079 1492 a
1094 1464 1254 1492 lacessendo
1268 1464 1459 1495 abhorrerent,
1477 1466 1505 1490 et
1527 1462 1614 1489 instar
1633 1461 1709 1488 llam-

921 1509 1031 1536 mivomi
1056 1509 1196 1544 serpentis
1220 1508 1390 1536 anfractibus
1415 1507 1557 1542 copiarum
1579 1513 1639 1533 sese
1665 1504 1711 1532 ﬂe-

919 1559 1036 1587 cterent.
1054 1560 1082 1582 et
1099 1555 1219 1591 squamis
1233 1562 1374 1582 armorum
1392 1554 1551 1584 horrerent,
1566 1556 1594 1580 et
1611 1551 1711 1579 utrius-

921 1608 975 1636 que
1002 1608 1089 1628 cornu
1105 1600 1395 1635 explicationeivelut
1420 1599 1526 1626 hiatum
1563 1596 1709 1632 quemdam

920 1654 976 1682 prte
1005 1653 1035 1674 se
1055 1646 1172 1678 ferrent,
1200 1651 1228 1673 et
1250 1645 1332 1681 799
1364 1650 1455 1673 tamen
1485 1644 1596 1679 segnius
1627 1648 1710 1677 atque

918 1691 1043 1727 ignavius
1054 1692 1225 1723 invaderent,
1239 1691 1328 1718 Latini
1336 1691 1420 1718 veluti
1430 1691 1510 1726 signo
1519 1690 1584 1716 dato
1595 1688 1710 1716 directis

919 1737 1005 1765 hastis
1020 1741 1048 1764 et
1062 1737 1181 1765 clamore
1197 1737 1230 1763 de
1246 1744 1322 1764 more
1336 1736 1454 1767 sublato,
1471 1735 1530 1770 ipso
1543 1734 1637 1760 Errico
1647 1737 1711 1760 ante

919 1783 987 1809 alios
998 1788 1162 1818 erumpente
1179 1786 1206 1809 et
1219 1790 1267 1816 per
1282 1782 1398 1809 mediam
1410 1781 1531 1808 hostium
1542 1779 1627 1806 aciem
1638 1786 1710 1814 equo

919 1834 1131 1864 perrumpente,
1147 1829 1285 1856 Romanos
1296 1828 1442 1862 dissipant,
1453 1826 1657 1862 etfugientibus
1668 1825 1711 1852 in-

919 1873 1081 1900 cumbentes
1092 1873 1226 1906 plurimos
1238 1872 1377 1900 occidunt.
1390 1872 1458 1899 Nam
1467 1871 1581 1899 Romani
1605 1870 1712 1905 equites

918 1918 951 1945 ad
962 1919 1075 1953 primam
1088 1919 1248 1946 Latinorum
1258 1918 1465 1953 impressi0nem
1478 1923 1506 1944 et
1519 1918 1657 1944 hastarum
1671 1915 1712 1942 di-

918 1964 1067 1992 rectionem
1082 1965 1227 1992 concitatis
1239 1965 1318 1999 equis
1328 1964 1465 1998 fugientes
1477 1962 1621 1997 pedestres
1634 1960 1711 1987 ordi-

918 2018 967 2037 nes
981 2011 1107 2038 hostibus
1122 2010 1300 2037 trucidandos
1315 2010 1483 2045 reliquerant
1495 2013 1523 2035 et
1541 2006 1709 2042 spoliandos.

81 2062 172 2084 σοντες
204 2054 296 2080 ὃπλων
315 2054 361 2079 καὶ
392 2053 430 2084 ὡς
457 2053 498 2084 είς
518 2053 612 2088 χάσμα
646 2054 1013 2090 διανοιγόμενοι”στόματος
1043 2058 1103 2087 ταῖς
1131 2057 1273 2091 ἑκατέρων
1299 2056 1354 2082 τῶν
1383 2056 1508 2090 κεράτων
1536 2052 1710 2084 ἀναπτύξεσι,

81 2100 149 2135 πρὸς
165 2099 194 2125 δέ
207 2100 255 2131 τὰς
268 2100 413 2131 ἐπελάσεις
429 2099 596 2134 ἀτονώτερον
609 2099 717 2135 ἔχοντες
732 2100 780 2126 mi.
793 2100 972 2137 νωθέστερον,
987 2102 1024 2134 ὼς
1039 2102 1085 2136 ἀφ’
1100 2103 1159 2132 ἐνὸς
1175 2103 1349 2137 συνθήματος
1371 2099 1443 2128 οὗτοι
1465 2101 1498 2127 τὰ
1518 2100 1602 2133 ξυστὰ
1614 2100 1710 2135 ,ἀπευ-

81 2144 215 2173 θύναντες
231 2144 278 2170 καὶ
294 2144 366 2169 κατὰ
382 2144 409 2169 τὸ
429 2143 543 2177 σύνηθες
559 2143 756 2176 ἀλαλάξαντες,
770 2145 854 2172 αὑτοῦ
869 2145 901 2180 δὴ
914 2145 962 2171 τοῦ
986 2146 1071 2181 Ἐῥρῆ
1087 2145 1142 2172 τῶν
1156 2145 1244 2173 ἄλλων
1259 2145 1474 2181 προεκθορόντος
1486 2145 1533 2170 καὶ
1552 2143 1596 2170 διὰ
1618 2143 1711 2177 μέσων

81 2188 138 2213 τῶν
161 2186 267 2218 τάξεων
289 2187 335 2212 τὸν
359 2186 444 2214 ἵππον
470 2187 635 2220 ἐλάσαντος,
656 2187 862 2220 διασκεδάζουσι
894 2189 1063 2224 Ῥωμαίους,
1093 2190 1140 2216 καὶ
1165 2190 1257 2224 σφίσιν
1273 2189 1442 2224 ἐπικείμενοι
1466 2187 1597 2222 φεύγουσι
1630 2187 1710 2220 φόνου

79 2231 221 2266 πάρεργον
237 2231 380 2262 πλείστους
398 2231 502 2262 ἔθεντο,
527 2228 571 2257 οἷα
590 2232 645 2257 τῶν
668 2231 773 2258 ἱππέων
803 2231 853 2268 [Ρ.
873 2232 936 2268 590]
957 2233 1104 2267 Ῥωμαίων
1122 2233 1170 2260 καὶ
1195 2233 1262 2268 πρὸς
1289 2234 1340 2268 τὴν
1365 2232 1478 2268 πρώτην
1493 2231 1634 2266 ἔμπτωσιν
1656 2231 1711 2256 τῶν

79 2275 204 2302 Λατίνων
220 2276 267 2302 καὶ
280 2275 330 2309 τὴν
347 2275 401 2302 τῶν
416 2276 536 2310 δοράτων
560 2276 709 2310 ἁγκώνισιν
730 2277 803 2309 ὅλοις
821 2277 1000 2312 ἀποδράντων
1016 2278 1144 2313 ῥυτῆρσι,
1161 2279 1208 2304 καὶ
1227 2277 1275 2309 τὰς
1291 2277 1407 2309 πεζικὰς
1422 2275 1513 2309 τάξεις
1538 2276 1711 2310 παρεικότων

79 2320 119 2351 εἰς
133 2320 261 2354 κεράῖσιν
273 2320 330 2351 τοῖς
347 2319 508 2353 ἁντιμάχοις
528 2318 576 2344 καὶ
592 2319 744 2353 προνομήν.

115 2365 171 2391 Καὶ
196 2365 260 2400 τῇδε
292 2365 341 2399 μέν
368 2364 402 2390 τὰ
429 2365 489 2391 κατ’
511 2363 604 2390 ’Λσίαν
632 2365 764 2399 ἐφέρετο·
790 2365 824 2392 τὰ
843 2366 869 2393 δὲ

963 2366 1020 2394 Hoc
1049 2367 1120 2394 Asia:
1147 2371 1230 2399 statu,
1256 2367 1379 2394 marchio
1395 2374 1443 2401 per
1458 2365 1588 2392 Thessala
1609 2365 1711 2401 Tempe

78 2410 202 2438 Θετταλὲ
221 2411 318 2445 Τέμπη
332 2410 519 2446 ἐκπεριελθὼν
533 2411 682 2446 μαρκέσιος
699 2413 742 2446 ὑφ’
756 2413 873 2447 ἡγεμόσι

83 2457 236 2492 Ῥωμαίοις
252 2455 303 2492 ἦγε
319 2457 364 2484 διὰ
389 2458 495 2492 ταχέων
513 2459 542 2484 ἐν
557 2459 613 2488 τοῖς
632 2457 670 2492 μὴ
684 2458 799 2492 ὁριαίοις
823 2458 873 2492 τὴν

77 2503 206 2536 δύναμιν,
220 2502 290 2529 ὥττε
307 2503 355 2530 καὶ
373 2503 450 2530 ἐλαοε
467 2505 502 2530 τὰ
517 2503 611 2530 πεδινὰ
627 2503 681 2529 τῶν
697 2504 872 2538 Λαρισσαίων

79 2549 204 2584 κατέχων
227 2549 291 2580 τοὺς
316 2551 376 2580 ταῖς
403 2549 503 2585 ἄκραις
529 2550 685 2584 ἐφεστῶτας
718 2550 872 2584 Ῥωμαίους

79 2597 128 2622 καὶ
142 2596 193 2626 τὰς
213 2595 368 2628 ὑπερϐολὰς
386 2596 536 2630 τηροῦντας
553 2595 700 2630 ἐπιμελῶς,
717 2596 745 2622 αἳ
761 2597 806 2621 τὸν
820 2595 869 2629 μὲν

80 2641 195 2676 Πηνειὸν
215 2642 337 2676 ποταμὸν
351 2642 379 2672 ἐς
395 2641 424 2667 τὸ
440 2642 607 2668 στενώτατον
626 2642 714 2676 πάντη
739 2641 867 2674 ξυνάγον-

925 2411 1056 2439 Romanis
1071 2413 1234 2440 ductoribus
1259 2420 1387 2448 egressus
1408 2411 1502 2446 copias
1525 2411 1550 2437 iu
1574 2411 1642 2438 locis
1656 2419 1711 2437 nou

923 2458 1062 2485 montanis
1073 2458 1141 2485 adeo
1160 2458 1287 2485 celeriter
1309 2457 1399 2489 duxit,
1417 2464 1446 2484 ut
1458 2457 1485 2484 in
1505 2457 1619 2483 Larissw
1638 2464 1711 2482 catu-

923 2504 1023 2537 pestria
1042 2505 1202 2538 perveniret
1225 2505 1327 2540 ignaris
1348 2504 1479 2531 Romanis
1504 2503 1550 2537 qui
1577 2503 1709 2528 ιιιοιιιὶυιιι

922 2550 1065 2576 cacumina
1079 2551 1216 2577 accuratis
1236 2550 1361 2577 excubiis
1377 2549 1523 2578 tenebant;
1540 2547 1640 2581 quibus
1660 2547 1710 2572 Pc-

924 2602 991 2622 ucns
1024 2595 1122 2624 ﬂuvius
1151 2597 1252 2631 ubique
1290 2597 1315 2623 iu
1351 2594 1573 2630 augustissimum
1603 2593 1710 2619 alveum

923 2649 1034 2669 coactus
1062 2643 1087 2669 in
1115 2651 1227 2678 magnos
1254 2643 1353 2669 ﬂuctus
1376 2640 1521 2671 attollitur,
1542 2638 1608 2672 ripis
1637 2646 1711 2666 reso-

715 2720 799 2749 llicr.
824 2718 923 2749 \Voli‘ti
949 2723 1045 2750 nota).

115 2801 171 2839 ((ily)
188 2801 358 2832 ιιροιισαῖίιι,
378 2801 448 2835 "pou
456 2803 525 2831 ταείς
539 2806 566 2828 et
581 2801 740 2836 Ιιρονσηνοῖ,
755 2804 777 2828 οἱ
791 2804 818 2828 ἐν
829 2804 860 2837 τῇ

920 2803 1004 2839 μούσῃ.
1021 2803 1087 2831 Aliis
1104 2808 1185 2838 atquc
1201 2802 1262 2830 aliis
1281 2802 1307 2829 in
1323 2802 1390 2829 locis
1410 2801 1451 2828 hac
1467 2800 1640 2828 formationes
1665 2799 1703 2828 ius

81 2836 243 2863 veniuntur.
295 2872 300 2876 _
