1954 3072
243 128 292 160 991

847 118 1010 165 INICET/E
1029 135 1232 167 cnomATa

1809 145 1870 176 992

243 185 390 216 nantibus;
406 189 432 211 et
461 194 554 216 unum.
575 194 694 222 eumque
724 194 869 223 angustum
890 191 1023 217 tramitem

1080 200 1132 223 σιν,
1150 192 1187 223 ὼς
1207 193 1253 218 καὶ
1271 193 1416 227 καχλάζειν
1446 194 1474 220 ὲν
1495 194 1602 227 πολλοῖς
1619 195 1665 222 ἐπὶ
1683 196 1755 232 μέγα
1773 199 1808 226 τὸ
1823 201 1875 236 ῥό-

243 236 270 256 et
292 231 406 258 transitu
423 231 494 258 haud
510 233 615 260 facilem
633 235 770 268 aperiunt,
792 241 822 262 ut
837 237 880 263 vix
898 237 1024 272 quaterni

242 274 346 301 milites
361 283 416 309 pra:
431 276 546 310 rupibus
554 282 581 304 et
592 281 758 306 torrentibus
768 282 873 315 possint
885 282 1023 311 incedere.

243 319 351 346 Larissa
366 320 504 355 digressus
525 323 641 350 ulterius
656 326 796 359 pergebat,
823 328 931 354 nemine
954 329 1024 355 resi-

243 369 316 391 stere
330 366 459 399 audente,
480 367 567 395 donec
592 377 653 396 sero
675 378 705 397 ac
723 372 765 401 vix
794 373 901 400 tandem
924 374 1026 401 Scurus

241 410 297 436 Leo
312 411 382 438 circa
410 412 605 449 Thermopylas
628 416 711 451 800
728 418 842 444 insidias
861 420 886 446 ei
914 421 1023 448 struxit.

243 453 296 480 Sed
315 456 390 482 nullo
412 455 475 484 forti
493 458 568 485 edito
583 459 713 492 facinore,
741 461 774 488 ad
799 463 887 490 solum
912 472 1026 499 conspe-

242 504 316 526 ctum
342 502 502 530 Latinorum
518 505 640 539 equitum
665 507 776 535 territus
797 510 1024 538 Acrocorinthum

242 546 375 581 confugit.
401 548 503 576 Scurus
530 550 574 577 hic
590 551 705 586 Nauplio
731 559 806 581 ortus
825 555 982 589 aliquandiu:
999 557 1024 584 vi

244 592 331 625 magis
359 600 440 626 quam
467 594 608 622 voluntate
641 598 812 631 popularium
843 601 1024 636 principatum

244 637 362 663 tenuita
387 643 465 672 patre
488 647 656 675 susceptum,
678 644 711 670 ad
738 645 816 680 cujus
846 646 1024 675 imitationem

243 691 297 709 non
325 683 384 710 sine
406 686 540 719 sanguine
565 687 718 722 imperavit.
735 690 787 717 Sed
805 692 967 721 confusione
983 702 1026 722 re—

247 736 306 755 rum
321 735 428 758 auctus.
443 737 471 758 et
485 733 648 761 turbulentis
662 737 829 771 temporibus
846 744 876 765 ut
892 743 1026 769 torrentes

244 773 377 801 imbribus
403 780 430 802 et
454 777 609 805 turbinibus
624 780 705 807 undae
731 783 903 815 tumefactus.
931 793 1025 820 epar-

244 827 278 845 vo
287 827 398 854 magnus
408 823 522 850 exstitit.
531 825 616 858 Argos
625 826 698 858 dolo,
710 827 871 857 Corinthum
881 831 1025 860 latrocinio

243 865 325 898 cepit:
336 870 363 892 et
373 869 522 899 grassando
531 871 646 898 subinde
654 880 814 908 progressus
826 875 897 910 ipsas
904 876 1025 906 Athenas

243 918 304 937 cum
319 912 421 940 bellicis
443 915 558 943 navibus
581 921 609 944 et
621 919 742 946 exercitu
761 928 809 954 per
825 921 957 950 Isthmum
973 929 1027 951 tra-

245 956 328 984 ducto
342 963 384 985 est
395 960 516 991 adortus.
536 970 567 989 ea
582 971 629 998 spe
641 973 669 992 se
685 966 756 993 arcis
769 966 848 995 facile
866 969 1026 1003 potiturum,

243 1007 290 1029 aut
313 1004 448 1032 machinis
475 1007 601 1036 adductis
630 1010 741 1038 imbelle
764 1013 924 1046 praesidium
949 1015 1028 1044 facile

245 1048 418 1077 territurum.
430 1051 564 1080 Caeterum
581 1061 611 1081 ea
636 1055 756 1090 agitabat
768 1058 860 1085 animo
878 1064 906 1086 et
926 1060 1027 1088 frustra

242 1096 406 1130 conabatur,
423 1106 484 1133 qua:
502 1100 536 1127 ad
566 1102 669 1129 exitum
692 1105 804 1138 perduci
819 1114 872 1133 non
890 1111 1025 1141 poterant.

242 1141 310 1169 Nam
320 1143 485 1172 Athenarum
501 1154 623 1175 summus
633 1154 724 1183 pastor
741 1150 856 1179 Michael
868 1152 1026 1187 Choniates,

244 1186 330 1214 frater
345 1197 422 1217 meus
439 1191 527 1226 (meus
543 1193 653 1228 inquam
672 1203 679 1221 :
698 1203 760 1226 nam
775 1197 848 1224 laudi
865 1199 930 1225 mihi
956 1199 1027 1228 duco

243 1236 435 1268 cognationem
451 1237 521 1272 ejus,
536 1243 564 1266 et
589 1240 613 1266 ei
626 1248 668 1268 me
685 1243 816 1277 sanguine
842 1245 1026 1280 propinquum

243 1286 304 1307 esse
318 1283 435 1315 gaudeo,
451 1283 515 1312 licet
532 1293 547 1311 a
562 1287 661 1314 virtute
677 1292 705 1315 et
723 1289 879 1323 eloquentia
901 1292 960 1325 ejus
986 1301 1027 1319 re-

245 1326 436 1361 motissimus),
463 1336 526 1356 cum
555 1331 597 1357 sui
624 1333 745 1361 muneris
768 1342 829 1362 esse
863 1335 1027 1372 intelligeret

244 1371 360 1399 consilio
377 1377 404 1399 et
420 1375 547 1408 precibus
572 1385 628 1404 rem
656 1379 790 1412 publicam
817 1382 921 1415 iuvare,
948 1382 1026 1411 Scuri

242 1417 341 1444 castris
356 1418 432 1450 visis.
451 1421 492 1454 pie
508 1430 569 1449 cum
585 1431 618 1450 eo
639 1432 718 1459 agere
734 1426 864 1460 instituit,
886 1436 920 1455 an
937 1429 1027 1457 homi-

242 1468 316 1490 nem.
336 1467 489 1496 praesertim
500 1475 555 1494 non
572 1469 651 1503 80]
671 1469 791 1504 ignotum
812 1473 859 1500 sed
880 1481 950 1508 saepe
972 1476 1027 1503 col-

1077 238 1133 264 θιον
1160 239 1207 264 καὶ
1234 239 1282 270 τὰς
1311 238 1393 274 δχθας
1413 241 1445 275 τῇ
1475 241 1530 267 τῶν
1558 242 1670 269 κτύπων
1697 245 1872 280 ἀντιπέμψει

1077 284 1250 318 συνεπηχεῖν,
1271 284 1335 319 περὶ
1357 285 1386 311 δὲ
1408 286 1458 317 τὰς
1471 286 1525 313 τῶν
1543 287 1615 322 ὀρῶν
1636 289 1787 322 ὐποόάσεις
1803 291 1874 325 μίαν

1075 330 1198 364 ἀτραπὸν
1219 330 1430 364 παρανοίγουσι.
1449 334 1676 368 συνεπτυγμένην
1699 336 1746 361 καὶ
1761 336 1875 371 ταύτην

1077 374 1122 400 καὶ
1137 373 1256 408 χαλεπὴν
1270 375 1325 405 τοῖς
1340 374 1490 408 βαδίζουσι,
1505 375 1576 402 ὥστε
1600 385 1638 410 πη
1660 378 1722 412 μηδ’
1740 378 1789 404 ἐπὶ
1805 387 1874 405 τεσ-

1077 419 1169 453 σάρων
1197 420 1319 447 ἀσπίδων
1342 419 1397 454 (66)
1426 421 1511 456 αὐτὴν
1541 422 1785 456 ἀναπτύσσεσθαι,
1817 425 1875 451 ὑπὸ

1076 465 1185 501 πετρῶν
1213 465 1348 493 λισσάδων
1378 467 1425 492 καὶ
1454 467 1587 501 ποταμίου
1617 468 1755 502 ῥεύματος
1783 471 1816 500 ἐς
1843 471 1875 496 τὸ

1076 512 1163 546 πάντη
1177 511 1317 538 συνιοῦσαν
1334 512 1504 546 στενόπορον.
1530 513 1576 539 Ἐκ
1591 513 1619 539 δὲ
1642 514 1785 550 Λαρίσσης
1799 515 1875 549 ἄρας

1077 557 1231 594 προύχώρει
1246 558 1302 585 τοῖς
1318 557 1482 593 ἔμπροσθεν,
1501 558 1616 592 μηδενὸς
1628 560 1668 590 εἰς
1684 561 1780 594 χεῖρας
1793 561 1876 595 αὐτῷ

1077 604 1218 638 προσιέναι
1234 604 1345 640 θαῤῥεῖν
1360 604 1477 638 ἔχοντος.
1501 603 1568 638 Ὀψὲ
1582 605 1610 630 δὲ
1630 606 1675 632 καὶ
1699 606 1778 640 μόλις
1804 609 1875 641 περὶ

1075 650 1124 680 τὰς
1137 648 1319 683 Θερμοπύλας
1333 648 1411 683 λόχον
1426 650 1439 675 ὁ
1454 650 1573 685 Σγουρὺς
1588 650 1664 677 Λέων
1681 651 1872 683 ὑποκαθίσας,

1078 695 1161 729 μηδὲν
1185 695 1214 720 δέ
1238 704 1265 720 τι
1291 695 1339 721 καὶ
1367 695 1468 730 δράσας
1495 697 1631 728 γενναῖον,
1648 696 1716 723 ἀλλὰ
1731 698 1778 723 καὶ
1800 698 1874 733 πρὸς

1078 740 1164 775 μόνην
1178 740 1227 775 τὴν
1249 740 1304 766 τῶν
1320 741 1425 767 ἱππέων
1446 741 1570 767 Λατίνων
1585 741 1646 776 ὄψιν
1662 742 1874 778 ἀλλοφρονῆσας

1080 786 1170 820 φυγὰς
1188 786 1294 812 ἐκεῖθεν
1319 787 1348 818 ἐς
1365 787 1410 813 τὸν
1430 787 1640 823 ’Δκροχόρινοον
1664 787 1761 823 ᾤχετο.
1795 789 1826 815 '0
1843 790 1872 815 δὲ

1042 858 1062 885 Β
1078 831 1195 864 Σγουρὸς
1207 829 1284 863 οὗτος
1296 833 1328 858 ὲκ
1343 833 1389 858 τοῦ
1403 833 1543 859 Ναυπλίου
1563 834 1748 868 γεγενημένος
1768 835 1872 869 χρόνον

1079 878 1129 913 μέν
1144 886 1205 905 τινα
1222 878 1275 904 τῶν
1292 879 1325 904 ἐκ
1340 878 1387 904 τοῦ
1403 878 1497 912 γένους
1515 879 1560 914 βία
1578 880 1678 914 μᾶλλον
1692 881 1764 916 ἤπερ
1778 882 1874 908 πειθοῖ

1078 923 1216 958 κατίσχυε,
1234 925 1360 959 πατρῷον
1378 933 1405 950 τι
1425 925 1524 959 μέτρον
1535 926 1700 960 ἀναπληρῶν
1718 927 1765 953 καὶ
1780 928 1872 962 χειρί-

1078 969 1123 1001 ζον
1135 969 1183 1004 οὐχ
1207 969 1329 1004 αἱμάτων
1348 969 1497 1005 καθαρεῦον
1516 970 1709 1006 κληρούχημα·
1725 973 1770 998 ἀεὶ
1786 973 1815 999 δὲ
1832 974 1871 1008 τῷ

1077 1017 1133 1042 τῶν
1151 1017 1319 1052 πραγμάτων
1344 1017 1480 1051 ἀνωμάλῳ
1497 1017 1634 1048 ἐπιδιδοὺς
1657 1019 1703 1044 καὶ
1728 1021 1787 1050 τοῖς
1806 1028 1872 1046 στα-

1080 1062 1186 1088 σιώδεσι
1199 1064 1304 1097 καιροῖς
1317 1062 1498 1097 οίδαινὸμενος
1514 1063 1600 1097 μέγας
1614 1065 1645 1089 ὲκ
1658 1064 1758 1098 μικροῦ
1773 1066 1871 1099 πρόει-

1079 1118 1131 1140 σιν,
1146 1108 1184 1137 th:
1199 1109 1224 1134 oi
1249 1109 1394 1143 χείμαρῤοι
1414 1110 1468 1140 τοῖς
1492 1109 1605 1144 ὄμϐροις
1624 1111 1670 1136 καὶ
1690 1112 1747 1141 τοῖς
1769 1111 1871 1145 βιαίοις

1079 1154 1111 1179 τὰ
1137 1153 1246 1187 κύματα
1271 1153 1418 1187 πνεύμασι.
1445 1154 1481 1179 Th
1506 1154 1562 1188 γὰρ
1590 1155 1736 1181 ίππόόῡτον
1765 1156 1872 1191 Ἀργος

1080 1198 1271 1230 ὑπονοθεύσας,
1285 1199 1330 1225 καὶ
1341 1199 1385 1225 ἐπὶ
1398 1199 1463 1233 τῷδε
1475 1199 1523 1234 τὴν
1547 1200 1679 1233 Κόρινθον
1692 1201 1870 1235 ληϊσάμενος,

1078 1245 1126 1272 καὶ
1149 1243 1261 1279 πρωῖὼν
1285 1244 1328 1270 ἀεὶ
1344 1245 1401 1275 τοῖς
1426 1244 1623 1279 λῃστεύμασιν,
1649 1243 1709 1271 εἶτα
1738 1245 1788 1271 καὶ
1809 1248 1872 1277 ταῖς

1084 1291 1209 1325 Ἀθήναις
1229 1290 1324 1320 αὑταῖς
1343 1290 1500 1324 προσήραξε
1523 1291 1591 1324 μετὰ
1615 1291 1773 1325 πολεμικῶν
1795 1292 1872 1326 νηῶν

1078 1337 1125 1364 καὶ
1152 1338 1201 1363 τὸν
1225 1337 1332 1370 Ἰσθμὸν
1353 1336 1502 1367 διελθόντος
1529 1338 1753 1371 στρατεύματος,
1774 1337 1868 1364 ἐλπίσι

1078 1383 1246 1418 θαλπόμενος
1255 1383 1296 1414 ὡς
1313 1383 1441 1417 εὐμαρῶς
1462 1383 1596 1417 κρατήσει
1612 1383 1661 1416 τῆς
1676 1383 1869 1417 ἀκροπόλεως,

1078 1429 1094 1464 ἢ
1109 1427 1175 1462 γοῦν
1190 1428 1326 1458 ἑλεπόλεις
1342 1428 1491 1462 ἐπιστήσας
1505 1428 1542 1458 ὡς
1556 1428 1692 1462 ἀπόλεμον
1711 1428 1824 1463 θροήσει
1840 1429 1869 1454 τὺ

1078 1475 1151 1501 ἔνδον
1176 1474 1396 1508 ἀπομαχόμενον.
1423 1471 1478 1499 Ἦν
1504 1473 1527 1499 δ’
1551 1473 1759 1508 ἁναπεμπάξων
1785 1475 1869 1508 φρεσὶ

242 1503 375 1535 locutum,
391 1515 519 1537 amovere
540 1517 643 1545 posset.
656 1503 749 1549 itaque
762 1524 794 1543 ex
811 1517 878 1544 urbe
894 1522 1022 1554 tanquam

1077 1523 1122 1550 καὶ
1144 1522 1253 1551 εἰκαίως
1273 1520 1462 1553 διανοούμενος
1477 1519 1510 1545 τὰ
1533 1520 1570 1554 μὴ
1591 1520 1678 1554 πέρας
1697 1520 1765 1550 ὅλως
1791 1521 1869 1553 δεξπδ-

241 1549 388 1581 superiore
408 1552 468 1579 loco
489 1555 656 1584 monitorum
681 1561 792 1594 sagittas
811 1563 971 1597 ejaculatur,
994 1570 1022 1593 et

242 1596 372 1627 pastorali
388 1597 469 1626 funda
487 1600 578 1629 divina
590 1604 674 1630 verba
687 1606 762 1639 jacit.
777 1607 930 1642 Aliquando
941 1611 1022 1639 etiam

240 1639 431 1671 spiritualibus
466 1646 547 1673 minis
584 1653 709 1683 tanquam
740 1653 872 1681 arietibus
902 1656 1022 1684 animum

235 1683 314 1714 illius
326 1691 450 1715 sternere
463 1689 591 1719 instituit.
609 1693 667 1720 Non
689 1695 762 1723 enim
786 1697 883 1726 decere
900 1707 962 1727 eum
977 1702 1023 1736 qui

241 1730 415 1762 Christianus
426 1736 460 1763 sit
476 1742 504 1765 et
518 1738 591 1766 inter
602 1740 740 1770 Romanos
753 1752 853 1773 nomen
865 1754 945 1774 suum
959 1756 1023 1782 pro-

240 1776 359 1810 fiteatur.
379 1781 514 1810 Romanos
538 1784 609 1813 bello
629 1791 731 1820 petere,
749 1790 800 1817 nisi
818 1791 888 1820 forte
904 1776 970 1820 solis
984 1795 1022 1822 la-

239 1823 292 1850 biis
302 1823 491 1855 Christianum
517 1835 588 1864 agat.
606 1836 636 1860 ut
655 1838 682 1860 et
695 1840 768 1862 veste
788 1841 816 1863 et
845 1837 936 1873 lingua
952 1840 1022 1867 dun-

239 1873 313 1896 taxat
343 1871 506 1905 Romanum,
541 1877 624 1904 corde
659 1886 724 1906 vero
758 1889 772 1907 a
801 1881 965 1912 Christianis
986 1887 1022 1914 sit

237 1917 448 1947 remotissimus.
479 1921 564 1954 Quam
590 1932 655 1951 vero
676 1934 787 1954 causam
811 1929 911 1958 haheat
934 1939 1021 1967 oppu-

237 1963 336 1996 gnandi
355 1965 494 1994 Athenas?
516 1977 578 1996 nam
600 1971 707 2004 Argivis
720 1973 756 2000 ob
772 1974 941 2003 vicinitatem
953 1963 1018 2012 pos-

236 2015 277 2036 set
305 2011 418 2040 forsitan
447 2015 549 2049 aliquid
579 2017 688 2044 crimini
722 2020 797 2052 dare,
826 2030 881 2056 quo
910 2011 1018 2052 illorum

236 2060 402 2092 expugnatio
420 2066 574 2094 excusetur,
586 2064 815 2097 quemadmodum
828 2074 855 2093 et
869 2067 1018 2096 Corinthiis

237 2112 326 2137 imper
346 2107 545 2142 archiepiscopi
561 2117 656 2136 eorum
673 2111 785 2138 crebras
814 2112 926 2140 insidias
942 2115 1018 2148 obje—

236 2149 314 2180 ccrit,
333 2151 404 2177 unde
418 2151 570 2179 Romanum
594 2155 743 2182 exercitum
759 2156 904 2190 Nauplimn
922 2166 1018 2185 accur-

1079 1575 1156 1602 μενα.
1180 1566 1209 1592 Ὀ
1230 1565 1284 1600 γὰρ
1309 1565 1478 1599 ἀρχιποιμὴν
1505 1565 1627 1599 Ἀθηνῶν
1646 1565 1756 1599 Μιχαὴλ
1775 1566 1790 1591 ὁ
1806 1567 1869 1591 Χω-

1078 1613 1175 1646 νιάτης
1191 1611 1376 1646 (κασίγνητος
1399 1607 1478 1640 οὗτος
1500 1609 1576 1642 ἐμὸς,
1604 1610 1647 1635 ναὶ
1664 1610 1745 1643 ἐμός·
1764 1610 1867 1643 ἐγκαλ-

1077 1657 1231 1690 λωπίζομαι
1257 1657 1311 1690 γὰρ
1340 1656 1371 1690 τῇ
1404 1655 1591 1690 ὁμογνιότητι,
1619 1655 1666 1681 καὶ
1690 1654 1776 1689 χαίρω
1805 1655 1868 1685 καθ’

1076 1701 1146 1737 αἷμα
1170 1701 1210 1735 τῷ
1234 1701 1310 1735 ἀνδρὶ
1336 1703 1548 1735 συναπτόμενος,
1579 1701 1602 1726 εἰ
1620 1701 1668 1726 καὶ
1686 1701 1735 1734 τῆς
1765 1701 1867 1735 ἀρετῆς

1077 1749 1122 1774 καὶ
1136 1747 1183 1773 τοῦ
1204 1747 1283 1780 λόγου
1304 1746 1374 1772 κατὰ
1396 1746 1541 1782 διάμετρον
1565 1746 1758 1780 ὲκδιίσταμαι)
1775 1747 1806 1772 τὸ
1825 1747 1866 1772 ot-

1075 1795 1149 1820 κεῖον
1162 1794 1244 1828 λάχος
1265 1792 1336 1826 ὁρῶν
1350 1792 1406 1824 (67)
1424 1792 1478 1819 τῶν
1492 1791 1575 1818 αὑτοῦ
1593 1791 1695 1826 βουλῶν
1709 1791 1758 1818 καὶ
1775 1792 1864 1825 εὐχῶν

1075 1838 1244 1873 ὲξεχόμενον,
1265 1838 1325 1863 ἐπεὶ
1345 1836 1558 1872 παρεμὸαλόντα
1572 1836 1700 1863 θεάσαιτο
1714 1836 1760 1862 τὸν
1782 1836 1865 1870 Σγου-

1075 1885 1135 1918 ρὺν,
1151 1884 1221 1917 ἔγνω
1238 1883 1358 1917 μετιέναι
1374 1883 1470 1908 τοῦτον
1485 1882 1625 1916 θεοφιλῶς,
1641 1882 1667 1907 ετ
1686 1890 1744 1913 πως
1759 1881 1864 1908 ἐκεῖθεν

1074 1930 1228 1964 ἀποστῆσαι
1243 1929 1402 1963 δυνήσεται,
1420 1928 1482 1963 μηδ’
1505 1927 1592 1959 ἄλλως
1610 1927 1753 1961 ἀσυνήθως
1768 1927 1864 1962 ἔχοντα

1075 1975 1143 2010 πρὸς
1161 1975 1253 2005 αὑτὸν,
1278 1976 1307 2005 ὲς
1322 1974 1350 2000 δὲ
1365 1974 1460 2007 λόγους
1473 1973 1622 2008 ἐληλυθότα
1639 1973 1783 2004 πολλάκις.
1808 1973 1863 1999 Καὶ

1074 2021 1107 2055 δὴ
1123 2021 1160 2051 ὡς
1176 2020 1206 2052 ἐξ
1221 2020 1387 2054 ὑπερδεξίων
1412 2020 1462 2054 τῆς
1484 2019 1587 2050 πόλεως
1602 2018 1707 2050 τοξεύει
1730 2019 1862 2052 παραινέ-

1075 2075 1143 2092 σεων
1157 2066 1285 2100 βέλεμνα,
1308 2067 1354 2092 καὶ
1370 2066 1401 2100 τῇ
1421 2066 1587 2099 ποιμαντικῇ
1605 2065 1733 2098 σφενδόνῃ
1748 2064 1862 2093 ἀκροὸο-

1071 2112 1173 2144 λίζεται
1188 2111 1305 2143 διαᾳιεὶς
1317 2111 1449 2136 Οεὸπλοκα
1470 2111 1588 2144 ῥήματα.
1611 2111 1690 2135 ’Ἐστι
1708 2110 1730 2135 δ’
1745 2111 1798 2143 ὅπη
1816 2111 1861 2135 καὶ
1882 2112 1883 2115 “

1071 2157 1107 2187 ὡς
1134 2156 1163 2188 ἐξ
1182 2156 1329 2182 Menelaum
1353 2156 1406 2181 τῶν
1430 2155 1570 2188 πατρικῶν
1590 2156 1709 2180 ἀπειλῶν
1732 2157 1860 2188 πειρᾶται

238 2202 297 2220 rere
313 2199 340 2221 et
356 2204 438 2223 naves
467 2198 581 2226 hostiles
593 2201 730 2234 appellere
744 2202 853 2230 viderit.
869 2204 1021 2232 Athenien—

1077 2202 1231 2228 κατασείειν
1245 2202 1275 2227 τὸ
1293 2201 1551 2235 ἐκείνουῳρόνημα,
1570 2201 1606 2234 μὴ
1628 2202 1683 2226 δεῖν
1700 2201 1786 2233 λέγων
1808 2202 1860 2226 ἀπ’)

237 2247 281 2265 ses
294 2248 359 2267 vero
370 2246 397 2268 et
407 2242 505 2276 ipsum.
521 2250 551 2271 ut
563 2245 630 2272 lacis
644 2247 756 2279 distent,
770 2248 806 2274 ita
825 2249 892 2276 nihil
909 2250 1024 2278 invicem

238 2282 339 2312 habere
367 2288 478 2321 negotii,
508 2294 536 2316 et
552 2291 586 2317 ab
606 2292 680 2318 omni
706 2293 880 2321 aemulatione
907 2302 1026 2324 remotos

237 2336 309 2356 esse.
323 2329 390 2358 Cum
422 2333 498 2364 urbis
513 2343 595 2369 porro
610 2337 751 2365 sacerdote
770 2339 838 2366 nihil
854 2340 1025 2369 intercedere

237 2375 291 2402 nisi
308 2377 352 2410 pia
371 2383 398 2404 et
427 2379 581 2412 spiritualia
605 2385 782 2416 commercia,
803 2387 933 2420 quoniam
951 2388 1025 2415 hunc

238 2421 295 2455 ipse
307 2428 410 2456 patrem
432 2430 458 2451 et
479 2431 614 2458 pastorem
631 2429 767 2463 appellare
787 2438 924 2466 nunquam
941 2441 1020 2459 recu-

237 2468 314 2501 sarit,
338 2475 367 2496 et
393 2472 527 2498 suavitate
543 2474 676 2501 orationis
688 2476 748 2509 ejus
782 2478 866 2512 magis
888 2478 1021 2505 alliciatur

237 2523 317 2549 quam
337 2517 425 2544 mellis
441 2517 598 2551 dulcedine,
625 2529 712 2555 eaque
729 2523 898 2557 semperfrui
917 2525 1019 2558 cupiat,

237 2561 281 2590 hic
296 2571 361 2591 vero
378 2564 465 2600 ipsum
479 2565 504 2592 in
518 2566 699 2600 spiritualium
713 2568 859 2595 liberorum
876 2577 1021 2597 numerum

1074 2249 1192 2284 Χριστοῦ
1208 2249 1373 2282 καλούμενον
1386 2250 1433 2274 καὶ
1453 2248 1598 2283 Ῥωμαίοις
1613 2247 1860 2281 συνεξεταζόμενον

1074 2296 1118 2322 διὰ
1141 2296 1230 2330 μάχης
1251 2295 1395 2328 Ῥωμαίοις
1413 2296 1522 2330 χωρεῖν.
1545 2295 1569 2320 ει
1589 2294 1626 2328 μὴ
1644 2293 1788 2320 πιστοῦται
1814 2295 1857 2328 μό-

1074 2349 1129 2371 νοις
1148 2340 1190 2376 [Ρ.
1211 2340 1273 2375 59f]
1298 2340 1399 2374 χείλεσι
1425 2340 1454 2366 τὸ
1479 2338 1684 2374 Χριστώνυμον-
1701 2339 1737 2368 ὡς
1766 2339 1855 2371 E55??-

1074 2389 1120 2413 καὶ
1133 2387 1238 2421 γλώττῃ
1257 2387 1300 2412 τᾶν
1320 2387 1465 2420 Ῥωμαίοις
1485 2386 1636 2420 ὁμόφωνον,
1656 2386 1687 2418 τῇ
1711 2385 1738 2410 δὲ

1073 2433 1167 2467 πόρζω
1183 2432 1310 2462 πλάζοιτο
1338 2432 1391 2458 τῶν
1419 2431 1594 2466 καλουμένων
1609 2431 1661 2456 ἀπδ
1676 2430 1807 2463 Χριστοῦ.
1823 2430 1853 2455 Τί

1073 2479 1100 2505 δὲ
1123 2479 1170 2505 καὶ
1194 2478 1264 2512 ἔχων
1300 2478 1454 2512 Ἀθηναίοις
1482 2477 1643 2510 ἐπεγκαλείν
1671 2477 1704 2510 τῇ
1746 2476 1854 2509 Ἀττικῇ

1075 2524 1274 2558 ἐπεστράτευσε
1286 2532 1293 2554 ;
1308 2524 1362 2553 τοῖς
1376 2522 1424 2557 μὲν
1439 2523 1490 2557 γὰρ
1502 2521 1618 2554 γείτοσιν
1638 2521 1772 2555 Ἀργείοις
1784 2519 1855 2571 εἶχεν

1075 2569 1107 2595 ἄν
1120 2578 1145 2595 τι
1160 2569 1206 2595 καὶ
1221 2569 1334 2601 ἐπάγειν
1350 2568 1387 2598 ὡς
1401 2568 1510 2602 ὁμόροις
1522 2567 1648 2600 αἰτίαμα,
1670 2567 1763 2591 ποιοῦν
1775 2567 1854 2591 ἁ.νεὺ-

874 2637 959 2668 Hier.
986 2637 1085 2669 Wolﬁi
1109 2640 1202 2668 notua.

276 2697 331 2730 166)
359 2697 423 2724 Ἐπί
441 2697 597 2731 τεσσάρων
613 2698 760 2724 ἀσπίδων.
786 2698 848 2723 Ἐπὶ
859 2700 923 2732 μιᾶς
937 2700 1021 2726 ἀσπί-

238 2731 280 2761 Bo;
299 2733 520 2765 παραταξάμενοι
545 2733 622 2772 apud
642 2733 786 2773 Isocratem
805 2732 832 2760 in
845 2733 1020 2773 Archidamo

239 2766 347 2798 tegitur.
364 2767 440 2799 Quod
457 2768 498 2794 viv
520 2768 651 2807 credibile
669 2769 794 2809 videtur,
809 2769 895 2809 aciem
915 2769 941 2796 in
963 2770 1019 2809 luu-

241 2807 303 2831 guu'
322 2808 460 2828 extensum
481 2811 529 2828 nec
544 2812 598 2830 uno
619 2803 676 2830 viro
699 2802 903 2838 profundiorem
929 2804 1022 2831 multis

246 2835 365 2864 milibus
383 2837 524 2866 restitisse.

1109 2699 1163 2731 (67)
1183 2698 1218 2724 Τὸ
1233 2695 1548 2736 οιιιι-ῖῗοιλ.τάχος-ςεριῖυνιἶ
1571 2696 1710 2736 converti,
1737 2704 1796 2722 cum
1811 2705 1851 2723 aut

1075 2735 1188 2761 munrris
1206 2733 1433 2767 esseinlelligeret.
1449 2731 1549 2771 Quodsi
1566 2732 1610 2758 cui
1625 2731 1853 2771 displicetnrepo-

1075 2774 1118 2795 nat
1139 2777 1196 2794 cum
1207 2776 1282 2793 suum
1297 2765 1399 2801 grryjem
1411 2787 1417 2795 .
1435 2767 1474 2792 vel
1494 2767 1567 2793 cives
1582 2774 1657 2796 suos,
1672 2775 1687 2792 (ι
1703 2765 1816 2793 consiliis
1829 2771 1852 2793 ut

1075 2805 1189 2837 prrribus
1206 2804 1257 2828 suis
1274 2804 1382 2832 printe'rc
1401 2802 1503 2828 riilm'l.

1532 2893 1548 2906 4
