1945 3074
61 150 114 181 993

741 139 841 171 URBS
863 138 990 170 CAPTA.

1633 134 1685 166 994

62 208 144 233 θυνον
161 204 271 239 ὁπωσδὴ
287 203 335 239 τὴν
350 202 462 230 ἐκείνων
483 200 668 235 καταδρομὴν,
689 199 726 229 ὠς
746 199 865 233 Κοριν-4

915 194 1033 221 etulerit.
1055 194 1092 220 Ac
1105 192 1188 227 802
1209 190 1367 226 huiusmodi
1391 191 1476 218 armis
1491 198 1556 218 usus
1572 190 1685 217 Michael

63 253 135 283 θιοις
158 250 298 285 προσῆψεν
322 249 435 283 ἔναγχος
451 247 575 281 ἔγκλημα
591 246 640 276 τὰς
657 244 703 270 τοῦ
725 242 852 278 ἀρχιποί-

66 304 149 332 μενος
183 294 314 329 Κορίνθου
344 294 405 320 κατε
430 292 512 318 αὑτοῦ
534 290 665 320 πολλάκις
693 287 850 319 ἐπιϐουλὰς,

64 341 165 368 ὁπόθεν
176 341 223 367 καί
236 339 265 365 τὸ
276 338 413 365 Ναύπλιον
430 337 560 372 στρατιὰν
579 335 725 370 Ῥωμαίων
741 334 853 368 ἐπιδρα-

68 386 175 421 μοῠσαν
186 385 293 420 ἑώρακε
305 385 350 410 καὶΙ
364 384 430 419 νῆας
444 384 472 414 ἐς
487 383 552 410 αὐτὸ
564 380 793 410 καταπλευσὰσας
805 387 850 405 ποι

69 432 197 466 λεμικάς.
224 430 362 465 Ἀθηναῖοι
387 430 415 455 δὲ
435 430 482 455 καὶ
504 428 596 459 αὐτὸς,
621 425 715 460 ὥσπερ
733 423 854 454 τοπικῶς

69 477 270 512 ἀφεστήκασιν,
298 476 370 502 οὔτω
398 475 509 501 καὶτοῦ
535 473 605 508 ἔχειν
637 472 786 507 πράγματα
808 469 856 495 καὶ

72 523 134 549 κατ’
169 522 291 557 ἀλλήλων
318 522 416 556 χωρεῖν
448 519 606 554 φιλονείκως
635 517 760 544 πλεῖστον
794 516 856 542 ὅσον

71 569 247 603 διείργονται.
264 567 304 594 Τὰ
321 568 349 593 δὲ
366 567 434 601 πρὸς
448 568 492 592 τὸν
510 565 585 600 ἱερέα
605 564 653 598 τῆς
666 563 768 594 πόλεως
781 562 857 588 οὐδὲν

72 615 112 640 ὅτι
134 617 172 650 μὴ
191 616 225 642 τὰ
251 614 340 640 πάντα
365 612 476 647 θεοφιλῆ
491 613 538 638 καὶ
553 611 737 645 πνευματικὰ,
764 608 821 642 εἴγε
843 609 857 634 ὁ

75 658 126 692 μὲν
153 659 260 692 πατέρα
281 659 328 685 καὶ
360 658 477 692 ποιμένα
502 656 597 683 τοῦτον
623 653 767 689 ὀνομάζειν
794 653 854 679 οὐδὲ

73 712 140 730 ποτε
154 704 324 739 ἀπηνήνατο,
338 703 429 730 καὶτὰ
442 703 491 738 τῆς
505 702 588 728 αὐτοῦ
601 702 723 735 γλώττης
737 700 857 734 ῥήματα,

72 750 124 776 ὅσα
152 750 199 776 καὶ
227 750 313 783 γλυκὺ
343 749 493 784 μελίκηρον
518 748 645 783 βλίττειν,
673 745 794 781 ὠρεκτία
815 744 859 770 διὰ

73 794 175 826 παντὸς
186 795 344 830 δρέπεσθαι,
365 795 379 820 ὁ
392 794 420 820 δὲ
440 793 519 820 παισὶ
539 794 593 823 τοῖς
606 792 676 818 κατὰ
691 790 799 824 πνεῦμα
815 788 860 815 τὸν

74 840 194 874 Σῐουρὸν
218 841 363 875 ἐνέγραφε.
385 840 441 867 Καὶ
462 838 577 866 τοιοῖσδε
606 839 745 872 χρώμενος
767 836 860 866 ὅπλοις

903 239 1068 275 precabatur
1093 244 1123 265 ttt
1148 238 1212 265 inde
1238 237 1392 264 recederet.
1415 237 1519 263 Scurus
1545 244 1610 263 vero
1633 244 1686 262 nou

903 286 1107 314 dissimulanter
1122 283 1295 318 prmtendens
1319 291 1348 310 se
1365 283 1419 309 vim
1445 290 1524 317 posse
1549 283 1648 313 facere,
1660 288 1687 308 et

904 337 1025 366 tempora
1043 331 1140 357 intueri
1152 331 1261 365 jtthens,
1278 337 1338 363 quae
1358 336 1408 363 pro
1431 328 1537 355 viribus
1551 335 1688 362 quemque

903 385 985 412 agere
1011 380 1166 406 monerent,
1194 383 1256 402 cum
1277 375 1397 401 omnium
1425 375 1532 401 urbium
1562 375 1689 409 princeps

908 423 1085 450 aillictissima
1102 424 1185 452 esset.
1202 421 1320 454 denique
1342 420 1497 455 postulabat
1523 425 1554 447 ut
1578 420 1688 454 quidam

905 468 1064 496 adolescens
1075 466 1107 493 ad
1116 474 1211 493 necem
1225 466 1276 493 sibi
1288 465 1447 492 dederetur.
1458 466 1542 498 Quem
1553 467 1602 492 etsi
1615 466 1686 493 alius

906 514 1005 548 aliquis
1026 514 1108 541 etiam
1125 521 1180 540 non
1206 512 1308 547 petenti
1326 512 1505 539 libentissime
1530 512 1690 544 dedidisset,

907 565 938 587 ut
953 567 1044 587 semen
1072 559 1196 594 iniquum
1223 564 1250 585 et
1274 557 1366 584 multis
1392 561 1532 584 auctorem
1550 557 1689 588 interitus,

907 607 1025 639 pessima
1037 612 1151 638 qumque
1163 608 1191 630 et
1205 610 1286 630 manu
1300 607 1329 629 et
1340 602 1455 629 consilio
1466 607 1560 630 contra
1573 603 1688 636 patriam

908 650 1058 676 machinari
1084 650 1208 679 solitum.
1232 649 1277 675 ille
1300 653 1426 682 apertum
1448 648 1543 682 patria:
1562 655 1692 682 persecu—

909 701 994 722 torem
1017 700 1045 722 et
1062 695 1214 729 spiritualis
1236 694 1351 721 nutricis
1378 693 1506 720 Ecclesia:
1532 694 1692 720 violatorem

908 747 935 768 et
949 741 1148 771 insidiatorem,
1166 741 1246 774 cujus
1265 740 1400 766 violentos
1416 744 1531 766 conatus
1545 738 1644 772 saepius
1667 743 1695 765 ot

909 785 967 820 ipse
979 789 1107 820 expertus
1121 789 1191 817 erat,
1204 785 1230 811 in
1244 792 1339 811 eorum
1364 791 1479 810 numero
1506 784 1602 810 habuit
1624 791 1695 817 quos

910 831 1067 866 evangelica
1082 831 1218 867 diligeret.
1238 830 1418 864 neglectoque
1443 830 1529 856 Scuro
1545 830 1693 864 supplicem

73 885 180 912 ἐκεῖθεν
208 889 356 922 παρῃτεῖτο
378 887 423 913 τὸν
443 886 526 921 ἄνδρα
543 885 724 920 μεταχωρεῖν.
744 883 773 909 '0
789 882 860 909 δὲτὸ

915 877 1044 905 defendit.
1060 876 1112 904 Sed
1127 885 1189 903 cum
1212 877 1318 904 leonem
1335 876 1411 902 illum
1428 875 1600 909 sapientibus
1619 876 1696 902 hisce

73 930 205 959 δύνασθαι
244 932 384 967 βιάζεσθαι
415 931 553 966 πρόφασιν
595 930 781 964 ἀπαραίτητον
812 928 860 954 καὶ

75 978 310 1012 ἀπαρακάλυπτον
328 977 556 1014 προϐαλλόμενος,
573 976 677 1003 καὶτὸν
691 975 786 1010 καιρὸν
799 974 859 1001 ὲνά-

75 1031 133 1057 γων
149 1023 215 1058 ὁρᾷν
238 1024 321 1050 παντὶ
340 1024 371 1050 τὸ
394 1024 463 1059 πρὸς
482 1023 573 1058 ίσχύος
587 1022 653 1057 δρᾷν
674 1021 861 1048 ὑποϐάλλοντα

76 1067 116 1098 ὡς
135 1065 181 1094 οἷα
195 1069 244 1103 τῆς
257 1069 313 1096 τῶν
335 1069 441 1096 πόλεων
463 1069 560 1096 πασῶν
591 1068 736 1103 κορωνίδος
755 1067 791 1094 τὰ
807 1067 861 1094 τῶν

77 1113 148 1139 ὅλων
171 1113 329 1149 πασχούσης
353 1115 488 1150 χείριστα,
505 1114 545 1141 ἐτι
566 1114 595 1140 δὲ
608 1114 655 1141 καί
670 1122 732 1140 τινα
753 1113 861 1140 νεανίαν

79 1157 224 1193 ἐκδοθῆναι
241 1159 265 1185 οί
282 1160 350 1194 πρὸς
366 1160 480 1187 θάνατον
495 1159 580 1191 πολὺς
597 1159 717 1186 ἐνέκειτο
728 1158 861 1194 ἐκζητῶν,

79 1204 110 1230 ὃν
125 1204 203 1236 ἄλλος
219 1206 269 1240 μὲν
286 1207 334 1232 καὶ
358 1207 396 1241 μὴ
409 1206 585 1241 αἰτησαμένῳ
601 1205 670 1240 μετὰ
684 1205 863 1240 περιχαρείας

82 1250 243 1285 προϋδωκεν
265 1252 308 1286 ἂν,
338 1253 448 1287 σπέρμα
469 1252 560 1279 ἄδικον
580 1253 626 1278 καὶ
641 1252 740 1287 ἄνομον
764 1251 863 1286 κρίνων

81 1294 120 1326 ὡς
134 1295 241 1327 πολλοῖς
256 1297 400 1331 παραίτιον
420 1296 566 1330 ἀπωλείας,
583 1297 629 1323 καὶ
645 1298 699 1323 πᾶν
715 1297 729 1322 ὅ
740 1305 766 1322 τι
780 1296 865 1331 χείρι-

82 1349 145 1366 στον
159 1343 228 1367 κατὰ
251 1342 301 1376 τῆς
317 1342 414 1368 ἑαυτοῦ
438 1343 568 1377 πατρίδος
586 1343 636 1377 τῆς
666 1343 792 1377 Ἀττικῆς
817 1343 864 1369 καὶ

82 1388 155 1422 χειρὶ
172 1389 217 1414 καὶ
240 1388 338 1424 γνώμῃ
360 1388 596 1424 διαπραξάμενον
611 1388 625 1414 ὁ
639 1388 668 1414 δὲ
680 1388 724 1414 τὸν
740 1387 865 1422 λαμπρὸν

82 1432 200 1467 διώκτην
227 1433 276 1468 τῆς
300 1434 466 1469 ἐνεγκούσης
486 1433 597 1468 καὶτῆς
611 1434 680 1460 κατὰ
700 1434 808 1468 πνεῦμα
822 1442 865 1460 τι-

84 1477 166 1511 θηνοῦ
188 1477 351 1513 Ἐκκλησίας
373 1478 503 1514 ὑϐριστὴν
518 1479 566 1505 καὶ
586 1477 739 1510 ὲπίῦουλον,
757 1479 804 1504 καὶ
817 1479 865 1513 τὴν

85 1524 165 1557 χεῖρα
189 1524 249 1559 κατ’
271 1524 354 1550 αὐτοῦ
375 1524 505 1556 πολλάκις
520 1523 681 1556 ὁπλίσαντα,
695 1524 752 1555 τοῖς
772 1524 864 1558 φιλου-

909 923 1026 950 monitis
1038 923 1146 957 placare
1159 929 1212 949 non
1239 926 1341 956 posset,
1356 921 1459 955 aspidis
1479 921 1505 947 in
1523 928 1625 947 morem
1653 921 1697 947 ul-

910 973 953 996 tro
966 976 1047 995 aures
1061 968 1236 995 obturantem
1247 967 1371 994 etomnis
1381 966 1490 1001 generis
1501 966 1552 992 tela
1567 966 1592 992 in
1605 972 1696 992 arcem

910 1013 1201 1049 conjicientem,orato
1218 1013 1273 1039 Deo
1296 1011 1368 1038 utin
1393 1011 1527 1038 nefarium
1555 1011 1694 1037 hominem

910 1063 939 1086 et
977 1058 1200 1086 subnascentium
1237 1058 1372 1086 malorum
1411 1062 1551 1084 auctorem
1591 1055 1695 1083 cladem

912 1112 1021 1132 omnem
1033 1108 1218 1136 converteret,
1239 1104 1380 1131 machinas
1399 1108 1424 1130 et
1440 1103 1498 1137 ipse
1513 1103 1539 1129 in
1561 1101 1698 1128 mmnibus

913 1150 1046 1185 disponit,
1062 1150 1219 1184 ibidemque
1240 1150 1396 1184 sagittarios
1410 1153 1436 1176 et
1452 1147 1700 1175 Funditoresoollw

913 1200 968 1223 cat.
992 1196 1058 1222 Nam
1085 1195 1152 1230 quid
1173 1195 1218 1222 ille
1244 1195 1277 1222 ad
1303 1194 1504 1229 propulsandos
1531 1194 1622 1221 hostes
1645 1201 1698 1219 tmu

913 1241 1061 1272 eﬂ‘ecisset,
1076 1241 1117 1267 vir
1127 1240 1200 1267 omni
1216 1240 1341 1267 doctrina
1352 1240 1432 1274 803
1447 1246 1586 1266 sacrarum
1595 1244 1621 1265 et
1637 1246 1702 1272 pro—

915 1287 1038 1314 fanarum
1056 1286 1206 1313 litterarum
1230 1286 1379 1320 perpolitus
1398 1293 1558 1318 summaque
1574 1284 1700 1311 facundia

914 1332 1044 1359 ornatus?
1054 1332 1100 1366 qui
1110 1331 1343 1366 sivoluisset,igui
1352 1331 1444 1365 pluere
1454 1329 1702 1364 supertemerarins

915 1384 962 1405 aut
976 1378 1124 1405 crabrones
1140 1378 1166 1404 in
1182 1378 1331 1405 exercitum
1350 1378 1496 1404 immittere
1511 1375 1643 1410 potuisset
1656 1380 1703 1401 aut

916 1423 1021 1458 aliquid
1037 1423 1110 1450 aliud
1125 1423 1164 1450 eis
1186 1424 1372 1457 perniciosutn
1396 1422 1529 1456 divjuitus
1542 1422 1701 1455 impetrare.

916 1468 1010 1502 Neque
1018 1469 1091 1496 enim
1102 1473 1246 1495 cunctattts
1253 1473 1325 1495 esset
1334 1469 1414 1499 Deus,
1422 1468 1443 1495 si
1454 1475 1549 1494 manus
1559 1467 1603 1493 ille
1611 1474 1665 1493 sust
1672 1474 1688 1492 u
1695 1480 1705 1485 -

918 1513 1128 1541 lissetautlabia
1146 1514 1178 1540 ad
1194 1515 1392 1541 invocationem
1406 1513 1526 1540 numinis
1539 1512 1702 1546 aperuisti.

86 1555 177 1603 μένοις
205 1556 391 1604 εύαγγελικῶς
418 1555 565 1605 ὲγγρόιφων
589 1570 637 1597 καὶ
663 1555 802 1605 περιέπων
828 1569 865 1600 ὡς

918 1559 971 1587 Sed
983 1567 998 1587 a
1011 1561 1056 1587 tali
1066 1561 1108 1587 vel
1119 1560 1296 1595 cogitatione,
1311 1560 1411 1587 nedum
1422 1560 1505 1589 facto.
1519 1566 1581 1585 cum
1591 1558 1704 1585 abduxit

85 1616 243 1650 πρόσφυγα,
267 1617 311 1643 τὸν
337 1617 456 1653 Σγουρὸν
478 1616 676 1652 παρεϐλέπετο.
701 1615 745 1647 Ὠς
770 1614 792 1641 δ’
816 1614 866 1640 οὐκ

85 1659 141 1696 εἶχε
162 1663 208 1688 καὶ
232 1662 337 1690 πείθειν
363 1664 423 1695 ταῖς
440 1664 536 1698 σοφαῖς
554 1663 669 1694 ⁵ιαύταις
693 1661 868 1696 ὑποθημοσύ-

917 1606 957 1632 eis
963 1605 1010 1640 qui
1020 1606 1090 1633 ﬁlios
1098 1606 1210 1633 tonitrui
1218 1606 1374 1639 compescui
1381 1610 1400 1638 ι,
1409 1613 1441 1632 ne
1452 1605 1539 1640 ignem
1548 1604 1617 1631 cmlo
1625 1603 1705 1630 elice-

917 1654 991 1683 rent,
1001 1657 1063 1677 cum
1072 1650 1191 1677 diceret:
1207 1660 1215 1676 ι
1228 1651 1268 1677 Au
1280 1651 1391 1678 nescitis
1403 1651 1480 1684 cujus
1488 1649 1601 1684 spiritus
1610 1649 1680 1676 sitis?
1692 1657 1702 1673 ι

86 1716 146 1739 ναις
161 1710 263 1734 εκεῐνον
284 1709 329 1735 τὸν
347 1709 529 1744 θηριώνυμον,
555 1709 655 1744 μᾶλλον
671 1708 719 1744 μὲν
740 1705 787 1734 οὖν
803 1708 850 1734 καὶ
863 1706 924 1733 κατ’
940 1707 1039 1734 ἀσπίδα
1064 1707 1239 1742 κωφεύουσαν
1261 1707 1351 1733 ἑκοντὶ
1383 1707 1416 1733 τὰ
1433 1704 1489 1733 ὦτα
1507 1706 1574 1740 πρὸς
1603 1705 1705 1736 ταύτςς

86 1752 162 1787 ἐώρα
184 1752 281 1786 βύοντα
308 1754 354 1779 καὶ
381 1753 446 1788 βέλη
471 1752 628 1780 παντοδαπὰ
650 1754 707 1784 τοῖς
731 1751 778 1778 ἐπὶ
790 1752 839 1786 τῆς
858 1753 1031 1787 ἀκροπόλεως
1048 1753 1176 1785 ἀφιέντα,
1194 1752 1264 1778 κατὰ
1283 1752 1330 1778 τοῦ
1348 1752 1456 1778 ἀνοσίου
1476 1752 1523 1777 καὶ
1547 1750 1633 1776 αἰτίου
1649 1751 1704 1775 τῶν

88 1796 231 1830 φυομένων
243 1797 336 1823 κακῶν
348 1796 420 1823 ἅπαν
436 1797 620 1831 ἀποτρόπαιον
633 1795 784 1831 τραπέσθαι
797 1795 863 1821 Θεὸν
876 1795 1037 1830 ἱλασάμενος
1049 1796 1116 1830 (68),
1131 1796 1184 1822 τῶν
1196 1796 1293 1829 τειχῶν
1305 1795 1409 1822 ἄνωθεν
1421 1795 1545 1825 κάκεῖνος
1564 1794 1706 1827 ἀνθίστησι

91 1841 287 1875 μηχανήματα,
305 1841 352 1866 xxi.
371 1841 428 1870 τοῖς
443 1840 544 1874 τείχεσι
560 1839 685 1873 ἐφίστησι
702 1838 732 1865 τὸ
748 1839 854 1873 βάλλειν
880 1840 912 1865 ἑκ
926 1839 1017 1873 χειρὸς
1031 1839 1190 1872 δυνάμενον.
1210 1839 1264 1864 Καὶ
1287 1839 1313 1864 τί
1327 1839 1379 1872 γὰρ
1400 1839 1452 1864 οὐκ
1468 1839 1502 1864 ἂν
1522 1837 1703 1872 διαπεπράχει

88 1883 143 1910 τῶν
158 1883 296 1918 πολεμίων
313 1885 350 1914 εἰς
366 1884 535 1917 ἁποσόὸησιν
559 1884 628 1918 ἀνὴρ
644 1883 719 1917 ἥκων
735 1883 779 1908 διὰ
796 1882 885 1916 πάσης
906 1882 1001 1916 σοφίας
1018 1882 1065 1908 καὶ
1089 1882 1221 1908 παντοίαν
1246 1881 1366 1915 μάθησιν
1391 1881 1502 1915 λογικὴν
1523 1881 1560 1911 ὡς
1581 1881 1708 1914 οὐδεμίαν

91 1927 186 1961 ἔτερος
202 1927 298 1957 ἐπιὼν,
315 1928 376 1953 ὅσαι
393 1935 421 1953 τε
439 1927 549 1961 θυραῖαι
574 1927 620 1952 καὶ
644 1927 706 1952 ὅσαι
720 1926 870 1960 nui-rapat;
886 1926 918 1952 Εἰ
936 1926 957 1952 δ’
973 1924 1115 1960 ἠϐούλετο,
1132 1923 1205 1960 εἶχεν
1221 1926 1254 1951 ἂν
1270 1925 1382 1958 καὶπῦρ
1398 1923 1470 1950 ὕσειν
1485 1925 1529 1950 ἐπ’
1540 1923 1707 1955 ἀτασθάλους

90 1971 107 2005 ἢ
127 1971 236 2004 σφῆκας
258 1972 405 2005 ἐπαφεῖναι
422 1970 461 2004 τῷ
481 1969 664 2005 στρατοπέδῳ,
686 1969 741 1995 εἴτε
758 1977 785 1995 τι
801 1970 895 2003 ἓτερον
911 1969 1025 2000 ἐκείνοις
1040 1969 1160 2002 ὀλέθριον
1179 1968 1343 2004 αἰτήσασθαι
1361 1966 1453 1994 θεόθεν
1480 1969 1526 1994 καὶ
1557 1967 1707 2001 λήψεσθαι’

91 2015 223 2050 οὐδὲγὰρ
242 2015 275 2041 ἂν
290 2016 319 2041 τὸ
336 2016 413 2041 Θεῖον
436 2014 592 2050 ἐϐράδυνεν,
615 2015 639 2040 εἰ
659 2015 749 2048 χεῖρες
772 2013 918 2048 ὑψώθησαν
934 2014 1038 2040 ἐκεῖναι
1060 2013 1075 2047 ἢ
1095 2013 1171 2047 χείλη
1189 2013 1339 2048 διήρθησαν
1356 2013 1448 2038 ἐκεῖνα
1465 2014 1534 2046 πρὸς
1560 2010 1626 2037 Θεοῦ
1651 2012 1710 2036 ἐπί-

91 2059 321 2092 κλησιν.ιἈπῆγε
345 2058 367 2084 δ’
383 2058 464 2084 αὐτὸν
480 2057 527 2083 τοῦ
546 2056 668 2083 τοιοῦτόν
690 2064 716 2082 τι
741 2056 810 2087 ὅλως
832 2056 972 2092 διανοῆσαί
989 2065 1018 2082 τε
1036 2058 1083 2083 καὶ
1097 2056 1298 2090 διαπράξασθαι
1313 2057 1327 2082 ὁ
1343 2056 1406 2086 τοὺς
1423 2055 1498 2086 υἱοὺς
1517 2056 1566 2089 τῆς
1594 2054 1708 2089 βροντῆς

91 2103 212 2138 ἐπισχὼν
226 2103 272 2128 τοῦ
288 2103 345 2138 πῦρ
357 2103 455 2137 ὑψόθεν
470 2101 512 2137 [Ρ.
532 2101 595 2136 592]
625 2102 801 2134 κατενεγκεῖν
816 2101 845 2126 ὲν
857 2101 896 2135 τῷ
910 2101 1012 2133 εἰπεῖν,
1031 2109 1040 2126 t
1061 2101 1117 2126 Οὐκ
1131 2100 1221 2126 οἴδατε
1236 2100 1311 2126 ποίου
1327 2101 1387 2126 ἐστὶ
1404 2099 1568 2133 πνεύματος.
1587 2107 1596 2123 ι

128 2149 158 2175 θ’.
177 2149 249 2183 Πρὸς
268 2146 314 2174 οὖν
338 2149 458 2174 τοιοῦτον
473 2147 632 2181 ἀντίμαχον,
646 2145 717 2172 οὕτω
738 2147 786 2181 μὲν
802 2146 865 2179 ίδρικ

959 2145 986 2172 9.
1020 2145 1122 2172 Scurus
1133 2151 1235 2176 atttem,
1249 2144 1389 2179 desperata
1413 2143 1540 2172 victoria.
1563 2139 1709 2169 adversarii

91 2196 147 2222 τῶν
162 2195 308 2233 τακτιχῷν,
324 2194 395 2220 οὕτω
405 2195 434 2220 δὲ
449 2193 493 2219 τὸν
507 2193 583 2227 λόγον
596 2193 690 2224 πολὺν,
703 2192 774 2219 οὕτω
786 2192 813 2218 δὲ
828 2192 877 2227 τὴν

93 2241 193 2276 ἀρετὴν
205 2240 405 2275 ἀπαρὰμιλλον,
418 2240 432 2265 ὀ
446 2239 594 2270 ἀντίπαλος
608 2238 725 2273 Σγουρὸς
739 2237 876 2271 ἀπειπὼν,

94 2287 142 2313 καὶ
170 2286 250 2320 γνοὺς
273 2287 310 2317 ὡς
334 2285 398 2319 είκῆ
422 2286 481 2316 ταῖς
505 2286 553 2319 τῆς
575 2283 751 2318 ἀκροπόλεως
771 2283 878 2318 ῥαχίαις

93 2334 306 2369 διακυρίττεται,
334 2333 380 2359 τὸν
401 2332 486 2366 Ουμδν
514 2330 650 2367 ἐκριπίζει
675 2330 744 2355 κατὰ
764 2330 813 2364 τῆς
831 2328 880 2354 πό-

93 2381 161 2411 λεως
178 2377 210 2415 ἦς
225 2381 275 2406 οὐκ
291 2379 352 2414 ἔσχε
376 2377 560 2413 χειρώσασθαι
575 2375 625 2411 τὴν
648 2375 804 2410 ἀκρόπολιν,
832 2374 879 2400 καὶ

94 2428 126 2464 δὴ
144 2429 199 2458 τοῖς
220 2426 369 2455 οίκοπέδοις
387 2425 474 2458 ἐνίησι
489 2423 555 2457 πῦρ,
570 2423 617 2448 καὶ
637 2420 800 2456 προνομεύει
826 2419 879 2445 τῶν

96 2473 174 2505 ζώων
196 2471 230 2497 τὰ
255 2472 294 2501 είς
318 2469 434 2504 ζεύγλην
451 2470 498 2495 καὶ
513 2469 619 2494 δίαιταν
645 2466 796 2499 ἐπιτήδεια.
826 2463 881 2490 Καὶ

98 2518 158 2553 μεθ’
177 2517 282 2552 ἡμέρας
298 2515 400 2542 ἐκεῖθεν
415 2514 578 2544 ἀπαναστὰς
594 2514 654 2544 ταῖς
671 2511 774 2546 Θήϐαις
796 2518 881 2543 προσ-

97 2563 191 2591 ϐάλλει
212 2564 271 2594 ταῖς
294 2562 469 2592 ἑπταπύλοις.
490 2561 545 2586 Καὶ
559 2559 662 2588 ταύτας
684 2557 720 2588 ὼς
738 2557 767 2588 ἐξ
785 2555 880 2589 ἐφόδυυ

97 2611 347 2645 παραστησάμενος
367 2606 497 2633 ἐπιτείνει
524 2606 592 2641 πρὸς
610 2605 644 2630 τὰ
660 2604 753 2638 πρόσω
765 2603 793 2628 τὸ
815 2601 882 2635 πρό-

97 2657 194 2692 θυμον.
223 2654 327 2681 Οὐκοῦν
357 2652 535 2688 Θερμοπύλας
565 2649 640 2678 διιὼν
658 2649 705 2675 καὶ
726 2648 774 2682 τὴν
798 2647 882 2681 Οἴτην

97 2702 291 2739 ὑπερκατασὰς
315 2700 356 2732 είς
382 2699 522 2733 Λάρισσαν
539 2698 636 2730 ἔξεισι,.
654 2695 753 2729 καὶτῷ
776 2694 881 2729 βασιλεῖ

927 2190 996 2218 aciei
1011 2191 1176 2218 instruenda:
1204 2194 1257 2216 tam
1289 2190 1380 2224 periti.
1407 2194 1459 2216 tam
1475 2189 1581 2220 diserti,
1598 2191 1652 2215 tam
1668 2189 1711 2214 iu-

927 2236 1105 2271 comparabili
1121 2236 1220 2263 virtute
1233 2235 1351 2270 praediti,
1371 2239 1398 2261 et
1414 2234 1491 2261 irrita
1508 2234 1712 2268 oppugnatione

928 2283 1035 2318 rupium
1060 2283 1129 2310 areis
1157 2282 1305 2314 intellecta,
1330 2281 1396 2308 iram
1425 2289 1501 2308 suam
1530 2285 1625 2307 contra
1652 2287 1710 2306 eam

928 2330 1022 2356 urbem
1039 2329 1197 2356 exstimulat
1217 2329 1295 2363 cujus
1311 2335 1400 2354 art-em
1425 2333 1580 2361 expugnare
1596 2333 1649 2351 non
1667 2333 1715 2358 pu-

933 2380 1012 2406 terat,
1029 2376 1107 2402 villas
1122 2374 1253 2405 incendit,
1275 2381 1370 2407 greges
1389 2376 1566 2404 armentaque
1583 2370 1662 2404 rapit.
1681 2369 1715 2396 Et

932 2426 994 2456 post
1010 2421 1070 2448 dies
1080 2420 1185 2454 aliquot
1211 2420 1299 2446 soluta
1323 2418 1464 2444 obsidione
1488 2415 1596 2443 Thebas
1625 2422 1715 2449 oppu‘

929 2472 1010 2503 gnat;
1039 2467 1139 2501 quibus
1167 2465 1254 2500 primo
1274 2465 1378 2498 impetu
1396 2462 1492 2497 captis,
1515 2461 1631 2488 ulterius
1646 2467 1714 2485 cou-

929 2514 1026 2543 tendit,
1045 2520 1075 2539 ac
1089 2510 1279 2546 Thermopylis
1304 2509 1439 2544 superatis
1456 2516 1503 2543 per
1523 2507 1619 2534 OELam
1637 2512 1716 2531 mon-

929 2557 1188 2586 tt-mdescendendu
1208 2555 1322 2582 Larissae
1348 2563 1408 2581 cum
1432 2553 1527 2580 Alexio
1553 2553 1716 2584 imperatore

930 2613 958 2632 se
976 2603 1125 2638 coniungit.
1139 2603 1163 2629 Is
1174 2602 1246 2629 enim
1263 2609 1278 2628 a
1305 2597 1565 2634 septentrionalibus
1588 2594 1719 2621 lateribus

929 2650 1039 2677 avulsus
1054 2653 1081 2675 ct
1098 2648 1165 2675 urbe
1188 2645 1361 2682 imperatrice
1376 2651 1507 2671 excussus
1521 2642 1547 2669 in
1561 2640 1716 2668 Thessalica

933 2694 1015 2730 804
1032 2694 1133 2728 Tempe
1163 2696 1333 2728 pervenerat.
1350 2691 1389 2717 Ac
1411 2689 1492 2715 ﬁliam
1521 2687 1594 2714 illius
1626 2685 1719 2713 Eudo.

743 2753 829 2783 Hier.
850 2752 951 2783 Wolﬁi
972 2755 1067 2782 notae.

136 2821 191 2856 (68)
209 2821 381 2848 Constructio
393 2818 548 2855 huiusmodi
563 2823 603 2846 est
619 2828 625 2846 ι
651 2816 822 2850 “Dasium;
856 2823 865 2840 τ

920 2813 995 2846 Θεὸν,
1022 2813 1095 2840 ἂπαν
1118 2811 1304 2846 ἀποτρόπαιον
1323 2807 1476 2843 τραπέσθαι
1495 2806 1563 2832 κατὰ
1582 2805 1628 2831 τοῦ
1656 2805 1714 2831 ἀνο-

100 2858 170 2889 σίου,
185 2863 239 2884 etc.
