1954 3072
228 143 280 172 993

846 140 993 169 NICET/E
1012 141 1215 172 CUONIATE

1799 145 1854 176 996

226 201 295 225 ciant
313 205 424 224 uxorem
440 196 527 227 ducit,
545 204 605 231 qua!
620 197 696 230 prius
715 196 859 230 Stephano
877 197 1010 223 Triballo-

1071 199 1182 233 Ἀλεξίῳ
1200 198 1357 232 συγγῖνεται
1373 194 1468 234 (οὗτος
1492 200 1545 234 γὰρ
1567 198 1621 225 τῶν
1637 198 1692 234 (69)
1707 199 1755 225 τοῦ
1770 199 1854 236 βορῤὄ

226 252 286 270 rtnn
306 243 367 270 duci
383 248 477 276 nupta,
492 243 526 269 ab
543 250 631 273 eoque
654 243 794 276 repudiata
815 248 841 269 et
854 243 1012 277 Byzantium

226 297 347 319 reversa,
370 294 431 323 post
448 294 554 323 captam
584 289 678 315 urbem
697 293 725 315 ct
755 289 890 315 desertum
919 289 1013 315 Alexio

225 335 306 362 Ducze
320 338 502 369 cognomento
518 334 659 364 Hurznllo.
683 335 728 368 qui
756 335 906 360 Romanum
929 335 1014 368 impc-

225 381 297 408 rium
325 385 481 414 postremus
498 380 606 409 invasit,
623 384 762 413 nupserat.
784 379 837 404 Sed
855 387 888 405 ne
905 379 928 405 is
950 378 1013 412 qui-

225 426 286 453 dem
305 426 378 452 illam
394 426 426 452 ad
456 430 625 452 senectutem
651 433 737 458 usque
755 424 852 450 tenuit.
870 423 936 450 Nam
956 424 1013 450 Ett-

226 473 310 500 docite
322 478 398 507 pater
412 472 534 504 Alcxius,
554 470 627 497 haud
653 470 710 497 scio
733 477 787 504 qua
812 477 840 496 re
867 469 1012 503 impulsus,

225 520 288 546 dolo
303 527 365 546 eutn
386 518 616 552 comprehensum
639 516 789 542 luminibus
805 515 923 547 orbavit,
951 522 1013 541 erro

225 565 318 591 erroni
334 564 539 594 infestissimus,
557 568 583 589 et
600 562 714 595 imperio
732 561 854 596 tlejcctus
872 561 953 587 simili
967 568 1013 587 ca-

225 610 348 636 lamitate
374 609 529 636 conﬂictato
554 607 769 634 inimicissimus.
802 607 895 641 Neque
926 606 1012 633 multo

226 659 287 688 post
303 654 512 680 exrrecationcm
527 661 540 678 a
557 652 660 678 Latinis
683 651 898 685 comprehensus
925 650 1013 678 Ducas

226 700 385 734 Byzantium
412 699 562 730 reducitur,
579 703 605 724 et
620 697 655 723 ob
679 697 820 724 dominutn
845 702 873 723 et
897 697 1013 730 impera-

227 749 311 771 torem
330 752 409 770 suunt
428 744 656 778 comprehensum
676 747 704 769 et
728 743 824 777 laqueo
838 747 964 769 enectum
984 742 1012 768 itt

224 790 358 823 judicium
389 789 534 819 adductus,
566 796 618 822 pro
653 788 695 814 sui
731 788 891 815 defensione
920 787 1012 814 attulit

227 835 302 860 illuni
320 834 412 867 patriae
443 833 611 867 proditorem
633 833 772 860 exstitisse
797 837 825 859 et
849 833 944 867 dignas
961 840 1011 859 suo

225 881 327 906 scelere
344 879 452 906 dedisse
463 887 566 913 pmnas.
583 879 677 913 Neque
691 887 720 906 se
742 886 826 905 unum
848 879 874 905 id
899 878 1007 909 fecisse,

225 926 272 952 sed
293 930 320 952 et
341 925 461 959 reliquos
482 925 554 951 illitis
570 930 710 960 cognatos.
728 925 828 952 Verum
853 924 902 956 illi,
918 929 1009 959 spreta

225 972 284 1005 ejus
297 972 432 1003 oratione,
446 975 473 997 et
489 971 522 997 iis
544 979 604 1005 qua:
625 971 773 1006 adjungere
789 971 918 1005 cupiebat
930 971 1010 1005 plane

226 1017 388 1051 repudiatis,
407 1017 505 1050 capitis
520 1017 658 1043 hominem
678 1017 873 1048 condemnant,
896 1024 967 1043 novo
983 1020 1011 1044 et

224 1063 422 1089 violentissimo
436 1063 563 1097 supplicii
581 1070 691 1097 genere.
710 1061 777 1088 Nam
801 1062 827 1088 in
844 1062 1009 1089 altissimam

225 1109 390 1139 columnam,
407 1116 467 1142 quae
481 1109 508 1134 in
522 1108 612 1135 Tauro
631 1113 696 1139 stat,
714 1108 874 1142 perductum
890 1107 1012 1142 praecipi-

225 1158 292 1180 tant.
303 1153 384 1189 805
400 1154 425 1180 Is
445 1161 510 1181 vero
520 1153 678 1188 aliquandiu
692 1153 719 1180 in
733 1156 816 1188 pedes
827 1153 1010 1186 deSCendens,

225 1200 324 1226 deinde
348 1207 374 1226 tn
395 1204 477 1234 caput
496 1200 644 1226 subversus
670 1203 698 1226 et
724 1200 800 1226 hutni
823 1199 918 1225 allisus
929 1200 1011 1225 mise-

226 1246 350 1273 rabiliter
361 1245 475 1271 interiit.
489 1244 592 1271 Scurus
600 1249 691 1271 autem
701 1244 782 1271 ducta
794 1244 924 1275 EudOt-ia,
937 1252 1010 1271 mar-

225 1291 323 1317 chionc
339 1292 366 1317 in
385 1290 516 1317 Grteciam
541 1295 702 1321 transtturo,
723 1294 753 1315 ut
767 1289 848 1323 paulo
864 1294 928 1316 ante
942 1288 1010 1320 dixi,

226 1335 470 1370 Thermopylarum
498 1335 639 1369 angustias
661 1339 689 1361 et
718 1335 802 1361 altum
833 1334 1011 1362 montemcis

227 1381 427 1412 imminentem,
442 1386 596 1415 eaetcraque
617 1380 677 1407 loca
705 1380 887 1414 quailinncia:
907 1379 1011 1406 aditum

228 1427 564 1460 htcrcludunt,aceuratc
584 1425 769 1453 custodiebat.
787 1426 886 1453 Verum
909 1425 1011 1451 uiltilo-

228 1473 320 1499 minus
332 1473 377 1499 ille
394 1473 427 1499 iis
443 1473 511 1500 locis
532 1473 660 1499 facillime
679 1473 782 1506 potitus
795 1476 836 1498 est
850 1472 885 1498 ob
902 1476 1011 1498 nostro-

228 1526 287 1545 rum
309 1519 443 1553 ignaviant
461 1527 492 1545 ac
510 1519 659 1553 degeneres
690 1518 865 1552 abjectosque
892 1517 1008 1549 animos,
1024 1531 1045 1560 ο

225 1565 342 1591 subinde
364 1565 531 1599 potentiores
551 1564 641 1591 colere
663 1564 828 1596 volentium;
848 1564 930 1598 idque
946 1571 1008 1599 cum

226 1618 279 1637 non
294 1618 421 1644 magnum
434 1610 584 1636 adduceret
596 1610 747 1637 exercitum
759 1618 808 1636 ttec
821 1610 891 1636 inter
901 1617 929 1636 se
943 1598 1010 1636 con-

226 1657 402 1687 sentieutem,
418 1648 465 1682 sed
478 1655 617 1690 plerisque
629 1656 656 1682 in
675 1657 765 1687 rebus,
777 1656 877 1690 quippe
894 1664 927 1683 ex
940 1657 1010 1683 mul-

228 1702 264 1729 tis
277 1702 392 1728 urbibus
410 1701 567 1734 collectum,
586 1702 776 1729 dissidentem.
791 1702 825 1728 Et
846 1710 908 1728 cum
923 1702 1008 1736 ipsam

225 1747 357 1774 Boeotiam
395 1747 545 1779 invaderet,
576 1751 629 1774 tam
664 1748 762 1782 cupide
797 1752 941 1782 susceptus
968 1753 1010 1774 est

225 1802 306 1829 quam
323 1795 466 1829 quisquam
478 1795 523 1828 qui
538 1803 570 1822 ex
583 1794 729 1829 longinqua
741 1798 768 1821 et
783 1795 912 1822 diuturna
932 1803 1010 1829 pere-

226 1841 378 1875 grinatione
407 1841 519 1866 domum
550 1841 707 1866 revertitur.
733 1840 896 1875 Progressus
925 1840 1008 1867 etiam

224 1886 315 1914 Attica
330 1886 444 1920 potitur,
461 1890 489 1912 et
503 1885 559 1911 arci
577 1885 733 1919 praesidium
750 1885 874 1919 imponit.
887 1885 953 1912 Cum
965 1893 1011 1912 au-

227 1937 280 1958 tem
302 1931 373 1957 idem
393 1930 628 1965 archiepiscopus,
655 1934 686 1956 ιιι
706 1930 810 1964 pridem
829 1931 957 1962 Scurum,
972 1930 1009 1957 ita

225 1983 253 2005 et
286 1982 350 2004 tunc
376 1976 563 2003 marchionem
595 1976 755 2010 propulsare
790 1981 892 2012 posset,
918 1981 1009 2004 tamen

227 2027 334 2057 tempus
351 2030 365 2049 a
384 2022 537 2049 resistendo
562 2021 682 2048 alienum
708 2029 767 2049 esse
796 2027 882 2054 ratus,
908 2023 1009 2057 quippe

228 2069 295 2095 urbe
317 2068 490 2102 imperalrice
514 2072 667 2102 expugnata
690 2073 717 2093 et
734 2071 789 2093 tant
812 2067 1008 2100 Orientalibus,

226 2121 308 2147 quam
321 2112 544 2139 Occidentalibus
561 2112 711 2147 provinciis
728 2112 830 2139 Latina:
847 2113 932 2140 hasta:
951 2121 1009 2140 urn-

178 2165 186 2172 '
227 2160 303 2187 bram
317 2159 512 2190 subeuntibus,
541 2158 610 2186 citra
633 2158 836 2185 dimicationem
858 2159 1011 2187 munitione

226 2206 308 2233 cedit.
327 2205 469 2232 Postremo
481 2205 676 2240 εοθΕυυωπ
696 2213 816 2240 quoque,
843 2206 942 2232 omissa
965 2206 1014 2233 de-

226 2251 361 2281 fensione.
379 2251 515 2286 supplices
532 2251 565 2277 ad
581 2251 769 2278 marchionem
792 2259 889 2278 manus
915 2252 1012 2284 tendit,

227 2301 255 2323 et
271 2297 404 2322 exercitui
434 2297 538 2331 Euripo
557 2296 730 2323 concitatiori
760 2301 868 2330 pontem
888 2296 1012 2324 subster-

227 2342 287 2374 nit;
303 2347 330 2368 et
342 2341 369 2368 in
387 2341 446 2376 ipso
456 2342 527 2368 freto
539 2342 682 2368 castellum
693 2341 868 2373 aediﬁcatum,
883 2341 910 2368 in
924 2349 1012 2376 coque

226 2388 367 2415 sedentem
379 2388 530 2415 exercitum
546 2388 645 2420 cernit,
660 2395 675 2415 a
694 2395 748 2422 quo
774 2388 919 2414 tnutabilcs
936 2388 1012 2415 insu-

226 2434 326 2461 larium
338 2434 421 2460 anitni
438 2438 466 2460 et
478 2433 575 2460 callida
591 2434 704 2461 consilia
727 2442 742 2460 a
758 2433 913 2461 defectione
934 2442 998 2461 coer

226 2484 367 2507 cerenlur.
385 2479 438 2506 Sed
459 2480 525 2514 quid
541 2486 630 2506 meam
646 2480 797 2506 orationem
811 2479 920 2506 barbari
936 2485 1012 2507 ante-

227 2530 337 2552 vertunt
352 2531 380 2552 et
395 2525 518 2552 liiStOrite
540 2532 650 2551 cursum
666 2530 813 2559 occupant,
836 2533 886 2552 nec
905 2525 939 2552 ab
957 2526 1012 2553 ullo

227 2571 386 2599 adversario
403 2571 583 2599 detinentur?
605 2578 668 2597 nam
697 2571 762 2602 haec,
784 2576 815 2597 ut
829 2571 930 2598 Thebis
947 2580 1011 2606 spo-

228 2618 299 2643 liatis
316 2622 342 2643 et
353 2617 469 2644 Athenis
485 2615 627 2650 occupatis
643 2615 669 2642 in
684 2615 816 2642 Eubmam
844 2617 1012 2649 transierint,

227 2661 317 2688 adhuc
346 2663 455 2689 refert;
476 2662 513 2688 illi
538 2669 614 2693 vero,
648 2670 702 2688 non
716 2667 745 2688 ut
773 2663 889 2697 pedites,
907 2664 953 2689 sed
984 2668 1014 2690 ut

207 2699 310 2734 Jaeriae
338 2709 475 2741 volucres,
503 2708 554 2735 alis
579 2715 664 2743 supra
684 2709 825 2736 historiatn
857 2709 956 2741 evecti,
978 2709 1010 2736 ad

1066 244 1193 279 πλευρῶν
1220 243 1387 277 κατασυρεὶς
1409 244 1456 270 καὶ
1472 243 1522 278 τῆς
1547 245 1576 270 ἐν
1592 244 1702 270 πόλεσιν
1716 245 1854 279 ἀρχούσης

1064 288 1269 322 ἐκσφαιρισθεὶς
1286 289 1341 319 τοῖς
1359 288 1502 319 Θετταλοῖς
1517 289 1658 323 παρέϐαλε
1683 289 1855 324 Τέμπεσιν),

1065 332 1111 358 ἔπι
1131 333 1159 358 δὲ
1184 333 1230 358 καὶ
1250 333 1300 366 τῆς
1323 333 1429 359 ἐκείνου
1442 333 1578 368 ουγατρος
1595 334 1725 365 Εῦδοκίας
1742 334 1856 369 ὲῦνέτης

1064 377 1180 410 γίνεται.
1197 377 1271 413 Αὕτη
1287 378 1314 404 δὲ
1330 379 1458 412 Στεφάνῳ
1476 379 1643 412 συναφϐεῖσα
1665 379 1800 413 πρότερον
1818 380 1858 414 τῷ

1064 423 1230 457 ἀρχηγοῦντι
1251 419 1306 449 τῶν
1330 423 1491 458 Τριϐαλλῶν
1508 425 1584 457 παρὰ
1608 423 1657 458 μὲν
1674 424 1778 450 ἐκείνου
1807 426 1858 459 έμ-

1066 467 1165 502 6ριοῶς
1181 468 1389 502 ἀποπέμπεται,
1412 468 1441 494 τὺ
1456 468 1483 494 δὲ
1499 468 1646 500 Βυζάντιον
1671 469 1858 504 κατειληφυῖα

1064 514 1105 544 είς
1126 515 1243 547 γυναῖκα
1265 513 1363 548 ἄγεται
1382 513 1497 548 ὕστερον
1523 515 1592 548 μετὰ
1607 514 1657 548 τὴν
1681 514 1784 540 ἅλωσιν
1805 515 1858 549 τῆς

1066 559 1169 591 πόλεως
1182 560 1228 586 καὶ
1241 560 1291 594 τὴν
1307 561 1339 586 ὲκ
1361 560 1463 593 ταύτης
1487 561 1669 596 ἀπονόστησιν
1688 561 1801 596 Ἀλεξίῳ
1817 561 1858 595 τῷ

1063 605 1160 640 Δούκᾳ,
1172 604 1201 635 ὃς
1215 605 1407 639 ἐπωνομάζετο
1421 605 1631 640 Μούρτζουφλος
1663 605 1708 631 καὶ
1735 606 1768 630 τὰ
1787 606 1859 639 σκῆο

1064 658 1136 684 πτρα
1159 650 1213 676 τῶν
1229 649 1371 685 Ῥωμαίων
1390 650 1493 681 λοῖσθος
1508 651 1698 686 ὲνεχειρίσατο.
1716 644 1788 685 Πλὴν
1801 651 1858 677 οὐδ’

1062 693 1138 726 οὗτος
1154 696 1167 721 ὁ
1179 695 1282 726 Δούκας
1297 697 1350 726 ἕως
1360 698 1452 731 γήρως
1469 697 1515 722 καὶ
1527 696 1674 731 πρεσϐείου
1687 698 1720 731 τῇ
1738 696 1858 731 Εὑδοκιξι

1064 741 1220 776 συνῴκησεν
1231 750 1238 757 ⁸
1257 743 1270 768 ό
1291 741 1345 777 γὰρ
1359 741 1462 776 ταύτης
1479 742 1572 778 πατὴρ
1595 742 1723 774 Ἀλέξιος,
1738 743 1788 768 οὐκ
1803 739 1856 768 οἷδ’

1062 787 1076 812 ὃ
1101 795 1127 812 τι
1148 786 1254 817 παθὼν,
1279 787 1327 812 σὺν
1356 787 1424 821 δόλῳ
1450 788 1496 813 τὸν
1523 787 1609 822 ἄνδρα
1640 788 1786 821 συνείληφε
1807 789 1857 814 καὶ

1064 828 1200 864 κακῶςὶς
1212 833 1262 863 τὰς
1274 833 1358 868 κόρας
1373 833 1487 864 διέθετο,
1507 834 1611 868 πλάνης
1625 834 1749 868 πλάνητα
1765 834 1856 865 μισῶν

1063 878 1160 912 κομιδῆ
1179 878 1227 904 καὶ
1255 869 1343 912 φυγάξ
1358 878 1496 914 βασιλείας
1512 878 1550 914 τῷ
1570 879 1735 906 ἀποπεσόντι
1749 880 1856 911 ταύτης

1061 923 1286 959 ἁντικαθήμενος.
1311 925 1378 950 Μετ’
1402 925 1432 951 οὑ
1453 924 1536 951 πολὺν
1552 924 1580 950 δέ
1603 933 1664 951 τινα
1690 925 1787 960 χρόνον
1802 926 1855 960 τῆς

1061 969 1212 1004 πηρώσεως
1224 971 1264 1001 εἰς
1276 971 1369 1004 χεῖρας
1382 970 1510 1004 ἐμπεσὼν
1521 970 1574 996 τῶν
1586 971 1708 996 Λατίνων
1720 972 1733 996 ὁ
1744 970 1852 1002 Δούκας

1061 1016 1100 1046 είς
1115 1015 1146 1041 τὺ
1160 1013 1309 1046 Βυζάντιον
1321 1015 1528 1049 ἀνακομίζεται,
1544 1016 1590 1041 καὶ
1601 1016 1653 1041 ὑπὸ
1665 1015 1743 1050 δίκην
1755 1016 1855 1049 ἀχθεὶς

1061 1061 1098 1092 ὡς
1117 1061 1163 1087 τὸν
1185 1061 1282 1087 ἑαυτοῦ
1299 1061 1393 1096 κύριον
1411 1064 1457 1088 καὶ
1481 1061 1592 1096 βασιλέα
1612 1062 1781 1096 συνειληφὼς
1803 1062 1854 1088 καὶ

1061 1106 1108 1133 τοῦ
1134 1106 1184 1142 ζῇν
1211 1106 1354 1140 ἐξαγαγὼν
1376 1106 1413 1133 δι’
1441 1107 1559 1142 ἀγχόνης
1587 1107 1776 1142 ἀπελογήσατο
1804 1108 1856 1141 μὲν

1062 1154 1166 1179 ἐκεῖνον
1190 1152 1324 1188 προδότην
1341 1153 1392 1187 τῆς
1415 1153 1548 1188 πατρίδος
1571 1154 1686 1188 ὀφθῆναι
1703 1154 1750 1180 καὶ
1768 1153 1855 1186 ἀξίως

1061 1198 1095 1224 τὰ
1106 1197 1198 1224 εἰκότα
1207 1199 1315 1230 παθεῖν,
1330 1198 1366 1234 μὴ
1379 1198 1451 1233 μόνῳ
1463 1198 1491 1225 δέ
1504 1199 1526 1224 oi
1537 1199 1624 1225 ταῦτα
1635 1198 1855 1233 διαπραχθῆναι,

1062 1244 1130 1271 ἀλλὰ
1144 1244 1191 1270 καὶ
1207 1245 1264 1276 τοῖς
1280 1243 1381 1276 ἄλλοις,
1402 1244 1459 1270 ὅσοι
1476 1244 1537 1271 κατ’
1555 1245 1690 1271 οἰκείωσιν
1710 1246 1757 1270 καὶ
1775 1243 1856 1277 γένος

1062 1290 1159 1324 ἐκείνῳ
1182 1291 1359 1324 συνήπτοντο.
1379 1290 1411 1316 Ol
1425 1289 1453 1316 δὲ
1471 1290 1507 1324 μὴ
1522 1290 1705 1325 προσσχόντες
1719 1287 1759 1321 οἷς
1775 1290 1855 1325 εἴρη-

1062 1343 1119 1366 κεν,
1132 1333 1193 1360 οὔτε
1210 1335 1262 1370 μὴν
1274 1333 1313 1366 οἷς
1325 1335 1365 1361 ἐτι
1376 1334 1470 1361 ὤδινεν
1483 1335 1568 1362 εἰπεῖν
1583 1336 1631 1366 τὰς
1642 1336 1727 1367 ἀκοὰς
1739 1337 1856 1362 ὁποσον-

1062 1380 1109 1406 οῦν
1128 1380 1307 1414 ὑποσχόντες,
1336 1381 1573 1415 καταψηφίζονται
1594 1381 1708 1408 Θάνατον
1733 1381 1782 1407 τοῦ
1805 1382 1855 1407 ἀν-

1062 1425 1125 1460 δρὸς
1140 1425 1320 1460 καινότροπόν
1335 1433 1364 1451 τε
1379 1427 1427 1452 καὶ
1442 1425 1607 1460 βιαιότατον.
1626 1427 1672 1458 EE;
1689 1427 1746 1462 γὰρ
1763 1427 1810 1453 τόν
1825 1428 1855 1452 ἐν

1062 1470 1099 1505 τῷ
1115 1471 1214 1505 Ταύρῳ
1241 1471 1384 1505 ἱστάμενον
1398 1471 1509 1507 ὑψιτενῆ
1529 1473 1606 1498 κίονα
1624 1472 1719 1498 τοῦτον
1737 1473 1853 1505 ἀνενεγ-

1063 1515 1155 1546 κόντες
1179 1516 1321 1550 βάλλουσιν
1345 1517 1449 1543 ἐκεῖθεν
1484 1519 1577 1544 κάτω·
1604 1519 1618 1544 ό
1641 1519 1663 1544 δ’
1686 1519 1734 1544 ἐπὶ
1765 1519 1854 1549 πόδας

1066 1562 1147 1596 μέχρι
1161 1563 1233 1594 τινος
1245 1562 1357 1595 κατιὼν,
1371 1561 1435 1589 εἶτα
1447 1564 1615 1599 ἀνατραπεὶς
1632 1564 1782 1599 κατωκάρα
1804 1564 1855 1590 καὶ

1066 1608 1135 1641 μετὰ
1152 1607 1237 1642 βραχὺ
1255 1609 1441 1644 καταρραγεὶς
1456 1609 1568 1644 δόχμιος
1588 1609 1730 1646 διέρρηξεν
1744 1611 1856 1645 οἰκτράς

1064 1662 1134 1680 τατα
1160 1655 1208 1688 τὴν
1234 1654 1334 1690 ψυχήν.
1365 1655 1404 1690 Τῇ
1431 1655 1497 1689 γοῦν
1522 1656 1639 1691 Εὺδοκίᾳ
1665 1657 1813 1690 συναφθεὶς
1839 1658 1854 1682 ὁ

1065 1701 1183 1736 Σγουρδς
1207 1702 1255 1729 τοῦ
1284 1703 1434 1738 μσρκεσίου
1465 1705 1497 1738 τῇ
1531 1703 1639 1729 Ἐλλάδι
1664 1703 1854 1738 προσάγοντος

1064 1748 1156 1780 αὐτὸς,
1173 1748 1210 1778 ὡς
1229 1748 1319 1783 μικρῷ
1336 1748 1452 1783 πρόσθεν
1472 1750 1604 1783 εἱρήκειν,
1619 1750 1649 1775 τὸ
1662 1750 1690 1776 ἐν
1704 1749 1852 1784 Θερμοπύ-

1063 1794 1124 1825 λαις
1141 1794 1233 1829 ἐτήρει
1258 1795 1370 1828 τέναγος
1388 1795 1436 1820 καὶ
1454 1795 1484 1820 τὺ
1499 1796 1722 1830 ἐπικρεμάμενον
1736 1795 1852 1826 ταύταις

1065 1841 1155 1866 σκιόεν
1174 1840 1236 1875 ὅρος
1250 1840 1295 1866 καὶ
1315 1840 1502 1875 ὑψικόρυμϐον
1528 1842 1575 1867 καὶ
1596 1841 1673 1868 τᾶλλ’
1688 1842 1777 1868 ὁπόσα
1800 1842 1851 1877 τὴν

1069 1885 1184 1912 Ἐλλάδα
1201 1886 1383 1921 δυσπρόσοδον
1399 1887 1518 1921 τίθησιν.
1540 1886 1620 1913 Ἀλλὰ
1636 1889 1682 1914 καὶ
1693 1888 1764 1914 οὕτω
1779 1888 1853 1914 κατὰ

1065 1932 1156 1957 πᾶσαν
1174 1932 1324 1966 εὐμάρειαν
1340 1933 1363 1958 οἰ
1383 1932 1472 1957 ἐκεῖσε
1485 1932 1523 1967 τῷ
1537 1933 1677 1967 μαρκεσίῳ
1693 1933 1852 1958 ὑπέκυπτον

1064 1977 1173 2011 ἀγεννεῖ
1201 1978 1248 2004 καὶ
1274 1978 1507 2013 καταϐεϐλημένῳ
1532 1977 1582 2014 [Ρ.
1598 1977 1668 2014 395]
1694 1978 1853 2013 φρονήματι

1063 2023 1112 2048 καὶ
1131 2023 1300 2058 προσχωρεῖν
1322 2023 1365 2049 ἀεί
1381 2032 1439 2055 πως
1457 2022 1589 2057 ἐγνωκότι
1608 2023 1663 2054 τοῖς
1689 2022 1851 2057 κρείττοσι,

1064 2068 1112 2094 καὶ
1133 2067 1222 2094 ταῦτα
1246 2067 1283 2102 μὴ
1309 2068 1439 2102 στρατιὰν
1459 2068 1553 2101 ἄγοντι
1577 2067 1761 2103 μυριάριθμον
1783 2067 1852 2102 μηδὲ

1027 2132 1049 2160 D
1066 2113 1269 2147 συμῦαίνουσαν
1293 2114 1353 2144 ταῖς
1378 2113 1516 2148 γνώμαις,
1548 2106 1606 2140 ὀιλλἶ
1631 2114 1798 2148 ἀσύμφωνον
1822 2115 1876 2140 ὲν·

1063 2159 1201 2189 πλείστοις
1213 2159 1250 2189 ὡς
1264 2160 1296 2185 ὲκ
1313 2159 1417 2186 πόλεων
1432 2160 1580 2194 ὴλισμένην
1595 2159 1712 2186 πολλῶν.
1734 2159 1852 2191 Ἐλάσας

1061 2205 1089 2231 δὲ
1108 2206 1177 2232 κάπὶ
1191 2205 1240 2240 τὴν
1256 2205 1388 2232 Βοιωτίαν
1402 2206 1497 2241 αὐτὴν,
1518 2206 1555 2236 ὡς
1569 2207 1631 2232 οὐδέ
1648 2215 1689 2237 τις
1704 2207 1852 2240 ἐπανήκων

1061 2250 1152 2276 οἶκαδε
1165 2250 1283 2284 χρόνιος,
1299 2249 1351 2276 ὑπὸ
1365 2250 1419 2276 τῶν
1435 2250 1580 2285 Καδμείων
1596 2251 1722 2285 ἀσμένως
1735 2250 1852 2285 προσδε-

1061 2305 1149 2331 χεται.
1179 2295 1286 2330 Προϊὼν
1303 2296 1331 2322 δὲ
1346 2297 1444 2330 κρατεῖ
1466 2297 1513 2322 καὶ
1530 2296 1578 2331 τῆς
1597 2297 1732 2330 Ἀττικῆς,
1750 2297 1798 2322 καὶ
1817 2297 1851 2330 τῇ

1066 2342 1212 2377 ἀκροπόλει
1233 2342 1354 2376 φρουρὰν
1367 2343 1570 2376 ἐγκαθίστησιν.
1601 2340 1664 2376 Εἶχε
1688 2341 1716 2367 δὲ
1741 2343 1754 2367 ὸ
1784 2348 1852 2374 προ-

1063 2388 1180 2423 εδρεύων
1194 2388 1338 2423 ἱερατικῶς
1353 2387 1403 2422 τῆς
1418 2387 1634 2422 πόλεως,ὦστιερ
1650 2387 1770 2422 Σγουρδν
1785 2386 1853 2422 πρό-

1063 2442 1152 2468 τερον,
1181 2433 1252 2460 οὓτω
1276 2435 1324 2460 καὶ
1355 2434 1416 2459 τότε
1440 2434 1588 2468 μαρκέσιον
1616 2431 1850 2467 ἀποπέμψασθαι·

1065 2481 1103 2515 μὴ
1119 2477 1190 2506 εἶναι
1206 2480 1233 2506 δὲ
1248 2480 1402 2514 δοκιμάζων
1424 2479 1519 2514 καιρὺν
1534 2479 1728 2510 ἀντιστάσεως,
1743 2476 1786 2504 οἵα
1801 2479 1852 2513 τῆς

1063 2526 1116 2553 τῶν
1139 2527 1207 2552 ὅλων
1232 2526 1366 2559 βατιΜδος
1385 2525 1576 2559 ἀλούσης,τῆς
1601 2524 1623 2550 δ’
1648 2525 1776 2558 ἑσπερίου
1805 2526 1853 2550 καὶ

1063 2572 1133 2607 ὲῲας
1150 2573 1202 2598 ὑπίι
1225 2571 1378 2606 Ῥωμαίους
1391 2571 1492 2606 λήξεως
1505 2571 1554 2606 τὴν
1568 2571 1647 2597 σκιὰν
1658 2570 1791 2605 ὑπιοὺσης
1805 2570 1852 2596 τοῦ

1064 2618 1180 2645 Λατινοῦ
1204 2618 1334 2652 δόρατος,
1360 2618 1497 2652 ἀναιμωτὶ
1531 2617 1577 2644 τοῦ
1604 2617 1742 2652 ἐρύματος
1767 2617 1852 2649 ὑπεξ-

1067 2665 1186 2690 ίσταται.
1209 2663 1271 2689 Ἐπὶ
1292 2664 1358 2689 πᾶσι
1374 2663 1396 2689 δ’
1417 2663 1470 2688 οὐδ’
1493 2662 1593 2690 Εὔϐοια
1616 2665 1739 2697 γενναῖον
1757 2662 1853 2697 βλέπει

1066 2719 1093 2736 τι
1116 2713 1163 2736 καὶ
1184 2709 1334 2745 ἐλεύθερον,
1353 2709 1421 2735 ἀλλὰ
1446 2709 1492 2734 καὶ
1512 2708 1582 2744 αὕτη
1599 2711 1677 2744 χεῖρα
1703 2708 1850 2744 προτείνει,

858 2767 944 2797 Hier.
971 2769 1072 2800 \Volﬁi
1096 2772 1192 2799 notae.

265 2815 428 2858 £69)“05zec
435 2818 496 2857 γὰρ
506 2817 566 2844 τῶν
577 2816 629 2843 τοῦ
635 2817 877 2858 βορῤᾶίτλευρῶν
883 2827 1014 2858 ξςατιισυ-

226 2852 300 2886 psic.
319 2852 376 2878 Non
390 2854 456 2879 satis
479 2859 613 2887 asscquor
629 2856 693 2886 quid
715 2854 766 2880 sibi
786 2855 860 2880 \‘clit.
883 2853 1012 2881 Vetustas

1068 2820 1152 2847 codex
1165 2825 1192 2847 et
1207 2820 1251 2847 hic
1267 2820 1379 2847 mutilus
1395 2823 1446 2851 est,
1465 2824 1494 2846 ut
1508 2824 1535 2847 ct
1552 2819 1628 2851 alibi,
1650 2819 1695 2846 ubi
1713 2819 1773 2853 ejus
1787 2818 1852 2846 sub-

1066 2856 1136 2882 sidio
1153 2864 1282 2890 perqttatn
1296 2864 1365 2891 opus
1379 2861 1432 2883 est.
