  <div class='ocr_page' id='page_1' title='image "/cluster/home/n/w/nwhite01/storage/ocr_20150623/139/njp.32101077773131/517.png"; bbox 0 0 1945 3074; ppageno 0'>
   <div class='ocr_carea' id='block_1_1' title="bbox 263 148 315 182">
    <p class='ocr_par' dir='ltr' id='par_1_1' title="bbox 263 148 315 182">
     <span class='ocr_line' id='line_1_1' title="bbox 263 148 315 182; baseline -0.038 0"><span class='ocrx_word' id='word_1_1' title='bbox 263 148 315 182; x_wconf 77' lang='lat'><strong>999</strong></span> 
     </span>
    </p>
   </div>
   <div class='ocr_carea' id='block_1_2' title="bbox 877 155 1250 193">
    <p class='ocr_par' dir='ltr' id='par_1_2' title="bbox 877 155 1250 193">
     <span class='ocr_line' id='line_1_2' title="bbox 877 155 1250 193; baseline 0.021 -8"><span class='ocrx_word' id='word_1_2' title='bbox 877 155 1025 187; x_wconf 61' lang='lat' dir='ltr'><strong>NICET/E</strong></span> <span class='ocrx_word' id='word_1_3' title='bbox 1046 159 1147 190; x_wconf 86' lang='lat' dir='ltr'><strong>CHON</strong></span> <span class='ocrx_word' id='word_1_4' title='bbox 1156 161 1250 193; x_wconf 77' lang='grc' dir='ltr'><strong>ΙΑΤιΕ</strong></span> 
     </span>
    </p>
   </div>
   <div class='ocr_carea' id='block_1_3' title="bbox 1811 171 1881 206">
    <p class='ocr_par' dir='ltr' id='par_1_3' title="bbox 1811 171 1881 206">
     <span class='ocr_line' id='line_1_3' title="bbox 1811 171 1881 206; baseline -0.043 0"><span class='ocrx_word' id='word_1_5' title='bbox 1811 171 1881 206; x_wconf 88' lang='lat'><strong>1000</strong></span> 
     </span>
    </p>
   </div>
   <div class='ocr_carea' id='block_1_4' title="bbox 261 207 1029 264">
    <p class='ocr_par' dir='ltr' id='par_1_4' title="bbox 261 207 1029 264">
     <span class='ocr_line' id='line_1_4' title="bbox 261 207 1029 244; baseline 0.012 -10"><span class='ocrx_word' id='word_1_6' title='bbox 261 215 327 235; x_wconf 89' lang='lat' dir='ltr'><strong>vero</strong></span> <span class='ocrx_word' id='word_1_7' title='bbox 344 207 449 235; x_wconf 87' lang='lat' dir='ltr'><strong>dimissi</strong></span> <span class='ocrx_word' id='word_1_8' title='bbox 467 209 594 244; x_wconf 77' lang='lat' dir='ltr'><strong>(negabat</strong></span> <span class='ocrx_word' id='word_1_9' title='bbox 609 210 682 237; x_wconf 86' lang='lat' dir='ltr'><strong>enim</strong></span> <span class='ocrx_word' id='word_1_10' title='bbox 700 210 750 238; x_wconf 80' lang='lat' dir='ltr'><strong>sibi</strong></span> <span class='ocrx_word' id='word_1_11' title='bbox 768 211 899 241; x_wconf 80' lang='lat' dir='ltr'><strong>Romanis</strong></span> <span class='ocrx_word' id='word_1_12' title='bbox 913 215 1029 243; x_wconf 88' lang='lat' dir='ltr'><strong>militibu</strong></span> 
     </span>
     <span class='ocr_line' id='line_1_5' title="bbox 264 253 1029 264; baseline 0 0"><span class='ocrx_word' id='word_1_13' title='bbox 264 261 318 264; x_wconf 51' lang='grc' dir='ltr'><strong>---Α</strong></span> <span class='ocrx_word' id='word_1_14' title='bbox 337 253 414 264; x_wconf 49' lang='grc' dir='ltr'><strong>-&gt;..-ὶ</strong></span> <span class='ocrx_word' id='word_1_15' title='bbox 443 254 489 264; x_wconf 44' lang='grc' dir='ltr'><strong>ΑΑΔ</strong></span> <span class='ocrx_word' id='word_1_16' title='bbox 511 263 532 264; x_wconf 46' lang='grc' dir='ltr'>ην</span> <span class='ocrx_word' id='word_1_17' title='bbox 559 255 565 264; x_wconf 88' lang='grc'><strong>1</strong></span> <span class='ocrx_word' id='word_1_18' title='bbox 595 263 598 264; x_wconf 46' lang='grc' dir='ltr'><strong>ν</strong></span> <span class='ocrx_word' id='word_1_19' title='bbox 613 263 617 264; x_wconf 46' lang='grc' dir='ltr'><em>ν</em></span> <span class='ocrx_word' id='word_1_20' title='bbox 634 255 654 264; x_wconf 53' lang='grc' dir='ltr'><strong>Ι»</strong></span> <span class='ocrx_word' id='word_1_21' title='bbox 673 257 677 264; x_wconf 98' lang='lat' dir='ltr'><strong>I</strong></span> <span class='ocrx_word' id='word_1_22' title='bbox 691 256 698 264; x_wconf 85' lang='lat' dir='ltr'><strong>l</strong></span> <span class='ocrx_word' id='word_1_23' title='bbox 722 256 728 262; x_wconf 66' lang='grc' dir='ltr'><strong>ο</strong></span> <span class='ocrx_word' id='word_1_24' title='bbox 779 258 783 263; x_wconf 77' lang='grc' dir='ltr'>ι</span> <span class='ocrx_word' id='word_1_25' title='bbox 929 261 935 264; x_wconf 83' lang='grc'>.</span> <span class='ocrx_word' id='word_1_26' title='bbox 1017 262 1029 264; x_wconf 96' lang='grc'>..</span> 
     </span>
    </p>
   </div>
   <div class='ocr_carea' id='block_1_5' title="bbox 1081 207 1887 264">
    <p class='ocr_par' dir='ltr' id='par_1_5' title="bbox 1081 220 1887 264">
     <span class='ocr_line' id='line_1_6' title="bbox 1081 220 1887 264; baseline 0.016 -18"><span class='ocrx_word' id='word_1_27' title='bbox 1081 238 1086 249; x_wconf 74' lang='lat'>.</span> <span class='ocrx_word' id='word_1_28' title='bbox 1100 220 1148 252; x_wconf 72' lang='grc' dir='ltr'><strong>τὰς</strong></span> <span class='ocrx_word' id='word_1_29' title='bbox 1164 223 1193 249; x_wconf 79' lang='grc' dir='ltr'>ὲν</span> <span class='ocrx_word' id='word_1_30' title='bbox 1209 223 1305 260; x_wconf 77' lang='grc' dir='ltr'>Θρᾴκῃ</span> <span class='ocrx_word' id='word_1_31' title='bbox 1321 224 1414 258; x_wconf 83' lang='grc' dir='ltr'>πόλεις</span> <span class='ocrx_word' id='word_1_32' title='bbox 1422 226 1580 263; x_wconf 82' lang='grc' dir='ltr'><strong>αὐχοῦντες)</strong></span> <span class='ocrx_word' id='word_1_33' title='bbox 1592 228 1688 264; x_wconf 71' lang='grc' dir='ltr'>ἤθελον</span> <span class='ocrx_word' id='word_1_34' title='bbox 1706 231 1830 258; x_wconf 82' lang='grc' dir='ltr'>συνεῖναι</span> <span class='ocrx_word' id='word_1_35' title='bbox 1840 233 1887 260; x_wconf 79' lang='grc' dir='ltr'>καὶ</span> 
     </span>
    </p>
   </div>
   <div class='ocr_carea' id='block_1_6' title="bbox 260 253 1048 296">
    <p class='ocr_par' dir='ltr' id='par_1_6' title="bbox 260 253 1048 296">
     <span class='ocr_line' id='line_1_7' title="bbox 260 253 1048 296; baseline 0.01 -16"><span class='ocrx_word' id='word_1_36' title='bbox 260 261 320 281; x_wconf 86' lang='lat' dir='ltr'><strong>esse</strong></span> <span class='ocrx_word' id='word_1_37' title='bbox 334 253 426 288; x_wconf 82' lang='lat' dir='ltr'><strong>opus),</strong></span> <span class='ocrx_word' id='word_1_38' title='bbox 440 254 534 280; x_wconf 85' lang='lat' dir='ltr'><strong>eadem</strong></span> <span class='ocrx_word' id='word_1_39' title='bbox 550 255 583 282; x_wconf 86' lang='lat' dir='ltr'><strong>de</strong></span> <span class='ocrx_word' id='word_1_40' title='bbox 594 263 623 282; x_wconf 85' lang='lat' dir='ltr'><strong>re</strong></span> <span class='ocrx_word' id='word_1_41' title='bbox 633 255 767 284; x_wconf 84' lang='lat' dir='ltr'><strong>Balduino</strong></span> <span class='ocrx_word' id='word_1_42' title='bbox 778 258 936 292; x_wconf 86' lang='lat' dir='ltr'><strong>imperatori</strong></span> <span class='ocrx_word' id='word_1_43' title='bbox 944 262 1048 296; x_wconf 86' lang='lat' dir='ltr'><strong>suppli-</strong></span> 
     </span>
    </p>
   </div>
   <div class='ocr_carea' id='block_1_7' title="bbox 260 300 1047 339">
    <p class='ocr_par' dir='ltr' id='par_1_7' title="bbox 260 300 1047 339">
     <span class='ocr_line' id='line_1_8' title="bbox 260 300 1047 339; baseline 0.013 -14"><span class='ocrx_word' id='word_1_44' title='bbox 260 304 368 326; x_wconf 88' lang='lat' dir='ltr'><strong>earunt.</strong></span> <span class='ocrx_word' id='word_1_45' title='bbox 385 300 423 326; x_wconf 87' lang='lat' dir='ltr'><strong>lbi</strong></span> <span class='ocrx_word' id='word_1_46' title='bbox 438 302 699 335; x_wconf 82' lang='lat' dir='ltr'><strong>quoque&#39;rcpulsam</strong></span> <span class='ocrx_word' id='word_1_47' title='bbox 713 310 775 330; x_wconf 89' lang='lat' dir='ltr'><strong>cum</strong></span> <span class='ocrx_word' id='word_1_48' title='bbox 789 305 925 339; x_wconf 88' lang='lat' dir='ltr'><strong>tulissent,</strong></span> <span class='ocrx_word' id='word_1_49' title='bbox 952 308 985 334; x_wconf 86' lang='lat' dir='ltr'><strong>ad</strong></span> <span class='ocrx_word' id='word_1_50' title='bbox 1001 307 1047 335; x_wconf 85' lang='lat' dir='ltr'><strong>Jo-</strong></span> 
     </span>
    </p>
   </div>
   <div class='ocr_carea' id='block_1_8' title="bbox 259 346 1045 382">
    <p class='ocr_par' dir='ltr' id='par_1_8' title="bbox 259 346 1045 382">
     <span class='ocr_line' id='line_1_9' title="bbox 259 346 1045 382; baseline 0.014 -12"><span class='ocrx_word' id='word_1_51' title='bbox 259 352 357 371; x_wconf 80' lang='lat' dir='ltr'><strong>annem</strong></span> <span class='ocrx_word' id='word_1_52' title='bbox 370 353 398 371; x_wconf 89' lang='lat' dir='ltr'><strong>se</strong></span> <span class='ocrx_word' id='word_1_53' title='bbox 411 346 569 379; x_wconf 86' lang='lat' dir='ltr'><strong>conferunt,</strong></span> <span class='ocrx_word' id='word_1_54' title='bbox 586 348 633 382; x_wconf 91' lang='lat' dir='ltr'><strong>qui</strong></span> <span class='ocrx_word' id='word_1_55' title='bbox 656 349 683 375; x_wconf 91' lang='lat' dir='ltr'><strong>in</strong></span> <span class='ocrx_word' id='word_1_56' title='bbox 703 355 795 377; x_wconf 90' lang='lat' dir='ltr'><strong>monte</strong></span> <span class='ocrx_word' id='word_1_57' title='bbox 818 351 910 378; x_wconf 70' lang='lat' dir='ltr'><strong>llzemo</strong></span> <span class='ocrx_word' id='word_1_58' title='bbox 924 358 1004 381; x_wconf 87' lang='lat' dir='ltr'><strong>natus</strong></span> <span class='ocrx_word' id='word_1_59' title='bbox 1017 359 1045 382; x_wconf 89' lang='lat' dir='ltr'><strong>et</strong></span> 
     </span>
    </p>
   </div>
   <div class='ocr_carea' id='block_1_9' title="bbox 258 390 1045 434">
    <p class='ocr_par' dir='ltr' id='par_1_9' title="bbox 258 390 1045 434">
     <span class='ocr_line' id='line_1_10' title="bbox 258 390 1045 434; baseline 0.014 -19"><span class='ocrx_word' id='word_1_60' title='bbox 258 390 392 417; x_wconf 83' lang='lat' dir='ltr'><strong>educatus</strong></span> <span class='ocrx_word' id='word_1_61' title='bbox 405 392 462 418; x_wconf 87' lang='lat' dir='ltr'><strong>lere</strong></span> <span class='ocrx_word' id='word_1_62' title='bbox 495 401 606 420; x_wconf 88' lang='lat' dir='ltr'><strong>omnem</strong></span> <span class='ocrx_word' id='word_1_63' title='bbox 644 394 796 423; x_wconf 76' lang='lat' dir='ltr'><strong>Romanam</strong></span> <span class='ocrx_word' id='word_1_64' title='bbox 825 397 971 431; x_wconf 74' lang='lat' dir='ltr'><strong>ditionem,</strong></span> <span class='ocrx_word' id='word_1_65' title='bbox 991 407 1045 434; x_wconf 84' lang='lat' dir='ltr'><strong>qua</strong></span> 
     </span>
    </p>
   </div>
   <div class='ocr_carea' id='block_1_10' title="bbox 258 433 1044 478">
    <p class='ocr_par' dir='ltr' id='par_1_10' title="bbox 258 433 1044 478">
     <span class='ocr_line' id='line_1_11' title="bbox 258 433 1044 478; baseline 0.017 -18"><span class='ocrx_word' id='word_1_66' title='bbox 258 433 434 462; x_wconf 74' lang='lat' dir='ltr'><strong>Occidentem</strong></span> <span class='ocrx_word' id='word_1_67' title='bbox 464 442 582 472; x_wconf 85' lang='lat' dir='ltr'><strong>spectat,</strong></span> <span class='ocrx_word' id='word_1_68' title='bbox 613 440 690 467; x_wconf 85' lang='lat' dir='ltr'><strong>bellis</strong></span> <span class='ocrx_word' id='word_1_69' title='bbox 713 442 838 469; x_wconf 81' lang='lat' dir='ltr'><strong>vastabat</strong></span> <span class='ocrx_word' id='word_1_70' title='bbox 866 449 894 471; x_wconf 92' lang='lat' dir='ltr'><strong>et</strong></span> <span class='ocrx_word' id='word_1_71' title='bbox 923 433 1044 478; x_wconf 22' lang='lat' dir='ltr'><strong>delebiat.</strong></span> 
     </span>
    </p>
   </div>
   <div class='ocr_carea' id='block_1_11' title="bbox 260 480 1045 524">
    <p class='ocr_par' dir='ltr' id='par_1_11' title="bbox 260 480 1045 524">
     <span class='ocr_line' id='line_1_12' title="bbox 260 480 1045 524; baseline 0.014 -17"><span class='ocrx_word' id='word_1_72' title='bbox 260 480 396 515; x_wconf 87' lang='lat' dir='ltr'><strong>Scylhicis</strong></span> <span class='ocrx_word' id='word_1_73' title='bbox 413 481 618 512; x_wconf 80' lang='lat' dir='ltr'><strong>incursionibus</strong></span> <span class='ocrx_word' id='word_1_74' title='bbox 631 486 782 519; x_wconf 70' lang='lat' dir='ltr'><strong>desolnbat,</strong></span> <span class='ocrx_word' id='word_1_75' title='bbox 796 493 823 514; x_wconf 91' lang='lat' dir='ltr'><strong>et</strong></span> <span class='ocrx_word' id='word_1_76' title='bbox 837 489 981 524; x_wconf 85' lang='lat' dir='ltr'><strong>multiplici</strong></span> <span class='ocrx_word' id='word_1_77' title='bbox 998 499 1045 518; x_wconf 89' lang='lat' dir='ltr'><strong>vc-</strong></span> 
     </span>
    </p>
   </div>
   <div class='ocr_carea' id='block_1_12' title="bbox 257 526 1044 565">
    <p class='ocr_par' dir='ltr' id='par_1_12' title="bbox 257 526 1044 565">
     <span class='ocr_line' id='line_1_13' title="bbox 257 526 1044 565; baseline 0.014 -15"><span class='ocrx_word' id='word_1_78' title='bbox 257 526 367 552; x_wconf 80' lang='lat' dir='ltr'><strong>xatiOne</strong></span> <span class='ocrx_word' id='word_1_79' title='bbox 380 528 550 554; x_wconf 82' lang='lat' dir='ltr'><strong>conterebat.</strong></span> <span class='ocrx_word' id='word_1_80' title='bbox 568 529 591 556; x_wconf 90' lang='lat' dir='ltr'><strong>ls</strong></span> <span class='ocrx_word' id='word_1_81' title='bbox 605 530 668 564; x_wconf 84' lang='lat' dir='ltr'><strong>quia</strong></span> <span class='ocrx_word' id='word_1_82' title='bbox 683 531 765 565; x_wconf 76' lang='lat'><strong>809</strong></span> <span class='ocrx_word' id='word_1_83' title='bbox 778 531 936 560; x_wconf 87' lang='lat' dir='ltr'><strong>Latinorum</strong></span> <span class='ocrx_word' id='word_1_84' title='bbox 971 535 1044 562; x_wconf 86' lang='lat' dir='ltr'><strong>fero-</strong></span> 
     </span>
    </p>
   </div>
   <div class='ocr_carea' id='block_1_13' title="bbox 255 571 1043 612">
    <p class='ocr_par' dir='ltr' id='par_1_13' title="bbox 255 571 1043 612">
     <span class='ocr_line' id='line_1_14' title="bbox 255 571 1043 612; baseline 0.014 -15"><span class='ocrx_word' id='word_1_85' title='bbox 255 571 324 598; x_wconf 85' lang='lat' dir='ltr'><strong>ciam</strong></span> <span class='ocrx_word' id='word_1_86' title='bbox 341 578 496 606; x_wconf 88' lang='lat' dir='ltr'><strong>suspectam</strong></span> <span class='ocrx_word' id='word_1_87' title='bbox 511 575 628 602; x_wconf 67' lang='lat' dir='ltr'><strong>habebat</strong></span> <span class='ocrx_word' id='word_1_88' title='bbox 640 584 792 612; x_wconf 84' lang='lat' dir='ltr'><strong>eorumque</strong></span> <span class='ocrx_word' id='word_1_89' title='bbox 805 578 910 605; x_wconf 85' lang='lat' dir='ltr'><strong>hastam</strong></span> <span class='ocrx_word' id='word_1_90' title='bbox 926 585 953 606; x_wconf 84' lang='lat' dir='ltr'><strong>ut</strong></span> <span class='ocrx_word' id='word_1_91' title='bbox 968 580 1043 608; x_wconf 82' lang='lat' dir='ltr'><strong>flam-</strong></span> 
     </span>
    </p>
   </div>
   <div class='ocr_carea' id='block_1_14' title="bbox 254 619 1042 655">
    <p class='ocr_par' dir='ltr' id='par_1_14' title="bbox 254 619 1042 655">
     <span class='ocr_line' id='line_1_15' title="bbox 254 619 1042 655; baseline 0.015 -14"><span class='ocrx_word' id='word_1_92' title='bbox 254 623 341 642; x_wconf 83' lang='lat' dir='ltr'><strong>meam</strong></span> <span class='ocrx_word' id='word_1_93' title='bbox 359 619 524 652; x_wconf 71' lang='lat' dir='ltr'><strong>romphaeam</strong></span> <span class='ocrx_word' id='word_1_94' title='bbox 539 621 744 655; x_wconf 84' lang='lat' dir='ltr'><strong>reformidabat,</strong></span> <span class='ocrx_word' id='word_1_95' title='bbox 776 623 895 651; x_wconf 83' lang='lat' dir='ltr'><strong>libenter</strong></span> <span class='ocrx_word' id='word_1_96' title='bbox 919 633 967 652; x_wconf 84' lang='lat' dir='ltr'><strong>eos</strong></span> <span class='ocrx_word' id='word_1_97' title='bbox 980 634 1042 653; x_wconf 83' lang='lat' dir='ltr'><strong>sus-</strong></span> 
     </span>
    </p>
   </div>
   <div class='ocr_carea' id='block_1_15' title="bbox 253 662 1041 701">
    <p class='ocr_par' dir='ltr' id='par_1_15' title="bbox 253 662 1041 701">
     <span class='ocr_line' id='line_1_16' title="bbox 253 662 1041 701; baseline 0.014 -14"><span class='ocrx_word' id='word_1_98' title='bbox 253 662 335 696; x_wconf 86' lang='lat' dir='ltr'><strong>cepit.</strong></span> <span class='ocrx_word' id='word_1_99' title='bbox 347 662 405 695; x_wconf 86' lang='lat' dir='ltr'><strong>Qua</strong></span> <span class='ocrx_word' id='word_1_100' title='bbox 419 664 452 690; x_wconf 87' lang='lat' dir='ltr'><strong>de</strong></span> <span class='ocrx_word' id='word_1_101' title='bbox 465 671 547 692; x_wconf 87' lang='lat' dir='ltr'><strong>causa</strong></span> <span class='ocrx_word' id='word_1_102' title='bbox 555 673 616 693; x_wconf 90' lang='lat' dir='ltr'><strong>cum</strong></span> <span class='ocrx_word' id='word_1_103' title='bbox 630 667 733 701; x_wconf 76' lang='lat' dir='ltr'><strong>legatos</strong></span> <span class='ocrx_word' id='word_1_104' title='bbox 742 668 776 695; x_wconf 91' lang='lat' dir='ltr'><strong>de</strong></span> <span class='ocrx_word' id='word_1_105' title='bbox 785 669 905 696; x_wconf 82' lang='lat' dir='ltr'><strong>amicitia</strong></span> <span class='ocrx_word' id='word_1_106' title='bbox 919 670 1041 699; x_wconf 89' lang='lat' dir='ltr'><strong>ineunda</strong></span> 
     </span>
    </p>
   </div>
   <div class='ocr_carea' id='block_1_16' title="bbox 253 707 1041 745">
    <p class='ocr_par' dir='ltr' id='par_1_16' title="bbox 253 707 1041 745">
     <span class='ocr_line' id='line_1_17' title="bbox 253 707 1041 745; baseline 0.014 -13"><span class='ocrx_word' id='word_1_107' title='bbox 253 707 285 733; x_wconf 85' lang='lat' dir='ltr'><strong>ad</strong></span> <span class='ocrx_word' id='word_1_108' title='bbox 304 707 416 734; x_wconf 80' lang='lat' dir='ltr'><strong>Latinos</strong></span> <span class='ocrx_word' id='word_1_109' title='bbox 429 709 558 742; x_wconf 88' lang='lat' dir='ltr'><strong>misisset,</strong></span> <span class='ocrx_word' id='word_1_110' title='bbox 585 712 752 745; x_wconf 85' lang='lat' dir='ltr'><strong>perlitteras</strong></span> <span class='ocrx_word' id='word_1_111' title='bbox 771 721 834 740; x_wconf 88' lang='lat' dir='ltr'><strong>cum</strong></span> <span class='ocrx_word' id='word_1_112' title='bbox 860 715 899 741; x_wconf 90' lang='lat' dir='ltr'><strong>eis</strong></span> <span class='ocrx_word' id='word_1_113' title='bbox 930 723 985 743; x_wconf 91' lang='lat' dir='ltr'><strong>non</strong></span> <span class='ocrx_word' id='word_1_114' title='bbox 1011 721 1041 744; x_wconf 90' lang='lat' dir='ltr'><strong>ut</strong></span> 
     </span>
    </p>
   </div>
   <div class='ocr_carea' id='block_1_17' title="bbox 253 756 1041 789">
    <p class='ocr_par' dir='ltr' id='par_1_17' title="bbox 253 756 1041 789">
     <span class='ocr_line' id='line_1_18' title="bbox 253 756 1041 789; baseline 0.014 -11"><span class='ocrx_word' id='word_1_115' title='bbox 253 759 298 779; x_wconf 86' lang='lat' dir='ltr'><strong>rex</strong></span> <span class='ocrx_word' id='word_1_116' title='bbox 309 761 370 780; x_wconf 89' lang='lat' dir='ltr'><strong>cum</strong></span> <span class='ocrx_word' id='word_1_117' title='bbox 391 758 497 787; x_wconf 85' lang='lat' dir='ltr'><strong>amicis.</strong></span> <span class='ocrx_word' id='word_1_118' title='bbox 511 756 557 783; x_wconf 86' lang='lat' dir='ltr'><strong>sed</strong></span> <span class='ocrx_word' id='word_1_119' title='bbox 576 762 606 783; x_wconf 89' lang='lat' dir='ltr'><strong>ut</strong></span> <span class='ocrx_word' id='word_1_120' title='bbox 635 765 731 785; x_wconf 87' lang='lat' dir='ltr'><strong>servus</strong></span> <span class='ocrx_word' id='word_1_121' title='bbox 753 766 813 786; x_wconf 90' lang='lat' dir='ltr'><strong>cum</strong></span> <span class='ocrx_word' id='word_1_122' title='bbox 837 759 955 788; x_wconf 89' lang='lat' dir='ltr'><strong>dominis</strong></span> <span class='ocrx_word' id='word_1_123' title='bbox 984 762 1041 789; x_wconf 91' lang='lat' dir='ltr'><strong>col-</strong></span> 
     </span>
    </p>
   </div>
   <div class='ocr_carea' id='block_1_18' title="bbox 251 798 1038 837">
    <p class='ocr_par' dir='ltr' id='par_1_18' title="bbox 251 798 1038 837">
     <span class='ocr_line' id='line_1_19' title="bbox 251 798 1038 837; baseline 0.014 -14"><span class='ocrx_word' id='word_1_124' title='bbox 251 798 325 832; x_wconf 86' lang='lat' dir='ltr'><strong>loqui</strong></span> <span class='ocrx_word' id='word_1_125' title='bbox 339 800 509 834; x_wconf 84' lang='lat' dir='ltr'><strong>jubebatur:</strong></span> <span class='ocrx_word' id='word_1_126' title='bbox 528 802 630 837; x_wconf 88' lang='lat' dir='ltr'><strong>alioqui</strong></span> <span class='ocrx_word' id='word_1_127' title='bbox 647 811 676 830; x_wconf 89' lang='lat' dir='ltr'><strong>se</strong></span> <span class='ocrx_word' id='word_1_128' title='bbox 707 812 783 832; x_wconf 87' lang='lat' dir='ltr'><strong>arma</strong></span> <span class='ocrx_word' id='word_1_129' title='bbox 796 805 835 832; x_wconf 89' lang='lat' dir='ltr'><strong>illi</strong></span> <span class='ocrx_word' id='word_1_130' title='bbox 861 806 988 834; x_wconf 84' lang='lat' dir='ltr'><strong>illaturos</strong></span> <span class='ocrx_word' id='word_1_131' title='bbox 1010 812 1038 835; x_wconf 88' lang='lat' dir='ltr'><strong>et</strong></span> 
     </span>
    </p>
   </div>
   <div class='ocr_carea' id='block_1_19' title="bbox 251 843 1038 883">
    <p class='ocr_par' dir='ltr' id='par_1_19' title="bbox 251 843 1038 883">
     <span class='ocr_line' id='line_1_20' title="bbox 251 843 1038 883; baseline 0.014 -14"><span class='ocrx_word' id='word_1_132' title='bbox 251 843 364 879; x_wconf 80' lang='lat' dir='ltr'><strong>Mysiam</strong></span> <span class='ocrx_word' id='word_1_133' title='bbox 376 846 454 873; x_wconf 87' lang='lat' dir='ltr'><strong>facile</strong></span> <span class='ocrx_word' id='word_1_134' title='bbox 469 851 634 879; x_wconf 83' lang='lat' dir='ltr'><strong>vastaturos.</strong></span> <span class='ocrx_word' id='word_1_135' title='bbox 648 857 730 883; x_wconf 84' lang='lat' dir='ltr'><strong>qualn</strong></span> <span class='ocrx_word' id='word_1_136' title='bbox 750 856 846 878; x_wconf 88' lang='lat' dir='ltr'><strong>contra</strong></span> <span class='ocrx_word' id='word_1_137' title='bbox 871 851 991 879; x_wconf 82' lang='lat' dir='ltr'><strong>ollicium</strong></span> <span class='ocrx_word' id='word_1_138' title='bbox 1010 857 1038 880; x_wconf 89' lang='lat' dir='ltr'><strong>et</strong></span> 
     </span>
    </p>
   </div>
   <div class='ocr_carea' id='block_1_20' title="bbox 252 885 1075 931">
    <p class='ocr_par' dir='ltr' id='par_1_20' title="bbox 252 885 1075 931">
     <span class='ocr_line' id='line_1_21' title="bbox 252 885 1075 931; baseline 0.013 -16"><span class='ocrx_word' id='word_1_139' title='bbox 252 897 301 924; x_wconf 87' lang='lat' dir='ltr'><strong>per</strong></span> <span class='ocrx_word' id='word_1_140' title='bbox 319 890 482 919; x_wconf 74' lang='lat' dir='ltr'><strong>seditionem</strong></span> <span class='ocrx_word' id='word_1_141' title='bbox 496 893 600 927; x_wconf 78' lang='lat' dir='ltr'><strong>spretis</strong></span> <span class='ocrx_word' id='word_1_142' title='bbox 613 894 743 922; x_wconf 79' lang='lat' dir='ltr'><strong>Romanis</strong></span> <span class='ocrx_word' id='word_1_143' title='bbox 774 903 946 931; x_wconf 85' lang='lat' dir='ltr'><strong>occupasset,</strong></span> <span class='ocrx_word' id='word_1_144' title='bbox 960 906 1038 925; x_wconf 89' lang='lat' dir='ltr'><strong>eum-</strong></span> <span class='ocrx_word' id='word_1_145' title='bbox 1053 885 1075 914; x_wconf 73' lang='grc' dir='ltr'><strong><em>Β</em></strong></span> 
     </span>
    </p>
   </div>
   <div class='ocr_carea' id='block_1_21' title="bbox 249 937 1042 981">
    <p class='ocr_par' dir='ltr' id='par_1_21' title="bbox 249 937 1042 981">
     <span class='ocr_line' id='line_1_22' title="bbox 249 937 1042 981; baseline 0.013 -19"><span class='ocrx_word' id='word_1_146' title='bbox 249 943 304 970; x_wconf 89' lang='lat' dir='ltr'><strong>que</strong></span> <span class='ocrx_word' id='word_1_147' title='bbox 329 937 362 963; x_wconf 88' lang='lat' dir='ltr'><strong>ad</strong></span> <span class='ocrx_word' id='word_1_148' title='bbox 377 938 521 971; x_wconf 84' lang='lat' dir='ltr'><strong>pristinam</strong></span> <span class='ocrx_word' id='word_1_149' title='bbox 551 939 692 967; x_wconf 81' lang='lat' dir='ltr'><strong>fortunam</strong></span> <span class='ocrx_word' id='word_1_150' title='bbox 715 942 887 970; x_wconf 87' lang='lat' dir='ltr'><strong>redacturos.</strong></span> <span class='ocrx_word' id='word_1_151' title='bbox 916 944 1042 981; x_wconf 65' lang='lat' dir='ltr'><strong>Proinde~</strong></span> 
     </span>
    </p>
   </div>
   <div class='ocr_carea' id='block_1_22' title="bbox 249 979 1037 1024">
    <p class='ocr_par' dir='ltr' id='par_1_22' title="bbox 249 979 1037 1024">
     <span class='ocr_line' id='line_1_23' title="bbox 249 979 1037 1024; baseline 0.015 -18"><span class='ocrx_word' id='word_1_152' title='bbox 249 979 387 1008; x_wconf 81' lang='lat' dir='ltr'><strong>Romanos</strong></span> <span class='ocrx_word' id='word_1_153' title='bbox 398 982 431 1009; x_wconf 87' lang='lat' dir='ltr'><strong>ad</strong></span> <span class='ocrx_word' id='word_1_154' title='bbox 442 990 470 1010; x_wconf 90' lang='lat' dir='ltr'><strong>se</strong></span> <span class='ocrx_word' id='word_1_155' title='bbox 488 984 617 1019; x_wconf 81' lang='lat' dir='ltr'><strong>profugos</strong></span> <span class='ocrx_word' id='word_1_156' title='bbox 629 985 750 1013; x_wconf 79' lang='lat' dir='ltr'><strong>Joannes</strong></span> <span class='ocrx_word' id='word_1_157' title='bbox 763 988 790 1014; x_wconf 92' lang='lat' dir='ltr'><strong>in</strong></span> <span class='ocrx_word' id='word_1_158' title='bbox 804 989 922 1022; x_wconf 86' lang='lat' dir='ltr'><strong>patriam</strong></span> <span class='ocrx_word' id='word_1_159' title='bbox 940 997 1037 1024; x_wconf 88' lang='lat' dir='ltr'><strong>quem-</strong></span> 
     </span>
    </p>
   </div>
   <div class='ocr_carea' id='block_1_23' title="bbox 248 1028 1038 1067">
    <p class='ocr_par' dir='ltr' id='par_1_23' title="bbox 248 1028 1038 1067">
     <span class='ocr_line' id='line_1_24' title="bbox 248 1028 1038 1067; baseline 0.014 -15"><span class='ocrx_word' id='word_1_160' title='bbox 248 1033 302 1060; x_wconf 87' lang='lat' dir='ltr'><strong>que</strong></span> <span class='ocrx_word' id='word_1_161' title='bbox 315 1034 391 1054; x_wconf 88' lang='lat' dir='ltr'><strong>suam</strong></span> <span class='ocrx_word' id='word_1_162' title='bbox 408 1028 582 1064; x_wconf 86' lang='lat' dir='ltr'><strong>abirejubet,</strong></span> <span class='ocrx_word' id='word_1_163' title='bbox 599 1036 626 1057; x_wconf 89' lang='lat' dir='ltr'><strong>et</strong></span> <span class='ocrx_word' id='word_1_164' title='bbox 638 1031 745 1059; x_wconf 82' lang='lat' dir='ltr'><strong>callidis</strong></span> <span class='ocrx_word' id='word_1_165' title='bbox 753 1034 976 1067; x_wconf 72' lang='lat' dir='ltr'><strong>aggressionibus</strong></span> <span class='ocrx_word' id='word_1_166' title='bbox 987 1035 1038 1064; x_wconf 91' lang='lat' dir='ltr'><strong>La-</strong></span> 
     </span>
    </p>
   </div>
   <div class='ocr_carea' id='block_1_24' title="bbox 249 1072 1036 1114">
    <p class='ocr_par' dir='ltr' id='par_1_24' title="bbox 249 1072 1036 1114">
     <span class='ocr_line' id='line_1_25' title="bbox 249 1072 1036 1114; baseline 0.015 -16"><span class='ocrx_word' id='word_1_167' title='bbox 249 1072 316 1099; x_wconf 91' lang='lat' dir='ltr'><strong>tinis</strong></span> <span class='ocrx_word' id='word_1_168' title='bbox 327 1080 427 1101; x_wconf 88' lang='lat' dir='ltr'><strong>nocere</strong></span> <span class='ocrx_word' id='word_1_169' title='bbox 445 1079 577 1109; x_wconf 88' lang='lat' dir='ltr'><strong>quantum</strong></span> <span class='ocrx_word' id='word_1_170' title='bbox 591 1076 707 1111; x_wconf 86' lang='lat' dir='ltr'><strong>possint,</strong></span> <span class='ocrx_word' id='word_1_171' title='bbox 723 1078 811 1106; x_wconf 85' lang='lat' dir='ltr'><strong>donec</strong></span> <span class='ocrx_word' id='word_1_172' title='bbox 829 1079 887 1114; x_wconf 86' lang='lat' dir='ltr'><strong>ipse</strong></span> <span class='ocrx_word' id='word_1_173' title='bbox 916 1080 1036 1110; x_wconf 80' lang='lat' dir='ltr'><strong>fortunis</strong></span> 
     </span>
    </p>
   </div>
   <div class='ocr_carea' id='block_1_25' title="bbox 249 1118 1034 1156">
    <p class='ocr_par' dir='ltr' id='par_1_25' title="bbox 249 1118 1034 1156">
     <span class='ocr_line' id='line_1_26' title="bbox 249 1118 1034 1156; baseline 0.014 -12"><span class='ocrx_word' id='word_1_174' title='bbox 249 1118 356 1146; x_wconf 88' lang='lat' dir='ltr'><strong>illorum</strong></span> <span class='ocrx_word' id='word_1_175' title='bbox 369 1120 504 1148; x_wconf 85' lang='lat' dir='ltr'><strong>consulat.</strong></span> <span class='ocrx_word' id='word_1_176' title='bbox 520 1121 606 1156; x_wconf 75' lang='lat' dir='ltr'><strong>Igitur</strong></span> <span class='ocrx_word' id='word_1_177' title='bbox 621 1123 653 1150; x_wconf 85' lang='lat' dir='ltr'><strong>ad</strong></span> <span class='ocrx_word' id='word_1_178' title='bbox 664 1130 714 1150; x_wconf 88' lang='lat' dir='ltr'><strong>sua</strong></span> <span class='ocrx_word' id='word_1_179' title='bbox 729 1126 832 1152; x_wconf 87' lang='lat' dir='ltr'><strong>reversi</strong></span> <span class='ocrx_word' id='word_1_180' title='bbox 853 1126 1034 1155; x_wconf 85' lang='lat' dir='ltr'><strong>Macedonum</strong></span> 
     </span>
    </p>
   </div>
   <div class='ocr_carea' id='block_1_26' title="bbox 246 1165 1033 1205">
    <p class='ocr_par' dir='ltr' id='par_1_26' title="bbox 246 1165 1033 1205">
     <span class='ocr_line' id='line_1_27' title="bbox 246 1165 1033 1205; baseline 0.014 -14"><span class='ocrx_word' id='word_1_181' title='bbox 246 1170 275 1191; x_wconf 88' lang='lat' dir='ltr'><strong>et</strong></span> <span class='ocrx_word' id='word_1_182' title='bbox 290 1165 426 1193; x_wconf 86' lang='lat' dir='ltr'><strong>Thracum</strong></span> <span class='ocrx_word' id='word_1_183' title='bbox 453 1167 546 1201; x_wconf 79' lang='lat' dir='ltr'><strong>urbes.</strong></span> <span class='ocrx_word' id='word_1_184' title='bbox 563 1168 672 1197; x_wconf 86' lang='lat' dir='ltr'><strong>Blachis</strong></span> <span class='ocrx_word' id='word_1_185' title='bbox 696 1170 890 1205; x_wconf 83' lang='lat' dir='ltr'><strong>adjutantibus,</strong></span> <span class='ocrx_word' id='word_1_186' title='bbox 906 1173 939 1200; x_wconf 90' lang='lat' dir='ltr'><strong>ad</strong></span> <span class='ocrx_word' id='word_1_187' title='bbox 957 1173 1033 1202; x_wconf 89' lang='lat' dir='ltr'><strong>defe-</strong></span> 
     </span>
    </p>
   </div>
   <div class='ocr_carea' id='block_1_27' title="bbox 247 1209 1035 1255">
    <p class='ocr_par' dir='ltr' id='par_1_27' title="bbox 247 1209 1035 1255">
     <span class='ocr_line' id='line_1_28' title="bbox 247 1209 1035 1255; baseline 0.014 -19"><span class='ocrx_word' id='word_1_188' title='bbox 247 1209 366 1237; x_wconf 87' lang='lat' dir='ltr'><strong>ctionem</strong></span> <span class='ocrx_word' id='word_1_189' title='bbox 384 1211 538 1246; x_wconf 87' lang='lat' dir='ltr'><strong>impellunt.</strong></span> <span class='ocrx_word' id='word_1_190' title='bbox 565 1212 642 1240; x_wconf 89' lang='lat' dir='ltr'><strong>Unde</strong></span> <span class='ocrx_word' id='word_1_191' title='bbox 664 1214 957 1252; x_wconf 87' lang='lat' dir='ltr'><strong>plurimiLatinorum,</strong></span> <span class='ocrx_word' id='word_1_192' title='bbox 971 1221 1035 1255; x_wconf 88' lang='lat' dir='ltr'><strong>qui-</strong></span> 
     </span>
    </p>
   </div>
   <div class='ocr_carea' id='block_1_28' title="bbox 246 1254 1033 1299">
    <p class='ocr_par' dir='ltr' id='par_1_28' title="bbox 246 1254 1033 1299">
     <span class='ocr_line' id='line_1_29' title="bbox 246 1254 1033 1299; baseline 0.014 -17"><span class='ocrx_word' id='word_1_193' title='bbox 246 1254 297 1282; x_wconf 79' lang='lat' dir='ltr'><strong>bus</strong></span> <span class='ocrx_word' id='word_1_194' title='bbox 310 1264 348 1284; x_wconf 67' lang='lat' dir='ltr'><strong>ese</strong></span> <span class='ocrx_word' id='word_1_195' title='bbox 361 1257 444 1284; x_wconf 89' lang='lat' dir='ltr'><strong>urbes</strong></span> <span class='ocrx_word' id='word_1_196' title='bbox 459 1258 810 1296; x_wconf 74' lang='lat' dir='ltr'><strong>obvenerant,jugulantur,</strong></span> <span class='ocrx_word' id='word_1_197' title='bbox 821 1263 865 1290; x_wconf 88' lang='lat' dir='ltr'><strong>alii</strong></span> <span class='ocrx_word' id='word_1_198' title='bbox 875 1254 1033 1299; x_wconf 83' lang='lat' dir='ltr'><strong>Byzantium</strong></span> 
     </span>
    </p>
   </div>
   <div class='ocr_carea' id='block_1_29' title="bbox 245 1303 1032 1344">
    <p class='ocr_par' dir='ltr' id='par_1_29' title="bbox 245 1303 1032 1344">
     <span class='ocr_line' id='line_1_30' title="bbox 245 1303 1032 1344; baseline 0.013 -17"><span class='ocrx_word' id='word_1_199' title='bbox 245 1306 371 1329; x_wconf 78' lang='lat' dir='ltr'><strong>extorres</strong></span> <span class='ocrx_word' id='word_1_200' title='bbox 387 1303 513 1330; x_wconf 90' lang='lat' dir='ltr'><strong>redeunt.</strong></span> <span class='ocrx_word' id='word_1_201' title='bbox 531 1303 700 1332; x_wconf 73' lang='lat' dir='ltr'><strong>Occiduntur</strong></span> <span class='ocrx_word' id='word_1_202' title='bbox 713 1311 740 1333; x_wconf 88' lang='lat' dir='ltr'><strong>et</strong></span> <span class='ocrx_word' id='word_1_203' title='bbox 757 1307 830 1341; x_wconf 86' lang='lat' dir='ltr'><strong>iiqui</strong></span> <span class='ocrx_word' id='word_1_204' title='bbox 849 1308 1032 1344; x_wconf 82' lang='lat' dir='ltr'><strong>Didymotichi</strong></span> 
     </span>
    </p>
   </div>
   <div class='ocr_carea' id='block_1_30' title="bbox 245 1347 1031 1387">
    <p class='ocr_par' dir='ltr' id='par_1_30' title="bbox 245 1347 1031 1387">
     <span class='ocr_line' id='line_1_31' title="bbox 245 1347 1031 1387; baseline 0.017 -17"><span class='ocrx_word' id='word_1_205' title='bbox 245 1350 322 1373; x_wconf 76' lang='lat' dir='ltr'><strong>erant</strong></span> <span class='ocrx_word' id='word_1_206' title='bbox 336 1354 343 1378; x_wconf 91' lang='lat'><strong>;</strong></span> <span class='ocrx_word' id='word_1_207' title='bbox 357 1350 384 1373; x_wconf 82' lang='lat' dir='ltr'><strong>et</strong></span> <span class='ocrx_word' id='word_1_208' title='bbox 401 1347 448 1381; x_wconf 92' lang='lat' dir='ltr'><strong>qui</strong></span> <span class='ocrx_word' id='word_1_209' title='bbox 468 1347 638 1375; x_wconf 88' lang='lat' dir='ltr'><strong>Orestiadem</strong></span> <span class='ocrx_word' id='word_1_210' title='bbox 659 1351 799 1384; x_wconf 86' lang='lat' dir='ltr'><strong>tenebant,</strong></span> <span class='ocrx_word' id='word_1_211' title='bbox 813 1353 975 1387; x_wconf 85' lang='lat' dir='ltr'><strong>ejiciuntur.</strong></span> <span class='ocrx_word' id='word_1_212' title='bbox 1001 1355 1031 1384; x_wconf 90' lang='lat' dir='ltr'><strong>ld</strong></span> 
     </span>
    </p>
   </div>
   <div class='ocr_carea' id='block_1_31' title="bbox 245 1391 1033 1434">
    <p class='ocr_par' dir='ltr' id='par_1_31' title="bbox 245 1391 1033 1434">
     <span class='ocr_line' id='line_1_32' title="bbox 245 1391 1033 1434; baseline 0.015 -17"><span class='ocrx_word' id='word_1_213' title='bbox 245 1391 350 1418; x_wconf 78' lang='lat' dir='ltr'><strong>facinus</strong></span> <span class='ocrx_word' id='word_1_214' title='bbox 358 1391 499 1420; x_wconf 85' lang='lat' dir='ltr'><strong>Orientem</strong></span> <span class='ocrx_word' id='word_1_215' title='bbox 512 1394 672 1424; x_wconf 86' lang='lat' dir='ltr'><strong>Latinorum</strong></span> <span class='ocrx_word' id='word_1_216' title='bbox 684 1396 754 1424; x_wconf 88' lang='lat' dir='ltr'><strong>bello</strong></span> <span class='ocrx_word' id='word_1_217' title='bbox 765 1403 864 1431; x_wconf 70' lang='lat' dir='ltr'><strong>praeter</strong></span> <span class='ocrx_word' id='word_1_218' title='bbox 890 1406 1033 1434; x_wconf 74' lang='lat' dir='ltr'><strong>exspecta—</strong></span> 
     </span>
    </p>
   </div>
   <div class='ocr_carea' id='block_1_32' title="bbox 244 1436 1032 1480">
    <p class='ocr_par' dir='ltr' id='par_1_32' title="bbox 244 1436 1032 1480">
     <span class='ocr_line' id='line_1_33' title="bbox 244 1436 1032 1480; baseline 0.014 -19"><span class='ocrx_word' id='word_1_219' title='bbox 244 1436 344 1462; x_wconf 86' lang='lat' dir='ltr'><strong>tionem</strong></span> <span class='ocrx_word' id='word_1_220' title='bbox 356 1437 465 1469; x_wconf 83' lang='lat' dir='ltr'><strong>liberat,</strong></span> <span class='ocrx_word' id='word_1_221' title='bbox 484 1439 518 1465; x_wconf 90' lang='lat' dir='ltr'><strong>ad</strong></span> <span class='ocrx_word' id='word_1_222' title='bbox 553 1438 730 1468; x_wconf 87' lang='lat' dir='ltr'><strong>Occidentem</strong></span> <span class='ocrx_word' id='word_1_223' title='bbox 742 1443 915 1470; x_wconf 89' lang='lat' dir='ltr'><strong>redeuntium</strong></span> <span class='ocrx_word' id='word_1_224' title='bbox 933 1445 1032 1480; x_wconf 74' lang='lat'><strong>;810</strong></span> 
     </span>
    </p>
   </div>
   <div class='ocr_carea' id='block_1_33' title="bbox 241 1483 1031 1522">
    <p class='ocr_par' dir='ltr' id='par_1_33' title="bbox 241 1483 1031 1522">
     <span class='ocr_line' id='line_1_34' title="bbox 241 1483 1031 1522; baseline 0.015 -16"><span class='ocrx_word' id='word_1_225' title='bbox 241 1485 269 1506; x_wconf 88' lang='lat' dir='ltr'><strong>et</strong></span> <span class='ocrx_word' id='word_1_226' title='bbox 282 1483 419 1509; x_wconf 87' lang='lat' dir='ltr'><strong>eosctiam</strong></span> <span class='ocrx_word' id='word_1_227' title='bbox 435 1484 481 1518; x_wconf 88' lang='lat' dir='ltr'><strong>qui</strong></span> <span class='ocrx_word' id='word_1_228' title='bbox 498 1484 629 1512; x_wconf 64' lang='lat' dir='ltr'><strong>Grmciam</strong></span> <span class='ocrx_word' id='word_1_229' title='bbox 643 1490 672 1513; x_wconf 89' lang='lat' dir='ltr'><strong>et</strong></span> <span class='ocrx_word' id='word_1_230' title='bbox 704 1487 923 1522; x_wconf 85' lang='lat' dir='ltr'><strong>Peloponnesum</strong></span> <span class='ocrx_word' id='word_1_231' title='bbox 950 1498 1031 1518; x_wconf 80' lang='lat' dir='ltr'><strong>occu-</strong></span> 
     </span>
    </p>
   </div>
   <div class='ocr_carea' id='block_1_34' title="bbox 242 1530 1063 1581">
    <p class='ocr_par' dir='ltr' id='par_1_34' title="bbox 242 1530 1063 1581">
     <span class='ocr_line' id='line_1_35' title="bbox 242 1530 1063 1581; baseline 0.017 -31"><span class='ocrx_word' id='word_1_232' title='bbox 242 1532 350 1559; x_wconf 63' lang='lat' dir='ltr'><strong>parant,</strong></span> <span class='ocrx_word' id='word_1_233' title='bbox 368 1534 492 1561; x_wconf 86' lang='lat' dir='ltr'><strong>repressa</strong></span> <span class='ocrx_word' id='word_1_234' title='bbox 511 1530 641 1563; x_wconf 86' lang='lat' dir='ltr'><strong>superbia</strong></span> <span class='ocrx_word' id='word_1_235' title='bbox 659 1532 740 1565; x_wconf 88' lang='lat' dir='ltr'><strong>paulo</strong></span> <span class='ocrx_word' id='word_1_236' title='bbox 753 1533 934 1562; x_wconf 86' lang='lat' dir='ltr'><strong>modestiores</strong></span> <span class='ocrx_word' id='word_1_237' title='bbox 952 1535 1028 1565; x_wconf 84' lang='lat' dir='ltr'><strong>facit.</strong></span> <span class='ocrx_word' id='word_1_238' title='bbox 1043 1552 1063 1581; x_wconf 64' lang='grc' dir='ltr'>α</span> 
     </span>
     <span class='ocr_line' id='line_1_36' title="bbox 243 1570 803 1581; baseline 0 0"><span class='ocrx_word' id='word_1_239' title='bbox 243 1570 272 1581; x_wconf 73' lang='grc' dir='ltr'>π,</span> <span class='ocrx_word' id='word_1_240' title='bbox 293 1575 320 1581; x_wconf 51' lang='grc' dir='ltr'><strong>,με</strong></span> <span class='ocrx_word' id='word_1_241' title='bbox 348 1579 352 1581; x_wconf 68' lang='grc'>.</span> <span class='ocrx_word' id='word_1_242' title='bbox 363 1579 371 1581; x_wconf 44' lang='grc' dir='ltr'><em>Α</em></span> <span class='ocrx_word' id='word_1_243' title='bbox 413 1580 416 1581; x_wconf 46' lang='grc' dir='ltr'><strong>ν</strong></span> <span class='ocrx_word' id='word_1_244' title='bbox 491 1574 498 1581; x_wconf 78' lang='grc'><strong>1</strong></span> <span class='ocrx_word' id='word_1_245' title='bbox 513 1574 517 1579; x_wconf 83' lang='grc' dir='ltr'><strong>ι</strong></span> <span class='ocrx_word' id='word_1_246' title='bbox 620 1575 625 1580; x_wconf 76' lang='grc' dir='ltr'>ι</span> <span class='ocrx_word' id='word_1_247' title='bbox 640 1576 644 1581; x_wconf 92' lang='grc'>.</span> <span class='ocrx_word' id='word_1_248' title='bbox 788 1579 803 1581; x_wconf 68' lang='grc'>..</span> 
     </span>
    </p>
   </div>
   <div class='ocr_carea' id='block_1_35' title="bbox 241 1570 1027 1615">
    <p class='ocr_par' dir='ltr' id='par_1_35' title="bbox 241 1570 1027 1615">
     <span class='ocr_line' id='line_1_37' title="bbox 241 1570 1027 1615; baseline 0.017 -19"><span class='ocrx_word' id='word_1_249' title='bbox 241 1570 275 1597; x_wconf 88' lang='lat' dir='ltr'><strong>Et</strong></span> <span class='ocrx_word' id='word_1_250' title='bbox 293 1575 322 1597; x_wconf 92' lang='lat' dir='ltr'><strong>ut</strong></span> <span class='ocrx_word' id='word_1_251' title='bbox 344 1579 376 1599; x_wconf 79' lang='lat' dir='ltr'><strong>ea</strong></span> <span class='ocrx_word' id='word_1_252' title='bbox 407 1580 468 1608; x_wconf 67' lang='lat' dir='ltr'><strong>qua:</strong></span> <span class='ocrx_word' id='word_1_253' title='bbox 491 1574 556 1600; x_wconf 84' lang='lat' dir='ltr'><strong>hinc</strong></span> <span class='ocrx_word' id='word_1_254' title='bbox 570 1575 732 1603; x_wconf 79' lang='lat' dir='ltr'><strong>acciderunt</strong></span> <span class='ocrx_word' id='word_1_255' title='bbox 746 1579 841 1606; x_wconf 83' lang='lat' dir='ltr'><strong>ordine</strong></span> <span class='ocrx_word' id='word_1_256' title='bbox 867 1581 1027 1615; x_wconf 86' lang='lat' dir='ltr'><strong>referamus,</strong></span> 
     </span>
    </p>
   </div>
   <div class='ocr_carea' id='block_1_36' title="bbox 242 1616 1028 1656">
    <p class='ocr_par' dir='ltr' id='par_1_36' title="bbox 242 1616 1028 1656">
     <span class='ocr_line' id='line_1_38' title="bbox 242 1616 1028 1656; baseline 0.015 -15"><span class='ocrx_word' id='word_1_257' title='bbox 242 1616 357 1643; x_wconf 76' lang='lat' dir='ltr'><strong>Romani</strong></span> <span class='ocrx_word' id='word_1_258' title='bbox 369 1618 633 1653; x_wconf 81' lang='lat' dir='ltr'><strong>quiAdrianopolim</strong></span> <span class='ocrx_word' id='word_1_259' title='bbox 663 1626 691 1648; x_wconf 85' lang='lat' dir='ltr'><strong>et</strong></span> <span class='ocrx_word' id='word_1_260' title='bbox 717 1621 1028 1656; x_wconf 80' lang='lat' dir='ltr'><strong>Didymoticliumtene-</strong></span> 
     </span>
    </p>
   </div>
   <div class='ocr_carea' id='block_1_37' title="bbox 241 1661 1029 1698">
    <p class='ocr_par' dir='ltr' id='par_1_37' title="bbox 241 1661 1029 1698">
     <span class='ocr_line' id='line_1_39' title="bbox 241 1661 1029 1698; baseline 0.014 -11"><span class='ocrx_word' id='word_1_261' title='bbox 241 1661 318 1692; x_wconf 67' lang='lat' dir='ltr'><strong>bant,</strong></span> <span class='ocrx_word' id='word_1_262' title='bbox 335 1670 387 1688; x_wconf 89' lang='lat' dir='ltr'><strong>non</strong></span> <span class='ocrx_word' id='word_1_263' title='bbox 402 1663 492 1697; x_wconf 90' lang='lat' dir='ltr'><strong>parvis</strong></span> <span class='ocrx_word' id='word_1_264' title='bbox 505 1664 668 1693; x_wconf 82' lang='lat' dir='ltr'><strong>Blachorum</strong></span> <span class='ocrx_word' id='word_1_265' title='bbox 685 1666 748 1693; x_wconf 81' lang='lat' dir='ltr'><strong>freti</strong></span> <span class='ocrx_word' id='word_1_266' title='bbox 759 1669 869 1696; x_wconf 82' lang='lat' dir='ltr'><strong>auxiliis</strong></span> <span class='ocrx_word' id='word_1_267' title='bbox 886 1670 922 1696; x_wconf 94' lang='lat' dir='ltr'><strong>ibi</strong></span> <span class='ocrx_word' id='word_1_268' title='bbox 937 1677 1029 1698; x_wconf 87' lang='lat' dir='ltr'><strong>manc-</strong></span> 
     </span>
    </p>
   </div>
   <div class='ocr_carea' id='block_1_38' title="bbox 241 1705 1028 1750">
    <p class='ocr_par' dir='ltr' id='par_1_38' title="bbox 241 1705 1028 1750">
     <span class='ocr_line' id='line_1_40' title="bbox 241 1705 1028 1750; baseline 0.01 -18"><span class='ocrx_word' id='word_1_269' title='bbox 241 1705 319 1733; x_wconf 85' lang='lat' dir='ltr'><strong>bant.</strong></span> <span class='ocrx_word' id='word_1_270' title='bbox 330 1706 450 1734; x_wconf 85' lang='lat' dir='ltr'><strong>Joannes</strong></span> <span class='ocrx_word' id='word_1_271' title='bbox 464 1716 541 1740; x_wconf 87' lang='lat' dir='ltr'><strong>vero,</strong></span> <span class='ocrx_word' id='word_1_272' title='bbox 558 1709 604 1743; x_wconf 87' lang='lat' dir='ltr'><strong>qui</strong></span> <span class='ocrx_word' id='word_1_273' title='bbox 619 1717 682 1737; x_wconf 88' lang='lat' dir='ltr'><strong>suas</strong></span> <span class='ocrx_word' id='word_1_274' title='bbox 693 1712 788 1745; x_wconf 84' lang='lat' dir='ltr'><strong>copias</strong></span> <span class='ocrx_word' id='word_1_275' title='bbox 802 1717 829 1738; x_wconf 90' lang='lat' dir='ltr'><strong>et</strong></span> <span class='ocrx_word' id='word_1_276' title='bbox 845 1713 943 1740; x_wconf 84' lang='lat' dir='ltr'><strong>auxilia</strong></span> <span class='ocrx_word' id='word_1_277' title='bbox 965 1716 1028 1750; x_wconf 70' lang='lat' dir='ltr'><strong>Scy-</strong></span> 
     </span>
    </p>
   </div>
   <div class='ocr_carea' id='block_1_39' title="bbox 239 1751 1026 1793">
    <p class='ocr_par' dir='ltr' id='par_1_39' title="bbox 239 1751 1026 1793">
     <span class='ocr_line' id='line_1_41' title="bbox 239 1751 1026 1793; baseline 0.013 -16"><span class='ocrx_word' id='word_1_278' title='bbox 239 1751 348 1778; x_wconf 86' lang='lat' dir='ltr'><strong>tharum</strong></span> <span class='ocrx_word' id='word_1_279' title='bbox 373 1761 443 1787; x_wconf 91' lang='lat' dir='ltr'><strong>pene</strong></span> <span class='ocrx_word' id='word_1_280' title='bbox 469 1755 572 1789; x_wconf 83' lang='lat' dir='ltr'><strong>majora</strong></span> <span class='ocrx_word' id='word_1_281' title='bbox 598 1763 711 1783; x_wconf 84' lang='lat' dir='ltr'><strong>numero</strong></span> <span class='ocrx_word' id='word_1_282' title='bbox 737 1757 900 1790; x_wconf 79' lang='lat' dir='ltr'><strong>adducebat,</strong></span> <span class='ocrx_word' id='word_1_283' title='bbox 913 1767 1026 1793; x_wconf 84' lang='lat' dir='ltr'><strong>operam</strong></span> 
     </span>
    </p>
   </div>
   <div class='ocr_carea' id='block_1_40' title="bbox 238 1797 1024 1833">
    <p class='ocr_par' dir='ltr' id='par_1_40' title="bbox 238 1797 1024 1833">
     <span class='ocr_line' id='line_1_42' title="bbox 238 1797 1024 1833; baseline 0.013 -11"><span class='ocrx_word' id='word_1_284' title='bbox 238 1797 320 1824; x_wconf 86' lang='lat' dir='ltr'><strong>dabat</strong></span> <span class='ocrx_word' id='word_1_285' title='bbox 336 1803 365 1824; x_wconf 93' lang='lat' dir='ltr'><strong>ut</strong></span> <span class='ocrx_word' id='word_1_286' title='bbox 378 1799 603 1827; x_wconf 82' lang='lat' dir='ltr'><strong>Latinoslateret.</strong></span> <span class='ocrx_word' id='word_1_287' title='bbox 618 1801 651 1828; x_wconf 91' lang='lat' dir='ltr'><strong>Ut</strong></span> <span class='ocrx_word' id='word_1_288' title='bbox 663 1807 755 1829; x_wconf 86' lang='lat' dir='ltr'><strong>autem</strong></span> <span class='ocrx_word' id='word_1_289' title='bbox 771 1804 1024 1833; x_wconf 83' lang='lat' dir='ltr'><strong>motumRomano-</strong></span> 
     </span>
    </p>
   </div>
   <div class='ocr_carea' id='block_1_41' title="bbox 237 1844 1025 1881">
    <p class='ocr_par' dir='ltr' id='par_1_41' title="bbox 237 1844 1025 1881">
     <span class='ocr_line' id='line_1_43' title="bbox 237 1844 1025 1881; baseline 0.011 -12"><span class='ocrx_word' id='word_1_290' title='bbox 237 1851 297 1870; x_wconf 88' lang='lat' dir='ltr'><strong>rum</strong></span> <span class='ocrx_word' id='word_1_291' title='bbox 321 1844 471 1872; x_wconf 81' lang='lat' dir='ltr'><strong>Balduinus</strong></span> <span class='ocrx_word' id='word_1_292' title='bbox 501 1850 529 1872; x_wconf 92' lang='lat' dir='ltr'><strong>et</strong></span> <span class='ocrx_word' id='word_1_293' title='bbox 564 1847 661 1881; x_wconf 88' lang='lat' dir='ltr'><strong>reliqui</strong></span> <span class='ocrx_word' id='word_1_294' title='bbox 680 1852 736 1875; x_wconf 91' lang='lat' dir='ltr'><strong>lres</strong></span> <span class='ocrx_word' id='word_1_295' title='bbox 756 1849 839 1876; x_wconf 89' lang='lat' dir='ltr'><strong>duces</strong></span> <span class='ocrx_word' id='word_1_296' title='bbox 861 1850 1025 1879; x_wconf 86' lang='lat' dir='ltr'><strong>audiverunt</strong></span> 
     </span>
    </p>
   </div>
   <div class='ocr_carea' id='block_1_42' title="bbox 238 1890 1025 1931">
    <p class='ocr_par' dir='ltr' id='par_1_42' title="bbox 238 1890 1025 1931">
     <span class='ocr_line' id='line_1_44' title="bbox 238 1890 1025 1931; baseline 0.011 -17"><span class='ocrx_word' id='word_1_297' title='bbox 238 1890 311 1921; x_wconf 81' lang='lat' dir='ltr'><strong>(nam</strong></span> <span class='ocrx_word' id='word_1_298' title='bbox 333 1896 425 1916; x_wconf 85' lang='lat' dir='ltr'><strong>comes</strong></span> <span class='ocrx_word' id='word_1_299' title='bbox 447 1891 533 1917; x_wconf 89' lang='lat' dir='ltr'><strong>sancti</strong></span> <span class='ocrx_word' id='word_1_300' title='bbox 561 1891 639 1918; x_wconf 85' lang='lat' dir='ltr'><strong>Pauli</strong></span> <span class='ocrx_word' id='word_1_301' title='bbox 665 1892 812 1921; x_wconf 89' lang='lat' dir='ltr'><strong>defunctus</strong></span> <span class='ocrx_word' id='word_1_302' title='bbox 834 1895 861 1921; x_wconf 93' lang='lat' dir='ltr'><strong>in</strong></span> <span class='ocrx_word' id='word_1_303' title='bbox 883 1895 1025 1931; x_wconf 80' lang='lat' dir='ltr'><strong>Manganio</strong></span> 
     </span>
    </p>
   </div>
   <div class='ocr_carea' id='block_1_43' title="bbox 237 1935 1024 1976">
    <p class='ocr_par' dir='ltr' id='par_1_43' title="bbox 237 1935 1024 1976">
     <span class='ocr_line' id='line_1_45' title="bbox 237 1935 1024 1976; baseline 0.014 -18"><span class='ocrx_word' id='word_1_304' title='bbox 237 1935 404 1961; x_wconf 88' lang='lat' dir='ltr'><strong>monasterio</strong></span> <span class='ocrx_word' id='word_1_305' title='bbox 418 1935 594 1970; x_wconf 61' lang='lat' dir='ltr'><strong>etScleraena:</strong></span> <span class='ocrx_word' id='word_1_306' title='bbox 609 1939 737 1973; x_wconf 72' lang='lat' dir='ltr'><strong>Augusta:</strong></span> <span class='ocrx_word' id='word_1_307' title='bbox 749 1941 919 1968; x_wconf 85' lang='lat' dir='ltr'><strong>monimento</strong></span> <span class='ocrx_word' id='word_1_308' title='bbox 932 1943 1024 1976; x_wconf 79' lang='lat' dir='ltr'><strong>sepul-</strong></span> 
     </span>
    </p>
   </div>
   <div class='ocr_carea' id='block_1_44' title="bbox 237 1981 1024 2016">
    <p class='ocr_par' dir='ltr' id='par_1_44' title="bbox 237 1981 1024 2016">
     <span class='ocr_line' id='line_1_46' title="bbox 237 1981 1024 2016; baseline 0.013 -11"><span class='ocrx_word' id='word_1_309' title='bbox 237 1986 281 2006; x_wconf 86' lang='lat' dir='ltr'><strong>tus</strong></span> <span class='ocrx_word' id='word_1_310' title='bbox 293 1981 376 2015; x_wconf 84' lang='lat' dir='ltr'><strong>erat),</strong></span> <span class='ocrx_word' id='word_1_311' title='bbox 389 1982 482 2008; x_wconf 74' lang='lat' dir='ltr'><strong>statim</strong></span> <span class='ocrx_word' id='word_1_312' title='bbox 495 1984 648 2011; x_wconf 82' lang='lat' dir='ltr'><strong>exercitum</strong></span> <span class='ocrx_word' id='word_1_313' title='bbox 677 1985 790 2012; x_wconf 86' lang='lat' dir='ltr'><strong>mittunt</strong></span> <span class='ocrx_word' id='word_1_314' title='bbox 815 1992 911 2014; x_wconf 88' lang='lat' dir='ltr'><strong>contra</strong></span> <span class='ocrx_word' id='word_1_315' title='bbox 941 1988 1024 2016; x_wconf 87' lang='lat' dir='ltr'><strong>urbes</strong></span> 
     </span>
    </p>
   </div>
   <div class='ocr_carea' id='block_1_45' title="bbox 235 2026 1023 2066">
    <p class='ocr_par' dir='ltr' id='par_1_45' title="bbox 235 2026 1023 2066">
     <span class='ocr_line' id='line_1_47' title="bbox 235 2026 1023 2066; baseline 0.013 -15"><span class='ocrx_word' id='word_1_316' title='bbox 235 2033 295 2059; x_wconf 72' lang='lat' dir='ltr'><strong>qua:</strong></span> <span class='ocrx_word' id='word_1_317' title='bbox 313 2026 482 2055; x_wconf 82' lang='lat' dir='ltr'><strong>defecerant.</strong></span> <span class='ocrx_word' id='word_1_318' title='bbox 501 2030 539 2056; x_wconf 82' lang='lat' dir='ltr'><strong>Ac</strong></span> <span class='ocrx_word' id='word_1_319' title='bbox 557 2029 638 2065; x_wconf 81' lang='lat' dir='ltr'><strong>Byzia</strong></span> <span class='ocrx_word' id='word_1_320' title='bbox 653 2031 764 2066; x_wconf 88' lang='lat' dir='ltr'><strong>quidem</strong></span> <span class='ocrx_word' id='word_1_321' title='bbox 782 2038 810 2060; x_wconf 89' lang='lat' dir='ltr'><strong>et</strong></span> <span class='ocrx_word' id='word_1_322' title='bbox 825 2033 943 2060; x_wconf 86' lang='lat' dir='ltr'><strong>Zurulus</strong></span> <span class='ocrx_word' id='word_1_323' title='bbox 968 2039 1023 2061; x_wconf 81' lang='lat' dir='ltr'><strong>sta-</strong></span> 
     </span>
    </p>
   </div>
   <div class='ocr_carea' id='block_1_46' title="bbox 236 2071 1022 2111">
    <p class='ocr_par' dir='ltr' id='par_1_46' title="bbox 236 2071 1022 2111">
     <span class='ocr_line' id='line_1_48' title="bbox 236 2071 1022 2111; baseline 0.013 -15"><span class='ocrx_word' id='word_1_324' title='bbox 236 2071 283 2096; x_wconf 91' lang='lat' dir='ltr'><strong>lim</strong></span> <span class='ocrx_word' id='word_1_325' title='bbox 299 2072 454 2106; x_wconf 73' lang='lat' dir='ltr'><strong>subjugum</strong></span> <span class='ocrx_word' id='word_1_326' title='bbox 486 2074 641 2102; x_wconf 86' lang='lat' dir='ltr'><strong>redierunt.</strong></span> <span class='ocrx_word' id='word_1_327' title='bbox 669 2077 873 2111; x_wconf 86' lang='lat' dir='ltr'><strong>Arcadiopolim</strong></span> <span class='ocrx_word' id='word_1_328' title='bbox 895 2087 958 2105; x_wconf 87' lang='lat' dir='ltr'><strong>rcro</strong></span> <span class='ocrx_word' id='word_1_329' title='bbox 982 2079 1022 2106; x_wconf 85' lang='lat' dir='ltr'><strong>lo-</strong></span> 
     </span>
    </p>
   </div>
   <div class='ocr_carea' id='block_1_47' title="bbox 232 2116 1020 2151">
    <p class='ocr_par' dir='ltr' id='par_1_47' title="bbox 232 2116 1020 2151">
     <span class='ocr_line' id='line_1_49' title="bbox 232 2116 1020 2151; baseline 0.011 -9"><span class='ocrx_word' id='word_1_330' title='bbox 232 2116 387 2150; x_wconf 86' lang='lat' dir='ltr'><strong>cupletibus</strong></span> <span class='ocrx_word' id='word_1_331' title='bbox 396 2119 570 2147; x_wconf 87' lang='lat' dir='ltr'><strong>etnobilibus</strong></span> <span class='ocrx_word' id='word_1_332' title='bbox 581 2121 690 2149; x_wconf 88' lang='lat' dir='ltr'><strong>civibus</strong></span> <span class='ocrx_word' id='word_1_333' title='bbox 701 2130 815 2149; x_wconf 86' lang='lat' dir='ltr'><strong>vacuam</strong></span> <span class='ocrx_word' id='word_1_334' title='bbox 832 2124 883 2150; x_wconf 91' lang='lat' dir='ltr'><strong>soli</strong></span> <span class='ocrx_word' id='word_1_335' title='bbox 906 2124 1020 2151; x_wconf 64' lang='lat' dir='ltr'><strong>Romani</strong></span> 
     </span>
    </p>
   </div>
   <div class='ocr_carea' id='block_1_48' title="bbox 232 2163 1019 2203">
    <p class='ocr_par' dir='ltr' id='par_1_48' title="bbox 232 2163 1019 2203">
     <span class='ocr_line' id='line_1_50' title="bbox 232 2163 1019 2203; baseline 0.014 -16"><span class='ocrx_word' id='word_1_336' title='bbox 232 2166 313 2188; x_wconf 81' lang='lat' dir='ltr'><strong>noctu</strong></span> <span class='ocrx_word' id='word_1_337' title='bbox 331 2163 457 2197; x_wconf 77' lang='lat' dir='ltr'><strong>ingrcssi,</strong></span> <span class='ocrx_word' id='word_1_338' title='bbox 473 2165 574 2199; x_wconf 89' lang='lat' dir='ltr'><strong>quibus</strong></span> <span class='ocrx_word' id='word_1_339' title='bbox 588 2168 653 2194; x_wconf 88' lang='lat' dir='ltr'><strong>urbs</strong></span> <span class='ocrx_word' id='word_1_340' title='bbox 667 2175 699 2194; x_wconf 88' lang='lat' dir='ltr'><strong>ea</strong></span> <span class='ocrx_word' id='word_1_341' title='bbox 730 2169 817 2203; x_wconf 86' lang='lat' dir='ltr'><strong>patria</strong></span> <span class='ocrx_word' id='word_1_342' title='bbox 845 2174 914 2201; x_wconf 85' lang='lat' dir='ltr'><strong>erat,</strong></span> <span class='ocrx_word' id='word_1_343' title='bbox 942 2175 1019 2198; x_wconf 83' lang='lat' dir='ltr'><strong>tene-</strong></span> 
     </span>
    </p>
   </div>
   <div class='ocr_carea' id='block_1_49' title="bbox 1098 264 1890 312">
    <p class='ocr_par' dir='ltr' id='par_1_49' title="bbox 1098 264 1890 312">
     <span class='ocr_line' id='line_1_51' title="bbox 1098 264 1890 312; baseline 0.016 -19"><span class='ocrx_word' id='word_1_344' title='bbox 1098 264 1173 294; x_wconf 77' lang='grc' dir='ltr'>οὗτοι</span> <span class='ocrx_word' id='word_1_345' title='bbox 1188 269 1227 304; x_wconf 88' lang='grc' dir='ltr'>τῷ</span> <span class='ocrx_word' id='word_1_346' title='bbox 1247 271 1390 307; x_wconf 81' lang='grc' dir='ltr'>μαρκεσίῳ</span> <span class='ocrx_word' id='word_1_347' title='bbox 1414 273 1461 299; x_wconf 80' lang='grc' dir='ltr'><strong>καὶ</strong></span> <span class='ocrx_word' id='word_1_348' title='bbox 1485 274 1518 301; x_wconf 75' lang='grc' dir='ltr'>τὰ</span> <span class='ocrx_word' id='word_1_349' title='bbox 1534 275 1637 302; x_wconf 72' lang='grc' dir='ltr'>δυνατὰ</span> <span class='ocrx_word' id='word_1_350' title='bbox 1653 276 1819 312; x_wconf 77' lang='grc' dir='ltr'>ὑπουργεῖνο</span> <span class='ocrx_word' id='word_1_351' title='bbox 1834 280 1848 306; x_wconf 81' lang='grc' dir='ltr'>ὁ</span> <span class='ocrx_word' id='word_1_352' title='bbox 1862 280 1890 306; x_wconf 73' lang='grc' dir='ltr'>δὲ</span> 
     </span>
    </p>
   </div>
   <div class='ocr_carea' id='block_1_50' title="bbox 1099 314 1891 357">
    <p class='ocr_par' dir='ltr' id='par_1_50' title="bbox 1099 314 1891 357">
     <span class='ocr_line' id='line_1_52' title="bbox 1099 314 1891 357; baseline 0.014 -17"><span class='ocrx_word' id='word_1_353' title='bbox 1099 314 1136 349; x_wconf 84' lang='grc' dir='ltr'><strong>μὴ</strong></span> <span class='ocrx_word' id='word_1_354' title='bbox 1152 315 1247 348; x_wconf 79' lang='grc' dir='ltr'><strong>χρείαν</strong></span> <span class='ocrx_word' id='word_1_355' title='bbox 1274 317 1395 352; x_wconf 76' lang='grc' dir='ltr'><strong>φάμενος</strong></span> <span class='ocrx_word' id='word_1_356' title='bbox 1426 318 1498 354; x_wconf 78' lang='grc' dir='ltr'>ἔχειν</span> <span class='ocrx_word' id='word_1_357' title='bbox 1532 319 1678 355; x_wconf 84' lang='grc' dir='ltr'>Ῥωμαίων</span> <span class='ocrx_word' id='word_1_358' title='bbox 1709 325 1891 357; x_wconf 83' lang='grc' dir='ltr'><strong>στρατιωτῶν</strong></span> 
     </span>
    </p>
   </div>
   <div class='ocr_carea' id='block_1_51' title="bbox 1096 360 1889 403">
    <p class='ocr_par' dir='ltr' id='par_1_51' title="bbox 1096 360 1889 403">
     <span class='ocr_line' id='line_1_53' title="bbox 1096 360 1889 403; baseline 0.015 -18"><span class='ocrx_word' id='word_1_359' title='bbox 1096 360 1184 392; x_wconf 73' lang='grc' dir='ltr'>οὕτως</span> <span class='ocrx_word' id='word_1_360' title='bbox 1201 362 1300 394; x_wconf 74' lang='grc' dir='ltr'>αὐτοὺς</span> <span class='ocrx_word' id='word_1_361' title='bbox 1326 364 1521 400; x_wconf 71' lang='grc' dir='ltr'><strong>ἀπεπέμψατο.</strong></span> <span class='ocrx_word' id='word_1_362' title='bbox 1550 368 1596 402; x_wconf 86' lang='grc' dir='ltr'><strong>Τῷ</strong></span> <span class='ocrx_word' id='word_1_363' title='bbox 1625 368 1733 403; x_wconf 79' lang='grc' dir='ltr'>βασιλεῖ</span> <span class='ocrx_word' id='word_1_364' title='bbox 1747 370 1771 395; x_wconf 83' lang='grc' dir='ltr'>δ’</span> <span class='ocrx_word' id='word_1_365' title='bbox 1787 369 1889 397; x_wconf 74' lang='grc' dir='ltr'>ἔπειτα</span> 
     </span>
    </p>
   </div>
   <div class='ocr_carea' id='block_1_52' title="bbox 1096 405 1888 449">
    <p class='ocr_par' dir='ltr' id='par_1_52' title="bbox 1096 405 1888 449">
     <span class='ocr_line' id='line_1_54' title="bbox 1096 405 1888 449; baseline 0.014 -18"><span class='ocrx_word' id='word_1_366' title='bbox 1096 405 1248 443; x_wconf 72' lang='grc' dir='ltr'>Βαλδουίνῳ</span> <span class='ocrx_word' id='word_1_367' title='bbox 1276 411 1341 444; x_wconf 67' lang='grc' dir='ltr'>περὶ.</span> <span class='ocrx_word' id='word_1_368' title='bbox 1367 411 1414 437; x_wconf 79' lang='grc' dir='ltr'><strong>τοῦ</strong></span> <span class='ocrx_word' id='word_1_369' title='bbox 1443 413 1644 448; x_wconf 79' lang='grc' dir='ltr'>προσδεχοῆναί</span> <span class='ocrx_word' id='word_1_370' title='bbox 1668 415 1692 441; x_wconf 75' lang='grc' dir='ltr'>οἱ</span> <span class='ocrx_word' id='word_1_371' title='bbox 1710 417 1888 449; x_wconf 70' lang='grc' dir='ltr'>προτείνουσι</span> 
     </span>
    </p>
   </div>
   <div class='ocr_carea' id='block_1_53' title="bbox 1094 452 1887 496">
    <p class='ocr_par' dir='ltr' id='par_1_53' title="bbox 1094 452 1887 496">
     <span class='ocr_line' id='line_1_55' title="bbox 1094 452 1887 496; baseline 0.01 -17"><span class='ocrx_word' id='word_1_372' title='bbox 1094 452 1197 488; x_wconf 72' lang='grc' dir='ltr'>δέησιν.</span> <span class='ocrx_word' id='word_1_373' title='bbox 1219 454 1264 486; x_wconf 84' lang='grc' dir='ltr'>Ὠς</span> <span class='ocrx_word' id='word_1_374' title='bbox 1279 455 1303 482; x_wconf 79' lang='grc' dir='ltr'>δ’</span> <span class='ocrx_word' id='word_1_375' title='bbox 1316 454 1396 491; x_wconf 85' lang='grc' dir='ltr'>ἦσαν,</span> <span class='ocrx_word' id='word_1_376' title='bbox 1413 459 1427 484; x_wconf 86' lang='grc' dir='ltr'><strong>ὃ</strong></span> <span class='ocrx_word' id='word_1_377' title='bbox 1444 467 1520 492; x_wconf 79' lang='grc' dir='ltr'>φασι,</span> <span class='ocrx_word' id='word_1_378' title='bbox 1535 460 1582 486; x_wconf 79' lang='grc' dir='ltr'>καὶ</span> <span class='ocrx_word' id='word_1_379' title='bbox 1596 460 1676 487; x_wconf 82' lang='grc' dir='ltr'>πάλιν</span> <span class='ocrx_word' id='word_1_380' title='bbox 1695 462 1780 495; x_wconf 75' lang='grc' dir='ltr'>κενὴν</span> <span class='ocrx_word' id='word_1_381' title='bbox 1807 462 1887 496; x_wconf 69' lang='grc' dir='ltr'>ᾄδον-</span> 
     </span>
    </p>
   </div>
   <div class='ocr_carea' id='block_1_54' title="bbox 1094 501 1886 542">
    <p class='ocr_par' dir='ltr' id='par_1_54' title="bbox 1094 501 1886 542">
     <span class='ocr_line' id='line_1_56' title="bbox 1094 501 1886 542; baseline 0.01 -16"><span class='ocrx_word' id='word_1_382' title='bbox 1094 509 1150 533; x_wconf 80' lang='grc' dir='ltr'>τες,</span> <span class='ocrx_word' id='word_1_383' title='bbox 1164 501 1204 536; x_wconf 82' lang='grc' dir='ltr'>τῷ</span> <span class='ocrx_word' id='word_1_384' title='bbox 1225 501 1336 538; x_wconf 81' lang='grc' dir='ltr'>Ἰωάννῃ</span> <span class='ocrx_word' id='word_1_385' title='bbox 1354 505 1520 540; x_wconf 77' lang='grc' dir='ltr'>προσῄεσαν,</span> <span class='ocrx_word' id='word_1_386' title='bbox 1535 506 1563 537; x_wconf 79' lang='grc' dir='ltr'>ὃς</span> <span class='ocrx_word' id='word_1_387' title='bbox 1576 508 1691 539; x_wconf 73' lang='grc' dir='ltr'>τραφεὶς</span> <span class='ocrx_word' id='word_1_388' title='bbox 1705 509 1735 533; x_wconf 86' lang='grc' dir='ltr'>ὲν</span> <span class='ocrx_word' id='word_1_389' title='bbox 1751 508 1790 542; x_wconf 85' lang='grc' dir='ltr'>τῷ</span> <span class='ocrx_word' id='word_1_390' title='bbox 1806 508 1886 542; x_wconf 73' lang='grc' dir='ltr'><strong>Αῖμῳ</strong></span> 
     </span>
    </p>
   </div>
   <div class='ocr_carea' id='block_1_55' title="bbox 1094 546 1886 586">
    <p class='ocr_par' dir='ltr' id='par_1_55' title="bbox 1094 546 1886 586">
     <span class='ocr_line' id='line_1_57' title="bbox 1094 546 1886 586; baseline 0.006 -13"><span class='ocrx_word' id='word_1_391' title='bbox 1094 546 1142 573; x_wconf 74' lang='grc' dir='ltr'>καὶ</span> <span class='ocrx_word' id='word_1_392' title='bbox 1157 546 1297 580; x_wconf 82' lang='grc' dir='ltr'>γεννηθεὶς</span> <span class='ocrx_word' id='word_1_393' title='bbox 1313 548 1411 584; x_wconf 79' lang='grc' dir='ltr'>μινροῡ</span> <span class='ocrx_word' id='word_1_394' title='bbox 1423 550 1513 576; x_wconf 78' lang='grc' dir='ltr'>πᾶσαν</span> <span class='ocrx_word' id='word_1_395' title='bbox 1528 550 1580 576; x_wconf 83' lang='grc' dir='ltr'>ὑπὸ</span> <span class='ocrx_word' id='word_1_396' title='bbox 1590 551 1742 585; x_wconf 75' lang='grc' dir='ltr'><strong>Ῥωμαίους</strong></span> <span class='ocrx_word' id='word_1_397' title='bbox 1753 553 1886 586; x_wconf 57' lang='grc' dir='ltr'>ἑσπέριαι</span> 
     </span>
    </p>
   </div>
   <div class='ocr_carea' id='block_1_56' title="bbox 1093 584 1886 630">
    <p class='ocr_par' dir='ltr' id='par_1_56' title="bbox 1093 584 1886 630">
     <span class='ocr_line' id='line_1_58' title="bbox 1093 584 1886 630; baseline 0.008 -12"><span class='ocrx_word' id='word_1_398' title='bbox 1093 594 1273 628; x_wconf 75' lang='grc' dir='ltr'>ἐπικράτειαν</span> <span class='ocrx_word' id='word_1_399' title='bbox 1285 584 1425 630; x_wconf 68' lang='grc' dir='ltr'>’διέφθειρε</span> <span class='ocrx_word' id='word_1_400' title='bbox 1450 597 1497 622; x_wconf 82' lang='grc' dir='ltr'>καὶ</span> <span class='ocrx_word' id='word_1_401' title='bbox 1525 597 1642 630; x_wconf 77' lang='grc' dir='ltr'><strong>ἠφάνισε</strong></span> <span class='ocrx_word' id='word_1_402' title='bbox 1658 598 1788 630; x_wconf 75' lang='grc' dir='ltr'><strong>πολέμοις</strong></span> <span class='ocrx_word' id='word_1_403' title='bbox 1816 599 1886 624; x_wconf 75' lang='grc' dir='ltr'>ἁπο-</span> 
     </span>
    </p>
   </div>
   <div class='ocr_carea' id='block_1_57' title="bbox 1093 639 1885 677">
    <p class='ocr_par' dir='ltr' id='par_1_57' title="bbox 1093 639 1885 677">
     <span class='ocr_line' id='line_1_59' title="bbox 1093 639 1885 677; baseline 0.006 -12"><span class='ocrx_word' id='word_1_404' title='bbox 1093 639 1208 673; x_wconf 82' lang='grc' dir='ltr'>λικμὼν,</span> <span class='ocrx_word' id='word_1_405' title='bbox 1227 641 1373 672; x_wconf 80' lang='grc' dir='ltr'>Σκυθικαῖς</span> <span class='ocrx_word' id='word_1_406' title='bbox 1389 641 1495 675; x_wconf 78' lang='grc' dir='ltr'>ἐφόδοις</span> <span class='ocrx_word' id='word_1_407' title='bbox 1521 642 1664 676; x_wconf 77' lang='grc' dir='ltr'>ἔξερημῶν</span> <span class='ocrx_word' id='word_1_408' title='bbox 1683 644 1730 669; x_wconf 79' lang='grc' dir='ltr'>καὶ</span> <span class='ocrx_word' id='word_1_409' title='bbox 1747 644 1885 677; x_wconf 68' lang='grc' dir='ltr'>πολυτρᾶ-</span> 
     </span>
    </p>
   </div>
   <div class='ocr_carea' id='block_1_58' title="bbox 1092 686 1884 723">
    <p class='ocr_par' dir='ltr' id='par_1_58' title="bbox 1092 686 1884 723">
     <span class='ocr_line' id='line_1_60' title="bbox 1092 686 1884 723; baseline 0.008 -13"><span class='ocrx_word' id='word_1_410' title='bbox 1092 693 1155 716; x_wconf 86' lang='grc' dir='ltr'>ποις</span> <span class='ocrx_word' id='word_1_411' title='bbox 1174 686 1311 720; x_wconf 73' lang='grc' dir='ltr'>ἐκτρίϐων</span> <span class='ocrx_word' id='word_1_412' title='bbox 1342 688 1509 715; x_wconf 80' lang='grc' dir='ltr'>κακώσεσιν.</span> <span class='ocrx_word' id='word_1_413' title='bbox 1534 689 1562 714; x_wconf 90' lang='grc'><strong>’0</strong></span> <span class='ocrx_word' id='word_1_414' title='bbox 1575 689 1602 715; x_wconf 80' lang='grc' dir='ltr'>δὲ</span> <span class='ocrx_word' id='word_1_415' title='bbox 1625 689 1736 720; x_wconf 82' lang='grc' dir='ltr'><strong>τούτους</strong></span> <span class='ocrx_word' id='word_1_416' title='bbox 1752 690 1884 723; x_wconf 57' lang='grc' dir='ltr'>ἀσμένως</span> 
     </span>
    </p>
   </div>
   <div class='ocr_carea' id='block_1_59' title="bbox 1092 731 1882 771">
    <p class='ocr_par' dir='ltr' id='par_1_59' title="bbox 1092 731 1882 771">
     <span class='ocr_line' id='line_1_61' title="bbox 1092 731 1882 771; baseline 0.009 -15"><span class='ocrx_word' id='word_1_417' title='bbox 1092 731 1281 766; x_wconf 84' lang='grc' dir='ltr'>προσδέχεται·</span> <span class='ocrx_word' id='word_1_418' title='bbox 1294 731 1326 768; x_wconf 79' lang='grc' dir='ltr'>ἦν</span> <span class='ocrx_word' id='word_1_419' title='bbox 1341 734 1395 768; x_wconf 69' lang='grc' dir='ltr'>γὰρ</span> <span class='ocrx_word' id='word_1_420' title='bbox 1411 734 1439 760; x_wconf 82' lang='grc' dir='ltr'>τὺ</span> <span class='ocrx_word' id='word_1_421' title='bbox 1455 735 1580 761; x_wconf 80' lang='grc' dir='ltr'><strong>Λατίνων</strong></span> <span class='ocrx_word' id='word_1_422' title='bbox 1596 736 1736 770; x_wconf 81' lang='grc' dir='ltr'><strong>ἀγέρωχον</strong></span> <span class='ocrx_word' id='word_1_423' title='bbox 1748 738 1882 771; x_wconf 71' lang='grc' dir='ltr'>φρόνημα</span> 
     </span>
    </p>
   </div>
   <div class='ocr_carea' id='block_1_60' title="bbox 1091 776 1882 818">
    <p class='ocr_par' dir='ltr' id='par_1_60' title="bbox 1091 776 1882 818">
     <span class='ocr_line' id='line_1_62' title="bbox 1091 776 1882 818; baseline 0.009 -16"><span class='ocrx_word' id='word_1_424' title='bbox 1091 776 1266 818; x_wconf 75' lang='grc' dir='ltr'>ὑφορώμενος</span> <span class='ocrx_word' id='word_1_425' title='bbox 1295 780 1341 806; x_wconf 72' lang='grc' dir='ltr'>καὶ</span> <span class='ocrx_word' id='word_1_426' title='bbox 1364 781 1413 814; x_wconf 86' lang='grc' dir='ltr'>τὴν</span> <span class='ocrx_word' id='word_1_427' title='bbox 1442 781 1544 807; x_wconf 80' lang='grc' dir='ltr'>τούτων</span> <span class='ocrx_word' id='word_1_428' title='bbox 1573 782 1675 816; x_wconf 77' lang='grc' dir='ltr'>λόγχην</span> <span class='ocrx_word' id='word_1_429' title='bbox 1692 783 1729 813; x_wconf 85' lang='grc' dir='ltr'>ὡς</span> <span class='ocrx_word' id='word_1_430' title='bbox 1747 784 1882 818; x_wconf 70' lang='grc' dir='ltr'>φλογίνην</span> 
     </span>
    </p>
   </div>
   <div class='ocr_carea' id='block_1_61' title="bbox 1091 815 1880 862">
    <p class='ocr_par' dir='ltr' id='par_1_61' title="bbox 1091 815 1880 862">
     <span class='ocr_line' id='line_1_63' title="bbox 1091 815 1880 862; baseline 0.006 -13"><span class='ocrx_word' id='word_1_431' title='bbox 1091 824 1230 859; x_wconf 74' lang='grc' dir='ltr'><strong>ῥομφαίαν</strong></span> <span class='ocrx_word' id='word_1_432' title='bbox 1254 815 1497 860; x_wconf 72' lang='grc' dir='ltr'>ὗποῦλεπόμενος,</span> <span class='ocrx_word' id='word_1_433' title='bbox 1523 829 1583 853; x_wconf 74' lang='grc' dir='ltr'>ἐπεὶ</span> <span class='ocrx_word' id='word_1_434' title='bbox 1692 830 1758 861; x_wconf 72' lang='grc' dir='ltr'>περὶ</span> <span class='ocrx_word' id='word_1_435' title='bbox 1784 830 1880 862; x_wconf 75' lang='grc' dir='ltr'>φιλίας</span> 
     </span>
    </p>
   </div>
   <div class='ocr_carea' id='block_1_62' title="bbox 1090 869 1881 907">
    <p class='ocr_par' dir='ltr' id='par_1_62' title="bbox 1090 869 1881 907">
     <span class='ocr_line' id='line_1_64' title="bbox 1090 869 1881 907; baseline 0.009 -13"><span class='ocrx_word' id='word_1_436' title='bbox 1090 869 1199 900; x_wconf 79' lang='grc' dir='ltr'><strong>στείλας</strong></span> <span class='ocrx_word' id='word_1_437' title='bbox 1227 871 1356 905; x_wconf 77' lang='grc' dir='ltr'>πρέσϐεις</span> <span class='ocrx_word' id='word_1_438' title='bbox 1379 873 1429 907; x_wconf 75' lang='grc' dir='ltr'><strong>οὐχ</strong></span> <span class='ocrx_word' id='word_1_439' title='bbox 1446 873 1483 904; x_wconf 86' lang='grc' dir='ltr'>ὡς</span> <span class='ocrx_word' id='word_1_440' title='bbox 1508 873 1636 907; x_wconf 80' lang='grc' dir='ltr'>βασιλεὺς</span> <span class='ocrx_word' id='word_1_441' title='bbox 1653 874 1750 907; x_wconf 75' lang='grc' dir='ltr'>φίλοις,</span> <span class='ocrx_word' id='word_1_442' title='bbox 1764 875 1826 900; x_wconf 75' lang='grc' dir='ltr'>ἀλλ’</span> <span class='ocrx_word' id='word_1_443' title='bbox 1841 876 1881 907; x_wconf 77' lang='grc' dir='ltr'>ὡς</span> 
     </span>
    </p>
   </div>
   <div class='ocr_carea' id='block_1_63' title="bbox 1089 914 1878 953">
    <p class='ocr_par' dir='ltr' id='par_1_63' title="bbox 1089 914 1878 953">
     <span class='ocr_line' id='line_1_65' title="bbox 1089 914 1878 953; baseline 0.008 -13"><span class='ocrx_word' id='word_1_444' title='bbox 1089 914 1230 950; x_wconf 79' lang='grc' dir='ltr'><strong>ὑπηρέτης</strong></span> <span class='ocrx_word' id='word_1_445' title='bbox 1239 915 1384 948; x_wconf 76' lang='grc' dir='ltr'>δεσπόταις</span> <span class='ocrx_word' id='word_1_446' title='bbox 1403 918 1646 953; x_wconf 74' lang='grc' dir='ltr'>προσδιαλέγεσθαι</span> <span class='ocrx_word' id='word_1_447' title='bbox 1674 920 1765 952; x_wconf 85' lang='grc' dir='ltr'>σφίσιν</span> <span class='ocrx_word' id='word_1_448' title='bbox 1777 922 1807 946; x_wconf 81' lang='grc' dir='ltr'>ἐν</span> <span class='ocrx_word' id='word_1_449' title='bbox 1820 923 1878 952; x_wconf 74' lang='grc' dir='ltr'><strong>τοίς</strong></span> 
     </span>
    </p>
   </div>
   <div class='ocr_carea' id='block_1_64' title="bbox 1087 961 1880 1000">
    <p class='ocr_par' dir='ltr' id='par_1_64' title="bbox 1087 961 1880 1000">
     <span class='ocr_line' id='line_1_66' title="bbox 1087 961 1880 1000; baseline 0.006 -13"><span class='ocrx_word' id='word_1_450' title='bbox 1087 961 1158 995; x_wconf 81' lang='grc' dir='ltr'>πρὸς</span> <span class='ocrx_word' id='word_1_451' title='bbox 1174 962 1274 994; x_wconf 73' lang='grc' dir='ltr'>αὐτοὺς</span> <span class='ocrx_word' id='word_1_452' title='bbox 1293 963 1456 990; x_wconf 76' lang='grc' dir='ltr'>ἑπετάττετο</span> <span class='ocrx_word' id='word_1_453' title='bbox 1468 965 1640 999; x_wconf 84' lang='grc' dir='ltr'>γράμμασιν,</span> <span class='ocrx_word' id='word_1_454' title='bbox 1658 965 1673 1000; x_wconf 83' lang='grc' dir='ltr'>ἢ</span> <span class='ocrx_word' id='word_1_455' title='bbox 1691 966 1744 1000; x_wconf 86' lang='grc' dir='ltr'><strong>μὴν</strong></span> <span class='ocrx_word' id='word_1_456' title='bbox 1759 967 1880 993; x_wconf 70' lang='grc' dir='ltr'>ἀπελιδέ-</span> 
     </span>
    </p>
   </div>
   <div class='ocr_carea' id='block_1_65' title="bbox 1087 1007 1877 1045">
    <p class='ocr_par' dir='ltr' id='par_1_65' title="bbox 1087 1007 1877 1045">
     <span class='ocr_line' id='line_1_67' title="bbox 1087 1007 1877 1045; baseline 0.008 -12"><span class='ocrx_word' id='word_1_457' title='bbox 1087 1007 1183 1043; x_wconf 80' lang='grc' dir='ltr'>χεσθαι</span> <span class='ocrx_word' id='word_1_458' title='bbox 1199 1009 1270 1042; x_wconf 79' lang='grc' dir='ltr'>σφᾶς</span> <span class='ocrx_word' id='word_1_459' title='bbox 1300 1008 1362 1035; x_wconf 84' lang='grc' dir='ltr'>κατ’</span> <span class='ocrx_word' id='word_1_460' title='bbox 1390 1009 1473 1036; x_wconf 76' lang='grc' dir='ltr'>αὑτοῦ</span> <span class='ocrx_word' id='word_1_461' title='bbox 1485 1010 1519 1037; x_wconf 83' lang='grc' dir='ltr'>τὰ</span> <span class='ocrx_word' id='word_1_462' title='bbox 1531 1010 1600 1036; x_wconf 82' lang='grc' dir='ltr'>ὅπλα</span> <span class='ocrx_word' id='word_1_463' title='bbox 1617 1011 1805 1045; x_wconf 74' lang='grc' dir='ltr'><strong>βαστάζοντας</strong></span> <span class='ocrx_word' id='word_1_464' title='bbox 1829 1013 1877 1039; x_wconf 74' lang='grc' dir='ltr'>καὶ</span> 
     </span>
    </p>
   </div>
   <div class='ocr_carea' id='block_1_66' title="bbox 1086 1055 1876 1093">
    <p class='ocr_par' dir='ltr' id='par_1_66' title="bbox 1086 1055 1876 1093">
     <span class='ocr_line' id='line_1_68' title="bbox 1086 1055 1876 1093; baseline 0.003 -11"><span class='ocrx_word' id='word_1_465' title='bbox 1086 1055 1228 1091; x_wconf 76' lang='grc' dir='ltr'>κείροντας</span> <span class='ocrx_word' id='word_1_466' title='bbox 1257 1057 1315 1083; x_wconf 83' lang='grc' dir='ltr'>κατ’</span> <span class='ocrx_word' id='word_1_467' title='bbox 1345 1057 1489 1083; x_wconf 76' lang='grc' dir='ltr'><strong>εὐπέτειαν</strong></span> <span class='ocrx_word' id='word_1_468' title='bbox 1506 1058 1556 1091; x_wconf 84' lang='grc' dir='ltr'>τὴν</span> <span class='ocrx_word' id='word_1_469' title='bbox 1581 1057 1699 1091; x_wconf 81' lang='grc' dir='ltr'>Μυσίαν,</span> <span class='ocrx_word' id='word_1_470' title='bbox 1718 1058 1751 1093; x_wconf 86' lang='grc' dir='ltr'>ἣν</span> <span class='ocrx_word' id='word_1_471' title='bbox 1764 1059 1801 1093; x_wconf 78' lang='grc' dir='ltr'><strong>μὴ</strong></span> <span class='ocrx_word' id='word_1_472' title='bbox 1814 1060 1876 1084; x_wconf 75' lang='grc' dir='ltr'>δέον</span> 
     </span>
    </p>
   </div>
   <div class='ocr_carea' id='block_1_67' title="bbox 1086 1103 1875 1138">
    <p class='ocr_par' dir='ltr' id='par_1_67' title="bbox 1086 1103 1875 1138">
     <span class='ocr_line' id='line_1_69' title="bbox 1086 1103 1875 1138; baseline 0.001 -8"><span class='ocrx_word' id='word_1_473' title='bbox 1086 1103 1241 1138; x_wconf 81' lang='grc' dir='ltr'>καρποῦται</span> <span class='ocrx_word' id='word_1_474' title='bbox 1265 1104 1322 1135; x_wconf 81' lang='grc' dir='ltr'>τοῖς</span> <span class='ocrx_word' id='word_1_475' title='bbox 1336 1103 1442 1138; x_wconf 83' lang='grc' dir='ltr'>κυρίοις</span> <span class='ocrx_word' id='word_1_476' title='bbox 1461 1103 1607 1138; x_wconf 87' lang='grc' dir='ltr'>Ῥωμαίοις</span> <span class='ocrx_word' id='word_1_477' title='bbox 1632 1105 1803 1135; x_wconf 66' lang='grc' dir='ltr'>ἐπαναστὰς,</span> <span class='ocrx_word' id='word_1_478' title='bbox 1822 1106 1875 1131; x_wconf 72' lang='grc' dir='ltr'><strong>κά-</strong></span> 
     </span>
    </p>
   </div>
   <div class='ocr_carea' id='block_1_68' title="bbox 1085 1148 1874 1184">
    <p class='ocr_par' dir='ltr' id='par_1_68' title="bbox 1085 1148 1874 1184">
     <span class='ocr_line' id='line_1_70' title="bbox 1085 1148 1874 1184; baseline 0.003 -10"><span class='ocrx_word' id='word_1_479' title='bbox 1085 1149 1174 1175; x_wconf 77' lang='grc' dir='ltr'>κεῖνον</span> <span class='ocrx_word' id='word_1_480' title='bbox 1189 1149 1228 1180; x_wconf 76' lang='grc' dir='ltr'><strong>είς</strong></span> <span class='ocrx_word' id='word_1_481' title='bbox 1242 1148 1292 1184; x_wconf 85' lang='grc' dir='ltr'>τὴν</span> <span class='ocrx_word' id='word_1_482' title='bbox 1308 1149 1443 1184; x_wconf 83' lang='grc' dir='ltr'>προτέραν</span> <span class='ocrx_word' id='word_1_483' title='bbox 1459 1149 1545 1183; x_wconf 80' lang='grc' dir='ltr'><strong>τύχην</strong></span> <span class='ocrx_word' id='word_1_484' title='bbox 1575 1149 1792 1180; x_wconf 74' lang='grc' dir='ltr'>ἑπαναλύοντας.</span> <span class='ocrx_word' id='word_1_485' title='bbox 1805 1153 1874 1176; x_wconf 64' lang='grc' dir='ltr'>Διας</span> 
     </span>
    </p>
   </div>
   <div class='ocr_carea' id='block_1_69' title="bbox 1086 1194 1876 1232">
    <p class='ocr_par' dir='ltr' id='par_1_69' title="bbox 1086 1194 1876 1232">
     <span class='ocr_line' id='line_1_71' title="bbox 1086 1194 1876 1232; baseline 0.004 -12"><span class='ocrx_word' id='word_1_486' title='bbox 1086 1194 1163 1229; x_wconf 83' lang='grc' dir='ltr'>φίησι</span> <span class='ocrx_word' id='word_1_487' title='bbox 1175 1194 1266 1221; x_wconf 80' lang='grc' dir='ltr'>τοίνυν</span> <span class='ocrx_word' id='word_1_488' title='bbox 1289 1195 1329 1226; x_wconf 78' lang='grc' dir='ltr'><strong>εἰς</strong></span> <span class='ocrx_word' id='word_1_489' title='bbox 1346 1194 1395 1224; x_wconf 80' lang='grc' dir='ltr'><strong>τὰς</strong></span> <span class='ocrx_word' id='word_1_490' title='bbox 1418 1195 1552 1230; x_wconf 80' lang='grc' dir='ltr'>πατρίδας</span> <span class='ocrx_word' id='word_1_491' title='bbox 1574 1196 1715 1222; x_wconf 73' lang='grc' dir='ltr'>ἐπανιέναι</span> <span class='ocrx_word' id='word_1_492' title='bbox 1728 1196 1791 1228; x_wconf 73' lang='grc' dir='ltr'>τοὺς</span> <span class='ocrx_word' id='word_1_493' title='bbox 1805 1198 1876 1232; x_wconf 52' lang='lat' dir='ltr'><strong>sm]-</strong></span> 
     </span>
    </p>
   </div>
   <div class='ocr_carea' id='block_1_70' title="bbox 1085 1240 1874 1276">
    <p class='ocr_par' dir='ltr' id='par_1_70' title="bbox 1085 1240 1874 1276">
     <span class='ocr_line' id='line_1_72' title="bbox 1085 1240 1874 1276; baseline 0.003 -10"><span class='ocrx_word' id='word_1_494' title='bbox 1085 1240 1166 1271; x_wconf 84' lang='grc' dir='ltr'>λυδας</span> <span class='ocrx_word' id='word_1_495' title='bbox 1184 1240 1260 1275; x_wconf 89' lang='grc' dir='ltr'><strong>αὺτῷ</strong></span> <span class='ocrx_word' id='word_1_496' title='bbox 1280 1240 1432 1275; x_wconf 84' lang='grc' dir='ltr'>Ῥωμαίους</span> <span class='ocrx_word' id='word_1_497' title='bbox 1446 1241 1460 1267; x_wconf 81' lang='grc' dir='ltr'><strong>ὁ</strong></span> <span class='ocrx_word' id='word_1_498' title='bbox 1484 1241 1622 1276; x_wconf 80' lang='grc' dir='ltr'>Ἰωάννης,</span> <span class='ocrx_word' id='word_1_499' title='bbox 1651 1241 1697 1268; x_wconf 80' lang='grc' dir='ltr'>καὶ</span> <span class='ocrx_word' id='word_1_500' title='bbox 1707 1241 1774 1276; x_wconf 76' lang='grc' dir='ltr'>δρᾷν</span> <span class='ocrx_word' id='word_1_501' title='bbox 1788 1242 1802 1268; x_wconf 78' lang='grc' dir='ltr'><strong>ὅ</strong></span> <span class='ocrx_word' id='word_1_502' title='bbox 1825 1243 1874 1268; x_wconf 70' lang='lat'><strong>5-3-</strong></span> 
     </span>
    </p>
   </div>
   <div class='ocr_carea' id='block_1_71' title="bbox 1085 1287 1872 1324">
    <p class='ocr_par' dir='ltr' id='par_1_71' title="bbox 1085 1287 1872 1324">
     <span class='ocr_line' id='line_1_73' title="bbox 1085 1287 1872 1324; baseline 0.003 -10"><span class='ocrx_word' id='word_1_503' title='bbox 1085 1295 1181 1314; x_wconf 90' lang='grc' dir='ltr'>νανται</span> <span class='ocrx_word' id='word_1_504' title='bbox 1194 1288 1278 1314; x_wconf 79' lang='grc' dir='ltr'>κακὸν</span> <span class='ocrx_word' id='word_1_505' title='bbox 1292 1288 1356 1319; x_wconf 80' lang='grc' dir='ltr'>τοὺς</span> <span class='ocrx_word' id='word_1_506' title='bbox 1369 1287 1504 1319; x_wconf 85' lang='grc' dir='ltr'>Λατίνους</span> <span class='ocrx_word' id='word_1_507' title='bbox 1519 1288 1740 1323; x_wconf 80' lang='grc' dir='ltr'>μετέὺμεθόδων</span> <span class='ocrx_word' id='word_1_508' title='bbox 1756 1288 1872 1324; x_wconf 63' lang='lat' dir='ltr'><strong>[E595]</strong></span> 
     </span>
    </p>
   </div>
   <div class='ocr_carea' id='block_1_72' title="bbox 1084 1333 1874 1370">
    <p class='ocr_par' dir='ltr' id='par_1_72' title="bbox 1084 1333 1874 1370">
     <span class='ocr_line' id='line_1_74' title="bbox 1084 1333 1874 1370; baseline 0.003 -11"><span class='ocrx_word' id='word_1_509' title='bbox 1084 1333 1138 1360; x_wconf 86' lang='grc' dir='ltr'>τῶν</span> <span class='ocrx_word' id='word_1_510' title='bbox 1152 1334 1350 1368; x_wconf 75' lang='grc' dir='ltr'>ἐγχειρήσεων,</span> <span class='ocrx_word' id='word_1_511' title='bbox 1369 1334 1420 1366; x_wconf 76' lang='grc' dir='ltr'>ἕως</span> <span class='ocrx_word' id='word_1_512' title='bbox 1435 1334 1470 1360; x_wconf 79' lang='grc' dir='ltr'>τὰ</span> <span class='ocrx_word' id='word_1_513' title='bbox 1487 1334 1548 1360; x_wconf 83' lang='grc' dir='ltr'>κατ’</span> <span class='ocrx_word' id='word_1_514' title='bbox 1560 1335 1660 1365; x_wconf 80' lang='grc' dir='ltr'>αὐτοὺς</span> <span class='ocrx_word' id='word_1_515' title='bbox 1678 1335 1723 1361; x_wconf 78' lang='grc' dir='ltr'><strong>ἐπὶ</strong></span> <span class='ocrx_word' id='word_1_516' title='bbox 1736 1335 1766 1361; x_wconf 80' lang='grc' dir='ltr'>τὸ</span> <span class='ocrx_word' id='word_1_517' title='bbox 1778 1337 1874 1370; x_wconf 73' lang='grc' dir='ltr'>κρεῖτ-</span> 
     </span>
    </p>
   </div>
   <div class='ocr_carea' id='block_1_73' title="bbox 1083 1379 1870 1416">
    <p class='ocr_par' dir='ltr' id='par_1_73' title="bbox 1083 1379 1870 1416">
     <span class='ocr_line' id='line_1_75' title="bbox 1083 1379 1870 1416; baseline 0.003 -10"><span class='ocrx_word' id='word_1_518' title='bbox 1083 1389 1129 1407; x_wconf 86' lang='grc' dir='ltr'><strong>τον</strong></span> <span class='ocrx_word' id='word_1_519' title='bbox 1147 1381 1250 1412; x_wconf 78' lang='grc' dir='ltr'>ἐκεῖνος</span> <span class='ocrx_word' id='word_1_520' title='bbox 1260 1380 1388 1408; x_wconf 80' lang='grc' dir='ltr'>διάθοιτο.</span> <span class='ocrx_word' id='word_1_521' title='bbox 1398 1381 1581 1415; x_wconf 84' lang='grc' dir='ltr'>Ἐπανηκότες</span> <span class='ocrx_word' id='word_1_522' title='bbox 1595 1379 1642 1408; x_wconf 83' lang='grc' dir='ltr'>οὖν</span> <span class='ocrx_word' id='word_1_523' title='bbox 1653 1382 1682 1412; x_wconf 79' lang='grc' dir='ltr'><strong>ές</strong></span> <span class='ocrx_word' id='word_1_524' title='bbox 1698 1381 1733 1407; x_wconf 81' lang='grc' dir='ltr'>τὰ</span> <span class='ocrx_word' id='word_1_525' title='bbox 1747 1383 1870 1416; x_wconf 76' lang='grc' dir='ltr'>σφέτερα</span> 
     </span>
    </p>
   </div>
   <div class='ocr_carea' id='block_1_74' title="bbox 1083 1427 1869 1463">
    <p class='ocr_par' dir='ltr' id='par_1_74' title="bbox 1083 1427 1869 1463">
     <span class='ocr_line' id='line_1_76' title="bbox 1083 1427 1869 1463; baseline 0 -9"><span class='ocrx_word' id='word_1_526' title='bbox 1083 1428 1132 1458; x_wconf 73' lang='grc' dir='ltr'>τὰς</span> <span class='ocrx_word' id='word_1_527' title='bbox 1149 1427 1205 1454; x_wconf 83' lang='grc' dir='ltr'>τῶν</span> <span class='ocrx_word' id='word_1_528' title='bbox 1219 1427 1335 1463; x_wconf 80' lang='grc' dir='ltr'>Θρᾳκῶν</span> <span class='ocrx_word' id='word_1_529' title='bbox 1349 1428 1393 1454; x_wconf 72' lang='grc' dir='ltr'>καὶ</span> <span class='ocrx_word' id='word_1_530' title='bbox 1405 1427 1569 1454; x_wconf 79' lang='grc' dir='ltr'>Μακεδόνων</span> <span class='ocrx_word' id='word_1_531' title='bbox 1583 1428 1675 1459; x_wconf 82' lang='grc' dir='ltr'>πόλεις</span> <span class='ocrx_word' id='word_1_532' title='bbox 1690 1428 1869 1462; x_wconf 71' lang='grc' dir='ltr'>διαφιστῶσι,</span> 
     </span>
    </p>
   </div>
   <div class='ocr_carea' id='block_1_75' title="bbox 1083 1474 1869 1510">
    <p class='ocr_par' dir='ltr' id='par_1_75' title="bbox 1083 1474 1869 1510">
     <span class='ocr_line' id='line_1_77' title="bbox 1083 1474 1869 1510; baseline 0.001 -10"><span class='ocrx_word' id='word_1_533' title='bbox 1083 1474 1288 1509; x_wconf 81' lang='grc' dir='ltr'>συναιρομένων</span> <span class='ocrx_word' id='word_1_534' title='bbox 1314 1475 1390 1508; x_wconf 83' lang='grc' dir='ltr'>σφίσι</span> <span class='ocrx_word' id='word_1_535' title='bbox 1417 1475 1471 1500; x_wconf 85' lang='grc' dir='ltr'>τῶν</span> <span class='ocrx_word' id='word_1_536' title='bbox 1495 1474 1617 1510; x_wconf 82' lang='grc' dir='ltr'>Βλάχων.</span> <span class='ocrx_word' id='word_1_537' title='bbox 1645 1474 1769 1501; x_wconf 71' lang='grc' dir='ltr'>Πλεῖστοι</span> <span class='ocrx_word' id='word_1_538' title='bbox 1800 1476 1869 1509; x_wconf 67' lang='grc' dir='ltr'>γοῦν</span> 
     </span>
    </p>
   </div>
   <div class='ocr_carea' id='block_1_76' title="bbox 1082 1521 1869 1556">
    <p class='ocr_par' dir='ltr' id='par_1_76' title="bbox 1082 1521 1869 1556">
     <span class='ocr_line' id='line_1_78' title="bbox 1082 1521 1869 1556; baseline 0 -8"><span class='ocrx_word' id='word_1_539' title='bbox 1082 1521 1206 1548; x_wconf 67' lang='grc' dir='ltr'>ἐντεῦθεν</span> <span class='ocrx_word' id='word_1_540' title='bbox 1219 1521 1273 1547; x_wconf 83' lang='grc' dir='ltr'><strong>τῶν</strong></span> <span class='ocrx_word' id='word_1_541' title='bbox 1285 1522 1335 1553; x_wconf 81' lang='grc' dir='ltr'><strong>τὰς</strong></span> <span class='ocrx_word' id='word_1_542' title='bbox 1348 1521 1439 1552; x_wconf 84' lang='grc' dir='ltr'>πόλεις</span> <span class='ocrx_word' id='word_1_543' title='bbox 1453 1521 1671 1556; x_wconf 75' lang='grc' dir='ltr'>διανειμαμένων</span> <span class='ocrx_word' id='word_1_544' title='bbox 1696 1522 1822 1548; x_wconf 64' lang='grc' dir='ltr'>Λατίιων</span> <span class='ocrx_word' id='word_1_545' title='bbox 1840 1525 1869 1553; x_wconf 79' lang='grc' dir='ltr'>ἐς</span> 
     </span>
    </p>
   </div>
   <div class='ocr_carea' id='block_1_77' title="bbox 1080 1566 1867 1602">
    <p class='ocr_par' dir='ltr' id='par_1_77' title="bbox 1080 1566 1867 1602">
     <span class='ocr_line' id='line_1_79' title="bbox 1080 1566 1867 1602; baseline 0 -8"><span class='ocrx_word' id='word_1_546' title='bbox 1080 1568 1146 1594; x_wconf 80' lang='grc' dir='ltr'>αὐτὸ</span> <span class='ocrx_word' id='word_1_547' title='bbox 1159 1567 1324 1602; x_wconf 81' lang='grc' dir='ltr'>ζημιοῦνται</span> <span class='ocrx_word' id='word_1_548' title='bbox 1338 1568 1368 1594; x_wconf 75' lang='grc' dir='ltr'><strong>τὸ</strong></span> <span class='ocrx_word' id='word_1_549' title='bbox 1378 1566 1440 1602; x_wconf 80' lang='grc' dir='ltr'><strong>ζῇν,</strong></span> <span class='ocrx_word' id='word_1_550' title='bbox 1456 1568 1481 1594; x_wconf 80' lang='grc' dir='ltr'>οι</span> <span class='ocrx_word' id='word_1_551' title='bbox 1495 1568 1522 1594; x_wconf 85' lang='grc' dir='ltr'>δὲ</span> <span class='ocrx_word' id='word_1_552' title='bbox 1541 1568 1658 1601; x_wconf 77' lang='grc' dir='ltr'><strong>φυγάδες</strong></span> <span class='ocrx_word' id='word_1_553' title='bbox 1673 1568 1701 1598; x_wconf 85' lang='grc' dir='ltr'>ὲς</span> <span class='ocrx_word' id='word_1_554' title='bbox 1717 1568 1867 1599; x_wconf 72' lang='grc' dir='ltr'>Βυζάντιον</span> 
     </span>
    </p>
   </div>
   <div class='ocr_carea' id='block_1_78' title="bbox 1079 1613 1867 1648">
    <p class='ocr_par' dir='ltr' id='par_1_78' title="bbox 1079 1613 1867 1648">
     <span class='ocr_line' id='line_1_80' title="bbox 1079 1613 1867 1648; baseline 0.003 -10"><span class='ocrx_word' id='word_1_555' title='bbox 1079 1613 1276 1645; x_wconf 71' lang='grc' dir='ltr'>ἐπανήκουσιν.</span> <span class='ocrx_word' id='word_1_556' title='bbox 1308 1613 1388 1639; x_wconf 83' lang='grc' dir='ltr'><strong>Ἀλλά</strong></span> <span class='ocrx_word' id='word_1_557' title='bbox 1401 1613 1447 1639; x_wconf 79' lang='grc' dir='ltr'>καὶ</span> <span class='ocrx_word' id='word_1_558' title='bbox 1463 1614 1528 1639; x_wconf 84' lang='grc' dir='ltr'>οίὲν</span> <span class='ocrx_word' id='word_1_559' title='bbox 1551 1614 1736 1648; x_wconf 77' lang='grc' dir='ltr'>Διδυμοτοίχῳ</span> <span class='ocrx_word' id='word_1_560' title='bbox 1760 1614 1867 1648; x_wconf 78' lang='grc' dir='ltr'>διαχει-</span> 
     </span>
    </p>
   </div>
   <div class='ocr_carea' id='block_1_79' title="bbox 1081 1659 1865 1695">
    <p class='ocr_par' dir='ltr' id='par_1_79' title="bbox 1081 1659 1865 1695">
     <span class='ocr_line' id='line_1_81' title="bbox 1081 1659 1865 1695; baseline 0.004 -10"><span class='ocrx_word' id='word_1_561' title='bbox 1081 1659 1213 1694; x_wconf 76' lang='grc' dir='ltr'>ρίζονται,</span> <span class='ocrx_word' id='word_1_562' title='bbox 1229 1659 1276 1685; x_wconf 81' lang='grc' dir='ltr'><strong>καὶ</strong></span> <span class='ocrx_word' id='word_1_563' title='bbox 1288 1660 1312 1685; x_wconf 90' lang='grc' dir='ltr'>οι</span> <span class='ocrx_word' id='word_1_564' title='bbox 1327 1659 1356 1685; x_wconf 82' lang='grc' dir='ltr'>ὲν</span> <span class='ocrx_word' id='word_1_565' title='bbox 1376 1660 1529 1694; x_wconf 78' lang='grc' dir='ltr'>Ὀρεστιάδι</span> <span class='ocrx_word' id='word_1_566' title='bbox 1547 1661 1714 1695; x_wconf 75' lang='grc' dir='ltr'>μετανάσται</span> <span class='ocrx_word' id='word_1_567' title='bbox 1730 1662 1865 1693; x_wconf 79' lang='grc' dir='ltr'>γίνονται.</span> 
     </span>
    </p>
   </div>
   <div class='ocr_carea' id='block_1_80' title="bbox 1079 1704 1866 1742">
    <p class='ocr_par' dir='ltr' id='par_1_80' title="bbox 1079 1704 1866 1742">
     <span class='ocr_line' id='line_1_82' title="bbox 1079 1704 1866 1742; baseline 0.003 -12"><span class='ocrx_word' id='word_1_568' title='bbox 1079 1706 1133 1730; x_wconf 80' lang='grc' dir='ltr'><strong>Καὶ</strong></span> <span class='ocrx_word' id='word_1_569' title='bbox 1147 1704 1226 1731; x_wconf 78' lang='grc' dir='ltr'>τοῦτο</span> <span class='ocrx_word' id='word_1_570' title='bbox 1239 1705 1268 1730; x_wconf 84' lang='grc' dir='ltr'><strong>τὸ</strong></span> <span class='ocrx_word' id='word_1_571' title='bbox 1283 1705 1364 1738; x_wconf 78' lang='grc' dir='ltr'>ἔργον</span> <span class='ocrx_word' id='word_1_572' title='bbox 1391 1706 1530 1740; x_wconf 79' lang='grc' dir='ltr'>ὲλευῦεροῖ</span> <span class='ocrx_word' id='word_1_573' title='bbox 1556 1707 1605 1740; x_wconf 82' lang='grc' dir='ltr'><strong>μὲν</strong></span> <span class='ocrx_word' id='word_1_574' title='bbox 1624 1707 1672 1742; x_wconf 82' lang='grc' dir='ltr'><strong>τὴν</strong></span> <span class='ocrx_word' id='word_1_575' title='bbox 1689 1707 1725 1733; x_wconf 78' lang='grc' dir='ltr'>ἕω</span> <span class='ocrx_word' id='word_1_576' title='bbox 1741 1707 1866 1733; x_wconf 69' lang='grc' dir='ltr'>Λατίνων</span> 
     </span>
    </p>
   </div>
   <div class='ocr_carea' id='block_1_81' title="bbox 1079 1750 1865 1786">
    <p class='ocr_par' dir='ltr' id='par_1_81' title="bbox 1079 1750 1865 1786">
     <span class='ocr_line' id='line_1_83' title="bbox 1079 1750 1865 1786; baseline 0.003 -10"><span class='ocrx_word' id='word_1_577' title='bbox 1079 1750 1155 1785; x_wconf 70' lang='grc' dir='ltr'>παρὰ</span> <span class='ocrx_word' id='word_1_578' title='bbox 1182 1751 1273 1776; x_wconf 78' lang='grc' dir='ltr'>πᾶσαν</span> <span class='ocrx_word' id='word_1_579' title='bbox 1297 1751 1418 1785; x_wconf 75' lang='grc' dir='ltr'><strong>δόκησιν,</strong></span> <span class='ocrx_word' id='word_1_580' title='bbox 1445 1752 1638 1786; x_wconf 63' lang='grc' dir='ltr'>ὲπανηκόντων</span> <span class='ocrx_word' id='word_1_581' title='bbox 1668 1753 1708 1783; x_wconf 82' lang='grc' dir='ltr'><strong>εἰς</strong></span> <span class='ocrx_word' id='word_1_582' title='bbox 1734 1754 1780 1778; x_wconf 65' lang='grc' dir='ltr'><strong>τὸν</strong></span> <span class='ocrx_word' id='word_1_583' title='bbox 1795 1752 1865 1779; x_wconf 74' lang='grc' dir='ltr'>καθ’</span> 
     </span>
    </p>
   </div>
   <div class='ocr_carea' id='block_1_82' title="bbox 1086 1795 1864 1834">
    <p class='ocr_par' dir='ltr' id='par_1_82' title="bbox 1086 1795 1864 1834">
     <span class='ocr_line' id='line_1_84' title="bbox 1086 1795 1864 1834; baseline 0.004 -12"><span class='ocrx_word' id='word_1_584' title='bbox 1086 1795 1222 1831; x_wconf 82' lang='grc' dir='ltr'>Ἑσπέραν</span> <span class='ocrx_word' id='word_1_585' title='bbox 1237 1797 1365 1831; x_wconf 85' lang='grc' dir='ltr'>πόλεμον,</span> <span class='ocrx_word' id='word_1_586' title='bbox 1383 1797 1509 1832; x_wconf 77' lang='grc' dir='ltr'>ἐκκρούει</span> <span class='ocrx_word' id='word_1_587' title='bbox 1523 1798 1550 1823; x_wconf 72' lang='grc' dir='ltr'>δὲ</span> <span class='ocrx_word' id='word_1_588' title='bbox 1566 1798 1611 1824; x_wconf 76' lang='grc' dir='ltr'>τοῦ</span> <span class='ocrx_word' id='word_1_589' title='bbox 1637 1798 1707 1832; x_wconf 81' lang='grc' dir='ltr'>ἄγαν</span> <span class='ocrx_word' id='word_1_590' title='bbox 1723 1801 1770 1824; x_wconf 78' lang='grc' dir='ltr'>καὶ</span> <span class='ocrx_word' id='word_1_591' title='bbox 1795 1800 1864 1834; x_wconf 71' lang='grc' dir='ltr'>πρὸς</span> 
     </span>
    </p>
   </div>
   <div class='ocr_carea' id='block_1_83' title="bbox 1078 1842 1862 1880">
    <p class='ocr_par' dir='ltr' id='par_1_83' title="bbox 1078 1842 1862 1880">
     <span class='ocr_line' id='line_1_85' title="bbox 1078 1842 1862 1880; baseline 0.003 -12"><span class='ocrx_word' id='word_1_592' title='bbox 1078 1842 1165 1878; x_wconf 76' lang='grc' dir='ltr'>βραχὺ</span> <span class='ocrx_word' id='word_1_593' title='bbox 1195 1843 1391 1878; x_wconf 80' lang='grc' dir='ltr'>μετριόφρονας</span> <span class='ocrx_word' id='word_1_594' title='bbox 1418 1843 1511 1878; x_wconf 79' lang='grc' dir='ltr'>τίθησι</span> <span class='ocrx_word' id='word_1_595' title='bbox 1533 1844 1595 1874; x_wconf 70' lang='grc' dir='ltr'>τοὺς</span> <span class='ocrx_word' id='word_1_596' title='bbox 1611 1845 1798 1878; x_wconf 61' lang='grc' dir='ltr'>κατασχῆντας</span> <span class='ocrx_word' id='word_1_597' title='bbox 1812 1846 1862 1880; x_wconf 76' lang='grc' dir='ltr'>τὴν</span> 
     </span>
    </p>
   </div>
   <div class='ocr_carea' id='block_1_84' title="bbox 1082 1888 1860 1926">
    <p class='ocr_par' dir='ltr' id='par_1_84' title="bbox 1082 1888 1860 1926">
     <span class='ocr_line' id='line_1_86' title="bbox 1082 1888 1860 1926; baseline 0.003 -11"><span class='ocrx_word' id='word_1_598' title='bbox 1082 1888 1197 1915; x_wconf 78' lang='grc' dir='ltr'>Ἐλλάδα</span> <span class='ocrx_word' id='word_1_599' title='bbox 1222 1890 1269 1915; x_wconf 72' lang='grc' dir='ltr'><strong>κα.)⁸</strong></span> <span class='ocrx_word' id='word_1_600' title='bbox 1292 1889 1412 1920; x_wconf 84' lang='grc' dir='ltr'>Πέλοπος</span> <span class='ocrx_word' id='word_1_601' title='bbox 1429 1889 1536 1923; x_wconf 76' lang='grc' dir='ltr'>ἔδαφος,</span> <span class='ocrx_word' id='word_1_602' title='bbox 1553 1891 1609 1916; x_wconf 72' lang='grc' dir='ltr'><strong>Καὶ</strong></span> <span class='ocrx_word' id='word_1_603' title='bbox 1626 1891 1669 1916; x_wconf 80' lang='grc' dir='ltr'>ἵνα</span> <span class='ocrx_word' id='word_1_604' title='bbox 1686 1891 1747 1917; x_wconf 73' lang='grc' dir='ltr'>καθ’</span> <span class='ocrx_word' id='word_1_605' title='bbox 1763 1892 1860 1926; x_wconf 76' lang='grc' dir='ltr'>ειρμδν</span> 
     </span>
    </p>
   </div>
   <div class='ocr_carea' id='block_1_85' title="bbox 1074 1935 1861 1971">
    <p class='ocr_par' dir='ltr' id='par_1_85' title="bbox 1074 1935 1861 1971">
     <span class='ocr_line' id='line_1_87' title="bbox 1074 1935 1861 1971; baseline 0.005 -11"><span class='ocrx_word' id='word_1_606' title='bbox 1074 1935 1113 1969; x_wconf 86' lang='grc' dir='ltr'><strong>τῷ</strong></span> <span class='ocrx_word' id='word_1_607' title='bbox 1126 1935 1216 1969; x_wconf 88' lang='grc' dir='ltr'>λέγειν</span> <span class='ocrx_word' id='word_1_608' title='bbox 1240 1935 1352 1970; x_wconf 84' lang='grc' dir='ltr'>δοίημεν</span> <span class='ocrx_word' id='word_1_609' title='bbox 1365 1936 1450 1962; x_wconf 80' lang='grc' dir='ltr'>ὁπόσα</span> <span class='ocrx_word' id='word_1_610' title='bbox 1474 1935 1580 1962; x_wconf 74' lang='grc' dir='ltr'>ἐνθένδε</span> <span class='ocrx_word' id='word_1_611' title='bbox 1606 1936 1774 1971; x_wconf 77' lang='grc' dir='ltr'>ξυμὸέὸηκε,</span> <span class='ocrx_word' id='word_1_612' title='bbox 1792 1938 1861 1964; x_wconf 78' lang='grc' dir='ltr'><strong>Ῥω-</strong></span> 
     </span>
    </p>
   </div>
   <div class='ocr_carea' id='block_1_86' title="bbox 1076 1981 1860 2019">
    <p class='ocr_par' dir='ltr' id='par_1_86' title="bbox 1076 1981 1860 2019">
     <span class='ocr_line' id='line_1_88' title="bbox 1076 1981 1860 2019; baseline 0.005 -12"><span class='ocrx_word' id='word_1_613' title='bbox 1076 1981 1213 2016; x_wconf 75' lang='grc' dir='ltr'>μαῖοιμὲν</span> <span class='ocrx_word' id='word_1_614' title='bbox 1239 1983 1290 2016; x_wconf 82' lang='grc' dir='ltr'><strong>τὴν</strong></span> <span class='ocrx_word' id='word_1_615' title='bbox 1307 1983 1335 2015; x_wconf 69' lang='grc' dir='ltr'><strong>ἐξ</strong></span> <span class='ocrx_word' id='word_1_616' title='bbox 1356 1982 1499 2017; x_wconf 78' lang='grc' dir='ltr'>Ἀδριανοῦ</span> <span class='ocrx_word' id='word_1_617' title='bbox 1526 1983 1575 2018; x_wconf 77' lang='grc' dir='ltr'>τὴν</span> <span class='ocrx_word' id='word_1_618' title='bbox 1600 1983 1698 2018; x_wconf 83' lang='grc' dir='ltr'>κλῆσιν</span> <span class='ocrx_word' id='word_1_619' title='bbox 1721 1984 1860 2019; x_wconf 67' lang='grc' dir='ltr'>λαχοῦσαν</span> 
     </span>
    </p>
   </div>
   <div class='ocr_carea' id='block_1_87' title="bbox 1074 2027 1860 2065">
    <p class='ocr_par' dir='ltr' id='par_1_87' title="bbox 1074 2027 1860 2065">
     <span class='ocr_line' id='line_1_89' title="bbox 1074 2027 1860 2065; baseline 0.005 -12"><span class='ocrx_word' id='word_1_620' title='bbox 1074 2027 1122 2053; x_wconf 87' lang='grc' dir='ltr'><strong>καί</strong></span> <span class='ocrx_word' id='word_1_621' title='bbox 1148 2035 1180 2061; x_wconf 88' lang='grc' dir='ltr'><strong>γε</strong></span> <span class='ocrx_word' id='word_1_622' title='bbox 1202 2027 1233 2054; x_wconf 83' lang='grc' dir='ltr'>τὺ</span> <span class='ocrx_word' id='word_1_623' title='bbox 1257 2028 1449 2062; x_wconf 83' lang='grc' dir='ltr'>Διδυμότοιχον</span> <span class='ocrx_word' id='word_1_624' title='bbox 1477 2028 1644 2064; x_wconf 80' lang='grc' dir='ltr'>κρατοῦντες</span> <span class='ocrx_word' id='word_1_625' title='bbox 1666 2030 1736 2056; x_wconf 80' lang='grc' dir='ltr'>κατὰ</span> <span class='ocrx_word' id='word_1_626' title='bbox 1763 2032 1860 2065; x_wconf 84' lang='grc' dir='ltr'>χώραν</span> 
     </span>
    </p>
   </div>
   <div class='ocr_carea' id='block_1_88' title="bbox 1073 2074 1860 2110">
    <p class='ocr_par' dir='ltr' id='par_1_88' title="bbox 1073 2074 1860 2110">
     <span class='ocr_line' id='line_1_90' title="bbox 1073 2074 1860 2110; baseline 0.001 -9"><span class='ocrx_word' id='word_1_627' title='bbox 1073 2075 1181 2110; x_wconf 76' lang='grc' dir='ltr'>ἔμενον,</span> <span class='ocrx_word' id='word_1_628' title='bbox 1198 2075 1227 2101; x_wconf 78' lang='grc' dir='ltr'>οὐ</span> <span class='ocrx_word' id='word_1_629' title='bbox 1243 2076 1345 2110; x_wconf 68' lang='grc' dir='ltr'>μικρὰν</span> <span class='ocrx_word' id='word_1_630' title='bbox 1363 2075 1416 2101; x_wconf 77' lang='grc' dir='ltr'><strong>ἀπὸ</strong></span> <span class='ocrx_word' id='word_1_631' title='bbox 1429 2074 1484 2101; x_wconf 82' lang='grc' dir='ltr'>τῶν</span> <span class='ocrx_word' id='word_1_632' title='bbox 1502 2075 1615 2109; x_wconf 83' lang='grc' dir='ltr'>Βλάχων</span> <span class='ocrx_word' id='word_1_633' title='bbox 1631 2075 1762 2109; x_wconf 79' lang='grc' dir='ltr'>σύναρσιν</span> <span class='ocrx_word' id='word_1_634' title='bbox 1779 2076 1860 2110; x_wconf 76' lang='grc' dir='ltr'>ἔκον-</span> 
     </span>
    </p>
   </div>
   <div class='ocr_carea' id='block_1_89' title="bbox 1072 2121 1860 2156">
    <p class='ocr_par' dir='ltr' id='par_1_89' title="bbox 1072 2121 1860 2156">
     <span class='ocr_line' id='line_1_91' title="bbox 1072 2121 1860 2156; baseline 0.003 -8"><span class='ocrx_word' id='word_1_635' title='bbox 1072 2129 1126 2152; x_wconf 79' lang='grc' dir='ltr'>τεςο</span> <span class='ocrx_word' id='word_1_636' title='bbox 1139 2122 1153 2147; x_wconf 81' lang='grc' dir='ltr'>ὁ</span> <span class='ocrx_word' id='word_1_637' title='bbox 1167 2122 1194 2147; x_wconf 85' lang='grc' dir='ltr'><strong>δέ</strong></span> <span class='ocrx_word' id='word_1_638' title='bbox 1210 2129 1241 2155; x_wconf 78' lang='grc' dir='ltr'><strong>γε</strong></span> <span class='ocrx_word' id='word_1_639' title='bbox 1266 2121 1392 2156; x_wconf 73' lang='grc' dir='ltr'>Ἰωάννης</span> <span class='ocrx_word' id='word_1_640' title='bbox 1416 2122 1466 2152; x_wconf 76' lang='grc' dir='ltr'><strong>τὰς</strong></span> <span class='ocrx_word' id='word_1_641' title='bbox 1493 2122 1598 2153; x_wconf 77' lang='grc' dir='ltr'>οἰκείας</span> <span class='ocrx_word' id='word_1_642' title='bbox 1614 2123 1706 2154; x_wconf 68' lang='grc' dir='ltr'>τάξεις</span> <span class='ocrx_word' id='word_1_643' title='bbox 1719 2123 1766 2148; x_wconf 81' lang='grc' dir='ltr'>καὶ</span> <span class='ocrx_word' id='word_1_644' title='bbox 1781 2123 1810 2149; x_wconf 83' lang='grc' dir='ltr'>τὸ</span> <span class='ocrx_word' id='word_1_645' title='bbox 1826 2125 1860 2150; x_wconf 79' lang='grc' dir='ltr'>ὲκ</span> 
     </span>
    </p>
   </div>
   <div class='ocr_carea' id='block_1_90' title="bbox 1075 2167 1860 2203">
    <p class='ocr_par' dir='ltr' id='par_1_90' title="bbox 1075 2167 1860 2203">
     <span class='ocr_line' id='line_1_92' title="bbox 1075 2167 1860 2203; baseline 0 -9"><span class='ocrx_word' id='word_1_646' title='bbox 1075 2167 1185 2194; x_wconf 82' lang='grc' dir='ltr'>Σκυθῶν</span> <span class='ocrx_word' id='word_1_647' title='bbox 1205 2167 1351 2201; x_wconf 77' lang='grc' dir='ltr'>ἐπίκουρον</span> <span class='ocrx_word' id='word_1_648' title='bbox 1363 2168 1542 2202; x_wconf 74' lang='grc' dir='ltr'>ἑπαγόμενος,</span> <span class='ocrx_word' id='word_1_649' title='bbox 1560 2168 1621 2202; x_wconf 83' lang='grc' dir='ltr'>μηδ’</span> <span class='ocrx_word' id='word_1_650' title='bbox 1634 2168 1743 2202; x_wconf 81' lang='grc' dir='ltr'><strong>ἀριθμῷ</strong></span> <span class='ocrx_word' id='word_1_651' title='bbox 1763 2170 1860 2203; x_wconf 72' lang='grc' dir='ltr'>σχεδὸν</span> 
     </span>
    </p>
   </div>
   <div class='ocr_carea' id='block_1_91' title="bbox 233 2207 1029 2248">
    <p class='ocr_par' dir='ltr' id='par_1_91' title="bbox 233 2207 1018 2243">
     <span class='ocr_line' id='line_1_93' title="bbox 233 2207 1018 2243; baseline 0.014 -12"><span class='ocrx_word' id='word_1_652' title='bbox 233 2207 307 2238; x_wconf 78' lang='lat' dir='ltr'><strong>bunt,</strong></span> <span class='ocrx_word' id='word_1_653' title='bbox 323 2209 432 2235; x_wconf 85' lang='lat' dir='ltr'><strong>auxiliis</strong></span> <span class='ocrx_word' id='word_1_654' title='bbox 447 2211 530 2236; x_wconf 86' lang='lat' dir='ltr'><strong>etiam</strong></span> <span class='ocrx_word' id='word_1_655' title='bbox 552 2212 585 2237; x_wconf 89' lang='lat' dir='ltr'><strong>ad</strong></span> <span class='ocrx_word' id='word_1_656' title='bbox 601 2220 661 2238; x_wconf 88' lang='lat' dir='ltr'><strong>eam</strong></span> <span class='ocrx_word' id='word_1_657' title='bbox 688 2213 815 2240; x_wconf 84' lang='lat' dir='ltr'><strong>tuendam</strong></span> <span class='ocrx_word' id='word_1_658' title='bbox 840 2214 965 2242; x_wconf 89' lang='lat' dir='ltr'><strong>adductis</strong></span> <span class='ocrx_word' id='word_1_659' title='bbox 990 2220 1018 2243; x_wconf 89' lang='lat' dir='ltr'><strong>et</strong></span> 
     </span>
    </p>
   </div>
   <div class='ocr_carea' id='block_1_92' title="bbox 1081 2207 1858 2248">
    <p class='ocr_par' dir='ltr' id='par_1_92' title="bbox 1081 2214 1858 2248">
     <span class='ocr_line' id='line_1_94' title="bbox 1081 2214 1858 2248; baseline 0.004 -8"><span class='ocrx_word' id='word_1_660' title='bbox 1081 2215 1230 2245; x_wconf 78' lang='grc' dir='ltr'>ιποπίπτον,</span> <span class='ocrx_word' id='word_1_661' title='bbox 1250 2214 1389 2248; x_wconf 81' lang='grc' dir='ltr'>λεληθέναι</span> <span class='ocrx_word' id='word_1_662' title='bbox 1406 2214 1439 2240; x_wconf 71' lang='grc' dir='ltr'>τὰ</span> <span class='ocrx_word' id='word_1_663' title='bbox 1450 2214 1534 2241; x_wconf 78' lang='grc' dir='ltr'>πολλὰ</span> <span class='ocrx_word' id='word_1_664' title='bbox 1547 2215 1608 2246; x_wconf 67' lang='grc' dir='ltr'>τοὺς</span> <span class='ocrx_word' id='word_1_665' title='bbox 1620 2215 1755 2247; x_wconf 69' lang='grc' dir='ltr'>Λατίνους</span> <span class='ocrx_word' id='word_1_666' title='bbox 1769 2217 1858 2243; x_wconf 82' lang='grc' dir='ltr'>ἐτίθει</span> 
     </span>
    </p>
   </div>
   <div class='ocr_carea' id='block_1_93' title="bbox 233 2253 1018 2294">
    <p class='ocr_par' dir='ltr' id='par_1_93' title="bbox 233 2253 1018 2294">
     <span class='ocr_line' id='line_1_95' title="bbox 233 2253 1018 2294; baseline 0.013 -17"><span class='ocrx_word' id='word_1_667' title='bbox 233 2253 259 2278; x_wconf 94' lang='lat' dir='ltr'><strong>in</strong></span> <span class='ocrx_word' id='word_1_668' title='bbox 277 2254 374 2280; x_wconf 75' lang='lat' dir='ltr'><strong>mmnia</strong></span> <span class='ocrx_word' id='word_1_669' title='bbox 391 2254 555 2283; x_wconf 85' lang='lat' dir='ltr'><strong>distributis.</strong></span> <span class='ocrx_word' id='word_1_670' title='bbox 571 2257 804 2292; x_wconf 65' lang='lat' dir='ltr'><strong>Cumldiluxisset,</strong></span> <span class='ocrx_word' id='word_1_671' title='bbox 821 2258 900 2293; x_wconf 78' lang='lat'><strong>811</strong></span> <span class='ocrx_word' id='word_1_672' title='bbox 917 2259 1018 2294; x_wconf 80' lang='lat' dir='ltr'><strong>Latini,</strong></span> 
     </span>
    </p>
   </div>
   <div class='ocr_carea' id='block_1_94' title="bbox 233 2297 1019 2332">
    <p class='ocr_par' dir='ltr' id='par_1_94' title="bbox 233 2297 1019 2332">
     <span class='ocr_line' id='line_1_96' title="bbox 233 2297 1019 2332; baseline 0.013 -10"><span class='ocrx_word' id='word_1_673' title='bbox 233 2297 370 2324; x_wconf 71' lang='lat' dir='ltr'><strong>lloniauos</strong></span> <span class='ocrx_word' id='word_1_674' title='bbox 379 2307 429 2325; x_wconf 91' lang='lat' dir='ltr'><strong>nec</strong></span> <span class='ocrx_word' id='word_1_675' title='bbox 437 2300 523 2326; x_wconf 85' lang='lat' dir='ltr'><strong>aciem</strong></span> <span class='ocrx_word' id='word_1_676' title='bbox 541 2301 690 2329; x_wconf 81' lang='lat' dir='ltr'><strong>militarent</strong></span> <span class='ocrx_word' id='word_1_677' title='bbox 706 2302 807 2330; x_wconf 86' lang='lat' dir='ltr'><strong>habere</strong></span> <span class='ocrx_word' id='word_1_678' title='bbox 823 2312 874 2331; x_wconf 90' lang='lat' dir='ltr'><strong>nec</strong></span> <span class='ocrx_word' id='word_1_679' title='bbox 893 2305 946 2331; x_wconf 89' lang='lat' dir='ltr'><strong>ulla</strong></span> <span class='ocrx_word' id='word_1_680' title='bbox 961 2305 1019 2332; x_wconf 86' lang='lat' dir='ltr'><strong>bel-</strong></span> 
     </span>
    </p>
   </div>
   <div class='ocr_carea' id='block_1_95' title="bbox 231 2342 1019 2381">
    <p class='ocr_par' dir='ltr' id='par_1_95' title="bbox 231 2342 1019 2381">
     <span class='ocr_line' id='line_1_97' title="bbox 231 2342 1019 2381; baseline 0.013 -13"><span class='ocrx_word' id='word_1_681' title='bbox 231 2342 284 2369; x_wconf 77' lang='lat' dir='ltr'><strong>lica</strong></span> <span class='ocrx_word' id='word_1_682' title='bbox 299 2343 441 2378; x_wconf 74' lang='lat' dir='ltr'><strong>disciplina</strong></span> <span class='ocrx_word' id='word_1_683' title='bbox 452 2346 501 2377; x_wconf 87' lang='lat' dir='ltr'><strong>uti,</strong></span> <span class='ocrx_word' id='word_1_684' title='bbox 518 2351 598 2381; x_wconf 84' lang='lat' dir='ltr'><strong>atquc</strong></span> <span class='ocrx_word' id='word_1_685' title='bbox 609 2349 678 2375; x_wconf 85' lang='lat' dir='ltr'><strong>adeo</strong></span> <span class='ocrx_word' id='word_1_686' title='bbox 691 2357 742 2376; x_wconf 88' lang='lat' dir='ltr'><strong>nec</strong></span> <span class='ocrx_word' id='word_1_687' title='bbox 751 2350 815 2376; x_wconf 87' lang='lat' dir='ltr'><strong>satis</strong></span> <span class='ocrx_word' id='word_1_688' title='bbox 825 2356 942 2377; x_wconf 83' lang='lat' dir='ltr'><strong>armatos</strong></span> <span class='ocrx_word' id='word_1_689' title='bbox 959 2358 1019 2378; x_wconf 88' lang='lat' dir='ltr'><strong>esse</strong></span> 
     </span>
    </p>
   </div>
   <div class='ocr_carea' id='block_1_96' title="bbox 230 2389 1017 2430">
    <p class='ocr_par' dir='ltr' id='par_1_96' title="bbox 230 2389 1017 2430">
     <span class='ocr_line' id='line_1_98' title="bbox 230 2389 1017 2430; baseline 0.011 -16"><span class='ocrx_word' id='word_1_690' title='bbox 230 2389 433 2424; x_wconf 82' lang='lat' dir='ltr'><strong>conspicati,|ad</strong></span> <span class='ocrx_word' id='word_1_691' title='bbox 449 2399 565 2426; x_wconf 78' lang='lat' dir='ltr'><strong>pugnam</strong></span> <span class='ocrx_word' id='word_1_692' title='bbox 578 2401 606 2419; x_wconf 84' lang='lat' dir='ltr'><strong>se</strong></span> <span class='ocrx_word' id='word_1_693' title='bbox 629 2401 770 2428; x_wconf 82' lang='lat' dir='ltr'><strong>pararunt,</strong></span> <span class='ocrx_word' id='word_1_694' title='bbox 785 2396 891 2430; x_wconf 81' lang='lat' dir='ltr'><strong>longius</strong></span> <span class='ocrx_word' id='word_1_695' title='bbox 904 2396 1017 2430; x_wconf 78' lang='lat' dir='ltr'><strong>digressi</strong></span> 
     </span>
    </p>
   </div>
   <div class='ocr_carea' id='block_1_97' title="bbox 230 2435 1015 2470">
    <p class='ocr_par' dir='ltr' id='par_1_97' title="bbox 230 2435 1015 2470">
     <span class='ocr_line' id='line_1_99' title="bbox 230 2435 1015 2470; baseline 0.011 -10"><span class='ocrx_word' id='word_1_696' title='bbox 230 2435 408 2463; x_wconf 65' lang='lat' dir='ltr'><strong>nutrientibus.</strong></span> <span class='ocrx_word' id='word_1_697' title='bbox 428 2437 493 2463; x_wconf 88' lang='lat' dir='ltr'><strong>Eam</strong></span> <span class='ocrx_word' id='word_1_698' title='bbox 523 2438 682 2466; x_wconf 85' lang='lat' dir='ltr'><strong>Latinorum</strong></span> <span class='ocrx_word' id='word_1_699' title='bbox 712 2441 866 2469; x_wconf 83' lang='lat' dir='ltr'><strong>cautionem</strong></span> <span class='ocrx_word' id='word_1_700' title='bbox 898 2442 1015 2470; x_wconf 79' lang='lat' dir='ltr'><strong>Romani</strong></span> 
     </span>
    </p>
   </div>
   <div class='ocr_carea' id='block_1_98' title="bbox 231 2481 1013 2519">
    <p class='ocr_par' dir='ltr' id='par_1_98' title="bbox 231 2481 1013 2519">
     <span class='ocr_line' id='line_1_100' title="bbox 231 2481 1013 2519; baseline 0.012 -12"><span class='ocrx_word' id='word_1_701' title='bbox 231 2481 369 2509; x_wconf 86' lang='lat' dir='ltr'><strong>timiditati</strong></span> <span class='ocrx_word' id='word_1_702' title='bbox 386 2483 550 2516; x_wconf 86' lang='lat' dir='ltr'><strong>tribuentes,</strong></span> <span class='ocrx_word' id='word_1_703' title='bbox 583 2487 669 2519; x_wconf 90' lang='lat' dir='ltr'><strong>portis</strong></span> <span class='ocrx_word' id='word_1_704' title='bbox 683 2487 761 2513; x_wconf 74' lang='lat' dir='ltr'><strong>effusi</strong></span> <span class='ocrx_word' id='word_1_705' title='bbox 786 2492 813 2514; x_wconf 87' lang='lat' dir='ltr'><strong>et</strong></span> <span class='ocrx_word' id='word_1_706' title='bbox 845 2493 947 2515; x_wconf 89' lang='lat' dir='ltr'><strong>temere</strong></span> <span class='ocrx_word' id='word_1_707' title='bbox 973 2488 1013 2515; x_wconf 59' lang='lat' dir='ltr'><strong>inv</strong></span> 
     </span>
    </p>
   </div>
   <div class='ocr_carea' id='block_1_99' title="bbox 231 2528 1014 2565">
    <p class='ocr_par' dir='ltr' id='par_1_99' title="bbox 231 2528 1014 2565">
     <span class='ocr_line' id='line_1_101' title="bbox 231 2528 1014 2565; baseline 0.01 -12"><span class='ocrx_word' id='word_1_708' title='bbox 231 2528 310 2559; x_wconf 73' lang='lat' dir='ltr'><strong>vecti,</strong></span> <span class='ocrx_word' id='word_1_709' title='bbox 328 2529 408 2563; x_wconf 80' lang='lat' dir='ltr'><strong>patilo</strong></span> <span class='ocrx_word' id='word_1_710' title='bbox 425 2534 488 2564; x_wconf 89' lang='lat' dir='ltr'><strong>post</strong></span> <span class='ocrx_word' id='word_1_711' title='bbox 503 2529 530 2556; x_wconf 92' lang='lat' dir='ltr'><strong>in</strong></span> <span class='ocrx_word' id='word_1_712' title='bbox 556 2530 646 2565; x_wconf 78' lang='lat' dir='ltr'><strong>fugam</strong></span> <span class='ocrx_word' id='word_1_713' title='bbox 678 2537 829 2559; x_wconf 72' lang='lat' dir='ltr'><strong>vertuntur.</strong></span> <span class='ocrx_word' id='word_1_714' title='bbox 861 2533 900 2560; x_wconf 80' lang='lat' dir='ltr'><strong>Ac</strong></span> <span class='ocrx_word' id='word_1_715' title='bbox 922 2542 954 2561; x_wconf 92' lang='lat' dir='ltr'><strong>eo</strong></span> <span class='ocrx_word' id='word_1_716' title='bbox 970 2534 1014 2562; x_wconf 88' lang='lat' dir='ltr'><strong>die</strong></span> 
     </span>
    </p>
   </div>
   <div class='ocr_carea' id='block_1_100' title="bbox 230 2575 1012 2612">
    <p class='ocr_par' dir='ltr' id='par_1_100' title="bbox 230 2575 1012 2612">
     <span class='ocr_line' id='line_1_102' title="bbox 230 2575 1012 2612; baseline 0.006 -11"><span class='ocrx_word' id='word_1_717' title='bbox 230 2575 385 2602; x_wconf 83' lang='lat' dir='ltr'><strong>miserabile</strong></span> <span class='ocrx_word' id='word_1_718' title='bbox 407 2580 435 2603; x_wconf 92' lang='lat' dir='ltr'><strong>et</strong></span> <span class='ocrx_word' id='word_1_719' title='bbox 462 2581 540 2603; x_wconf 86' lang='lat' dir='ltr'><strong>atrox</strong></span> <span class='ocrx_word' id='word_1_720' title='bbox 571 2578 756 2612; x_wconf 86' lang='lat' dir='ltr'><strong>spectaculum</strong></span> <span class='ocrx_word' id='word_1_721' title='bbox 778 2579 877 2606; x_wconf 88' lang='lat' dir='ltr'><strong>editur.</strong></span> <span class='ocrx_word' id='word_1_722' title='bbox 905 2579 1012 2606; x_wconf 86' lang='lat' dir='ltr'><strong>Nemini</strong></span> 
     </span>
    </p>
   </div>
   <div class='ocr_carea' id='block_1_101' title="bbox 229 2622 1012 2665">
    <p class='ocr_par' dir='ltr' id='par_1_101' title="bbox 229 2622 1012 2665">
     <span class='ocr_line' id='line_1_103' title="bbox 229 2622 1012 2665; baseline 0.006 -17"><span class='ocrx_word' id='word_1_723' title='bbox 229 2622 361 2656; x_wconf 83' lang='lat' dir='ltr'><strong>parcitur,</strong></span> <span class='ocrx_word' id='word_1_724' title='bbox 380 2623 523 2650; x_wconf 66' lang='lat' dir='ltr'><strong>cmduntur</strong></span> <span class='ocrx_word' id='word_1_725' title='bbox 538 2631 646 2665; x_wconf 59' lang='lat' dir='ltr'><strong>omnes,</strong></span> <span class='ocrx_word' id='word_1_726' title='bbox 673 2625 801 2659; x_wconf 80' lang='lat' dir='ltr'><strong>insepulti</strong></span> <span class='ocrx_word' id='word_1_727' title='bbox 833 2626 1012 2660; x_wconf 86' lang='lat' dir='ltr'><strong>abjiciuntur,</strong></span> 
     </span>
    </p>
   </div>
   <div class='ocr_carea' id='block_1_102' title="bbox 227 2669 1012 2706">
    <p class='ocr_par' dir='ltr' id='par_1_102' title="bbox 227 2669 1012 2706">
     <span class='ocr_line' id='line_1_104' title="bbox 227 2669 1012 2706; baseline 0.008 -12"><span class='ocrx_word' id='word_1_728' title='bbox 227 2669 358 2704; x_wconf 77' lang='lat' dir='ltr'><strong>sanguine</strong></span> <span class='ocrx_word' id='word_1_729' title='bbox 369 2670 522 2705; x_wconf 80' lang='lat' dir='ltr'><strong>pinguescit</strong></span> <span class='ocrx_word' id='word_1_730' title='bbox 534 2670 643 2697; x_wconf 83' lang='lat' dir='ltr'><strong>humus.</strong></span> <span class='ocrx_word' id='word_1_731' title='bbox 659 2671 721 2698; x_wconf 58' lang='lat' dir='ltr'><strong>Hice</strong></span> <span class='ocrx_word' id='word_1_732' title='bbox 734 2679 887 2706; x_wconf 67' lang='lat' dir='ltr'><strong>praecursor</strong></span> <span class='ocrx_word' id='word_1_733' title='bbox 902 2675 1012 2700; x_wconf 83' lang='lat' dir='ltr'><strong>exerci-</strong></span> 
     </span>
    </p>
   </div>
   <div class='ocr_carea' id='block_1_103' title="bbox 1068 2259 1852 2299">
    <p class='ocr_par' dir='ltr' id='par_1_103' title="bbox 1068 2259 1852 2299">
     <span class='ocr_line' id='line_1_105' title="bbox 1068 2259 1852 2299; baseline 0.004 -12"><span class='ocrx_word' id='word_1_734' title='bbox 1068 2261 1113 2287; x_wconf 77' lang='grc' dir='ltr'>διὰ</span> <span class='ocrx_word' id='word_1_735' title='bbox 1130 2261 1257 2295; x_wconf 81' lang='grc' dir='ltr'>σπουδῆς.</span> <span class='ocrx_word' id='word_1_736' title='bbox 1283 2261 1326 2292; x_wconf 85' lang='grc' dir='ltr'>Ὠς</span> <span class='ocrx_word' id='word_1_737' title='bbox 1336 2261 1358 2287; x_wconf 78' lang='grc' dir='ltr'>δ’</span> <span class='ocrx_word' id='word_1_738' title='bbox 1372 2259 1429 2296; x_wconf 78' lang='grc' dir='ltr'>εἶχε</span> <span class='ocrx_word' id='word_1_739' title='bbox 1444 2262 1492 2294; x_wconf 84' lang='grc' dir='ltr'><strong>τὴν</strong></span> <span class='ocrx_word' id='word_1_740' title='bbox 1508 2262 1561 2288; x_wconf 85' lang='grc' dir='ltr'>τῶν</span> <span class='ocrx_word' id='word_1_741' title='bbox 1580 2262 1724 2299; x_wconf 71' lang='grc' dir='ltr'>Ῥωμαίων</span> <span class='ocrx_word' id='word_1_742' title='bbox 1752 2264 1852 2290; x_wconf 75' lang='grc' dir='ltr'>ἑνωτι-</span> 
     </span>
    </p>
   </div>
   <div class='ocr_carea' id='block_1_104' title="bbox 1069 2307 1857 2343">
    <p class='ocr_par' dir='ltr' id='par_1_104' title="bbox 1069 2307 1857 2343">
     <span class='ocr_line' id='line_1_106' title="bbox 1069 2307 1857 2343; baseline 0.004 -10"><span class='ocrx_word' id='word_1_743' title='bbox 1069 2307 1188 2342; x_wconf 80' lang='grc' dir='ltr'>σάμενος</span> <span class='ocrx_word' id='word_1_744' title='bbox 1200 2309 1383 2334; x_wconf 77' lang='grc' dir='ltr'>ἐπανάστασιν</span> <span class='ocrx_word' id='word_1_745' title='bbox 1398 2309 1411 2334; x_wconf 83' lang='grc' dir='ltr'><strong>ὅ</strong></span> <span class='ocrx_word' id='word_1_746' title='bbox 1426 2317 1454 2334; x_wconf 82' lang='grc' dir='ltr'>τε</span> <span class='ocrx_word' id='word_1_747' title='bbox 1470 2308 1597 2343; x_wconf 83' lang='grc' dir='ltr'>βασιλεὺς</span> <span class='ocrx_word' id='word_1_748' title='bbox 1629 2309 1789 2341; x_wconf 82' lang='grc' dir='ltr'>Βαλδουῑνος</span> <span class='ocrx_word' id='word_1_749' title='bbox 1807 2311 1857 2336; x_wconf 75' lang='grc' dir='ltr'>καὶ</span> 
     </span>
    </p>
   </div>
   <div class='ocr_carea' id='block_1_105' title="bbox 1069 2351 1855 2389">
    <p class='ocr_par' dir='ltr' id='par_1_105' title="bbox 1069 2351 1855 2389">
     <span class='ocr_line' id='line_1_107' title="bbox 1069 2351 1855 2389; baseline 0.005 -12"><span class='ocrx_word' id='word_1_750' title='bbox 1069 2351 1085 2387; x_wconf 85' lang='grc' dir='ltr'>ὴ</span> <span class='ocrx_word' id='word_1_751' title='bbox 1101 2352 1157 2378; x_wconf 82' lang='grc' dir='ltr'>τῶν</span> <span class='ocrx_word' id='word_1_752' title='bbox 1172 2352 1261 2378; x_wconf 71' lang='grc' dir='ltr'>ἄλλων</span> <span class='ocrx_word' id='word_1_753' title='bbox 1276 2352 1405 2387; x_wconf 76' lang='grc' dir='ltr'>ἀρχηγῶν</span> <span class='ocrx_word' id='word_1_754' title='bbox 1425 2354 1536 2386; x_wconf 74' lang='grc' dir='ltr'>τριττὺς</span> <span class='ocrx_word' id='word_1_755' title='bbox 1551 2354 1575 2387; x_wconf 80' lang='grc' dir='ltr'><strong>(ὸ</strong></span> <span class='ocrx_word' id='word_1_756' title='bbox 1594 2353 1646 2388; x_wconf 79' lang='grc' dir='ltr'>γὰρ</span> <span class='ocrx_word' id='word_1_757' title='bbox 1661 2354 1692 2388; x_wconf 85' lang='grc' dir='ltr'>δὴ</span> <span class='ocrx_word' id='word_1_758' title='bbox 1705 2354 1797 2389; x_wconf 82' lang='grc' dir='ltr'>κόμης</span> <span class='ocrx_word' id='word_1_759' title='bbox 1808 2355 1855 2382; x_wconf 74' lang='grc' dir='ltr'>τοῦ</span> 
     </span>
    </p>
   </div>
   <div class='ocr_carea' id='block_1_106' title="bbox 1068 2397 1856 2435">
    <p class='ocr_par' dir='ltr' id='par_1_106' title="bbox 1068 2397 1856 2435">
     <span class='ocr_line' id='line_1_108' title="bbox 1068 2397 1856 2435; baseline 0.004 -10"><span class='ocrx_word' id='word_1_760' title='bbox 1068 2398 1146 2431; x_wconf 78' lang='grc' dir='ltr'>ἁγίου</span> <span class='ocrx_word' id='word_1_761' title='bbox 1175 2397 1280 2424; x_wconf 76' lang='grc' dir='ltr'>Παύλου</span> <span class='ocrx_word' id='word_1_762' title='bbox 1306 2399 1467 2432; x_wconf 83' lang='grc' dir='ltr'>ἁπεγεγόνει</span> <span class='ocrx_word' id='word_1_763' title='bbox 1496 2399 1612 2435; x_wconf 76' lang='grc' dir='ltr'>θανάτῳ,</span> <span class='ocrx_word' id='word_1_764' title='bbox 1640 2400 1687 2425; x_wconf 79' lang='grc' dir='ltr'>καὶ</span> <span class='ocrx_word' id='word_1_765' title='bbox 1718 2401 1856 2428; x_wconf 74' lang='grc' dir='ltr'>τέθαπται</span> 
     </span>
    </p>
   </div>
   <div class='ocr_carea' id='block_1_107' title="bbox 1070 2444 1856 2483">
    <p class='ocr_par' dir='ltr' id='par_1_107' title="bbox 1070 2444 1856 2483">
     <span class='ocr_line' id='line_1_109' title="bbox 1070 2444 1856 2483; baseline 0.005 -14"><span class='ocrx_word' id='word_1_766' title='bbox 1070 2444 1140 2470; x_wconf 81' lang='grc' dir='ltr'>κατὰ</span> <span class='ocrx_word' id='word_1_767' title='bbox 1156 2444 1204 2478; x_wconf 86' lang='grc' dir='ltr'>τὴν</span> <span class='ocrx_word' id='word_1_768' title='bbox 1221 2444 1305 2479; x_wconf 77' lang='grc' dir='ltr'>μονὴν</span> <span class='ocrx_word' id='word_1_769' title='bbox 1319 2445 1373 2470; x_wconf 88' lang='grc' dir='ltr'>τῶν</span> <span class='ocrx_word' id='word_1_770' title='bbox 1386 2445 1540 2478; x_wconf 77' lang='grc' dir='ltr'>Μαγγάνων</span> <span class='ocrx_word' id='word_1_771' title='bbox 1555 2447 1583 2471; x_wconf 85' lang='grc' dir='ltr'>ἐν</span> <span class='ocrx_word' id='word_1_772' title='bbox 1597 2445 1636 2480; x_wconf 83' lang='grc' dir='ltr'>τῷ</span> <span class='ocrx_word' id='word_1_773' title='bbox 1651 2446 1700 2480; x_wconf 82' lang='grc' dir='ltr'>τῆς</span> <span class='ocrx_word' id='word_1_774' title='bbox 1718 2447 1856 2483; x_wconf 78' lang='grc' dir='ltr'>σεῦαστῆς</span> 
     </span>
    </p>
   </div>
   <div class='ocr_carea' id='block_1_108' title="bbox 1068 2489 1855 2526">
    <p class='ocr_par' dir='ltr' id='par_1_108' title="bbox 1068 2489 1855 2526">
     <span class='ocr_line' id='line_1_110' title="bbox 1068 2489 1855 2526; baseline 0.008 -12"><span class='ocrx_word' id='word_1_775' title='bbox 1068 2489 1118 2524; x_wconf 78' lang='grc' dir='ltr'>τῆς</span> <span class='ocrx_word' id='word_1_776' title='bbox 1132 2489 1304 2524; x_wconf 76' lang='grc' dir='ltr'>Σκληραίνης</span> <span class='ocrx_word' id='word_1_777' title='bbox 1318 2490 1464 2526; x_wconf 83' lang='grc' dir='ltr'>μνήματι),</span> <span class='ocrx_word' id='word_1_778' title='bbox 1482 2492 1513 2516; x_wconf 76' lang='grc' dir='ltr'>ὲκ</span> <span class='ocrx_word' id='word_1_779' title='bbox 1528 2492 1576 2525; x_wconf 80' lang='grc' dir='ltr'><strong>μὲν</strong></span> <span class='ocrx_word' id='word_1_780' title='bbox 1594 2492 1640 2518; x_wconf 85' lang='grc' dir='ltr'><strong>τοῦ</strong></span> <span class='ocrx_word' id='word_1_781' title='bbox 1658 2493 1758 2519; x_wconf 74' lang='grc' dir='ltr'>αὐτίκα</span> <span class='ocrx_word' id='word_1_782' title='bbox 1776 2494 1855 2520; x_wconf 82' lang='grc' dir='ltr'><strong>στὲλ⁹</strong></span> 
     </span>
    </p>
   </div>
   <div class='ocr_carea' id='block_1_109' title="bbox 1068 2534 1854 2572">
    <p class='ocr_par' dir='ltr' id='par_1_109' title="bbox 1068 2534 1854 2572">
     <span class='ocr_line' id='line_1_111' title="bbox 1068 2534 1854 2572; baseline 0.008 -12"><span class='ocrx_word' id='word_1_783' title='bbox 1068 2534 1144 2561; x_wconf 87' lang='grc' dir='ltr'>λεται</span> <span class='ocrx_word' id='word_1_784' title='bbox 1161 2535 1276 2569; x_wconf 81' lang='grc' dir='ltr'>στρατιὰ</span> <span class='ocrx_word' id='word_1_785' title='bbox 1291 2537 1340 2565; x_wconf 83' lang='grc' dir='ltr'>τὰς</span> <span class='ocrx_word' id='word_1_786' title='bbox 1363 2535 1455 2567; x_wconf 81' lang='grc' dir='ltr'>πόλεις</span> <span class='ocrx_word' id='word_1_787' title='bbox 1471 2538 1688 2572; x_wconf 80' lang='grc' dir='ltr'>μετελευσομένη</span> <span class='ocrx_word' id='word_1_788' title='bbox 1715 2540 1763 2570; x_wconf 73' lang='grc' dir='ltr'>τὰς</span> <span class='ocrx_word' id='word_1_789' title='bbox 1781 2541 1854 2566; x_wconf 87' lang='grc' dir='ltr'>ἀπο-</span> 
     </span>
    </p>
   </div>
   <div class='ocr_carea' id='block_1_110' title="bbox 1068 2578 1853 2618">
    <p class='ocr_par' dir='ltr' id='par_1_110' title="bbox 1068 2578 1853 2618">
     <span class='ocr_line' id='line_1_112' title="bbox 1068 2578 1853 2618; baseline 0.009 -13"><span class='ocrx_word' id='word_1_790' title='bbox 1068 2580 1178 2610; x_wconf 85' lang='grc' dir='ltr'>στάσας,</span> <span class='ocrx_word' id='word_1_791' title='bbox 1192 2580 1275 2615; x_wconf 79' lang='grc' dir='ltr'>Βιζύη</span> <span class='ocrx_word' id='word_1_792' title='bbox 1291 2580 1339 2614; x_wconf 81' lang='grc' dir='ltr'>μὲν</span> <span class='ocrx_word' id='word_1_793' title='bbox 1354 2578 1400 2607; x_wconf 81' lang='grc' dir='ltr'><strong>οὖν</strong></span> <span class='ocrx_word' id='word_1_794' title='bbox 1420 2583 1465 2608; x_wconf 77' lang='grc' dir='ltr'>καὶ</span> <span class='ocrx_word' id='word_1_795' title='bbox 1480 2582 1645 2616; x_wconf 73' lang='grc' dir='ltr'>Τζουρουλὸς</span> <span class='ocrx_word' id='word_1_796' title='bbox 1660 2584 1853 2618; x_wconf 81' lang='grc' dir='ltr'>έπανήλθοσαν</span> 
     </span>
    </p>
   </div>
   <div class='ocr_carea' id='block_1_111' title="bbox 1066 2626 1852 2667">
    <p class='ocr_par' dir='ltr' id='par_1_111' title="bbox 1066 2626 1852 2667">
     <span class='ocr_line' id='line_1_113' title="bbox 1066 2626 1852 2667; baseline 0.006 -15"><span class='ocrx_word' id='word_1_797' title='bbox 1066 2627 1113 2652; x_wconf 78' lang='grc' dir='ltr'>καὶ</span> <span class='ocrx_word' id='word_1_798' title='bbox 1125 2627 1161 2658; x_wconf 84' lang='grc' dir='ltr'>ὡς</span> <span class='ocrx_word' id='word_1_799' title='bbox 1174 2626 1268 2662; x_wconf 87' lang='grc' dir='ltr'>πρώην</span> <span class='ocrx_word' id='word_1_800' title='bbox 1284 2627 1452 2653; x_wconf 79' lang='grc' dir='ltr'>ὑπέκυπτον·</span> <span class='ocrx_word' id='word_1_801' title='bbox 1464 2628 1513 2662; x_wconf 84' lang='grc' dir='ltr'><strong>τὴν</strong></span> <span class='ocrx_word' id='word_1_802' title='bbox 1542 2628 1570 2654; x_wconf 79' lang='grc' dir='ltr'>δὲ</span> <span class='ocrx_word' id='word_1_803' title='bbox 1591 2629 1768 2656; x_wconf 81' lang='grc' dir='ltr'>πολισθείσαν</span> <span class='ocrx_word' id='word_1_804' title='bbox 1786 2631 1852 2667; x_wconf 75' lang='grc' dir='ltr'><strong>Ἀρ-</strong></span> 
     </span>
    </p>
   </div>
   <div class='ocr_carea' id='block_1_112' title="bbox 1066 2672 1852 2712">
    <p class='ocr_par' dir='ltr' id='par_1_112' title="bbox 1066 2672 1852 2712">
     <span class='ocr_line' id='line_1_114' title="bbox 1066 2672 1852 2712; baseline 0.006 -13"><span class='ocrx_word' id='word_1_805' title='bbox 1066 2674 1151 2708; x_wconf 85' lang='grc' dir='ltr'>καδίῳ</span> <span class='ocrx_word' id='word_1_806' title='bbox 1169 2674 1224 2709; x_wconf 75' lang='grc'><strong>(70)</strong></span> <span class='ocrx_word' id='word_1_807' title='bbox 1253 2674 1419 2700; x_wconf 76' lang='grc' dir='ltr'>κενωθεῐσαν</span> <span class='ocrx_word' id='word_1_808' title='bbox 1448 2672 1527 2709; x_wconf 78' lang='grc' dir='ltr'>εὖρον</span> <span class='ocrx_word' id='word_1_809' title='bbox 1553 2675 1600 2701; x_wconf 85' lang='grc' dir='ltr'>τοῦ</span> <span class='ocrx_word' id='word_1_810' title='bbox 1616 2677 1645 2702; x_wconf 84' lang='grc' dir='ltr'>ὲν</span> <span class='ocrx_word' id='word_1_811' title='bbox 1665 2676 1774 2712; x_wconf 83' lang='grc' dir='ltr'>πλούτῳ</span> <span class='ocrx_word' id='word_1_812' title='bbox 1802 2678 1852 2706; x_wconf 82' lang='grc' dir='ltr'>καὶ</span> 
     </span>
    </p>
   </div>
   <div class='ocr_carea' id='block_1_113' title="bbox 862 2733 1195 2767">
    <p class='ocr_par' dir='ltr' id='par_1_113' title="bbox 862 2733 1195 2767">
     <span class='ocr_line' id='line_1_115' title="bbox 862 2733 1195 2767; baseline 0.012 -5"><span class='ocrx_word' id='word_1_813' title='bbox 862 2733 949 2763; x_wconf 85' lang='lat' dir='ltr'><strong>Hier.</strong></span> <span class='ocrx_word' id='word_1_814' title='bbox 975 2736 1076 2767; x_wconf 80' lang='lat' dir='ltr'><strong>Wolﬁi</strong></span> <span class='ocrx_word' id='word_1_815' title='bbox 1100 2739 1195 2766; x_wconf 82' lang='lat' dir='ltr'><strong>notae.</strong></span> 
     </span>
    </p>
   </div>
   <div class='ocr_carea' id='block_1_114' title="bbox 263 2793 1011 2829">
    <p class='ocr_par' dir='ltr' id='par_1_114' title="bbox 263 2793 1011 2829">
     <span class='ocr_line' id='line_1_116' title="bbox 263 2793 1011 2829; baseline 0.011 -12"><span class='ocrx_word' id='word_1_816' title='bbox 263 2793 318 2827; x_wconf 79' lang='lat'><strong>(70)</strong></span> <span class='ocrx_word' id='word_1_817' title='bbox 337 2794 397 2826; x_wconf 68' lang='grc' dir='ltr'><strong>Τὴν</strong></span> <span class='ocrx_word' id='word_1_818' title='bbox 410 2794 444 2820; x_wconf 78' lang='grc' dir='ltr'>δὲ</span> <span class='ocrx_word' id='word_1_819' title='bbox 457 2795 657 2822; x_wconf 77' lang='grc' dir='ltr'>πολισθεῖσαν</span> <span class='ocrx_word' id='word_1_820' title='bbox 677 2794 825 2829; x_wconf 76' lang='grc' dir='ltr'>Ἀρκαδίῳ.</span> <span class='ocrx_word' id='word_1_821' title='bbox 838 2795 877 2822; x_wconf 85' lang='lat' dir='ltr'><strong>Ex</strong></span> <span class='ocrx_word' id='word_1_822' title='bbox 891 2796 934 2823; x_wconf 80' lang='lat' dir='ltr'><strong>his</strong></span> <span class='ocrx_word' id='word_1_823' title='bbox 951 2806 1011 2825; x_wconf 72' lang='lat' dir='ltr'><strong>vcr-</strong></span> 
     </span>
    </p>
   </div>
   <div class='ocr_carea' id='block_1_115' title="bbox 228 2827 1009 2865">
    <p class='ocr_par' dir='ltr' id='par_1_115' title="bbox 228 2827 1009 2865">
     <span class='ocr_line' id='line_1_117' title="bbox 228 2827 1009 2865; baseline 0.008 -13"><span class='ocrx_word' id='word_1_824' title='bbox 228 2827 271 2865; x_wconf 73' lang='lat' dir='ltr'><strong>bis</strong></span> <span class='ocrx_word' id='word_1_825' title='bbox 295 2835 350 2865; x_wconf 81' lang='lat' dir='ltr'><strong>non</strong></span> <span class='ocrx_word' id='word_1_826' title='bbox 369 2830 435 2865; x_wconf 71' lang='lat' dir='ltr'><strong>satis</strong></span> <span class='ocrx_word' id='word_1_827' title='bbox 452 2831 614 2865; x_wconf 81' lang='lat' dir='ltr'><strong>intelligitur</strong></span> <span class='ocrx_word' id='word_1_828' title='bbox 627 2827 718 2857; x_wconf 79' lang='lat' dir='ltr'><strong>utrum</strong></span> <span class='ocrx_word' id='word_1_829' title='bbox 735 2830 822 2857; x_wconf 80' lang='lat' dir='ltr'><strong>Latini</strong></span> <span class='ocrx_word' id='word_1_830' title='bbox 838 2839 871 2857; x_wconf 87' lang='lat' dir='ltr'><strong>au</strong></span> <span class='ocrx_word' id='word_1_831' title='bbox 895 2832 1009 2859; x_wconf 75' lang='lat' dir='ltr'><strong>Romani</strong></span> 
     </span>
    </p>
   </div>
   <div class='ocr_carea' id='block_1_116' title="bbox 230 2862 1009 2901">
    <p class='ocr_par' dir='ltr' id='par_1_116' title="bbox 230 2862 1009 2901">
     <span class='ocr_line' id='line_1_118' title="bbox 230 2862 1009 2901; baseline 0.01 -15"><span class='ocrx_word' id='word_1_832' title='bbox 230 2862 429 2890; x_wconf 77' lang='lat' dir='ltr'><strong>Arcadiouolim</strong></span> <span class='ocrx_word' id='word_1_833' title='bbox 447 2862 595 2893; x_wconf 74' lang='lat' dir='ltr'><strong>tenuerint.</strong></span> <span class='ocrx_word' id='word_1_834' title='bbox 620 2866 748 2894; x_wconf 73' lang='lat' dir='ltr'><strong>Vetusius</strong></span> <span class='ocrx_word' id='word_1_835' title='bbox 770 2866 855 2894; x_wconf 81' lang='lat' dir='ltr'><strong>codex</strong></span> <span class='ocrx_word' id='word_1_836' title='bbox 872 2866 913 2901; x_wconf 81' lang='grc' dir='ltr'><strong>(Β)</strong></span> <span class='ocrx_word' id='word_1_837' title='bbox 930 2868 1009 2900; x_wconf 60' lang='grc' dir='ltr'>μόνον</span> 
     </span>
    </p>
   </div>
   <div class='ocr_carea' id='block_1_117' title="bbox 1065 2799 1847 2836">
    <p class='ocr_par' dir='ltr' id='par_1_117' title="bbox 1065 2799 1847 2836">
     <span class='ocr_line' id='line_1_119' title="bbox 1065 2799 1847 2836; baseline 0.008 -12"><span class='ocrx_word' id='word_1_838' title='bbox 1065 2799 1093 2836; x_wconf 71' lang='grc' dir='ltr'>δὲ</span> <span class='ocrx_word' id='word_1_839' title='bbox 1106 2814 1142 2818; x_wconf 92' lang='grc'><strong>-</strong></span> <span class='ocrx_word' id='word_1_840' title='bbox 1159 2799 1304 2836; x_wconf 62' lang='grc' dir='ltr'>φυλᾴτξεειν</span> <span class='ocrx_word' id='word_1_841' title='bbox 1318 2800 1392 2826; x_wconf 78' lang='grc' dir='ltr'>αὑτό.</span> <span class='ocrx_word' id='word_1_842' title='bbox 1411 2799 1478 2826; x_wconf 89' lang='lat' dir='ltr'><strong>llinc</strong></span> <span class='ocrx_word' id='word_1_843' title='bbox 1492 2806 1603 2833; x_wconf 84' lang='lat' dir='ltr'><strong>apparet</strong></span> <span class='ocrx_word' id='word_1_844' title='bbox 1616 2801 1816 2836; x_wconf 78' lang='lat' dir='ltr'><strong>Arcadiopolim</strong></span> <span class='ocrx_word' id='word_1_845' title='bbox 1831 2810 1847 2831; x_wconf 81' lang='lat' dir='ltr'><strong>a</strong></span> 
     </span>
    </p>
   </div>
   <div class='ocr_carea' id='block_1_118' title="bbox 1065 2834 1846 2870">
    <p class='ocr_par' dir='ltr' id='par_1_118' title="bbox 1065 2834 1846 2870">
     <span class='ocr_line' id='line_1_120' title="bbox 1065 2834 1846 2870; baseline 0.006 -10"><span class='ocrx_word' id='word_1_846' title='bbox 1065 2834 1196 2860; x_wconf 82' lang='lat' dir='ltr'><strong>Romanis</strong></span> <span class='ocrx_word' id='word_1_847' title='bbox 1215 2835 1299 2862; x_wconf 84' lang='lat' dir='ltr'><strong>fuisse</strong></span> <span class='ocrx_word' id='word_1_848' title='bbox 1313 2841 1483 2870; x_wconf 85' lang='lat' dir='ltr'><strong>occupatam,</strong></span> <span class='ocrx_word' id='word_1_849' title='bbox 1503 2841 1564 2861; x_wconf 90' lang='lat' dir='ltr'><strong>cum</strong></span> <span class='ocrx_word' id='word_1_850' title='bbox 1581 2836 1658 2864; x_wconf 85' lang='lat' dir='ltr'><strong>alteri</strong></span> <span class='ocrx_word' id='word_1_851' title='bbox 1677 2834 1846 2866; x_wconf 71' lang='lat' dir='ltr'><strong>contrarium</strong></span> 
     </span>
    </p>
   </div>
   <div class='ocr_carea' id='block_1_119' title="bbox 1064 2869 1323 2897">
    <p class='ocr_par' dir='ltr' id='par_1_119' title="bbox 1064 2869 1323 2897">
     <span class='ocr_line' id='line_1_121' title="bbox 1064 2869 1323 2897; baseline 0.004 -2"><span class='ocrx_word' id='word_1_852' title='bbox 1064 2869 1153 2896; x_wconf 85' lang='lat' dir='ltr'><strong>dicere</strong></span> <span class='ocrx_word' id='word_1_853' title='bbox 1170 2870 1323 2897; x_wconf 80' lang='lat' dir='ltr'><strong>videantur.</strong></span> 
     </span>
    </p>
   </div>
  </div>
