  <div class='ocr_page' id='page_1' title='image "/cluster/home/n/w/nwhite01/storage/ocr_20150623/139/njp.32101077773131/520.png"; bbox 0 0 1954 3072; ppageno 0'>
   <div class='ocr_carea' id='block_1_1' title="bbox 38 161 106 192">
    <p class='ocr_par' dir='ltr' id='par_1_1' title="bbox 38 161 106 192">
     <span class='ocr_line' id='line_1_1' title="bbox 38 161 106 192; baseline -0.015 0"><span class='ocrx_word' id='word_1_1' title='bbox 38 161 106 192; x_wconf 86' lang='grc'><strong>1005</strong></span> 
     </span>
    </p>
   </div>
   <div class='ocr_carea' id='block_1_2' title="bbox 719 156 970 190">
    <p class='ocr_par' dir='ltr' id='par_1_2' title="bbox 719 156 970 190">
     <span class='ocr_line' id='line_1_2' title="bbox 719 156 970 190; baseline -0.012 -1"><span class='ocrx_word' id='word_1_2' title='bbox 719 158 820 190; x_wconf 81' lang='lat' dir='ltr'>URBS</span> <span class='ocrx_word' id='word_1_3' title='bbox 840 156 970 187; x_wconf 84' lang='lat' dir='ltr'><strong>CAPTA.</strong></span> 
     </span>
    </p>
   </div>
   <div class='ocr_carea' id='block_1_3' title="bbox 1593 156 1660 187">
    <p class='ocr_par' dir='ltr' id='par_1_3' title="bbox 1593 156 1660 187">
     <span class='ocr_line' id='line_1_3' title="bbox 1593 156 1660 187; baseline -0.015 0"><span class='ocrx_word' id='word_1_4' title='bbox 1593 156 1660 187; x_wconf 82' lang='lat'><strong>1006</strong></span> 
     </span>
    </p>
   </div>
   <div class='ocr_carea' id='block_1_4' title="bbox 37 213 828 253">
    <p class='ocr_par' dir='ltr' id='par_1_4' title="bbox 37 215 821 253">
     <span class='ocr_line' id='line_1_4' title="bbox 37 215 821 253; baseline -0.004 -8"><span class='ocrx_word' id='word_1_5' title='bbox 37 219 160 246; x_wconf 83' lang='grc' dir='ltr'>Λατίνων</span> <span class='ocrx_word' id='word_1_6' title='bbox 175 218 352 253; x_wconf 83' lang='grc' dir='ltr'>κεχείρωται⁸</span> <span class='ocrx_word' id='word_1_7' title='bbox 365 218 397 253; x_wconf 83' lang='grc' dir='ltr'>τῇ</span> <span class='ocrx_word' id='word_1_8' title='bbox 413 217 440 243; x_wconf 84' lang='grc' dir='ltr'>δὲ</span> <span class='ocrx_word' id='word_1_9' title='bbox 454 216 688 252; x_wconf 78' lang='grc' dir='ltr'>πεντεκαιδεκάτῃ</span> <span class='ocrx_word' id='word_1_10' title='bbox 707 217 754 243; x_wconf 81' lang='grc' dir='ltr'>τοῦ</span> <span class='ocrx_word' id='word_1_11' title='bbox 772 215 821 243; x_wconf 78' lang='grc' dir='ltr'>αὐ-</span> 
     </span>
    </p>
   </div>
   <div class='ocr_carea' id='block_1_5' title="bbox 881 213 1668 253">
    <p class='ocr_par' dir='ltr' id='par_1_5' title="bbox 881 213 1668 248">
     <span class='ocr_line' id='line_1_5' title="bbox 881 213 1668 248; baseline 0.001 -8"><span class='ocrx_word' id='word_1_12' title='bbox 881 218 902 241; x_wconf 71' lang='lat' dir='ltr'><strong>:t</strong></span> <span class='ocrx_word' id='word_1_13' title='bbox 916 213 1078 240; x_wconf 86' lang='lat' dir='ltr'><strong>inusitatum</strong></span> <span class='ocrx_word' id='word_1_14' title='bbox 1117 213 1231 247; x_wconf 87' lang='lat' dir='ltr'><strong>malum,</strong></span> <span class='ocrx_word' id='word_1_15' title='bbox 1246 214 1317 248; x_wconf 86' lang='lat' dir='ltr'><strong>quod</strong></span> <span class='ocrx_word' id='word_1_16' title='bbox 1335 220 1415 243; x_wconf 85' lang='lat' dir='ltr'><strong>omne</strong></span> <span class='ocrx_word' id='word_1_17' title='bbox 1439 213 1572 241; x_wconf 80' lang='lat' dir='ltr'><strong>divinitus</strong></span> <span class='ocrx_word' id='word_1_18' title='bbox 1594 213 1668 242; x_wconf 74' lang='lat' dir='ltr'><strong>iniii-</strong></span> 
     </span>
    </p>
   </div>
   <div class='ocr_carea' id='block_1_6' title="bbox 38 263 825 299">
    <p class='ocr_par' dir='ltr' id='par_1_6' title="bbox 38 263 825 299">
     <span class='ocr_line' id='line_1_6' title="bbox 38 263 825 299; baseline 0 -10"><span class='ocrx_word' id='word_1_19' title='bbox 38 263 85 290; x_wconf 84' lang='grc' dir='ltr'>τοῦ</span> <span class='ocrx_word' id='word_1_20' title='bbox 107 263 205 298; x_wconf 75' lang='grc' dir='ltr'>μηνὸς,</span> <span class='ocrx_word' id='word_1_21' title='bbox 232 264 284 298; x_wconf 82' lang='grc' dir='ltr'>τῆς</span> <span class='ocrx_word' id='word_1_22' title='bbox 312 263 410 299; x_wconf 76' lang='grc' dir='ltr'>ὀγδόης</span> <span class='ocrx_word' id='word_1_23' title='bbox 440 263 618 296; x_wconf 73' lang='grc' dir='ltr'>ίνδικτιῶνος,</span> <span class='ocrx_word' id='word_1_24' title='bbox 648 263 700 290; x_wconf 75' lang='grc' dir='ltr'>ὑπὸ</span> <span class='ocrx_word' id='word_1_25' title='bbox 715 263 825 289; x_wconf 80' lang='grc' dir='ltr'>Σκυθῶν</span> 
     </span>
    </p>
   </div>
   <div class='ocr_carea' id='block_1_7' title="bbox 38 309 824 344">
    <p class='ocr_par' dir='ltr' id='par_1_7' title="bbox 38 309 824 344">
     <span class='ocr_line' id='line_1_7' title="bbox 38 309 824 344; baseline -0.001 -9"><span class='ocrx_word' id='word_1_26' title='bbox 38 310 146 335; x_wconf 83' lang='grc' dir='ltr'>Λατῖνοι</span> <span class='ocrx_word' id='word_1_27' title='bbox 173 309 430 344; x_wconf 74' lang='grc' dir='ltr'>κατηγωνίσθησαν.</span> <span class='ocrx_word' id='word_1_28' title='bbox 462 309 543 336; x_wconf 76' lang='grc' dir='ltr'>Ἀλλὰ</span> <span class='ocrx_word' id='word_1_29' title='bbox 582 309 644 336; x_wconf 84' lang='grc' dir='ltr'>τίνοι</span> <span class='ocrx_word' id='word_1_30' title='bbox 660 309 693 336; x_wconf 83' lang='grc' dir='ltr'>τὰ</span> <span class='ocrx_word' id='word_1_31' title='bbox 714 309 824 344; x_wconf 56' lang='grc' dir='ltr'>ἑφεξῆς</span> 
     </span>
    </p>
   </div>
   <div class='ocr_carea' id='block_1_8' title="bbox 40 355 826 392">
    <p class='ocr_par' dir='ltr' id='par_1_8' title="bbox 40 355 826 392">
     <span class='ocr_line' id='line_1_8' title="bbox 40 355 826 392; baseline 0.003 -12"><span class='ocrx_word' id='word_1_32' title='bbox 40 356 118 389; x_wconf 77' lang='grc' dir='ltr'>ἑτέρα</span> <span class='ocrx_word' id='word_1_33' title='bbox 136 355 233 390; x_wconf 73' lang='grc' dir='ltr'>μάστιξ</span> <span class='ocrx_word' id='word_1_34' title='bbox 252 355 407 382; x_wconf 70' lang='grc' dir='ltr'>στιλὸοῦται</span> <span class='ocrx_word' id='word_1_35' title='bbox 427 355 583 390; x_wconf 69' lang='grc' dir='ltr'>Ῥωμαίοις,</span> <span class='ocrx_word' id='word_1_36' title='bbox 603 355 768 392; x_wconf 83' lang='grc' dir='ltr'>βαρύστονός</span> <span class='ocrx_word' id='word_1_37' title='bbox 784 365 826 386; x_wconf 82' lang='grc' dir='ltr'>τις</span> 
     </span>
    </p>
   </div>
   <div class='ocr_carea' id='block_1_9' title="bbox 40 401 826 437">
    <p class='ocr_par' dir='ltr' id='par_1_9' title="bbox 40 401 826 437">
     <span class='ocr_line' id='line_1_9' title="bbox 40 401 826 437; baseline 0.001 -10"><span class='ocrx_word' id='word_1_38' title='bbox 40 401 85 427; x_wconf 69' lang='grc' dir='ltr'>καὶ</span> <span class='ocrx_word' id='word_1_39' title='bbox 99 401 317 435; x_wconf 82' lang='grc' dir='ltr'>πολυσύμφορος.</span> <span class='ocrx_word' id='word_1_40' title='bbox 335 401 363 427; x_wconf 91' lang='grc' dir='ltr'><strong>Ὀ</strong></span> <span class='ocrx_word' id='word_1_41' title='bbox 380 402 434 436; x_wconf 72' lang='grc' dir='ltr'>γὰρ</span> <span class='ocrx_word' id='word_1_42' title='bbox 464 402 558 433; x_wconf 62' lang='lat' dir='ltr'><strong>Moab;</strong></span> <span class='ocrx_word' id='word_1_43' title='bbox 574 402 712 437; x_wconf 80' lang='grc' dir='ltr'>Ἰωάννης,</span> <span class='ocrx_word' id='word_1_44' title='bbox 730 402 826 436; x_wconf 73' lang='grc' dir='ltr'>ἐχθρὸς</span> 
     </span>
    </p>
   </div>
   <div class='ocr_carea' id='block_1_10' title="bbox 39 446 826 482">
    <p class='ocr_par' dir='ltr' id='par_1_10' title="bbox 39 446 826 482">
     <span class='ocr_line' id='line_1_10' title="bbox 39 446 826 482; baseline 0.003 -11"><span class='ocrx_word' id='word_1_45' title='bbox 39 446 98 480; x_wconf 76' lang='grc' dir='ltr'>ἅμα</span> <span class='ocrx_word' id='word_1_46' title='bbox 112 446 160 471; x_wconf 78' lang='grc' dir='ltr'>καὶ</span> <span class='ocrx_word' id='word_1_47' title='bbox 176 446 481 482; x_wconf 65' lang='grc' dir='ltr'>ἐκδικητὴςῬωμαίοις</span> <span class='ocrx_word' id='word_1_48' title='bbox 500 447 688 482; x_wconf 76' lang='grc' dir='ltr'>δεικνύμενος,</span> <span class='ocrx_word' id='word_1_49' title='bbox 701 447 826 473; x_wconf 80' lang='grc' dir='ltr'>ἐκδίδωσι</span> 
     </span>
    </p>
   </div>
   <div class='ocr_carea' id='block_1_11' title="bbox 39 491 827 529">
    <p class='ocr_par' dir='ltr' id='par_1_11' title="bbox 39 491 827 529">
     <span class='ocr_line' id='line_1_11' title="bbox 39 491 827 529; baseline 0.003 -12"><span class='ocrx_word' id='word_1_50' title='bbox 39 492 94 523; x_wconf 83' lang='grc' dir='ltr'>τοῖς</span> <span class='ocrx_word' id='word_1_51' title='bbox 111 491 231 522; x_wconf 78' lang='grc' dir='ltr'>Σκύθαις</span> <span class='ocrx_word' id='word_1_52' title='bbox 245 494 287 524; x_wconf 84' lang='grc' dir='ltr'>είς</span> <span class='ocrx_word' id='word_1_53' title='bbox 302 493 443 529; x_wconf 84' lang='grc' dir='ltr'>προνομὴν</span> <span class='ocrx_word' id='word_1_54' title='bbox 458 494 519 520; x_wconf 78' lang='grc' dir='ltr'>ὅσαι</span> <span class='ocrx_word' id='word_1_55' title='bbox 534 494 708 528; x_wconf 75' lang='grc' dir='ltr'>κωμοπόλεις</span> <span class='ocrx_word' id='word_1_56' title='bbox 721 493 758 528; x_wconf 84' lang='grc' dir='ltr'>τῷ</span> <span class='ocrx_word' id='word_1_57' title='bbox 775 494 827 519; x_wconf 85' lang='grc' dir='ltr'>Βυ-</span> 
     </span>
    </p>
   </div>
   <div class='ocr_carea' id='block_1_12' title="bbox 40 537 826 576">
    <p class='ocr_par' dir='ltr' id='par_1_12' title="bbox 40 537 826 576">
     <span class='ocr_line' id='line_1_12' title="bbox 40 537 826 576; baseline 0.005 -12"><span class='ocrx_word' id='word_1_58' title='bbox 40 537 141 573; x_wconf 82' lang='grc' dir='ltr'>ζαντίῳ</span> <span class='ocrx_word' id='word_1_59' title='bbox 160 539 321 572; x_wconf 78' lang='grc' dir='ltr'>ἑγγίζουσαι</span> <span class='ocrx_word' id='word_1_60' title='bbox 343 547 441 573; x_wconf 68' lang='lat' dir='ltr'><strong>(paveo;</strong></span> <span class='ocrx_word' id='word_1_61' title='bbox 451 541 508 571; x_wconf 82' lang='grc' dir='ltr'>τοῖς</span> <span class='ocrx_word' id='word_1_62' title='bbox 524 541 650 572; x_wconf 83' lang='grc' dir='ltr'>Λατίνοις</span> <span class='ocrx_word' id='word_1_63' title='bbox 670 541 826 576; x_wconf 65' lang='grc' dir='ltr'>είσέᾳερον.</span> 
     </span>
    </p>
   </div>
   <div class='ocr_carea' id='block_1_13' title="bbox 40 582 828 623">
    <p class='ocr_par' dir='ltr' id='par_1_13' title="bbox 40 582 828 623">
     <span class='ocr_line' id='line_1_13' title="bbox 40 582 828 623; baseline 0.006 -14"><span class='ocrx_word' id='word_1_64' title='bbox 40 584 93 609; x_wconf 76' lang='grc' dir='ltr'>Καὶ</span> <span class='ocrx_word' id='word_1_65' title='bbox 104 582 139 619; x_wconf 83' lang='grc' dir='ltr'>ἦν</span> <span class='ocrx_word' id='word_1_66' title='bbox 155 585 219 610; x_wconf 82' lang='grc' dir='ltr'>ἰδεῖν</span> <span class='ocrx_word' id='word_1_67' title='bbox 235 585 402 620; x_wconf 79' lang='grc' dir='ltr'>ἀλλότροπόν</span> <span class='ocrx_word' id='word_1_68' title='bbox 418 594 444 611; x_wconf 91' lang='grc' dir='ltr'>τι</span> <span class='ocrx_word' id='word_1_69' title='bbox 463 587 548 612; x_wconf 64' lang='grc' dir='ltr'>κακον</span> <span class='ocrx_word' id='word_1_70' title='bbox 567 588 614 613; x_wconf 70' lang='grc' dir='ltr'>καὶ</span> <span class='ocrx_word' id='word_1_71' title='bbox 629 587 766 623; x_wconf 75' lang='grc' dir='ltr'>ἀσύνηθες</span> <span class='ocrx_word' id='word_1_72' title='bbox 781 589 828 614; x_wconf 75' lang='grc' dir='ltr'>καὶ</span> 
     </span>
    </p>
   </div>
   <div class='ocr_carea' id='block_1_14' title="bbox 40 631 829 670">
    <p class='ocr_par' dir='ltr' id='par_1_14' title="bbox 40 631 829 670">
     <span class='ocr_line' id='line_1_14' title="bbox 40 631 829 670; baseline 0.009 -15"><span class='ocrx_word' id='word_1_73' title='bbox 40 631 128 656; x_wconf 73' lang='grc' dir='ltr'>πᾶσαν</span> <span class='ocrx_word' id='word_1_74' title='bbox 143 631 295 665; x_wconf 81' lang='grc' dir='ltr'>ὕπερπαῖον</span> <span class='ocrx_word' id='word_1_75' title='bbox 308 631 463 667; x_wconf 80' lang='grc' dir='ltr'>θεοκίνητον</span> <span class='ocrx_word' id='word_1_76' title='bbox 495 634 625 667; x_wconf 76' lang='grc' dir='ltr'>μάστιγα.</span> <span class='ocrx_word' id='word_1_77' title='bbox 643 634 698 669; x_wconf 79' lang='grc' dir='ltr'>Τὴν</span> <span class='ocrx_word' id='word_1_78' title='bbox 714 635 768 670; x_wconf 72' lang='grc' dir='ltr'>γάρ</span> <span class='ocrx_word' id='word_1_79' title='bbox 780 635 829 662; x_wconf 88' lang='grc' dir='ltr'>αὺ-</span> 
     </span>
    </p>
   </div>
   <div class='ocr_carea' id='block_1_15' title="bbox 38 676 827 716">
    <p class='ocr_par' dir='ltr' id='par_1_15' title="bbox 38 676 827 716">
     <span class='ocr_line' id='line_1_15' title="bbox 38 676 827 716; baseline 0.009 -15"><span class='ocrx_word' id='word_1_80' title='bbox 38 676 86 711; x_wconf 78' lang='grc' dir='ltr'>τὴν</span> <span class='ocrx_word' id='word_1_81' title='bbox 101 677 154 710; x_wconf 81' lang='grc' dir='ltr'>γῆν</span> <span class='ocrx_word' id='word_1_82' title='bbox 172 678 262 703; x_wconf 78' lang='grc' dir='ltr'>καὶτὸ</span> <span class='ocrx_word' id='word_1_83' title='bbox 278 678 344 703; x_wconf 76' lang='grc' dir='ltr'>αὐτὸ</span> <span class='ocrx_word' id='word_1_84' title='bbox 369 678 446 710; x_wconf 76' lang='grc' dir='ltr'>ἔθνος</span> <span class='ocrx_word' id='word_1_85' title='bbox 475 679 570 714; x_wconf 72' lang='grc' dir='ltr'>ἐδῄουν</span> <span class='ocrx_word' id='word_1_86' title='bbox 594 680 659 716; x_wconf 78' lang='grc' dir='ltr'>γένη</span> <span class='ocrx_word' id='word_1_87' title='bbox 683 681 770 714; x_wconf 72' lang='grc' dir='ltr'>διττὰ,</span> <span class='ocrx_word' id='word_1_88' title='bbox 790 682 827 716; x_wconf 84' lang='grc' dir='ltr'>πῇ</span> 
     </span>
    </p>
   </div>
   <div class='ocr_carea' id='block_1_16' title="bbox 40 721 829 760">
    <p class='ocr_par' dir='ltr' id='par_1_16' title="bbox 40 721 829 760">
     <span class='ocr_line' id='line_1_16' title="bbox 40 721 829 760; baseline 0.008 -13"><span class='ocrx_word' id='word_1_89' title='bbox 40 721 88 755; x_wconf 74' lang='grc' dir='ltr'>μὲν</span> <span class='ocrx_word' id='word_1_90' title='bbox 103 722 240 757; x_wconf 79' lang='grc' dir='ltr'>ἑκάτερα,</span> <span class='ocrx_word' id='word_1_91' title='bbox 258 725 294 758; x_wconf 85' lang='grc' dir='ltr'>πῇ</span> <span class='ocrx_word' id='word_1_92' title='bbox 310 722 468 758; x_wconf 58' lang='grc' dir='ltr'>δρθὰτερον</span> <span class='ocrx_word' id='word_1_93' title='bbox 481 726 556 760; x_wconf 74' lang='grc' dir='ltr'>παρὰ</span> <span class='ocrx_word' id='word_1_94' title='bbox 572 725 684 760; x_wconf 82' lang='grc' dir='ltr'>θάτερον</span> <span class='ocrx_word' id='word_1_95' title='bbox 707 727 829 753; x_wconf 78' lang='grc' dir='ltr'>ἐπεισπί-</span> 
     </span>
    </p>
   </div>
   <div class='ocr_carea' id='block_1_17' title="bbox 39 767 828 807">
    <p class='ocr_par' dir='ltr' id='par_1_17' title="bbox 39 767 828 807">
     <span class='ocr_line' id='line_1_17' title="bbox 39 767 828 807; baseline 0.008 -15"><span class='ocrx_word' id='word_1_96' title='bbox 39 774 149 793; x_wconf 85' lang='grc' dir='ltr'>πτοντα.</span> <span class='ocrx_word' id='word_1_97' title='bbox 160 767 263 794; x_wconf 73' lang='grc' dir='ltr'>Σκύθαι</span> <span class='ocrx_word' id='word_1_98' title='bbox 281 776 310 794; x_wconf 86' lang='grc' dir='ltr'>τε</span> <span class='ocrx_word' id='word_1_99' title='bbox 327 768 381 804; x_wconf 87' lang='grc' dir='ltr'>γὰρ</span> <span class='ocrx_word' id='word_1_100' title='bbox 397 769 430 795; x_wconf 78' lang='grc' dir='ltr'>τὰ</span> <span class='ocrx_word' id='word_1_101' title='bbox 442 770 470 795; x_wconf 79' lang='grc' dir='ltr'>ὲν</span> <span class='ocrx_word' id='word_1_102' title='bbox 486 770 565 796; x_wconf 66' lang='grc' dir='ltr'>ποςὶν</span> <span class='ocrx_word' id='word_1_103' title='bbox 582 771 705 803; x_wconf 79' lang='grc' dir='ltr'>ἐπιόντες</span> <span class='ocrx_word' id='word_1_104' title='bbox 721 771 828 807; x_wconf 75' lang='grc' dir='ltr'>ἔκειρον</span> 
     </span>
    </p>
   </div>
   <div class='ocr_carea' id='block_1_18' title="bbox 38 812 828 852">
    <p class='ocr_par' dir='ltr' id='par_1_18' title="bbox 38 812 828 852">
     <span class='ocr_line' id='line_1_18' title="bbox 38 812 828 852; baseline 0.01 -16"><span class='ocrx_word' id='word_1_105' title='bbox 38 812 83 836; x_wconf 87' lang='grc' dir='ltr'>καί</span> <span class='ocrx_word' id='word_1_106' title='bbox 95 820 172 843; x_wconf 83' lang='grc' dir='ltr'>τινας</span> <span class='ocrx_word' id='word_1_107' title='bbox 199 813 251 838; x_wconf 88' lang='grc' dir='ltr'>τῶν</span> <span class='ocrx_word' id='word_1_108' title='bbox 278 813 372 839; x_wconf 79' lang='grc' dir='ltr'>κάλλει</span> <span class='ocrx_word' id='word_1_109' title='bbox 387 814 546 848; x_wconf 78' lang='grc' dir='ltr'>ὃιαπρεπῶν</span> <span class='ocrx_word' id='word_1_110' title='bbox 563 816 744 850; x_wconf 69' lang='grc' dir='ltr'>αἰχμαλώτων</span> <span class='ocrx_word' id='word_1_111' title='bbox 758 817 828 852; x_wconf 84' lang='grc' dir='ltr'>μετὰ</span> 
     </span>
    </p>
   </div>
   <div class='ocr_carea' id='block_1_19' title="bbox 39 857 829 899">
    <p class='ocr_par' dir='ltr' id='par_1_19' title="bbox 39 857 829 899">
     <span class='ocr_line' id='line_1_19' title="bbox 39 857 829 899; baseline 0.01 -17"><span class='ocrx_word' id='word_1_112' title='bbox 39 857 213 890; x_wconf 80' lang='grc' dir='ltr'>μαστίγωσιν</span> <span class='ocrx_word' id='word_1_113' title='bbox 226 859 283 890; x_wconf 83' lang='grc' dir='ltr'>τοῖς</span> <span class='ocrx_word' id='word_1_114' title='bbox 296 859 400 885; x_wconf 76' lang='grc' dir='ltr'>ἑαυτῶν</span> <span class='ocrx_word' id='word_1_115' title='bbox 415 860 552 887; x_wconf 75' lang='grc' dir='ltr'>ἐπέθυσαν</span> <span class='ocrx_word' id='word_1_116' title='bbox 567 862 692 897; x_wconf 74' lang='grc' dir='ltr'>δαίμοσιν</span> <span class='ocrx_word' id='word_1_117' title='bbox 708 863 829 899; x_wconf 79' lang='grc' dir='ltr'>ἀναρτή-</span> 
     </span>
    </p>
   </div>
   <div class='ocr_carea' id='block_1_20' title="bbox 880 259 1666 294">
    <p class='ocr_par' dir='ltr' id='par_1_20' title="bbox 880 259 1666 294">
     <span class='ocr_line' id='line_1_20' title="bbox 880 259 1666 294; baseline 0.003 -9"><span class='ocrx_word' id='word_1_118' title='bbox 880 264 954 286; x_wconf 88' lang='lat' dir='ltr'><strong>ctum</strong></span> <span class='ocrx_word' id='word_1_119' title='bbox 978 259 1144 294; x_wconf 84' lang='lat' dir='ltr'>supplicium</span> <span class='ocrx_word' id='word_1_120' title='bbox 1173 264 1295 294; x_wconf 87' lang='lat' dir='ltr'><strong>superat,</strong></span> <span class='ocrx_word' id='word_1_121' title='bbox 1325 264 1385 286; x_wconf 84' lang='lat' dir='ltr'><strong>erat</strong></span> <span class='ocrx_word' id='word_1_122' title='bbox 1413 259 1666 287; x_wconf 64' lang='lat' dir='ltr'><strong>cernere.Tcrram</strong></span> 
     </span>
    </p>
   </div>
   <div class='ocr_carea' id='block_1_21' title="bbox 879 305 1665 340">
    <p class='ocr_par' dir='ltr' id='par_1_21' title="bbox 879 305 1665 340">
     <span class='ocr_line' id='line_1_21' title="bbox 879 305 1665 340; baseline 0.001 -9"><span class='ocrx_word' id='word_1_123' title='bbox 879 305 1015 336; x_wconf 88' lang='lat' dir='ltr'><strong>eamdem,</strong></span> <span class='ocrx_word' id='word_1_124' title='bbox 1029 305 1153 332; x_wconf 85' lang='lat' dir='ltr'><strong>eamdem</strong></span> <span class='ocrx_word' id='word_1_125' title='bbox 1170 309 1279 340; x_wconf 83' lang='lat' dir='ltr'><strong>gentem</strong></span> <span class='ocrx_word' id='word_1_126' title='bbox 1298 306 1355 333; x_wconf 93' lang='lat' dir='ltr'><strong>bini</strong></span> <span class='ocrx_word' id='word_1_127' title='bbox 1379 305 1471 340; x_wconf 81' lang='lat' dir='ltr'>populi</span> <span class='ocrx_word' id='word_1_128' title='bbox 1488 305 1665 338; x_wconf 80' lang='lat' dir='ltr'><strong>infestabant,</strong></span> 
     </span>
    </p>
   </div>
   <div class='ocr_carea' id='block_1_22' title="bbox 880 350 1668 386">
    <p class='ocr_par' dir='ltr' id='par_1_22' title="bbox 880 350 1668 386">
     <span class='ocr_line' id='line_1_22' title="bbox 880 350 1668 386; baseline 0.004 -10"><span class='ocrx_word' id='word_1_129' title='bbox 880 350 948 377; x_wconf 84' lang='lat' dir='ltr'><strong>alias</strong></span> <span class='ocrx_word' id='word_1_130' title='bbox 965 351 1084 385; x_wconf 81' lang='lat' dir='ltr'>utrique,</span> <span class='ocrx_word' id='word_1_131' title='bbox 1099 351 1167 377; x_wconf 89' lang='lat' dir='ltr'><strong>alias</strong></span> <span class='ocrx_word' id='word_1_132' title='bbox 1183 351 1300 378; x_wconf 87' lang='lat' dir='ltr'><strong>alternis</strong></span> <span class='ocrx_word' id='word_1_133' title='bbox 1314 352 1461 378; x_wconf 77' lang='lat' dir='ltr'><strong>irruentes.</strong></span> <span class='ocrx_word' id='word_1_134' title='bbox 1477 351 1544 378; x_wconf 85' lang='lat' dir='ltr'>Nam</span> <span class='ocrx_word' id='word_1_135' title='bbox 1556 357 1583 379; x_wconf 91' lang='lat' dir='ltr'>et</span> <span class='ocrx_word' id='word_1_136' title='bbox 1601 351 1668 386; x_wconf 88' lang='lat' dir='ltr'><strong>Scy-</strong></span> 
     </span>
    </p>
   </div>
   <div class='ocr_carea' id='block_1_23' title="bbox 880 397 1667 432">
    <p class='ocr_par' dir='ltr' id='par_1_23' title="bbox 880 397 1667 432">
     <span class='ocr_line' id='line_1_23' title="bbox 880 397 1667 432; baseline 0.001 -9"><span class='ocrx_word' id='word_1_137' title='bbox 880 397 934 424; x_wconf 75' lang='lat' dir='ltr'><strong>tha:</strong></span> <span class='ocrx_word' id='word_1_138' title='bbox 945 397 1024 423; x_wconf 90' lang='lat' dir='ltr'><strong>obvia</strong></span> <span class='ocrx_word' id='word_1_139' title='bbox 1036 403 1151 431; x_wconf 68' lang='lat' dir='ltr'><strong>qumque</strong></span> <span class='ocrx_word' id='word_1_140' title='bbox 1163 399 1315 428; x_wconf 87' lang='lat' dir='ltr'><strong>vastabant,</strong></span> <span class='ocrx_word' id='word_1_141' title='bbox 1331 397 1413 432; x_wconf 79' lang='lat'>816</span> <span class='ocrx_word' id='word_1_142' title='bbox 1425 401 1452 424; x_wconf 86' lang='lat' dir='ltr'>et</span> <span class='ocrx_word' id='word_1_143' title='bbox 1462 398 1567 432; x_wconf 85' lang='lat' dir='ltr'><strong>aliquot</strong></span> <span class='ocrx_word' id='word_1_144' title='bbox 1580 397 1667 424; x_wconf 76' lang='lat' dir='ltr'><strong>forma</strong></span> 
     </span>
    </p>
   </div>
   <div class='ocr_carea' id='block_1_24' title="bbox 880 442 1667 477">
    <p class='ocr_par' dir='ltr' id='par_1_24' title="bbox 880 442 1667 477">
     <span class='ocr_line' id='line_1_24' title="bbox 880 442 1667 477; baseline 0.001 -7"><span class='ocrx_word' id='word_1_145' title='bbox 880 443 1046 470; x_wconf 76' lang='lat' dir='ltr'>excellentes</span> <span class='ocrx_word' id='word_1_146' title='bbox 1061 443 1187 476; x_wconf 85' lang='lat' dir='ltr'><strong>captivos</strong></span> <span class='ocrx_word' id='word_1_147' title='bbox 1205 447 1267 476; x_wconf 88' lang='lat' dir='ltr'><strong>post</strong></span> <span class='ocrx_word' id='word_1_148' title='bbox 1281 442 1364 476; x_wconf 78' lang='lat' dir='ltr'><strong>ﬂagra</strong></span> <span class='ocrx_word' id='word_1_149' title='bbox 1379 450 1529 477; x_wconf 87' lang='lat' dir='ltr'><strong>suspensos</strong></span> <span class='ocrx_word' id='word_1_150' title='bbox 1543 444 1600 471; x_wconf 86' lang='lat' dir='ltr'><strong>suis</strong></span> <span class='ocrx_word' id='word_1_151' title='bbox 1612 444 1667 470; x_wconf 80' lang='lat' dir='ltr'><strong>dac-</strong></span> 
     </span>
    </p>
   </div>
   <div class='ocr_carea' id='block_1_25' title="bbox 881 485 1668 518">
    <p class='ocr_par' dir='ltr' id='par_1_25' title="bbox 881 485 1668 518">
     <span class='ocr_line' id='line_1_25' title="bbox 881 485 1668 518; baseline 0.003 -5"><span class='ocrx_word' id='word_1_152' title='bbox 881 486 1009 514; x_wconf 89' lang='lat' dir='ltr'><strong>monibus</strong></span> <span class='ocrx_word' id='word_1_153' title='bbox 1030 485 1224 518; x_wconf 84' lang='lat' dir='ltr'><strong>immolabant;</strong></span> <span class='ocrx_word' id='word_1_154' title='bbox 1239 490 1267 512; x_wconf 83' lang='lat' dir='ltr'>et</span> <span class='ocrx_word' id='word_1_155' title='bbox 1288 486 1375 513; x_wconf 89' lang='lat' dir='ltr'><strong>Latini</strong></span> <span class='ocrx_word' id='word_1_156' title='bbox 1391 487 1577 514; x_wconf 86' lang='lat' dir='ltr'><strong>Romanorum</strong></span> <span class='ocrx_word' id='word_1_157' title='bbox 1594 488 1668 515; x_wconf 81' lang='lat' dir='ltr'><strong>dele-</strong></span> 
     </span>
    </p>
   </div>
   <div class='ocr_carea' id='block_1_26' title="bbox 881 531 1668 568">
    <p class='ocr_par' dir='ltr' id='par_1_26' title="bbox 881 531 1668 568">
     <span class='ocr_line' id='line_1_26' title="bbox 881 531 1668 568; baseline 0.004 -10"><span class='ocrx_word' id='word_1_158' title='bbox 881 532 971 559; x_wconf 86' lang='lat' dir='ltr'><strong>ctione</strong></span> <span class='ocrx_word' id='word_1_159' title='bbox 983 537 1011 559; x_wconf 88' lang='lat' dir='ltr'>et</span> <span class='ocrx_word' id='word_1_160' title='bbox 1021 532 1183 568; x_wconf 80' lang='lat' dir='ltr'><strong>Scytharum</strong></span> <span class='ocrx_word' id='word_1_161' title='bbox 1195 531 1229 559; x_wconf 90' lang='lat' dir='ltr'>de</span> <span class='ocrx_word' id='word_1_162' title='bbox 1240 539 1268 559; x_wconf 86' lang='lat' dir='ltr'>se</span> <span class='ocrx_word' id='word_1_163' title='bbox 1281 532 1395 559; x_wconf 82' lang='lat' dir='ltr'><strong>victoria</strong></span> <span class='ocrx_word' id='word_1_164' title='bbox 1409 533 1569 560; x_wconf 80' lang='lat' dir='ltr'><strong>inﬂammati</strong></span> <span class='ocrx_word' id='word_1_165' title='bbox 1580 534 1668 561; x_wconf 89' lang='lat' dir='ltr'><strong>nihilo</strong></span> 
     </span>
    </p>
   </div>
   <div class='ocr_carea' id='block_1_27' title="bbox 882 577 1667 613">
    <p class='ocr_par' dir='ltr' id='par_1_27' title="bbox 882 577 1667 613">
     <span class='ocr_line' id='line_1_27' title="bbox 882 577 1667 613; baseline 0.005 -9"><span class='ocrx_word' id='word_1_166' title='bbox 882 578 974 605; x_wconf 83' lang='lat' dir='ltr'><strong>secius</strong></span> <span class='ocrx_word' id='word_1_167' title='bbox 992 578 1019 604; x_wconf 94' lang='lat' dir='ltr'>in</span> <span class='ocrx_word' id='word_1_168' title='bbox 1036 581 1145 604; x_wconf 85' lang='lat' dir='ltr'><strong>nostros</strong></span> <span class='ocrx_word' id='word_1_169' title='bbox 1161 577 1234 604; x_wconf 80' lang='lat' dir='ltr'><strong>ferro</strong></span> <span class='ocrx_word' id='word_1_170' title='bbox 1251 582 1278 604; x_wconf 90' lang='lat' dir='ltr'>et</span> <span class='ocrx_word' id='word_1_171' title='bbox 1301 578 1355 613; x_wconf 82' lang='lat' dir='ltr'><strong>igni</strong></span> <span class='ocrx_word' id='word_1_172' title='bbox 1381 580 1596 613; x_wconf 65' lang='lat' dir='ltr'><strong>grassabantur:</strong></span> <span class='ocrx_word' id='word_1_173' title='bbox 1612 580 1667 608; x_wconf 81' lang='lat' dir='ltr'>Nec</span> 
     </span>
    </p>
   </div>
   <div class='ocr_carea' id='block_1_28' title="bbox 883 622 1667 656">
    <p class='ocr_par' dir='ltr' id='par_1_28' title="bbox 883 622 1667 656">
     <span class='ocr_line' id='line_1_28' title="bbox 883 622 1667 656; baseline 0.006 -8"><span class='ocrx_word' id='word_1_174' title='bbox 883 622 954 648; x_wconf 83' lang='lat' dir='ltr'><strong>ullus</strong></span> <span class='ocrx_word' id='word_1_175' title='bbox 973 622 1047 649; x_wconf 90' lang='lat' dir='ltr'><strong>locus</strong></span> <span class='ocrx_word' id='word_1_176' title='bbox 1068 627 1128 649; x_wconf 89' lang='lat' dir='ltr'><strong>erat</strong></span> <span class='ocrx_word' id='word_1_177' title='bbox 1144 622 1191 656; x_wconf 91' lang='lat' dir='ltr'>qui</span> <span class='ocrx_word' id='word_1_178' title='bbox 1210 622 1343 648; x_wconf 83' lang='lat' dir='ltr'><strong>auxilium</strong></span> <span class='ocrx_word' id='word_1_179' title='bbox 1370 627 1397 649; x_wconf 89' lang='lat' dir='ltr'>ct</span> <span class='ocrx_word' id='word_1_180' title='bbox 1423 624 1539 651; x_wconf 83' lang='lat' dir='ltr'><strong>salutem</strong></span> <span class='ocrx_word' id='word_1_181' title='bbox 1567 626 1667 653; x_wconf 62' lang='lat' dir='ltr'><strong>aﬂ‘erre</strong></span> 
     </span>
    </p>
   </div>
   <div class='ocr_carea' id='block_1_29' title="bbox 881 668 1668 701">
    <p class='ocr_par' dir='ltr' id='par_1_29' title="bbox 881 668 1668 701">
     <span class='ocr_line' id='line_1_29' title="bbox 881 668 1668 701; baseline 0.006 -8"><span class='ocrx_word' id='word_1_182' title='bbox 881 672 985 701; x_wconf 82' lang='lat' dir='ltr'>posset,</span> <span class='ocrx_word' id='word_1_183' title='bbox 1002 675 1063 694; x_wconf 89' lang='lat' dir='ltr'>cum</span> <span class='ocrx_word' id='word_1_184' title='bbox 1081 672 1153 694; x_wconf 89' lang='lat' dir='ltr'><strong>terra</strong></span> <span class='ocrx_word' id='word_1_185' title='bbox 1176 668 1322 695; x_wconf 87' lang='lat' dir='ltr'><strong>continens</strong></span> <span class='ocrx_word' id='word_1_186' title='bbox 1338 669 1416 696; x_wconf 85' lang='lat' dir='ltr'><strong>malis</strong></span> <span class='ocrx_word' id='word_1_187' title='bbox 1434 669 1550 697; x_wconf 84' lang='lat' dir='ltr'><strong>inﬁnitis</strong></span> <span class='ocrx_word' id='word_1_188' title='bbox 1568 672 1668 698; x_wconf 86' lang='lat' dir='ltr'><strong>redun-</strong></span> 
     </span>
    </p>
   </div>
   <div class='ocr_carea' id='block_1_30' title="bbox 882 711 1669 750">
    <p class='ocr_par' dir='ltr' id='par_1_30' title="bbox 882 711 1669 750">
     <span class='ocr_line' id='line_1_30' title="bbox 882 711 1669 750; baseline 0.006 -13"><span class='ocrx_word' id='word_1_189' title='bbox 882 711 971 744; x_wconf 86' lang='lat' dir='ltr'><strong>daret,</strong></span> <span class='ocrx_word' id='word_1_190' title='bbox 985 712 1043 746; x_wconf 87' lang='lat' dir='ltr'><strong>ipsa</strong></span> <span class='ocrx_word' id='word_1_191' title='bbox 1056 711 1177 746; x_wconf 83' lang='lat' dir='ltr'><strong>pernicie</strong></span> <span class='ocrx_word' id='word_1_192' title='bbox 1194 712 1393 746; x_wconf 82' lang='lat' dir='ltr'><strong>perniciosior;</strong></span> <span class='ocrx_word' id='word_1_193' title='bbox 1411 718 1438 740; x_wconf 86' lang='lat' dir='ltr'>ct</span> <span class='ocrx_word' id='word_1_194' title='bbox 1452 713 1612 741; x_wconf 83' lang='lat' dir='ltr'><strong>Latinorum</strong></span> <span class='ocrx_word' id='word_1_195' title='bbox 1629 717 1669 750; x_wconf 88' lang='lat' dir='ltr'><strong>pi-</strong></span> 
     </span>
    </p>
   </div>
   <div class='ocr_carea' id='block_1_31' title="bbox 882 759 1669 796">
    <p class='ocr_par' dir='ltr' id='par_1_31' title="bbox 882 759 1669 796">
     <span class='ocr_line' id='line_1_31' title="bbox 882 759 1669 796; baseline 0.005 -11"><span class='ocrx_word' id='word_1_196' title='bbox 882 759 974 786; x_wconf 65' lang='lat' dir='ltr'><strong>ratica!</strong></span> <span class='ocrx_word' id='word_1_197' title='bbox 993 766 1077 785; x_wconf 87' lang='lat' dir='ltr'><strong>naves</strong></span> <span class='ocrx_word' id='word_1_198' title='bbox 1097 766 1171 785; x_wconf 85' lang='lat' dir='ltr'><strong>mare</strong></span> <span class='ocrx_word' id='word_1_199' title='bbox 1195 763 1384 794; x_wconf 75' lang='lat' dir='ltr'><strong>pervagantes,</strong></span> <span class='ocrx_word' id='word_1_200' title='bbox 1400 760 1532 795; x_wconf 86' lang='lat' dir='ltr'><strong>quidquid</strong></span> <span class='ocrx_word' id='word_1_201' title='bbox 1548 769 1564 788; x_wconf 87' lang='lat' dir='ltr'>e</span> <span class='ocrx_word' id='word_1_202' title='bbox 1588 767 1669 796; x_wconf 90' lang='lat' dir='ltr'><strong>portu</strong></span> 
     </span>
    </p>
   </div>
   <div class='ocr_carea' id='block_1_32' title="bbox 883 804 1667 839">
    <p class='ocr_par' dir='ltr' id='par_1_32' title="bbox 883 804 1667 839">
     <span class='ocr_line' id='line_1_32' title="bbox 883 804 1667 839; baseline 0.006 -8"><span class='ocrx_word' id='word_1_203' title='bbox 883 804 1066 839; x_wconf 86' lang='lat' dir='ltr'><strong>undecunque</strong></span> <span class='ocrx_word' id='word_1_204' title='bbox 1083 804 1215 836; x_wconf 84' lang='lat' dir='ltr'><strong>solveret,</strong></span> <span class='ocrx_word' id='word_1_205' title='bbox 1232 804 1303 831; x_wconf 87' lang='lat' dir='ltr'><strong>male</strong></span> <span class='ocrx_word' id='word_1_206' title='bbox 1323 809 1483 832; x_wconf 85' lang='lat' dir='ltr'><strong>tractarent.</strong></span> <span class='ocrx_word' id='word_1_207' title='bbox 1501 807 1536 833; x_wconf 85' lang='lat' dir='ltr'>At</span> <span class='ocrx_word' id='word_1_208' title='bbox 1548 807 1667 836; x_wconf 85' lang='lat' dir='ltr'><strong>Joannes</strong></span> 
     </span>
    </p>
   </div>
   <div class='ocr_carea' id='block_1_33' title="bbox 882 851 1668 883">
    <p class='ocr_par' dir='ltr' id='par_1_33' title="bbox 882 851 1668 883">
     <span class='ocr_line' id='line_1_33' title="bbox 882 851 1668 883; baseline 0.006 -5"><span class='ocrx_word' id='word_1_209' title='bbox 882 852 1010 879; x_wconf 83' lang='lat' dir='ltr'><strong>Thraciis</strong></span> <span class='ocrx_word' id='word_1_210' title='bbox 1037 851 1151 878; x_wconf 84' lang='lat' dir='ltr'><strong>urbibus</strong></span> <span class='ocrx_word' id='word_1_211' title='bbox 1174 859 1229 878; x_wconf 91' lang='lat' dir='ltr'>non</span> <span class='ocrx_word' id='word_1_212' title='bbox 1253 852 1415 878; x_wconf 85' lang='lat' dir='ltr'><strong>immoratus</strong></span> <span class='ocrx_word' id='word_1_213' title='bbox 1443 852 1668 883; x_wconf 84' lang='lat' dir='ltr'><strong>Thessalonicam</strong></span> 
     </span>
    </p>
   </div>
   <div class='ocr_carea' id='block_1_34' title="bbox 40 896 828 942">
    <p class='ocr_par' dir='ltr' id='par_1_34' title="bbox 40 904 828 942">
     <span class='ocr_line' id='line_1_34' title="bbox 40 904 828 942; baseline 0.011 -15"><span class='ocrx_word' id='word_1_214' title='bbox 40 910 148 935; x_wconf 78' lang='grc' dir='ltr'>σαντες,</span> <span class='ocrx_word' id='word_1_215' title='bbox 174 904 223 930; x_wconf 79' lang='grc' dir='ltr'>καὶ</span> <span class='ocrx_word' id='word_1_216' title='bbox 252 905 363 931; x_wconf 84' lang='grc' dir='ltr'>Λατῖνοι</span> <span class='ocrx_word' id='word_1_217' title='bbox 393 908 425 940; x_wconf 80' lang='grc' dir='ltr'>τῇ</span> <span class='ocrx_word' id='word_1_218' title='bbox 441 907 510 934; x_wconf 68' lang='grc' dir='ltr'>κατὰ</span> <span class='ocrx_word' id='word_1_219' title='bbox 540 908 615 942; x_wconf 79' lang='grc' dir='ltr'>σφῶν</span> <span class='ocrx_word' id='word_1_220' title='bbox 647 909 828 936; x_wconf 72' lang='grc' dir='ltr'>ἐπαναστάσει</span> 
     </span>
    </p>
   </div>
   <div class='ocr_carea' id='block_1_35' title="bbox 881 896 1668 942">
    <p class='ocr_par' dir='ltr' id='par_1_35' title="bbox 882 896 1668 932">
     <span class='ocr_line' id='line_1_35' title="bbox 882 896 1668 932; baseline 0.005 -8"><span class='ocrx_word' id='word_1_221' title='bbox 882 901 1020 932; x_wconf 82' lang='lat' dir='ltr'><strong>properat,</strong></span> <span class='ocrx_word' id='word_1_222' title='bbox 1040 900 1070 923; x_wconf 90' lang='lat' dir='ltr'>ut</span> <span class='ocrx_word' id='word_1_223' title='bbox 1086 904 1136 923; x_wconf 88' lang='lat' dir='ltr'>suo</span> <span class='ocrx_word' id='word_1_224' title='bbox 1159 896 1297 923; x_wconf 87' lang='lat' dir='ltr'><strong>arbitratu</strong></span> <span class='ocrx_word' id='word_1_225' title='bbox 1316 897 1486 931; x_wconf 82' lang='lat' dir='ltr'><strong>provinciam</strong></span> <span class='ocrx_word' id='word_1_226' title='bbox 1507 899 1580 926; x_wconf 88' lang='lat' dir='ltr'><strong>illam</strong></span> <span class='ocrx_word' id='word_1_227' title='bbox 1603 908 1668 928; x_wconf 67' lang='lat' dir='ltr'><strong>con&lt;</strong></span> 
     </span>
    </p>
   </div>
   <div class='ocr_carea' id='block_1_36' title="bbox 45 947 829 990">
    <p class='ocr_par' dir='ltr' id='par_1_36' title="bbox 45 947 829 990">
     <span class='ocr_line' id='line_1_36' title="bbox 45 947 829 990; baseline 0.009 -16"><span class='ocrx_word' id='word_1_228' title='bbox 45 947 192 982; x_wconf 77' lang='grc' dir='ltr'>Ῥωμαῖων</span> <span class='ocrx_word' id='word_1_229' title='bbox 203 951 248 975; x_wconf 75' lang='grc' dir='ltr'>καὶ</span> <span class='ocrx_word' id='word_1_230' title='bbox 264 951 303 985; x_wconf 82' lang='grc' dir='ltr'>τῷ</span> <span class='ocrx_word' id='word_1_231' title='bbox 326 951 395 986; x_wconf 75' lang='grc' dir='ltr'>πρὸς</span> <span class='ocrx_word' id='word_1_232' title='bbox 412 953 525 979; x_wconf 83' lang='grc' dir='ltr'>Σκυθῶν</span> <span class='ocrx_word' id='word_1_233' title='bbox 540 953 690 988; x_wconf 76' lang='grc' dir='ltr'>ἡττηθῆναι</span> <span class='ocrx_word' id='word_1_234' title='bbox 702 954 829 990; x_wconf 77' lang='grc' dir='ltr'>διαπριό-</span> 
     </span>
    </p>
   </div>
   <div class='ocr_carea' id='block_1_37' title="bbox 40 994 830 1036">
    <p class='ocr_par' dir='ltr' id='par_1_37' title="bbox 40 994 830 1036">
     <span class='ocr_line' id='line_1_37' title="bbox 40 994 830 1036; baseline 0.011 -17"><span class='ocrx_word' id='word_1_235' title='bbox 40 1002 115 1028; x_wconf 82' lang='grc' dir='ltr'>μενοι</span> <span class='ocrx_word' id='word_1_236' title='bbox 147 994 190 1030; x_wconf 71' lang='grc' dir='ltr'>ΙΡ.</span> <span class='ocrx_word' id='word_1_237' title='bbox 212 995 276 1031; x_wconf 79' lang='grc'>598]</span> <span class='ocrx_word' id='word_1_238' title='bbox 305 997 383 1023; x_wconf 71' lang='grc' dir='ltr'>οὐδὲν</span> <span class='ocrx_word' id='word_1_239' title='bbox 414 998 525 1024; x_wconf 79' lang='grc' dir='ltr'>ἔλαττον</span> <span class='ocrx_word' id='word_1_240' title='bbox 548 999 703 1034; x_wconf 76' lang='grc' dir='ltr'>Ῥωμαὲους</span> <span class='ocrx_word' id='word_1_241' title='bbox 725 1001 830 1036; x_wconf 77' lang='grc' dir='ltr'>ἐδῄουν.</span> 
     </span>
    </p>
   </div>
   <div class='ocr_carea' id='block_1_38' title="bbox 40 1040 832 1082">
    <p class='ocr_par' dir='ltr' id='par_1_38' title="bbox 40 1040 832 1082">
     <span class='ocr_line' id='line_1_38' title="bbox 40 1040 832 1082; baseline 0.013 -17"><span class='ocrx_word' id='word_1_242' title='bbox 40 1040 131 1071; x_wconf 77' lang='grc' dir='ltr'>Οὐδεὶς</span> <span class='ocrx_word' id='word_1_243' title='bbox 143 1041 233 1068; x_wconf 83' lang='grc' dir='ltr'>τοίνυν</span> <span class='ocrx_word' id='word_1_244' title='bbox 246 1043 328 1074; x_wconf 84' lang='grc' dir='ltr'>τόπος</span> <span class='ocrx_word' id='word_1_245' title='bbox 344 1043 436 1076; x_wconf 81' lang='grc' dir='ltr'>σώζων</span> <span class='ocrx_word' id='word_1_246' title='bbox 451 1043 484 1080; x_wconf 81' lang='grc' dir='ltr'>ἦν</span> <span class='ocrx_word' id='word_1_247' title='bbox 497 1046 541 1071; x_wconf 76' lang='grc' dir='ltr'>καὶ</span> <span class='ocrx_word' id='word_1_248' title='bbox 551 1045 743 1081; x_wconf 73' lang='grc' dir='ltr'>λυτρούμενος,</span> <span class='ocrx_word' id='word_1_249' title='bbox 754 1048 832 1082; x_wconf 59' lang='grc' dir='ltr'>ἠπεί-</span> 
     </span>
    </p>
   </div>
   <div class='ocr_carea' id='block_1_39' title="bbox 41 1086 832 1127">
    <p class='ocr_par' dir='ltr' id='par_1_39' title="bbox 41 1086 832 1127">
     <span class='ocr_line' id='line_1_39' title="bbox 41 1086 832 1127; baseline 0.013 -17"><span class='ocrx_word' id='word_1_250' title='bbox 41 1092 85 1119; x_wconf 86' lang='grc' dir='ltr'>ρου</span> <span class='ocrx_word' id='word_1_251' title='bbox 102 1087 152 1120; x_wconf 83' lang='grc' dir='ltr'>μὲν</span> <span class='ocrx_word' id='word_1_252' title='bbox 163 1086 255 1113; x_wconf 84' lang='grc' dir='ltr'>κακῶν</span> <span class='ocrx_word' id='word_1_253' title='bbox 266 1088 387 1123; x_wconf 73' lang='grc' dir='ltr'>ἀπείρων</span> <span class='ocrx_word' id='word_1_254' title='bbox 401 1089 556 1126; x_wconf 77' lang='grc' dir='ltr'>πληθούσης</span> <span class='ocrx_word' id='word_1_255' title='bbox 573 1092 617 1118; x_wconf 88' lang='grc' dir='ltr'>καί</span> <span class='ocrx_word' id='word_1_256' title='bbox 635 1093 687 1118; x_wconf 85' lang='grc' dir='ltr'>τῶν</span> <span class='ocrx_word' id='word_1_257' title='bbox 702 1093 832 1127; x_wconf 74' lang='grc' dir='ltr'>ὀλεθρίων</span> 
     </span>
    </p>
   </div>
   <div class='ocr_carea' id='block_1_40' title="bbox 39 1130 827 1174">
    <p class='ocr_par' dir='ltr' id='par_1_40' title="bbox 39 1130 827 1174">
     <span class='ocr_line' id='line_1_40' title="bbox 39 1130 827 1174; baseline 0.014 -18"><span class='ocrx_word' id='word_1_258' title='bbox 39 1130 120 1166; x_wconf 79' lang='grc' dir='ltr'>οὔσης</span> <span class='ocrx_word' id='word_1_259' title='bbox 141 1133 353 1170; x_wconf 82' lang='grc' dir='ltr'>ὀλεθριωτέρας,</span> <span class='ocrx_word' id='word_1_260' title='bbox 378 1137 548 1172; x_wconf 80' lang='grc' dir='ltr'>μονοκτόρων</span> <span class='ocrx_word' id='word_1_261' title='bbox 575 1139 603 1164; x_wconf 84' lang='grc' dir='ltr'>δὲ</span> <span class='ocrx_word' id='word_1_262' title='bbox 627 1141 740 1174; x_wconf 73' lang='grc' dir='ltr'>σκαφῶν</span> <span class='ocrx_word' id='word_1_263' title='bbox 766 1140 827 1167; x_wconf 80' lang='grc' dir='ltr'>καθ’</span> 
     </span>
    </p>
   </div>
   <div class='ocr_carea' id='block_1_41' title="bbox 43 1176 829 1221">
    <p class='ocr_par' dir='ltr' id='par_1_41' title="bbox 43 1176 829 1221">
     <span class='ocr_line' id='line_1_41' title="bbox 43 1176 829 1221; baseline 0.013 -18"><span class='ocrx_word' id='word_1_264' title='bbox 43 1176 94 1203; x_wconf 82' lang='grc' dir='ltr'>ἆλα</span> <span class='ocrx_word' id='word_1_265' title='bbox 106 1179 310 1212; x_wconf 84' lang='grc' dir='ltr'>περιπλεόντων</span> <span class='ocrx_word' id='word_1_266' title='bbox 334 1181 480 1208; x_wconf 77' lang='grc' dir='ltr'>Λατινικοῧ</span> <span class='ocrx_word' id='word_1_267' title='bbox 497 1185 698 1218; x_wconf 81' lang='grc' dir='ltr'>συντάγματος,</span> <span class='ocrx_word' id='word_1_268' title='bbox 715 1185 829 1221; x_wconf 74' lang='grc' dir='ltr'>λῃστείᾳ</span> 
     </span>
    </p>
   </div>
   <div class='ocr_carea' id='block_1_42' title="bbox 39 1225 831 1266">
    <p class='ocr_par' dir='ltr' id='par_1_42' title="bbox 39 1225 831 1266">
     <span class='ocr_line' id='line_1_42' title="bbox 39 1225 831 1266; baseline 0.015 -19"><span class='ocrx_word' id='word_1_269' title='bbox 39 1230 68 1247; x_wconf 82' lang='grc' dir='ltr'>τε</span> <span class='ocrx_word' id='word_1_270' title='bbox 84 1227 131 1248; x_wconf 84' lang='grc' dir='ltr'>καὶ</span> <span class='ocrx_word' id='word_1_271' title='bbox 149 1225 293 1260; x_wconf 79' lang='grc' dir='ltr'>πειρατείᾳ</span> <span class='ocrx_word' id='word_1_272' title='bbox 310 1226 403 1258; x_wconf 83' lang='grc' dir='ltr'>κακῶς</span> <span class='ocrx_word' id='word_1_273' title='bbox 417 1227 547 1255; x_wconf 82' lang='grc' dir='ltr'>τιθέντων</span> <span class='ocrx_word' id='word_1_274' title='bbox 562 1230 592 1256; x_wconf 80' lang='grc' dir='ltr'>τὸ</span> <span class='ocrx_word' id='word_1_275' title='bbox 609 1230 718 1258; x_wconf 79' lang='grc' dir='ltr'>ὁθενοῦν</span> <span class='ocrx_word' id='word_1_276' title='bbox 730 1232 831 1266; x_wconf 77' lang='grc' dir='ltr'>ἀναγό-</span> 
     </span>
    </p>
   </div>
   <div class='ocr_carea' id='block_1_43' title="bbox 41 1269 832 1314">
    <p class='ocr_par' dir='ltr' id='par_1_43' title="bbox 41 1269 832 1314">
     <span class='ocr_line' id='line_1_43' title="bbox 41 1269 832 1314; baseline 0.015 -21"><span class='ocrx_word' id='word_1_277' title='bbox 41 1275 130 1301; x_wconf 83' lang='grc' dir='ltr'>μενον.</span> <span class='ocrx_word' id='word_1_278' title='bbox 140 1269 169 1295; x_wconf 88' lang='grc' dir='ltr'>ὐ</span> <span class='ocrx_word' id='word_1_279' title='bbox 181 1269 208 1295; x_wconf 83' lang='grc' dir='ltr'>δὲ</span> <span class='ocrx_word' id='word_1_280' title='bbox 230 1271 355 1306; x_wconf 79' lang='grc' dir='ltr'>Ἰωάννης</span> <span class='ocrx_word' id='word_1_281' title='bbox 369 1274 430 1304; x_wconf 86' lang='grc' dir='ltr'>ταῖς</span> <span class='ocrx_word' id='word_1_282' title='bbox 453 1273 585 1310; x_wconf 65' lang='grc' dir='ltr'>Θρᾳκίαις</span> <span class='ocrx_word' id='word_1_283' title='bbox 602 1277 640 1311; x_wconf 88' lang='grc' dir='ltr'>μὴ</span> <span class='ocrx_word' id='word_1_284' title='bbox 661 1278 832 1314; x_wconf 82' lang='grc' dir='ltr'>ὲμϋραδύνας</span> 
     </span>
    </p>
   </div>
   <div class='ocr_carea' id='block_1_44' title="bbox 41 1315 832 1361">
    <p class='ocr_par' dir='ltr' id='par_1_44' title="bbox 41 1315 832 1361">
     <span class='ocr_line' id='line_1_44' title="bbox 41 1315 832 1361; baseline 0.015 -21"><span class='ocrx_word' id='word_1_285' title='bbox 41 1315 149 1341; x_wconf 80' lang='grc' dir='ltr'>πόλεσιν</span> <span class='ocrx_word' id='word_1_286' title='bbox 162 1316 189 1346; x_wconf 77' lang='grc' dir='ltr'>ἐς</span> <span class='ocrx_word' id='word_1_287' title='bbox 205 1316 406 1353; x_wconf 72' lang='grc' dir='ltr'>Θεσσαλονίκην</span> <span class='ocrx_word' id='word_1_288' title='bbox 421 1319 572 1356; x_wconf 62' lang='grc' dir='ltr'>ῖεται,τιρδς</span> <span class='ocrx_word' id='word_1_289' title='bbox 586 1317 616 1348; x_wconf 56' lang='grc' dir='ltr'>τί</span> <span class='ocrx_word' id='word_1_290' title='bbox 631 1323 725 1350; x_wconf 82' lang='grc' dir='ltr'>δοκοῦν</span> <span class='ocrx_word' id='word_1_291' title='bbox 734 1325 832 1361; x_wconf 78' lang='grc' dir='ltr'>ἐκείνῳ</span> 
     </span>
    </p>
   </div>
   <div class='ocr_carea' id='block_1_45' title="bbox 39 1358 830 1398">
    <p class='ocr_par' dir='ltr' id='par_1_45' title="bbox 39 1358 830 1398">
     <span class='ocr_line' id='line_1_45' title="bbox 39 1358 830 1398; baseline 0.015 -15"><span class='ocrx_word' id='word_1_292' title='bbox 39 1358 74 1384; x_wconf 83' lang='grc' dir='ltr'>τὰ</span> <span class='ocrx_word' id='word_1_293' title='bbox 85 1359 174 1385; x_wconf 72' lang='grc' dir='ltr'>ἐκεῖσε</span> <span class='ocrx_word' id='word_1_294' title='bbox 186 1361 425 1395; x_wconf 76' lang='grc' dir='ltr'>καταστησόμενος</span> <span class='ocrx_word' id='word_1_295' title='bbox 441 1363 604 1398; x_wconf 82' lang='grc' dir='ltr'>πράγματα,</span> <span class='ocrx_word' id='word_1_296' title='bbox 634 1366 681 1392; x_wconf 81' lang='grc' dir='ltr'>καὶ</span> <span class='ocrx_word' id='word_1_297' title='bbox 706 1368 754 1398; x_wconf 79' lang='grc' dir='ltr'>τὰς</span> <span class='ocrx_word' id='word_1_298' title='bbox 782 1358 830 1395; x_wconf 44' lang='grc' dir='ltr'>πύξ</span> 
     </span>
    </p>
   </div>
   <div class='ocr_carea' id='block_1_46' title="bbox 42 1404 831 1448">
    <p class='ocr_par' dir='ltr' id='par_1_46' title="bbox 42 1404 831 1448">
     <span class='ocr_line' id='line_1_46' title="bbox 42 1404 831 1448; baseline 0.013 -18"><span class='ocrx_word' id='word_1_299' title='bbox 42 1404 97 1436; x_wconf 87' lang='grc' dir='ltr'>λεις</span> <span class='ocrx_word' id='word_1_300' title='bbox 122 1406 288 1439; x_wconf 74' lang='grc' dir='ltr'>ἀποστήσων</span> <span class='ocrx_word' id='word_1_301' title='bbox 303 1405 359 1432; x_wconf 85' lang='grc' dir='ltr'>τῶν</span> <span class='ocrx_word' id='word_1_302' title='bbox 371 1408 495 1436; x_wconf 78' lang='grc' dir='ltr'>Λατίνων</span> <span class='ocrx_word' id='word_1_303' title='bbox 510 1410 556 1436; x_wconf 76' lang='grc' dir='ltr'>καὶ</span> <span class='ocrx_word' id='word_1_304' title='bbox 568 1411 749 1446; x_wconf 80' lang='grc' dir='ltr'>μεθαρμόσων</span> <span class='ocrx_word' id='word_1_305' title='bbox 763 1414 831 1448; x_wconf 62' lang='grc' dir='ltr'>πρὸς</span> 
     </span>
    </p>
   </div>
   <div class='ocr_carea' id='block_1_47' title="bbox 41 1450 828 1492">
    <p class='ocr_par' dir='ltr' id='par_1_47' title="bbox 41 1450 828 1492">
     <span class='ocr_line' id='line_1_47' title="bbox 41 1450 828 1492; baseline 0.014 -17"><span class='ocrx_word' id='word_1_306' title='bbox 41 1450 149 1478; x_wconf 77' lang='grc' dir='ltr'>ἑαυτόν.</span> <span class='ocrx_word' id='word_1_307' title='bbox 185 1452 290 1478; x_wconf 80' lang='grc' dir='ltr'>Οὐκουν</span> <span class='ocrx_word' id='word_1_308' title='bbox 318 1454 471 1488; x_wconf 81' lang='grc' dir='ltr'>ἀφιγμένος</span> <span class='ocrx_word' id='word_1_309' title='bbox 500 1456 539 1486; x_wconf 80' lang='grc' dir='ltr'>εὶς</span> <span class='ocrx_word' id='word_1_310' title='bbox 570 1457 676 1492; x_wconf 70' lang='grc' dir='ltr'>Σέρῤας</span> <span class='ocrx_word' id='word_1_311' title='bbox 690 1460 760 1491; x_wconf 72' lang='grc' dir='ltr'>μετὰ</span> <span class='ocrx_word' id='word_1_312' title='bbox 775 1459 828 1486; x_wconf 87' lang='grc' dir='ltr'>τῶν</span> 
     </span>
    </p>
   </div>
   <div class='ocr_carea' id='block_1_48' title="bbox 41 1495 830 1539">
    <p class='ocr_par' dir='ltr' id='par_1_48' title="bbox 41 1495 830 1539">
     <span class='ocr_line' id='line_1_48' title="bbox 41 1495 830 1539; baseline 0.015 -19"><span class='ocrx_word' id='word_1_313' title='bbox 41 1495 130 1522; x_wconf 78' lang='grc' dir='ltr'>ἐκεῖσε</span> <span class='ocrx_word' id='word_1_314' title='bbox 146 1497 271 1523; x_wconf 85' lang='grc' dir='ltr'>Λατίνων</span> <span class='ocrx_word' id='word_1_315' title='bbox 303 1499 474 1534; x_wconf 76' lang='grc' dir='ltr'>συρῤἠγνυσι</span> <span class='ocrx_word' id='word_1_316' title='bbox 501 1501 630 1535; x_wconf 81' lang='grc' dir='ltr'>πόλεμον,</span> <span class='ocrx_word' id='word_1_317' title='bbox 650 1505 696 1530; x_wconf 85' lang='grc' dir='ltr'>καὶ</span> <span class='ocrx_word' id='word_1_318' title='bbox 713 1505 774 1539; x_wconf 81' lang='grc' dir='ltr'>μεθ’</span> <span class='ocrx_word' id='word_1_319' title='bbox 788 1506 830 1531; x_wconf 79' lang='grc' dir='ltr'>αἱ-</span> 
     </span>
    </p>
   </div>
   <div class='ocr_carea' id='block_1_49' title="bbox 43 1541 830 1584">
    <p class='ocr_par' dir='ltr' id='par_1_49' title="bbox 43 1541 830 1584">
     <span class='ocr_line' id='line_1_49' title="bbox 43 1541 830 1584; baseline 0.014 -18"><span class='ocrx_word' id='word_1_320' title='bbox 43 1541 135 1574; x_wconf 84' lang='grc' dir='ltr'>μάτων</span> <span class='ocrx_word' id='word_1_321' title='bbox 154 1542 262 1577; x_wconf 83' lang='grc' dir='ltr'>ρεύσεις</span> <span class='ocrx_word' id='word_1_322' title='bbox 279 1544 379 1575; x_wconf 74' lang='grc' dir='ltr'>πολλάς</span> <span class='ocrx_word' id='word_1_323' title='bbox 405 1545 452 1571; x_wconf 76' lang='grc' dir='ltr'>καὶ</span> <span class='ocrx_word' id='word_1_324' title='bbox 478 1546 581 1572; x_wconf 88' lang='grc' dir='ltr'>τούτων</span> <span class='ocrx_word' id='word_1_325' title='bbox 595 1549 708 1584; x_wconf 77' lang='grc' dir='ltr'>νικητὴς</span> <span class='ocrx_word' id='word_1_326' title='bbox 725 1550 830 1577; x_wconf 78' lang='grc' dir='ltr'>ἀναδεί-</span> 
     </span>
    </p>
   </div>
   <div class='ocr_carea' id='block_1_50' title="bbox 41 1588 830 1631">
    <p class='ocr_par' dir='ltr' id='par_1_50' title="bbox 41 1588 830 1631">
     <span class='ocr_line' id='line_1_50' title="bbox 41 1588 830 1631; baseline 0.014 -20"><span class='ocrx_word' id='word_1_327' title='bbox 41 1594 148 1613; x_wconf 84' lang='grc' dir='ltr'>κνυται.</span> <span class='ocrx_word' id='word_1_328' title='bbox 163 1588 194 1613; x_wconf 80' lang='grc' dir='ltr'>Οἱ</span> <span class='ocrx_word' id='word_1_329' title='bbox 211 1588 265 1623; x_wconf 80' lang='grc' dir='ltr'>γὰρ</span> <span class='ocrx_word' id='word_1_330' title='bbox 276 1589 386 1616; x_wconf 85' lang='grc' dir='ltr'>Λατῖνοι</span> <span class='ocrx_word' id='word_1_331' title='bbox 403 1590 441 1625; x_wconf 84' lang='grc' dir='ltr'>τῷ</span> <span class='ocrx_word' id='word_1_332' title='bbox 459 1591 581 1627; x_wconf 75' lang='grc' dir='ltr'>σφετέρῳ</span> <span class='ocrx_word' id='word_1_333' title='bbox 598 1602 627 1619; x_wconf 91' lang='grc' dir='ltr'>τε</span> <span class='ocrx_word' id='word_1_334' title='bbox 646 1594 754 1629; x_wconf 78' lang='grc' dir='ltr'>ἀκριϐεῖ</span> <span class='ocrx_word' id='word_1_335' title='bbox 763 1597 830 1631; x_wconf 66' lang='grc' dir='ltr'>προς</span> 
     </span>
    </p>
   </div>
   <div class='ocr_carea' id='block_1_51' title="bbox 41 1632 829 1676">
    <p class='ocr_par' dir='ltr' id='par_1_51' title="bbox 41 1632 829 1676">
     <span class='ocr_line' id='line_1_51' title="bbox 41 1632 829 1676; baseline 0.013 -19"><span class='ocrx_word' id='word_1_336' title='bbox 41 1633 88 1663; x_wconf 68' lang='grc' dir='ltr'>τὰς</span> <span class='ocrx_word' id='word_1_337' title='bbox 117 1632 210 1667; x_wconf 82' lang='grc' dir='ltr'>μάχας</span> <span class='ocrx_word' id='word_1_338' title='bbox 238 1634 285 1660; x_wconf 75' lang='grc' dir='ltr'>καὶ</span> <span class='ocrx_word' id='word_1_339' title='bbox 312 1635 350 1670; x_wconf 76' lang='grc' dir='ltr'>τῷ</span> <span class='ocrx_word' id='word_1_340' title='bbox 375 1637 423 1670; x_wconf 83' lang='grc' dir='ltr'>τῆς</span> <span class='ocrx_word' id='word_1_341' title='bbox 460 1638 632 1674; x_wconf 75' lang='grc' dir='ltr'>αὺτεμϐολῆς</span> <span class='ocrx_word' id='word_1_342' title='bbox 657 1640 758 1676; x_wconf 82' lang='grc' dir='ltr'>ἑτοίμῳ</span> <span class='ocrx_word' id='word_1_343' title='bbox 785 1643 829 1670; x_wconf 78' lang='grc' dir='ltr'>τὸν</span> 
     </span>
    </p>
   </div>
   <div class='ocr_carea' id='block_1_52' title="bbox 49 1677 831 1724">
    <p class='ocr_par' dir='ltr' id='par_1_52' title="bbox 49 1677 831 1724">
     <span class='ocr_line' id='line_1_52' title="bbox 49 1677 831 1724; baseline 0.018 -22"><span class='ocrx_word' id='word_1_344' title='bbox 49 1677 176 1713; x_wconf 80' lang='grc' dir='ltr'>Ἰωάννην</span> <span class='ocrx_word' id='word_1_345' title='bbox 191 1679 333 1714; x_wconf 71' lang='grc' dir='ltr'>δεξάμενοι</span> <span class='ocrx_word' id='word_1_346' title='bbox 344 1682 459 1715; x_wconf 78' lang='grc' dir='ltr'>πολλοὺς</span> <span class='ocrx_word' id='word_1_347' title='bbox 466 1683 519 1710; x_wconf 88' lang='grc' dir='ltr'>τῶν</span> <span class='ocrx_word' id='word_1_348' title='bbox 534 1685 580 1710; x_wconf 79' lang='grc' dir='ltr'>ὑπ’</span> <span class='ocrx_word' id='word_1_349' title='bbox 592 1687 674 1713; x_wconf 75' lang='grc' dir='ltr'>αὐτὸν</span> <span class='ocrx_word' id='word_1_350' title='bbox 692 1689 831 1724; x_wconf 82' lang='grc' dir='ltr'>κατέτρω-</span> 
     </span>
    </p>
   </div>
   <div class='ocr_carea' id='block_1_53' title="bbox 43 1723 830 1769">
    <p class='ocr_par' dir='ltr' id='par_1_53' title="bbox 43 1723 830 1769">
     <span class='ocr_line' id='line_1_53' title="bbox 43 1723 830 1769; baseline 0.018 -22"><span class='ocrx_word' id='word_1_351' title='bbox 43 1729 90 1748; x_wconf 83' lang='grc' dir='ltr'>σαν</span> <span class='ocrx_word' id='word_1_352' title='bbox 102 1730 110 1738; x_wconf 91' lang='grc'><strong>·</strong></span> <span class='ocrx_word' id='word_1_353' title='bbox 128 1723 189 1758; x_wconf 84' lang='grc' dir='ltr'>μετ’</span> <span class='ocrx_word' id='word_1_354' title='bbox 203 1725 233 1750; x_wconf 80' lang='grc' dir='ltr'>οὺ</span> <span class='ocrx_word' id='word_1_355' title='bbox 248 1725 314 1751; x_wconf 82' lang='grc' dir='ltr'>πολὺ</span> <span class='ocrx_word' id='word_1_356' title='bbox 331 1726 360 1752; x_wconf 84' lang='grc' dir='ltr'>δὲ</span> <span class='ocrx_word' id='word_1_357' title='bbox 374 1727 489 1762; x_wconf 80' lang='grc' dir='ltr'>ἡττηθὲν</span> <span class='ocrx_word' id='word_1_358' title='bbox 503 1728 533 1755; x_wconf 75' lang='grc' dir='ltr'>τὸ</span> <span class='ocrx_word' id='word_1_359' title='bbox 545 1729 689 1758; x_wconf 72' lang='grc' dir='ltr'>Λατινικὸν</span> <span class='ocrx_word' id='word_1_360' title='bbox 702 1734 748 1759; x_wconf 70' lang='grc' dir='ltr'>καὶ</span> <span class='ocrx_word' id='word_1_361' title='bbox 761 1723 830 1769; x_wconf 75' lang='grc' dir='ltr'>πρὸς</span> 
     </span>
    </p>
   </div>
   <div class='ocr_carea' id='block_1_54' title="bbox 42 1767 826 1813">
    <p class='ocr_par' dir='ltr' id='par_1_54' title="bbox 42 1767 826 1813">
     <span class='ocr_line' id='line_1_54' title="bbox 42 1767 826 1813; baseline 0.017 -20"><span class='ocrx_word' id='word_1_362' title='bbox 42 1767 89 1802; x_wconf 84' lang='grc' dir='ltr'>τὴν</span> <span class='ocrx_word' id='word_1_363' title='bbox 104 1769 181 1795; x_wconf 80' lang='grc' dir='ltr'>πόλιν</span> <span class='ocrx_word' id='word_1_364' title='bbox 192 1770 243 1801; x_wconf 83' lang='grc' dir='ltr'>τὰς</span> <span class='ocrx_word' id='word_1_365' title='bbox 252 1771 358 1806; x_wconf 73' lang='grc' dir='ltr'>Σέρρας</span> <span class='ocrx_word' id='word_1_366' title='bbox 368 1774 542 1808; x_wconf 79' lang='grc' dir='ltr'>τραπόμενον</span> <span class='ocrx_word' id='word_1_367' title='bbox 557 1776 606 1802; x_wconf 84' lang='grc' dir='ltr'>οὐκ</span> <span class='ocrx_word' id='word_1_368' title='bbox 619 1776 688 1813; x_wconf 70' lang='grc' dir='ltr'>ξ’ρθη</span> <span class='ocrx_word' id='word_1_369' title='bbox 704 1767 826 1813; x_wconf 79' lang='grc' dir='ltr'>συγκλεῖ-</span> 
     </span>
    </p>
   </div>
   <div class='ocr_carea' id='block_1_55' title="bbox 43 1815 830 1857">
    <p class='ocr_par' dir='ltr' id='par_1_55' title="bbox 43 1815 830 1857">
     <span class='ocr_line' id='line_1_55' title="bbox 43 1815 830 1857; baseline 0.017 -19"><span class='ocrx_word' id='word_1_370' title='bbox 43 1821 87 1839; x_wconf 84' lang='grc' dir='ltr'>σαι</span> <span class='ocrx_word' id='word_1_371' title='bbox 100 1815 149 1845; x_wconf 76' lang='grc' dir='ltr'>τὰς</span> <span class='ocrx_word' id='word_1_372' title='bbox 163 1815 279 1850; x_wconf 77' lang='grc' dir='ltr'>Σέρῤας,</span> <span class='ocrx_word' id='word_1_373' title='bbox 309 1818 354 1843; x_wconf 76' lang='grc' dir='ltr'>καὶ</span> <span class='ocrx_word' id='word_1_374' title='bbox 368 1818 434 1844; x_wconf 72' lang='grc' dir='ltr'>εἵσω</span> <span class='ocrx_word' id='word_1_375' title='bbox 450 1820 504 1847; x_wconf 82' lang='grc' dir='ltr'>τῶν</span> <span class='ocrx_word' id='word_1_376' title='bbox 522 1823 672 1857; x_wconf 87' lang='grc' dir='ltr'>τειχισμῶν</span> <span class='ocrx_word' id='word_1_377' title='bbox 687 1825 830 1851; x_wconf 86' lang='grc' dir='ltr'>συνεισπί-</span> 
     </span>
    </p>
   </div>
   <div class='ocr_carea' id='block_1_56' title="bbox 43 1864 829 1906">
    <p class='ocr_par' dir='ltr' id='par_1_56' title="bbox 43 1864 829 1906">
     <span class='ocr_line' id='line_1_56' title="bbox 43 1864 829 1906; baseline 0.015 -20"><span class='ocrx_word' id='word_1_378' title='bbox 43 1870 155 1888; x_wconf 72' lang='grc' dir='ltr'>πτουσιν</span> <span class='ocrx_word' id='word_1_379' title='bbox 167 1864 191 1889; x_wconf 81' lang='lat' dir='ltr'>oi</span> <span class='ocrx_word' id='word_1_380' title='bbox 208 1864 263 1890; x_wconf 84' lang='grc' dir='ltr'>τῶν</span> <span class='ocrx_word' id='word_1_381' title='bbox 280 1865 436 1899; x_wconf 86' lang='grc' dir='ltr'>φευγόντων</span> <span class='ocrx_word' id='word_1_382' title='bbox 447 1866 535 1894; x_wconf 77' lang='grc' dir='ltr'>ὀπίσω</span> <span class='ocrx_word' id='word_1_383' title='bbox 552 1870 699 1904; x_wconf 84' lang='grc' dir='ltr'>φερόμενοι</span> <span class='ocrx_word' id='word_1_384' title='bbox 731 1871 829 1906; x_wconf 81' lang='grc' dir='ltr'>Βλαχοι</span> 
     </span>
    </p>
   </div>
   <div class='ocr_carea' id='block_1_57' title="bbox 41 1908 830 1952">
    <p class='ocr_par' dir='ltr' id='par_1_57' title="bbox 41 1908 830 1952">
     <span class='ocr_line' id='line_1_57' title="bbox 41 1908 830 1952; baseline 0.013 -19"><span class='ocrx_word' id='word_1_385' title='bbox 41 1914 69 1932; x_wconf 88' lang='grc' dir='ltr'>τε</span> <span class='ocrx_word' id='word_1_386' title='bbox 85 1908 133 1935; x_wconf 72' lang='grc' dir='ltr'>καὶ</span> <span class='ocrx_word' id='word_1_387' title='bbox 155 1909 297 1942; x_wconf 83' lang='grc' dir='ltr'>Ῥωμαῖοι.</span> <span class='ocrx_word' id='word_1_388' title='bbox 315 1911 369 1937; x_wconf 78' lang='grc' dir='ltr'>Καὶ</span> <span class='ocrx_word' id='word_1_389' title='bbox 388 1910 502 1946; x_wconf 78' lang='grc' dir='ltr'>οὕτωςὴ</span> <span class='ocrx_word' id='word_1_390' title='bbox 520 1913 599 1944; x_wconf 81' lang='grc' dir='ltr'>πόλις</span> <span class='ocrx_word' id='word_1_391' title='bbox 617 1914 717 1950; x_wconf 85' lang='grc' dir='ltr'>εῐχετο.</span> <span class='ocrx_word' id='word_1_392' title='bbox 734 1914 800 1943; x_wconf 86' lang='grc' dir='ltr'>Εἶτα</span> <span class='ocrx_word' id='word_1_393' title='bbox 813 1917 830 1952; x_wconf 84' lang='grc' dir='ltr'><strong>ἠ</strong></span> 
     </span>
    </p>
   </div>
   <div class='ocr_carea' id='block_1_58' title="bbox 45 1951 830 1996">
    <p class='ocr_par' dir='ltr' id='par_1_58' title="bbox 45 1951 830 1996">
     <span class='ocr_line' id='line_1_58' title="bbox 45 1951 830 1996; baseline 0.014 -17"><span class='ocrx_word' id='word_1_394' title='bbox 45 1953 94 1987; x_wconf 82' lang='grc' dir='ltr'>μὲν</span> <span class='ocrx_word' id='word_1_395' title='bbox 107 1951 142 1984; x_wconf 70' lang='grc' dir='ltr'>ἦν</span> <span class='ocrx_word' id='word_1_396' title='bbox 159 1955 188 1981; x_wconf 71' lang='grc' dir='ltr'>ἐν</span> <span class='ocrx_word' id='word_1_397' title='bbox 206 1956 272 1990; x_wconf 75' lang='grc' dir='ltr'>πυρὶ</span> <span class='ocrx_word' id='word_1_398' title='bbox 285 1956 332 1983; x_wconf 80' lang='grc' dir='ltr'>καὶ</span> <span class='ocrx_word' id='word_1_399' title='bbox 348 1958 381 1992; x_wconf 85' lang='grc' dir='ltr'>τῇ</span> <span class='ocrx_word' id='word_1_400' title='bbox 397 1958 451 1984; x_wconf 83' lang='grc' dir='ltr'>τῶν</span> <span class='ocrx_word' id='word_1_401' title='bbox 466 1959 564 1993; x_wconf 85' lang='grc' dir='ltr'>τειχῶν</span> <span class='ocrx_word' id='word_1_402' title='bbox 580 1960 751 1996; x_wconf 79' lang='grc' dir='ltr'>καθαιρέσει,</span> <span class='ocrx_word' id='word_1_403' title='bbox 763 1963 792 1989; x_wconf 79' lang='grc' dir='ltr'>τὸ</span> <span class='ocrx_word' id='word_1_404' title='bbox 802 1951 830 1990; x_wconf 60' lang='grc' dir='ltr'>δὲ</span> 
     </span>
    </p>
   </div>
   <div class='ocr_carea' id='block_1_59' title="bbox 44 1999 830 2039">
    <p class='ocr_par' dir='ltr' id='par_1_59' title="bbox 44 1999 830 2039">
     <span class='ocr_line' id='line_1_59' title="bbox 44 1999 830 2039; baseline 0.013 -15"><span class='ocrx_word' id='word_1_405' title='bbox 44 1999 195 2036; x_wconf 79' lang='grc' dir='ltr'>συλληφθὲν</span> <span class='ocrx_word' id='word_1_406' title='bbox 208 2001 237 2026; x_wconf 80' lang='grc' dir='ltr'>ἐν</span> <span class='ocrx_word' id='word_1_407' title='bbox 252 2001 415 2036; x_wconf 83' lang='grc' dir='ltr'>ἀπαγωγαῖς</span> <span class='ocrx_word' id='word_1_408' title='bbox 427 2003 475 2029; x_wconf 77' lang='grc' dir='ltr'>καὶ</span> <span class='ocrx_word' id='word_1_409' title='bbox 489 2003 610 2039; x_wconf 80' lang='grc' dir='ltr'>δεσμοῖς.</span> <span class='ocrx_word' id='word_1_410' title='bbox 628 2006 681 2032; x_wconf 73' lang='grc' dir='ltr'>Τοῦ</span> <span class='ocrx_word' id='word_1_411' title='bbox 703 2006 731 2033; x_wconf 79' lang='grc' dir='ltr'>δὲ</span> <span class='ocrx_word' id='word_1_412' title='bbox 745 2008 830 2034; x_wconf 88' lang='grc' dir='ltr'>Λατι-</span> 
     </span>
    </p>
   </div>
   <div class='ocr_carea' id='block_1_60' title="bbox 43 2045 829 2088">
    <p class='ocr_par' dir='ltr' id='par_1_60' title="bbox 43 2045 829 2088">
     <span class='ocr_line' id='line_1_60' title="bbox 43 2045 829 2088; baseline 0.013 -18"><span class='ocrx_word' id='word_1_413' title='bbox 43 2045 117 2071; x_wconf 83' lang='grc' dir='ltr'>νικοῦ</span> <span class='ocrx_word' id='word_1_414' title='bbox 144 2047 353 2082; x_wconf 79' lang='grc' dir='ltr'>στρατεύματος</span> <span class='ocrx_word' id='word_1_415' title='bbox 378 2049 475 2075; x_wconf 79' lang='grc' dir='ltr'>ὁπόσον</span> <span class='ocrx_word' id='word_1_416' title='bbox 507 2051 544 2086; x_wconf 77' lang='grc' dir='ltr'>μὴ</span> <span class='ocrx_word' id='word_1_417' title='bbox 561 2051 633 2078; x_wconf 71' lang='grc' dir='ltr'>κατὰ</span> <span class='ocrx_word' id='word_1_418' title='bbox 646 2051 691 2078; x_wconf 65' lang='grc' dir='ltr'>τὸν</span> <span class='ocrx_word' id='word_1_419' title='bbox 711 2053 829 2088; x_wconf 78' lang='grc' dir='ltr'>πόλεμον</span> 
     </span>
    </p>
   </div>
   <div class='ocr_carea' id='block_1_61' title="bbox 42 2091 828 2134">
    <p class='ocr_par' dir='ltr' id='par_1_61' title="bbox 42 2091 828 2134">
     <span class='ocr_line' id='line_1_61' title="bbox 42 2091 828 2134; baseline 0.011 -17"><span class='ocrx_word' id='word_1_420' title='bbox 42 2091 202 2126; x_wconf 72' lang='grc' dir='ltr'>ἀπεγένετο,</span> <span class='ocrx_word' id='word_1_421' title='bbox 219 2093 233 2119; x_wconf 83' lang='grc' dir='ltr'><strong>ὃ</strong></span> <span class='ocrx_word' id='word_1_422' title='bbox 250 2094 300 2129; x_wconf 81' lang='grc' dir='ltr'>μὲν</span> <span class='ocrx_word' id='word_1_423' title='bbox 314 2094 349 2126; x_wconf 56' lang='lat' dir='ltr'>da,</span> <span class='ocrx_word' id='word_1_424' title='bbox 365 2096 495 2128; x_wconf 67' lang='grc' dir='ltr'>ἑκάστοις</span> <span class='ocrx_word' id='word_1_425' title='bbox 511 2098 669 2133; x_wconf 80' lang='grc' dir='ltr'>προυχώρει</span> <span class='ocrx_word' id='word_1_426' title='bbox 696 2099 828 2134; x_wconf 80' lang='grc' dir='ltr'>σέσωστο,</span> 
     </span>
    </p>
   </div>
   <div class='ocr_carea' id='block_1_62' title="bbox 43 2135 830 2181">
    <p class='ocr_par' dir='ltr' id='par_1_62' title="bbox 43 2135 830 2181">
     <span class='ocr_line' id='line_1_62' title="bbox 43 2135 830 2181; baseline 0.013 -19"><span class='ocrx_word' id='word_1_427' title='bbox 43 2135 56 2162; x_wconf 81' lang='grc' dir='ltr'>δ</span> <span class='ocrx_word' id='word_1_428' title='bbox 68 2137 94 2163; x_wconf 84' lang='grc' dir='ltr'>δὲ</span> <span class='ocrx_word' id='word_1_429' title='bbox 108 2138 155 2173; x_wconf 82' lang='grc' dir='ltr'>τῆς</span> <span class='ocrx_word' id='word_1_430' title='bbox 172 2139 265 2174; x_wconf 68' lang='grc' dir='ltr'>ἄκραςι</span> <span class='ocrx_word' id='word_1_431' title='bbox 275 2140 423 2175; x_wconf 80' lang='grc' dir='ltr'>λαὸόμενον</span> <span class='ocrx_word' id='word_1_432' title='bbox 435 2141 508 2169; x_wconf 73' lang='grc' dir='ltr'>ἔνδον</span> <span class='ocrx_word' id='word_1_433' title='bbox 521 2144 648 2178; x_wconf 78' lang='grc' dir='ltr'>ἐπέμενε.</span> <span class='ocrx_word' id='word_1_434' title='bbox 663 2145 683 2170; x_wconf 91' lang='grc' dir='ltr'>Τ</span> <span class='ocrx_word' id='word_1_435' title='bbox 686 2147 702 2181; x_wconf 81' lang='grc' dir='ltr'><strong>ᾗ</strong></span> <span class='ocrx_word' id='word_1_436' title='bbox 716 2145 830 2178; x_wconf 48' lang='grc' dir='ltr'>δ’κὺστε-</span> 
     </span>
    </p>
   </div>
   <div class='ocr_carea' id='block_1_63' title="bbox 43 2184 827 2229">
    <p class='ocr_par' dir='ltr' id='par_1_63' title="bbox 43 2184 827 2229">
     <span class='ocr_line' id='line_1_63' title="bbox 43 2184 827 2229; baseline 0.014 -21"><span class='ocrx_word' id='word_1_437' title='bbox 43 2184 107 2218; x_wconf 75' lang='grc' dir='ltr'>ραία</span> <span class='ocrx_word' id='word_1_438' title='bbox 120 2185 273 2220; x_wconf 81' lang='grc' dir='ltr'>περιελθὼν</span> <span class='ocrx_word' id='word_1_439' title='bbox 287 2187 336 2222; x_wconf 80' lang='grc' dir='ltr'>τὴν</span> <span class='ocrx_word' id='word_1_440' title='bbox 351 2188 439 2223; x_wconf 82' lang='grc' dir='ltr'>ἄκραν</span> <span class='ocrx_word' id='word_1_441' title='bbox 456 2189 470 2215; x_wconf 84' lang='grc' dir='ltr'>ὁ</span> <span class='ocrx_word' id='word_1_442' title='bbox 492 2189 617 2226; x_wconf 80' lang='grc' dir='ltr'>Ἰωάννης</span> <span class='ocrx_word' id='word_1_443' title='bbox 635 2192 690 2222; x_wconf 87' lang='grc' dir='ltr'>τοῖς</span> <span class='ocrx_word' id='word_1_444' title='bbox 704 2194 731 2223; x_wconf 78' lang='grc' dir='ltr'>ες</span> <span class='ocrx_word' id='word_1_445' title='bbox 743 2193 827 2229; x_wconf 76' lang='grc' dir='ltr'>αὐτὴν</span> 
     </span>
    </p>
   </div>
   <div class='ocr_carea' id='block_1_64' title="bbox 44 2228 827 2273">
    <p class='ocr_par' dir='ltr' id='par_1_64' title="bbox 44 2228 827 2273">
     <span class='ocr_line' id='line_1_64' title="bbox 44 2228 827 2273; baseline 0.014 -18"><span class='ocrx_word' id='word_1_446' title='bbox 44 2228 215 2265; x_wconf 83' lang='grc' dir='ltr'>ξυμφυγοῦσι</span> <span class='ocrx_word' id='word_1_447' title='bbox 242 2232 368 2265; x_wconf 85' lang='grc' dir='ltr'>Λατίνοις</span> <span class='ocrx_word' id='word_1_448' title='bbox 394 2235 564 2269; x_wconf 82' lang='grc' dir='ltr'>παραδοῦναί</span> <span class='ocrx_word' id='word_1_449' title='bbox 579 2235 603 2261; x_wconf 78' lang='grc' dir='ltr'>οἱ</span> <span class='ocrx_word' id='word_1_450' title='bbox 622 2236 652 2262; x_wconf 84' lang='grc' dir='ltr'>τὸ</span> <span class='ocrx_word' id='word_1_451' title='bbox 665 2238 764 2273; x_wconf 84' lang='grc' dir='ltr'>χωρίον</span> <span class='ocrx_word' id='word_1_452' title='bbox 780 2240 827 2266; x_wconf 80' lang='grc' dir='ltr'>καὶ</span> 
     </span>
    </p>
   </div>
   <div class='ocr_carea' id='block_1_65' title="bbox 882 942 1665 974">
    <p class='ocr_par' dir='ltr' id='par_1_65' title="bbox 882 942 1665 974">
     <span class='ocr_line' id='line_1_65' title="bbox 882 942 1665 974; baseline 0.005 -4"><span class='ocrx_word' id='word_1_453' title='bbox 882 944 1009 971; x_wconf 86' lang='lat' dir='ltr'><strong>stitueret</strong></span> <span class='ocrx_word' id='word_1_454' title='bbox 1024 947 1051 969; x_wconf 89' lang='lat' dir='ltr'>et</span> <span class='ocrx_word' id='word_1_455' title='bbox 1065 942 1149 969; x_wconf 88' lang='lat' dir='ltr'><strong>urbes</strong></span> <span class='ocrx_word' id='word_1_456' title='bbox 1163 950 1177 968; x_wconf 85' lang='lat' dir='ltr'>a</span> <span class='ocrx_word' id='word_1_457' title='bbox 1196 942 1301 969; x_wconf 80' lang='lat' dir='ltr'><strong>Latinis</strong></span> <span class='ocrx_word' id='word_1_458' title='bbox 1315 943 1424 970; x_wconf 86' lang='lat' dir='ltr'><strong>avulsas</strong></span> <span class='ocrx_word' id='word_1_459' title='bbox 1436 944 1488 971; x_wconf 86' lang='lat' dir='ltr'><strong>sibi</strong></span> <span class='ocrx_word' id='word_1_460' title='bbox 1503 945 1665 974; x_wconf 84' lang='lat' dir='ltr'><strong>vindicaret.</strong></span> 
     </span>
    </p>
   </div>
   <div class='ocr_carea' id='block_1_66' title="bbox 883 988 1668 1025">
    <p class='ocr_par' dir='ltr' id='par_1_66' title="bbox 883 988 1668 1025">
     <span class='ocr_line' id='line_1_66' title="bbox 883 988 1668 1025; baseline 0.006 -9"><span class='ocrx_word' id='word_1_461' title='bbox 883 990 965 1024; x_wconf 77' lang='lat' dir='ltr'><strong>Igitur</strong></span> <span class='ocrx_word' id='word_1_462' title='bbox 978 989 1072 1016; x_wconf 89' lang='lat' dir='ltr'><strong>Serras</strong></span> <span class='ocrx_word' id='word_1_463' title='bbox 1096 988 1236 1023; x_wconf 86' lang='lat' dir='ltr'><strong>prolectus</strong></span> <span class='ocrx_word' id='word_1_464' title='bbox 1258 996 1320 1015; x_wconf 90' lang='lat' dir='ltr'>cum</span> <span class='ocrx_word' id='word_1_465' title='bbox 1345 988 1451 1017; x_wconf 85' lang='lat' dir='ltr'><strong>Latinis</strong></span> <span class='ocrx_word' id='word_1_466' title='bbox 1464 991 1511 1025; x_wconf 90' lang='lat' dir='ltr'>qui</span> <span class='ocrx_word' id='word_1_467' title='bbox 1536 991 1573 1019; x_wconf 90' lang='lat' dir='ltr'>ibi</span> <span class='ocrx_word' id='word_1_468' title='bbox 1588 1000 1668 1021; x_wconf 84' lang='lat' dir='ltr'><strong>erant</strong></span> 
     </span>
    </p>
   </div>
   <div class='ocr_carea' id='block_1_67' title="bbox 882 1034 1666 1069">
    <p class='ocr_par' dir='ltr' id='par_1_67' title="bbox 882 1034 1666 1069">
     <span class='ocr_line' id='line_1_67' title="bbox 882 1034 1666 1069; baseline 0.008 -9"><span class='ocrx_word' id='word_1_469' title='bbox 882 1041 1001 1069; x_wconf 82' lang='lat' dir='ltr'><strong>pugnam</strong></span> <span class='ocrx_word' id='word_1_470' title='bbox 1021 1034 1178 1066; x_wconf 84' lang='lat' dir='ltr'><strong>committit,</strong></span> <span class='ocrx_word' id='word_1_471' title='bbox 1207 1037 1233 1060; x_wconf 88' lang='lat' dir='ltr'>et</span> <span class='ocrx_word' id='word_1_472' title='bbox 1256 1041 1303 1061; x_wconf 89' lang='lat' dir='ltr'>eos</span> <span class='ocrx_word' id='word_1_473' title='bbox 1330 1041 1451 1069; x_wconf 88' lang='lat' dir='ltr'><strong>quoque,</strong></span> <span class='ocrx_word' id='word_1_474' title='bbox 1475 1036 1523 1063; x_wconf 86' lang='lat' dir='ltr'>sed</span> <span class='ocrx_word' id='word_1_475' title='bbox 1552 1044 1666 1067; x_wconf 79' lang='lat' dir='ltr'><strong>cruenta</strong></span> 
     </span>
    </p>
   </div>
   <div class='ocr_carea' id='block_1_68' title="bbox 881 1079 1666 1117">
    <p class='ocr_par' dir='ltr' id='par_1_68' title="bbox 881 1079 1666 1117">
     <span class='ocr_line' id='line_1_68' title="bbox 881 1079 1666 1117; baseline 0.008 -11"><span class='ocrx_word' id='word_1_476' title='bbox 881 1079 1005 1110; x_wconf 88' lang='lat' dir='ltr'><strong>victoria,</strong></span> <span class='ocrx_word' id='word_1_477' title='bbox 1025 1084 1149 1114; x_wconf 84' lang='lat' dir='ltr'><strong>superat;</strong></span> <span class='ocrx_word' id='word_1_478' title='bbox 1168 1086 1230 1106; x_wconf 88' lang='lat' dir='ltr'><strong>natn</strong></span> <span class='ocrx_word' id='word_1_479' title='bbox 1243 1079 1332 1107; x_wconf 86' lang='lat' dir='ltr'><strong>Latini</strong></span> <span class='ocrx_word' id='word_1_480' title='bbox 1348 1085 1376 1107; x_wconf 90' lang='lat' dir='ltr'>et</span> <span class='ocrx_word' id='word_1_481' title='bbox 1391 1081 1535 1117; x_wconf 84' lang='lat' dir='ltr'><strong>disciplina</strong></span> <span class='ocrx_word' id='word_1_482' title='bbox 1553 1084 1666 1112; x_wconf 89' lang='lat' dir='ltr'><strong>militari</strong></span> 
     </span>
    </p>
   </div>
   <div class='ocr_carea' id='block_1_69' title="bbox 880 1126 1667 1167">
    <p class='ocr_par' dir='ltr' id='par_1_69' title="bbox 880 1126 1667 1167">
     <span class='ocr_line' id='line_1_69' title="bbox 880 1126 1667 1167; baseline 0.009 -14"><span class='ocrx_word' id='word_1_483' title='bbox 880 1126 944 1153; x_wconf 84' lang='lat' dir='ltr'><strong>freti</strong></span> <span class='ocrx_word' id='word_1_484' title='bbox 957 1132 984 1154; x_wconf 92' lang='lat' dir='ltr'>et</span> <span class='ocrx_word' id='word_1_485' title='bbox 999 1126 1095 1167; x_wconf 83' lang='lat' dir='ltr'><strong>Joanni</strong></span> <span class='ocrx_word' id='word_1_486' title='bbox 1109 1126 1219 1154; x_wconf 78' lang='lat' dir='ltr'><strong>fortiter</strong></span> <span class='ocrx_word' id='word_1_487' title='bbox 1234 1126 1341 1154; x_wconf 82' lang='lat' dir='ltr'><strong>obviam</strong></span> <span class='ocrx_word' id='word_1_488' title='bbox 1362 1128 1465 1162; x_wconf 80' lang='lat' dir='ltr'><strong>egressi</strong></span> <span class='ocrx_word' id='word_1_489' title='bbox 1489 1130 1590 1158; x_wconf 90' lang='lat' dir='ltr'><strong>multos</strong></span> <span class='ocrx_word' id='word_1_490' title='bbox 1608 1132 1667 1167; x_wconf 84' lang='lat' dir='ltr'><strong>ejus</strong></span> 
     </span>
    </p>
   </div>
   <div class='ocr_carea' id='block_1_70' title="bbox 882 1163 1665 1206">
    <p class='ocr_par' dir='ltr' id='par_1_70' title="bbox 882 1163 1665 1206">
     <span class='ocr_line' id='line_1_70' title="bbox 882 1163 1665 1206; baseline 0.006 -7"><span class='ocrx_word' id='word_1_491' title='bbox 882 1172 984 1199; x_wconf 85' lang='lat' dir='ltr'><strong>milites</strong></span> <span class='ocrx_word' id='word_1_492' title='bbox 1005 1163 1175 1200; x_wconf 80' lang='lat' dir='ltr'><strong>ceciderunt.</strong></span> <span class='ocrx_word' id='word_1_493' title='bbox 1191 1172 1244 1199; x_wconf 78' lang='lat' dir='ltr'><strong>Sed</strong></span> <span class='ocrx_word' id='word_1_494' title='bbox 1266 1179 1320 1198; x_wconf 89' lang='lat' dir='ltr'>non</span> <span class='ocrx_word' id='word_1_495' title='bbox 1344 1173 1430 1199; x_wconf 88' lang='lat' dir='ltr'><strong>multo</strong></span> <span class='ocrx_word' id='word_1_496' title='bbox 1446 1179 1507 1206; x_wconf 88' lang='lat' dir='ltr'><strong>post</strong></span> <span class='ocrx_word' id='word_1_497' title='bbox 1522 1183 1583 1202; x_wconf 90' lang='lat' dir='ltr'>cum</span> <span class='ocrx_word' id='word_1_498' title='bbox 1600 1163 1665 1204; x_wconf 58' lang='grc' dir='ltr'>κίριί</span> 
     </span>
    </p>
   </div>
   <div class='ocr_carea' id='block_1_71' title="bbox 881 1216 1665 1255">
    <p class='ocr_par' dir='ltr' id='par_1_71' title="bbox 881 1216 1665 1255">
     <span class='ocr_line' id='line_1_71' title="bbox 881 1216 1665 1255; baseline 0.005 -11"><span class='ocrx_word' id='word_1_499' title='bbox 881 1221 908 1244; x_wconf 86' lang='lat' dir='ltr'>et</span> <span class='ocrx_word' id='word_1_500' title='bbox 932 1217 966 1244; x_wconf 91' lang='lat' dir='ltr'>ad</span> <span class='ocrx_word' id='word_1_501' title='bbox 991 1218 1086 1244; x_wconf 84' lang='lat' dir='ltr'><strong>urbem</strong></span> <span class='ocrx_word' id='word_1_502' title='bbox 1115 1216 1210 1244; x_wconf 81' lang='lat' dir='ltr'><strong>Serras</strong></span> <span class='ocrx_word' id='word_1_503' title='bbox 1238 1217 1365 1244; x_wconf 88' lang='lat' dir='ltr'><strong>conversi</strong></span> <span class='ocrx_word' id='word_1_504' title='bbox 1391 1224 1494 1252; x_wconf 87' lang='lat' dir='ltr'><strong>essent,</strong></span> <span class='ocrx_word' id='word_1_505' title='bbox 1518 1225 1665 1255; x_wconf 83' lang='lat' dir='ltr'><strong>antequam</strong></span> 
     </span>
    </p>
   </div>
   <div class='ocr_carea' id='block_1_72' title="bbox 871 1263 1665 1300">
    <p class='ocr_par' dir='ltr' id='par_1_72' title="bbox 871 1263 1665 1300">
     <span class='ocr_line' id='line_1_72' title="bbox 871 1263 1665 1300; baseline 0.005 -10"><span class='ocrx_word' id='word_1_506' title='bbox 871 1267 973 1298; x_wconf 68' lang='lat' dir='ltr'><strong>&#39;portas</strong></span> <span class='ocrx_word' id='word_1_507' title='bbox 990 1263 1160 1294; x_wconf 87' lang='lat' dir='ltr'><strong>clauderent,</strong></span> <span class='ocrx_word' id='word_1_508' title='bbox 1176 1263 1267 1290; x_wconf 84' lang='lat' dir='ltr'><strong>Blachi</strong></span> <span class='ocrx_word' id='word_1_509' title='bbox 1281 1267 1308 1290; x_wconf 89' lang='lat' dir='ltr'>et</span> <span class='ocrx_word' id='word_1_510' title='bbox 1325 1263 1451 1296; x_wconf 84' lang='lat' dir='ltr'><strong>Romani,</strong></span> <span class='ocrx_word' id='word_1_511' title='bbox 1469 1266 1515 1299; x_wconf 80' lang='lat' dir='ltr'>qui</span> <span class='ocrx_word' id='word_1_512' title='bbox 1535 1265 1665 1300; x_wconf 79' lang='lat' dir='ltr'><strong>fugient-i-</strong></span> 
     </span>
    </p>
   </div>
   <div class='ocr_carea' id='block_1_73' title="bbox 881 1309 1669 1346">
    <p class='ocr_par' dir='ltr' id='par_1_73' title="bbox 881 1309 1669 1346">
     <span class='ocr_line' id='line_1_73' title="bbox 881 1309 1669 1346; baseline 0.004 -9"><span class='ocrx_word' id='word_1_513' title='bbox 881 1310 934 1337; x_wconf 86' lang='lat' dir='ltr'>bus</span> <span class='ocrx_word' id='word_1_514' title='bbox 949 1309 1096 1343; x_wconf 83' lang='lat' dir='ltr'><strong>instabant,</strong></span> <span class='ocrx_word' id='word_1_515' title='bbox 1118 1317 1170 1336; x_wconf 90' lang='lat' dir='ltr'>una</span> <span class='ocrx_word' id='word_1_516' title='bbox 1196 1310 1368 1343; x_wconf 89' lang='lat' dir='ltr'><strong>irruperunt.</strong></span> <span class='ocrx_word' id='word_1_517' title='bbox 1389 1309 1457 1336; x_wconf 82' lang='lat' dir='ltr'><strong>Urbs</strong></span> <span class='ocrx_word' id='word_1_518' title='bbox 1482 1311 1517 1338; x_wconf 89' lang='lat' dir='ltr'>ita</span> <span class='ocrx_word' id='word_1_519' title='bbox 1543 1318 1621 1346; x_wconf 87' lang='lat' dir='ltr'><strong>capta</strong></span> <span class='ocrx_word' id='word_1_520' title='bbox 1641 1318 1669 1340; x_wconf 87' lang='lat' dir='ltr'>et</span> 
     </span>
    </p>
   </div>
   <div class='ocr_carea' id='block_1_74' title="bbox 882 1355 1666 1391">
    <p class='ocr_par' dir='ltr' id='par_1_74' title="bbox 882 1355 1666 1391">
     <span class='ocr_line' id='line_1_74' title="bbox 882 1355 1666 1391; baseline 0.003 -8"><span class='ocrx_word' id='word_1_521' title='bbox 882 1356 992 1383; x_wconf 85' lang='lat' dir='ltr'><strong>incensa</strong></span> <span class='ocrx_word' id='word_1_522' title='bbox 1002 1360 1044 1382; x_wconf 90' lang='lat' dir='ltr'>est</span> <span class='ocrx_word' id='word_1_523' title='bbox 1054 1359 1081 1382; x_wconf 90' lang='lat' dir='ltr'>et</span> <span class='ocrx_word' id='word_1_524' title='bbox 1092 1355 1192 1382; x_wconf 62' lang='lat' dir='ltr'><strong>mmnia</strong></span> <span class='ocrx_word' id='word_1_525' title='bbox 1201 1355 1303 1388; x_wconf 84' lang='lat' dir='ltr'><strong>diruta;</strong></span> <span class='ocrx_word' id='word_1_526' title='bbox 1315 1355 1361 1390; x_wconf 86' lang='lat' dir='ltr'>qui</span> <span class='ocrx_word' id='word_1_527' title='bbox 1374 1356 1563 1391; x_wconf 82' lang='lat' dir='ltr'><strong>comprehensi</strong></span> <span class='ocrx_word' id='word_1_528' title='bbox 1573 1358 1650 1385; x_wconf 81' lang='lat' dir='ltr'><strong>fuere</strong></span> <span class='ocrx_word' id='word_1_529' title='bbox 1658 1377 1666 1391; x_wconf 83' lang='lat'>,</span> 
     </span>
    </p>
   </div>
   <div class='ocr_carea' id='block_1_75' title="bbox 881 1401 1668 1436">
    <p class='ocr_par' dir='ltr' id='par_1_75' title="bbox 881 1401 1668 1436">
     <span class='ocr_line' id='line_1_75' title="bbox 881 1401 1668 1436; baseline 0.004 -8"><span class='ocrx_word' id='word_1_530' title='bbox 881 1401 991 1428; x_wconf 88' lang='lat' dir='ltr'><strong>abducti</strong></span> <span class='ocrx_word' id='word_1_531' title='bbox 1007 1406 1035 1428; x_wconf 87' lang='lat' dir='ltr'>et</span> <span class='ocrx_word' id='word_1_532' title='bbox 1055 1401 1137 1436; x_wconf 75' lang='lat'>817</span> <span class='ocrx_word' id='word_1_533' title='bbox 1158 1401 1253 1428; x_wconf 84' lang='lat' dir='ltr'><strong>vincti.</strong></span> <span class='ocrx_word' id='word_1_534' title='bbox 1276 1402 1313 1427; x_wconf 75' lang='lat' dir='ltr'>Ex</span> <span class='ocrx_word' id='word_1_535' title='bbox 1335 1401 1424 1428; x_wconf 85' lang='lat' dir='ltr'><strong>Latini</strong></span> <span class='ocrx_word' id='word_1_536' title='bbox 1441 1403 1580 1431; x_wconf 85' lang='lat' dir='ltr'><strong>exercitus</strong></span> <span class='ocrx_word' id='word_1_537' title='bbox 1603 1405 1668 1431; x_wconf 86' lang='lat' dir='ltr'><strong>reli-</strong></span> 
     </span>
    </p>
   </div>
   <div class='ocr_carea' id='block_1_76' title="bbox 881 1446 1667 1480">
    <p class='ocr_par' dir='ltr' id='par_1_76' title="bbox 881 1446 1667 1480">
     <span class='ocr_line' id='line_1_76' title="bbox 881 1446 1667 1480; baseline 0.005 -8"><span class='ocrx_word' id='word_1_538' title='bbox 881 1446 953 1480; x_wconf 87' lang='lat' dir='ltr'><strong>quiis</strong></span> <span class='ocrx_word' id='word_1_539' title='bbox 969 1446 1027 1477; x_wconf 89' lang='lat' dir='ltr'><strong>alii,</strong></span> <span class='ocrx_word' id='word_1_540' title='bbox 1045 1451 1075 1472; x_wconf 91' lang='lat' dir='ltr'>ut</span> <span class='ocrx_word' id='word_1_541' title='bbox 1091 1446 1207 1480; x_wconf 88' lang='lat' dir='ltr'><strong>quisque</strong></span> <span class='ocrx_word' id='word_1_542' title='bbox 1226 1446 1326 1479; x_wconf 90' lang='lat' dir='ltr'><strong>potuit,</strong></span> <span class='ocrx_word' id='word_1_543' title='bbox 1341 1446 1421 1473; x_wconf 87' lang='lat' dir='ltr'><strong>saluti</strong></span> <span class='ocrx_word' id='word_1_544' title='bbox 1440 1454 1496 1474; x_wconf 65' lang='lat' dir='ltr'><strong>suae</strong></span> <span class='ocrx_word' id='word_1_545' title='bbox 1518 1449 1667 1477; x_wconf 90' lang='lat' dir='ltr'><strong>consulue-</strong></span> 
     </span>
    </p>
   </div>
   <div class='ocr_carea' id='block_1_77' title="bbox 883 1490 1667 1525">
    <p class='ocr_par' dir='ltr' id='par_1_77' title="bbox 883 1490 1667 1525">
     <span class='ocr_line' id='line_1_77' title="bbox 883 1490 1667 1525; baseline 0.006 -9"><span class='ocrx_word' id='word_1_546' title='bbox 883 1493 958 1522; x_wconf 84' lang='lat' dir='ltr'><strong>runt,</strong></span> <span class='ocrx_word' id='word_1_547' title='bbox 976 1490 1022 1516; x_wconf 89' lang='lat' dir='ltr'><strong>alii</strong></span> <span class='ocrx_word' id='word_1_548' title='bbox 1038 1497 1130 1518; x_wconf 83' lang='lat' dir='ltr'><strong>arcem</strong></span> <span class='ocrx_word' id='word_1_549' title='bbox 1145 1494 1326 1524; x_wconf 87' lang='lat' dir='ltr'><strong>occuparunt.</strong></span> <span class='ocrx_word' id='word_1_550' title='bbox 1345 1490 1430 1522; x_wconf 87' lang='lat' dir='ltr'><strong>Quam</strong></span> <span class='ocrx_word' id='word_1_551' title='bbox 1454 1492 1587 1525; x_wconf 82' lang='lat' dir='ltr'><strong>postridie</strong></span> <span class='ocrx_word' id='word_1_552' title='bbox 1610 1494 1667 1521; x_wconf 76' lang='lat' dir='ltr'><strong>cir~</strong></span> 
     </span>
    </p>
   </div>
   <div class='ocr_carea' id='block_1_78' title="bbox 882 1528 1667 1570">
    <p class='ocr_par' dir='ltr' id='par_1_78' title="bbox 882 1528 1667 1570">
     <span class='ocr_line' id='line_1_78' title="bbox 882 1528 1667 1570; baseline 0.006 -8"><span class='ocrx_word' id='word_1_553' title='bbox 882 1536 1005 1562; x_wconf 87' lang='lat' dir='ltr'><strong>cumiens</strong></span> <span class='ocrx_word' id='word_1_554' title='bbox 1019 1535 1139 1562; x_wconf 87' lang='lat' dir='ltr'><strong>Joannes</strong></span> <span class='ocrx_word' id='word_1_555' title='bbox 1153 1534 1268 1567; x_wconf 85' lang='lat' dir='ltr'><strong>Latinis,</strong></span> <span class='ocrx_word' id='word_1_556' title='bbox 1283 1535 1304 1562; x_wconf 90' lang='lat' dir='ltr'>si</span> <span class='ocrx_word' id='word_1_557' title='bbox 1329 1543 1389 1563; x_wconf 89' lang='lat' dir='ltr'>eam</span> <span class='ocrx_word' id='word_1_558' title='bbox 1405 1528 1547 1570; x_wconf 53' lang='lat' dir='ltr'><strong>deder&#39;ent,</strong></span> <span class='ocrx_word' id='word_1_559' title='bbox 1562 1538 1667 1566; x_wconf 56' lang='lat' dir='ltr'><strong>incolt»</strong></span> 
     </span>
    </p>
   </div>
   <div class='ocr_carea' id='block_1_79' title="bbox 883 1580 1668 1615">
    <p class='ocr_par' dir='ltr' id='par_1_79' title="bbox 883 1580 1668 1615">
     <span class='ocr_line' id='line_1_79' title="bbox 883 1580 1668 1615; baseline 0.006 -7"><span class='ocrx_word' id='word_1_560' title='bbox 883 1582 1005 1608; x_wconf 77' lang='lat' dir='ltr'><strong>mit-atem</strong></span> <span class='ocrx_word' id='word_1_561' title='bbox 1016 1580 1150 1615; x_wconf 88' lang='lat' dir='ltr'><strong>promisit.</strong></span> <span class='ocrx_word' id='word_1_562' title='bbox 1163 1580 1283 1613; x_wconf 86' lang='lat' dir='ltr'><strong>Quicum</strong></span> <span class='ocrx_word' id='word_1_563' title='bbox 1297 1581 1465 1609; x_wconf 70' lang='lat' dir='ltr'><strong>marchionis</strong></span> <span class='ocrx_word' id='word_1_564' title='bbox 1478 1583 1541 1610; x_wconf 74' lang='lat' dir='ltr'><strong>freti</strong></span> <span class='ocrx_word' id='word_1_565' title='bbox 1557 1585 1668 1614; x_wconf 81' lang='lat' dir='ltr'><strong>auxiliis</strong></span> 
     </span>
    </p>
   </div>
   <div class='ocr_carea' id='block_1_80' title="bbox 883 1626 1669 1664">
    <p class='ocr_par' dir='ltr' id='par_1_80' title="bbox 883 1626 1669 1664">
     <span class='ocr_line' id='line_1_80' title="bbox 883 1626 1669 1664; baseline 0.005 -10"><span class='ocrx_word' id='word_1_566' title='bbox 883 1634 944 1654; x_wconf 90' lang='lat' dir='ltr'>eam</span> <span class='ocrx_word' id='word_1_567' title='bbox 958 1626 1172 1661; x_wconf 85' lang='lat' dir='ltr'><strong>postulationem</strong></span> <span class='ocrx_word' id='word_1_568' title='bbox 1186 1631 1414 1660; x_wconf 83' lang='lat' dir='ltr'><strong>aspernarentur,</strong></span> <span class='ocrx_word' id='word_1_569' title='bbox 1438 1629 1526 1655; x_wconf 83' lang='lat' dir='ltr'><strong>scalas</strong></span> <span class='ocrx_word' id='word_1_570' title='bbox 1538 1635 1626 1664; x_wconf 82' lang='lat' dir='ltr'><strong>parat,</strong></span> <span class='ocrx_word' id='word_1_571' title='bbox 1642 1636 1669 1658; x_wconf 85' lang='lat' dir='ltr'>ct</span> 
     </span>
    </p>
   </div>
   <div class='ocr_carea' id='block_1_81' title="bbox 882 1671 1669 1706">
    <p class='ocr_par' dir='ltr' id='par_1_81' title="bbox 882 1671 1669 1706">
     <span class='ocr_line' id='line_1_81' title="bbox 882 1671 1669 1706; baseline 0.004 -7"><span class='ocrx_word' id='word_1_572' title='bbox 882 1673 910 1699; x_wconf 89' lang='lat' dir='ltr'>in</span> <span class='ocrx_word' id='word_1_573' title='bbox 926 1671 1031 1699; x_wconf 88' lang='lat' dir='ltr'><strong>tumulo</strong></span> <span class='ocrx_word' id='word_1_574' title='bbox 1044 1671 1187 1706; x_wconf 87' lang='lat' dir='ltr'><strong>quodame</strong></span> <span class='ocrx_word' id='word_1_575' title='bbox 1197 1672 1308 1706; x_wconf 83' lang='lat' dir='ltr'><strong>regione</strong></span> <span class='ocrx_word' id='word_1_576' title='bbox 1323 1672 1394 1699; x_wconf 86' lang='lat' dir='ltr'><strong>arcis</strong></span> <span class='ocrx_word' id='word_1_577' title='bbox 1410 1673 1536 1700; x_wconf 84' lang='lat' dir='ltr'><strong>machina</strong></span> <span class='ocrx_word' id='word_1_578' title='bbox 1551 1676 1669 1703; x_wconf 78' lang='lat' dir='ltr'><strong>maxima</strong></span> 
     </span>
    </p>
   </div>
   <div class='ocr_carea' id='block_1_82' title="bbox 881 1716 1670 1754">
    <p class='ocr_par' dir='ltr' id='par_1_82' title="bbox 881 1716 1670 1754">
     <span class='ocr_line' id='line_1_82' title="bbox 881 1716 1670 1754; baseline 0.001 -9"><span class='ocrx_word' id='word_1_579' title='bbox 881 1718 1014 1746; x_wconf 88' lang='lat' dir='ltr'><strong>collocata</strong></span> <span class='ocrx_word' id='word_1_580' title='bbox 1031 1717 1133 1745; x_wconf 81' lang='lat' dir='ltr'><strong>mcenia</strong></span> <span class='ocrx_word' id='word_1_581' title='bbox 1149 1716 1220 1744; x_wconf 81' lang='lat' dir='ltr'><strong>ferit.</strong></span> <span class='ocrx_word' id='word_1_582' title='bbox 1236 1717 1325 1744; x_wconf 89' lang='lat' dir='ltr'><strong>Latini</strong></span> <span class='ocrx_word' id='word_1_583' title='bbox 1337 1725 1403 1745; x_wconf 79' lang='lat' dir='ltr'><strong>vero</strong></span> <span class='ocrx_word' id='word_1_584' title='bbox 1418 1718 1588 1754; x_wconf 71' lang='lat' dir='ltr'><strong>depromptis</strong></span> <span class='ocrx_word' id='word_1_585' title='bbox 1611 1728 1670 1747; x_wconf 90' lang='lat' dir='ltr'><strong>om-</strong></span> 
     </span>
    </p>
   </div>
   <div class='ocr_carea' id='block_1_83' title="bbox 882 1763 1668 1800">
    <p class='ocr_par' dir='ltr' id='par_1_83' title="bbox 882 1763 1668 1800">
     <span class='ocr_line' id='line_1_83' title="bbox 882 1763 1668 1800; baseline 0 -9"><span class='ocrx_word' id='word_1_586' title='bbox 882 1765 964 1791; x_wconf 89' lang='lat' dir='ltr'><strong>nibus</strong></span> <span class='ocrx_word' id='word_1_587' title='bbox 977 1764 1010 1791; x_wconf 90' lang='lat' dir='ltr'>iis</span> <span class='ocrx_word' id='word_1_588' title='bbox 1025 1772 1084 1798; x_wconf 77' lang='lat' dir='ltr'><strong>qua:</strong></span> <span class='ocrx_word' id='word_1_589' title='bbox 1096 1763 1129 1790; x_wconf 86' lang='lat' dir='ltr'>ad</span> <span class='ocrx_word' id='word_1_590' title='bbox 1145 1763 1332 1790; x_wconf 81' lang='lat' dir='ltr'><strong>defensionem</strong></span> <span class='ocrx_word' id='word_1_591' title='bbox 1348 1764 1409 1790; x_wconf 93' lang='lat' dir='ltr'><strong>usui</strong></span> <span class='ocrx_word' id='word_1_592' title='bbox 1423 1769 1515 1791; x_wconf 86' lang='lat' dir='ltr'><strong>essent</strong></span> <span class='ocrx_word' id='word_1_593' title='bbox 1529 1773 1668 1800; x_wconf 83' lang='lat' dir='ltr'><strong>repugna-</strong></span> 
     </span>
    </p>
   </div>
   <div class='ocr_carea' id='block_1_84' title="bbox 881 1809 1668 1844">
    <p class='ocr_par' dir='ltr' id='par_1_84' title="bbox 881 1809 1668 1844">
     <span class='ocr_line' id='line_1_84' title="bbox 881 1809 1668 1844; baseline 0.001 -7"><span class='ocrx_word' id='word_1_594' title='bbox 881 1811 959 1841; x_wconf 86' lang='lat' dir='ltr'><strong>bant,</strong></span> <span class='ocrx_word' id='word_1_595' title='bbox 981 1810 1069 1836; x_wconf 84' lang='lat' dir='ltr'><strong>donec</strong></span> <span class='ocrx_word' id='word_1_596' title='bbox 1095 1809 1229 1836; x_wconf 83' lang='lat' dir='ltr'><strong>Joannem</strong></span> <span class='ocrx_word' id='word_1_597' title='bbox 1255 1817 1333 1836; x_wconf 93' lang='lat' dir='ltr'><strong>muro</strong></span> <span class='ocrx_word' id='word_1_598' title='bbox 1354 1810 1429 1836; x_wconf 89' lang='lat' dir='ltr'><strong>velut</strong></span> <span class='ocrx_word' id='word_1_599' title='bbox 1455 1809 1510 1844; x_wconf 79' lang='lat' dir='ltr'><strong>igni</strong></span> <span class='ocrx_word' id='word_1_600' title='bbox 1539 1816 1567 1837; x_wconf 79' lang='lat' dir='ltr'>ct</span> <span class='ocrx_word' id='word_1_601' title='bbox 1592 1811 1668 1838; x_wconf 85' lang='lat' dir='ltr'><strong>omni</strong></span> 
     </span>
    </p>
   </div>
   <div class='ocr_carea' id='block_1_85' title="bbox 880 1853 1668 1884">
    <p class='ocr_par' dir='ltr' id='par_1_85' title="bbox 880 1853 1668 1884">
     <span class='ocr_line' id='line_1_85' title="bbox 880 1853 1668 1884; baseline 0.003 -2"><span class='ocrx_word' id='word_1_602' title='bbox 880 1853 1012 1883; x_wconf 44' lang='lat' dir='ltr'><strong>exercitu’</strong></span> <span class='ocrx_word' id='word_1_603' title='bbox 1023 1859 1106 1881; x_wconf 87' lang='lat' dir='ltr'><strong>totam</strong></span> <span class='ocrx_word' id='word_1_604' title='bbox 1120 1861 1210 1881; x_wconf 81' lang='lat' dir='ltr'><strong>arcem</strong></span> <span class='ocrx_word' id='word_1_605' title='bbox 1221 1854 1438 1882; x_wconf 88' lang='lat' dir='ltr'><strong>circumdedisse</strong></span> <span class='ocrx_word' id='word_1_606' title='bbox 1454 1859 1482 1882; x_wconf 90' lang='lat' dir='ltr'>ct</span> <span class='ocrx_word' id='word_1_607' title='bbox 1494 1863 1603 1884; x_wconf 90' lang='lat' dir='ltr'><strong>omnem</strong></span> <span class='ocrx_word' id='word_1_608' title='bbox 1615 1857 1668 1884; x_wconf 91' lang='lat' dir='ltr'><strong>sibi</strong></span> 
     </span>
    </p>
   </div>
   <div class='ocr_carea' id='block_1_86' title="bbox 880 1900 1669 1935">
    <p class='ocr_par' dir='ltr' id='par_1_86' title="bbox 880 1900 1669 1935">
     <span class='ocr_line' id='line_1_86' title="bbox 880 1900 1669 1935; baseline 0.003 -6"><span class='ocrx_word' id='word_1_609' title='bbox 880 1901 983 1929; x_wconf 85' lang='lat' dir='ltr'><strong>exitum</strong></span> <span class='ocrx_word' id='word_1_610' title='bbox 999 1900 1185 1928; x_wconf 83' lang='lat' dir='ltr'><strong>interclusisse</strong></span> <span class='ocrx_word' id='word_1_611' title='bbox 1201 1900 1339 1933; x_wconf 84' lang='lat' dir='ltr'><strong>viderunt,</strong></span> <span class='ocrx_word' id='word_1_612' title='bbox 1366 1904 1396 1928; x_wconf 90' lang='lat' dir='ltr'>ut</span> <span class='ocrx_word' id='word_1_613' title='bbox 1420 1908 1471 1928; x_wconf 86' lang='lat' dir='ltr'>nec</span> <span class='ocrx_word' id='word_1_614' title='bbox 1495 1903 1578 1935; x_wconf 89' lang='lat' dir='ltr'><strong>pedes</strong></span> <span class='ocrx_word' id='word_1_615' title='bbox 1596 1903 1669 1932; x_wconf 78' lang='lat' dir='ltr'><strong>ullus</strong></span> 
     </span>
    </p>
   </div>
   <div class='ocr_carea' id='block_1_87' title="bbox 880 1946 1702 1980">
    <p class='ocr_par' dir='ltr' id='par_1_87' title="bbox 880 1946 1702 1980">
     <span class='ocr_line' id='line_1_87' title="bbox 880 1946 1702 1980; baseline 0.001 -5"><span class='ocrx_word' id='word_1_616' title='bbox 880 1948 949 1975; x_wconf 88' lang='lat' dir='ltr'><strong>clam</strong></span> <span class='ocrx_word' id='word_1_617' title='bbox 965 1947 999 1974; x_wconf 91' lang='lat' dir='ltr'>ad</span> <span class='ocrx_word' id='word_1_618' title='bbox 1017 1946 1205 1973; x_wconf 87' lang='lat' dir='ltr'><strong>marchionem</strong></span> <span class='ocrx_word' id='word_1_619' title='bbox 1222 1946 1368 1980; x_wconf 86' lang='lat' dir='ltr'><strong>pervenire</strong></span> <span class='ocrx_word' id='word_1_620' title='bbox 1381 1950 1484 1980; x_wconf 86' lang='lat' dir='ltr'><strong>posset.</strong></span> <span class='ocrx_word' id='word_1_621' title='bbox 1508 1948 1577 1975; x_wconf 90' lang='lat' dir='ltr'><strong>Tum</strong></span> <span class='ocrx_word' id='word_1_622' title='bbox 1601 1957 1665 1976; x_wconf 86' lang='lat' dir='ltr'><strong>vero</strong></span> <span class='ocrx_word' id='word_1_623' title='bbox 1700 1963 1702 1965; x_wconf 97' lang='lat'><strong><em>-</em></strong></span> 
     </span>
    </p>
   </div>
   <div class='ocr_carea' id='block_1_88' title="bbox 880 1991 1664 2026">
    <p class='ocr_par' dir='ltr' id='par_1_88' title="bbox 880 1991 1664 2026">
     <span class='ocr_line' id='line_1_88' title="bbox 880 1991 1664 2026; baseline 0 -5"><span class='ocrx_word' id='word_1_624' title='bbox 880 2003 912 2021; x_wconf 86' lang='lat' dir='ltr'>ea</span> <span class='ocrx_word' id='word_1_625' title='bbox 931 1994 1091 2021; x_wconf 88' lang='lat' dir='ltr'><strong>conditione</strong></span> <span class='ocrx_word' id='word_1_626' title='bbox 1109 1992 1277 2019; x_wconf 86' lang='lat' dir='ltr'><strong>deditionem</strong></span> <span class='ocrx_word' id='word_1_627' title='bbox 1293 1991 1384 2020; x_wconf 87' lang='lat' dir='ltr'><strong>facere</strong></span> <span class='ocrx_word' id='word_1_628' title='bbox 1399 1993 1556 2026; x_wconf 80' lang='lat' dir='ltr'><strong>voluerunt,</strong></span> <span class='ocrx_word' id='word_1_629' title='bbox 1573 1994 1595 2021; x_wconf 94' lang='lat' dir='ltr'>si</span> <span class='ocrx_word' id='word_1_630' title='bbox 1612 1995 1664 2022; x_wconf 89' lang='lat' dir='ltr'><strong>sibi</strong></span> 
     </span>
    </p>
   </div>
   <div class='ocr_carea' id='block_1_89' title="bbox 881 2037 1665 2073">
    <p class='ocr_par' dir='ltr' id='par_1_89' title="bbox 881 2037 1665 2073">
     <span class='ocr_line' id='line_1_89' title="bbox 881 2037 1665 2073; baseline 0 -6"><span class='ocrx_word' id='word_1_631' title='bbox 881 2048 942 2068; x_wconf 92' lang='lat' dir='ltr'>cum</span> <span class='ocrx_word' id='word_1_632' title='bbox 958 2040 1042 2067; x_wconf 86' lang='lat' dir='ltr'><strong>armis</strong></span> <span class='ocrx_word' id='word_1_633' title='bbox 1055 2044 1082 2067; x_wconf 86' lang='lat' dir='ltr'>et</span> <span class='ocrx_word' id='word_1_634' title='bbox 1097 2039 1175 2073; x_wconf 90' lang='lat' dir='ltr'><strong>equis</strong></span> <span class='ocrx_word' id='word_1_635' title='bbox 1195 2043 1255 2065; x_wconf 91' lang='lat' dir='ltr'><strong>tuto</strong></span> <span class='ocrx_word' id='word_1_636' title='bbox 1276 2037 1420 2065; x_wconf 86' lang='lat' dir='ltr'><strong>discedere</strong></span> <span class='ocrx_word' id='word_1_637' title='bbox 1445 2038 1552 2066; x_wconf 78' lang='lat' dir='ltr'><strong>liceret.</strong></span> <span class='ocrx_word' id='word_1_638' title='bbox 1579 2040 1665 2073; x_wconf 89' lang='lat' dir='ltr'><strong>Quam</strong></span> 
     </span>
    </p>
   </div>
   <div class='ocr_carea' id='block_1_90' title="bbox 880 2083 1666 2122">
    <p class='ocr_par' dir='ltr' id='par_1_90' title="bbox 880 2083 1666 2122">
     <span class='ocr_line' id='line_1_90' title="bbox 880 2083 1666 2122; baseline -0.001 -8"><span class='ocrx_word' id='word_1_639' title='bbox 880 2087 927 2114; x_wconf 89' lang='lat' dir='ltr'><strong>illo</strong></span> <span class='ocrx_word' id='word_1_640' title='bbox 938 2093 1050 2122; x_wconf 88' lang='lat' dir='ltr'><strong>prorsus</strong></span> <span class='ocrx_word' id='word_1_641' title='bbox 1061 2084 1232 2119; x_wconf 86' lang='lat' dir='ltr'><strong>repudiante,</strong></span> <span class='ocrx_word' id='word_1_642' title='bbox 1244 2084 1384 2118; x_wconf 87' lang='lat' dir='ltr'><strong>postulant</strong></span> <span class='ocrx_word' id='word_1_643' title='bbox 1395 2083 1479 2111; x_wconf 90' lang='lat' dir='ltr'><strong>duces</strong></span> <span class='ocrx_word' id='word_1_644' title='bbox 1488 2085 1540 2112; x_wconf 86' lang='lat' dir='ltr'><strong>sibi</strong></span> <span class='ocrx_word' id='word_1_645' title='bbox 1553 2085 1666 2113; x_wconf 91' lang='lat' dir='ltr'><strong>domum</strong></span> 
     </span>
    </p>
   </div>
   <div class='ocr_carea' id='block_1_91' title="bbox 882 2130 1669 2167">
    <p class='ocr_par' dir='ltr' id='par_1_91' title="bbox 882 2130 1669 2167">
     <span class='ocr_line' id='line_1_91' title="bbox 882 2130 1669 2167; baseline 0 -7"><span class='ocrx_word' id='word_1_646' title='bbox 882 2134 1034 2161; x_wconf 84' lang='lat' dir='ltr'><strong>reversuris</strong></span> <span class='ocrx_word' id='word_1_647' title='bbox 1050 2131 1164 2159; x_wconf 88' lang='lat' dir='ltr'><strong>attribui</strong></span> <span class='ocrx_word' id='word_1_648' title='bbox 1181 2138 1268 2167; x_wconf 86' lang='lat' dir='ltr'><strong>usque</strong></span> <span class='ocrx_word' id='word_1_649' title='bbox 1294 2130 1328 2158; x_wconf 89' lang='lat' dir='ltr'>ad</span> <span class='ocrx_word' id='word_1_650' title='bbox 1359 2131 1507 2159; x_wconf 67' lang='lat' dir='ltr'><strong>Pannoniae</strong></span> <span class='ocrx_word' id='word_1_651' title='bbox 1524 2133 1601 2160; x_wconf 82' lang='lat' dir='ltr'><strong>ﬁnes.</strong></span> <span class='ocrx_word' id='word_1_652' title='bbox 1622 2133 1669 2160; x_wconf 83' lang='lat' dir='ltr'><strong>Sic</strong></span> 
     </span>
    </p>
   </div>
   <div class='ocr_carea' id='block_1_92' title="bbox 881 2177 1667 2212">
    <p class='ocr_par' dir='ltr' id='par_1_92' title="bbox 881 2177 1667 2212">
     <span class='ocr_line' id='line_1_92' title="bbox 881 2177 1667 2212; baseline 0 -5"><span class='ocrx_word' id='word_1_653' title='bbox 881 2179 986 2207; x_wconf 69' lang='lat' dir='ltr'><strong>findere</strong></span> <span class='ocrx_word' id='word_1_654' title='bbox 1002 2179 1056 2205; x_wconf 87' lang='lat' dir='ltr'><strong>icto</strong></span> <span class='ocrx_word' id='word_1_655' title='bbox 1073 2178 1118 2205; x_wconf 89' lang='lat' dir='ltr'><strong>ille</strong></span> <span class='ocrx_word' id='word_1_656' title='bbox 1140 2185 1231 2204; x_wconf 88' lang='lat' dir='ltr'><strong>arcem</strong></span> <span class='ocrx_word' id='word_1_657' title='bbox 1248 2177 1405 2212; x_wconf 88' lang='lat' dir='ltr'><strong>occupavit,</strong></span> <span class='ocrx_word' id='word_1_658' title='bbox 1433 2178 1460 2205; x_wconf 94' lang='lat' dir='ltr'>hi</span> <span class='ocrx_word' id='word_1_659' title='bbox 1481 2179 1551 2206; x_wconf 86' lang='lat' dir='ltr'><strong>citra</strong></span> <span class='ocrx_word' id='word_1_660' title='bbox 1569 2179 1667 2207; x_wconf 88' lang='lat' dir='ltr'><strong>discri-</strong></span> 
     </span>
    </p>
   </div>
   <div class='ocr_carea' id='block_1_93' title="bbox 882 2224 1088 2254">
    <p class='ocr_par' dir='ltr' id='par_1_93' title="bbox 882 2224 1088 2254">
     <span class='ocr_line' id='line_1_93' title="bbox 882 2224 1088 2254; baseline -0.015 -1"><span class='ocrx_word' id='word_1_661' title='bbox 882 2234 944 2254; x_wconf 90' lang='lat' dir='ltr'>men</span> <span class='ocrx_word' id='word_1_662' title='bbox 960 2224 1088 2252; x_wconf 81' lang='lat' dir='ltr'><strong>abierunt</strong></span> 
     </span>
    </p>
   </div>
   <div class='ocr_carea' id='block_1_94' title="bbox 44 2276 1666 2321">
    <p class='ocr_par' dir='ltr' id='par_1_94' title="bbox 44 2276 1666 2321">
     <span class='ocr_line' id='line_1_94' title="bbox 44 2276 1666 2321; baseline 0.005 -18"><span class='ocrx_word' id='word_1_663' title='bbox 44 2276 175 2309; x_wconf 75' lang='grc' dir='ltr'>σώζεσθαι</span> <span class='ocrx_word' id='word_1_664' title='bbox 189 2279 430 2315; x_wconf 82' lang='grc' dir='ltr'>διακηρυκεύεται.</span> <span class='ocrx_word' id='word_1_665' title='bbox 460 2282 535 2309; x_wconf 81' lang='grc' dir='ltr'>οἰδὲ</span> <span class='ocrx_word' id='word_1_666' title='bbox 570 2283 647 2310; x_wconf 77' lang='grc' dir='ltr'>οὐδὲν</span> <span class='ocrx_word' id='word_1_667' title='bbox 678 2285 810 2320; x_wconf 76' lang='grc' dir='ltr'>ἐφρόνουν</span> <span class='ocrx_word' id='word_1_668' title='bbox 843 2287 994 2321; x_wconf 73' lang='grc' dir='ltr'>ἐνδόσιμον.</span> <span class='ocrx_word' id='word_1_669' title='bbox 1022 2283 1073 2319; x_wconf 82' lang='grc' dir='ltr'>τὴν</span> <span class='ocrx_word' id='word_1_670' title='bbox 1100 2282 1155 2309; x_wconf 82' lang='grc' dir='ltr'>ἀπδ</span> <span class='ocrx_word' id='word_1_671' title='bbox 1195 2282 1242 2309; x_wconf 73' lang='grc' dir='ltr'>τοῦ</span> <span class='ocrx_word' id='word_1_672' title='bbox 1274 2281 1426 2317; x_wconf 83' lang='grc' dir='ltr'>μαρκεσίου</span> <span class='ocrx_word' id='word_1_673' title='bbox 1451 2283 1666 2318; x_wconf 70' lang='grc' dir='ltr'>καραδοκοῦντες</span> 
     </span>
    </p>
   </div>
   <div class='ocr_carea' id='block_1_95' title="bbox 44 2324 1666 2370">
    <p class='ocr_par' dir='ltr' id='par_1_95' title="bbox 44 2324 1666 2370">
     <span class='ocr_line' id='line_1_95' title="bbox 44 2324 1666 2370; baseline 0.004 -19"><span class='ocrx_word' id='word_1_674' title='bbox 44 2324 181 2361; x_wconf 79' lang='grc' dir='ltr'>σύναρσιν.</span> <span class='ocrx_word' id='word_1_675' title='bbox 198 2329 254 2355; x_wconf 77' lang='grc' dir='ltr'>Καὶ</span> <span class='ocrx_word' id='word_1_676' title='bbox 279 2330 307 2355; x_wconf 85' lang='grc' dir='ltr'>ὲν</span> <span class='ocrx_word' id='word_1_677' title='bbox 323 2329 410 2365; x_wconf 83' lang='grc' dir='ltr'>τούτῳ</span> <span class='ocrx_word' id='word_1_678' title='bbox 426 2330 564 2365; x_wconf 82' lang='grc' dir='ltr'>κλίμακας</span> <span class='ocrx_word' id='word_1_679' title='bbox 576 2332 589 2358; x_wconf 85' lang='grc' dir='ltr'>ό</span> <span class='ocrx_word' id='word_1_680' title='bbox 611 2332 738 2366; x_wconf 85' lang='grc' dir='ltr'>Ἰωάννης</span> <span class='ocrx_word' id='word_1_681' title='bbox 754 2335 914 2370; x_wconf 78' lang='grc' dir='ltr'>ηὺτρέπισε,</span> <span class='ocrx_word' id='word_1_682' title='bbox 940 2334 986 2361; x_wconf 80' lang='grc' dir='ltr'>καὶ</span> <span class='ocrx_word' id='word_1_683' title='bbox 1003 2332 1074 2360; x_wconf 81' lang='grc' dir='ltr'>κατὰ</span> <span class='ocrx_word' id='word_1_684' title='bbox 1090 2331 1172 2365; x_wconf 80' lang='grc' dir='ltr'>λόφον</span> <span class='ocrx_word' id='word_1_685' title='bbox 1187 2329 1378 2364; x_wconf 84' lang='grc' dir='ltr'>ἀντικείμενον</span> <span class='ocrx_word' id='word_1_686' title='bbox 1394 2331 1428 2365; x_wconf 83' lang='grc' dir='ltr'>τῇ</span> <span class='ocrx_word' id='word_1_687' title='bbox 1443 2331 1516 2366; x_wconf 70' lang='grc' dir='ltr'>ἄκρᾳ</span> <span class='ocrx_word' id='word_1_688' title='bbox 1531 2332 1666 2367; x_wconf 57' lang='grc' dir='ltr'>μεγίπτιῖν</span> 
     </span>
    </p>
   </div>
   <div class='ocr_carea' id='block_1_96' title="bbox 42 2370 1667 2413">
    <p class='ocr_par' dir='ltr' id='par_1_96' title="bbox 42 2370 1667 2413">
     <span class='ocr_line' id='line_1_96' title="bbox 42 2370 1667 2413; baseline 0.007 -16"><span class='ocrx_word' id='word_1_689' title='bbox 42 2370 191 2408; x_wconf 70' lang='grc' dir='ltr'>ἐπιστήσας</span> <span class='ocrx_word' id='word_1_690' title='bbox 206 2372 328 2400; x_wconf 76' lang='grc' dir='ltr'>ἑλέπολιν</span> <span class='ocrx_word' id='word_1_691' title='bbox 343 2375 377 2400; x_wconf 73' lang='grc' dir='ltr'>τά</span> <span class='ocrx_word' id='word_1_692' title='bbox 395 2374 471 2410; x_wconf 83' lang='grc' dir='ltr'>τείχη</span> <span class='ocrx_word' id='word_1_693' title='bbox 493 2375 622 2403; x_wconf 76' lang='grc' dir='ltr'>ἔτυπτεν.</span> <span class='ocrx_word' id='word_1_694' title='bbox 648 2377 679 2403; x_wconf 80' lang='grc' dir='ltr'><strong>Οἱ</strong></span> <span class='ocrx_word' id='word_1_695' title='bbox 696 2377 718 2403; x_wconf 81' lang='grc' dir='ltr'>δ’</span> <span class='ocrx_word' id='word_1_696' title='bbox 734 2379 780 2404; x_wconf 73' lang='grc' dir='ltr'>ἐπὶ</span> <span class='ocrx_word' id='word_1_697' title='bbox 795 2379 846 2413; x_wconf 84' lang='grc' dir='ltr'>τῆς</span> <span class='ocrx_word' id='word_1_698' title='bbox 866 2380 953 2413; x_wconf 78' lang='grc' dir='ltr'>ἄκρας</span> <span class='ocrx_word' id='word_1_699' title='bbox 965 2377 1051 2404; x_wconf 69' lang='grc' dir='ltr'>ὁπόσα</span> <span class='ocrx_word' id='word_1_700' title='bbox 1077 2376 1132 2402; x_wconf 81' lang='grc' dir='ltr'>τῶν</span> <span class='ocrx_word' id='word_1_701' title='bbox 1155 2375 1254 2410; x_wconf 85' lang='grc' dir='ltr'>τειχῶν</span> <span class='ocrx_word' id='word_1_702' title='bbox 1269 2374 1426 2409; x_wconf 83' lang='grc' dir='ltr'>ἀμυντήρια</span> <span class='ocrx_word' id='word_1_703' title='bbox 1441 2377 1667 2409; x_wconf 73' lang='grc' dir='ltr'>προπετάσαντες</span> 
     </span>
    </p>
   </div>
   <div class='ocr_carea' id='block_1_97' title="bbox 45 2415 1666 2457">
    <p class='ocr_par' dir='ltr' id='par_1_97' title="bbox 45 2415 1666 2457">
     <span class='ocr_line' id='line_1_97' title="bbox 45 2415 1666 2457; baseline 0.004 -16"><span class='ocrx_word' id='word_1_704' title='bbox 45 2415 91 2441; x_wconf 77' lang='grc' dir='ltr'>καὶ</span> <span class='ocrx_word' id='word_1_705' title='bbox 103 2417 327 2451; x_wconf 66' lang='grc' dir='ltr'>τροεκτείναντες</span> <span class='ocrx_word' id='word_1_706' title='bbox 351 2420 486 2454; x_wconf 72' lang='grc' dir='ltr'>ἐπέμενον</span> <span class='ocrx_word' id='word_1_707' title='bbox 513 2419 718 2456; x_wconf 78' lang='grc' dir='ltr'>ἀνθιστάμενοι.</span> <span class='ocrx_word' id='word_1_708' title='bbox 754 2422 832 2449; x_wconf 75' lang='grc' dir='ltr'>Ἐπεὶ</span> <span class='ocrx_word' id='word_1_709' title='bbox 845 2423 874 2449; x_wconf 80' lang='grc' dir='ltr'>δὲ</span> <span class='ocrx_word' id='word_1_710' title='bbox 888 2422 1033 2449; x_wconf 81' lang='grc' dir='ltr'>θεάσαιντο</span> <span class='ocrx_word' id='word_1_711' title='bbox 1054 2419 1100 2446; x_wconf 87' lang='grc' dir='ltr'>τδν</span> <span class='ocrx_word' id='word_1_712' title='bbox 1122 2420 1250 2453; x_wconf 84' lang='grc' dir='ltr'>Ἰωάννην</span> <span class='ocrx_word' id='word_1_713' title='bbox 1271 2418 1310 2450; x_wconf 83' lang='grc' dir='ltr'>ὡς</span> <span class='ocrx_word' id='word_1_714' title='bbox 1327 2418 1357 2445; x_wconf 73' lang='grc' dir='ltr'>ὲν</span> <span class='ocrx_word' id='word_1_715' title='bbox 1383 2418 1451 2453; x_wconf 78' lang='grc' dir='ltr'>πυρὶ</span> <span class='ocrx_word' id='word_1_716' title='bbox 1466 2421 1600 2456; x_wconf 80' lang='grc' dir='ltr'>τειχισμῷ</span> <span class='ocrx_word' id='word_1_717' title='bbox 1616 2424 1666 2457; x_wconf 80' lang='grc' dir='ltr'>τὴν</span> 
     </span>
    </p>
   </div>
   <div class='ocr_carea' id='block_1_98' title="bbox 44 2458 1666 2500">
    <p class='ocr_par' dir='ltr' id='par_1_98' title="bbox 44 2458 1666 2500">
     <span class='ocr_line' id='line_1_98' title="bbox 44 2458 1666 2500; baseline 0.005 -15"><span class='ocrx_word' id='word_1_718' title='bbox 44 2458 129 2494; x_wconf 78' lang='grc' dir='ltr'>ἄκραν</span> <span class='ocrx_word' id='word_1_719' title='bbox 143 2461 298 2496; x_wconf 78' lang='grc' dir='ltr'>διειληφότα</span> <span class='ocrx_word' id='word_1_720' title='bbox 312 2465 394 2489; x_wconf 79' lang='grc' dir='ltr'>παντὶ</span> <span class='ocrx_word' id='word_1_721' title='bbox 407 2463 445 2498; x_wconf 81' lang='grc' dir='ltr'>τῷ</span> <span class='ocrx_word' id='word_1_722' title='bbox 468 2465 653 2500; x_wconf 82' lang='grc' dir='ltr'>στρατεύματι</span> <span class='ocrx_word' id='word_1_723' title='bbox 673 2467 720 2493; x_wconf 74' lang='grc' dir='ltr'>καὶ</span> <span class='ocrx_word' id='word_1_724' title='bbox 746 2468 838 2494; x_wconf 71' lang='grc' dir='ltr'>πᾶσαν</span> <span class='ocrx_word' id='word_1_725' title='bbox 865 2465 1067 2493; x_wconf 77' lang='grc' dir='ltr'>ἀποκλείσαντά</span> <span class='ocrx_word' id='word_1_726' title='bbox 1092 2472 1169 2497; x_wconf 65' lang='grc' dir='ltr'>σφισι</span> <span class='ocrx_word' id='word_1_727' title='bbox 1188 2463 1304 2498; x_wconf 83' lang='grc' dir='ltr'>πάροδον</span> <span class='ocrx_word' id='word_1_728' title='bbox 1315 2463 1354 2494; x_wconf 81' lang='grc' dir='ltr'>ὡς</span> <span class='ocrx_word' id='word_1_729' title='bbox 1372 2463 1441 2498; x_wconf 82' lang='grc' dir='ltr'>μηδὲ</span> <span class='ocrx_word' id='word_1_730' title='bbox 1455 2466 1519 2491; x_wconf 76' lang='grc' dir='ltr'>ποσὶ</span> <span class='ocrx_word' id='word_1_731' title='bbox 1532 2465 1666 2493; x_wconf 79' lang='grc' dir='ltr'>δύνασθαί</span> 
     </span>
    </p>
   </div>
   <div class='ocr_carea' id='block_1_99' title="bbox 44 2505 1665 2546">
    <p class='ocr_par' dir='ltr' id='par_1_99' title="bbox 44 2505 1665 2546">
     <span class='ocr_line' id='line_1_99' title="bbox 44 2505 1665 2546; baseline 0.006 -17"><span class='ocrx_word' id='word_1_732' title='bbox 44 2511 104 2530; x_wconf 84' lang='grc' dir='ltr'>τινα</span> <span class='ocrx_word' id='word_1_733' title='bbox 119 2505 217 2539; x_wconf 74' lang='grc' dir='ltr'>κλέψαι</span> <span class='ocrx_word' id='word_1_734' title='bbox 230 2507 279 2541; x_wconf 82' lang='grc' dir='ltr'>τὴν</span> <span class='ocrx_word' id='word_1_735' title='bbox 295 2507 336 2538; x_wconf 80' lang='grc' dir='ltr'>εἰς</span> <span class='ocrx_word' id='word_1_736' title='bbox 347 2508 392 2533; x_wconf 78' lang='grc' dir='ltr'>τὸν</span> <span class='ocrx_word' id='word_1_737' title='bbox 406 2509 555 2543; x_wconf 84' lang='grc' dir='ltr'>μαρκέσιον</span> <span class='ocrx_word' id='word_1_738' title='bbox 570 2509 672 2544; x_wconf 80' lang='grc' dir='ltr'>ἄφιξιν,</span> <span class='ocrx_word' id='word_1_739' title='bbox 688 2511 811 2537; x_wconf 79' lang='grc' dir='ltr'>ἐνδοῦναί</span> <span class='ocrx_word' id='word_1_740' title='bbox 827 2512 852 2538; x_wconf 80' lang='grc' dir='ltr'>οἱ</span> <span class='ocrx_word' id='word_1_741' title='bbox 868 2512 917 2546; x_wconf 81' lang='grc' dir='ltr'>τὴν</span> <span class='ocrx_word' id='word_1_742' title='bbox 934 2511 1021 2545; x_wconf 81' lang='grc' dir='ltr'>ἄκραν</span> <span class='ocrx_word' id='word_1_743' title='bbox 1034 2509 1142 2544; x_wconf 73' lang='grc' dir='ltr'>ἤθελον.</span> <span class='ocrx_word' id='word_1_744' title='bbox 1158 2508 1185 2534; x_wconf 70' lang='lat' dir='ltr'>ei</span> <span class='ocrx_word' id='word_1_745' title='bbox 1201 2517 1277 2542; x_wconf 75' lang='grc' dir='ltr'>σφισι</span> <span class='ocrx_word' id='word_1_746' title='bbox 1291 2509 1432 2537; x_wconf 81' lang='grc' dir='ltr'>σπένδοιτο</span> <span class='ocrx_word' id='word_1_747' title='bbox 1446 2511 1492 2538; x_wconf 75' lang='grc' dir='ltr'>καὶ</span> <span class='ocrx_word' id='word_1_748' title='bbox 1507 2511 1665 2546; x_wconf 81' lang='grc' dir='ltr'>συγχωροίη</span> 
     </span>
    </p>
   </div>
   <div class='ocr_carea' id='block_1_100' title="bbox 45 2546 1666 2590">
    <p class='ocr_par' dir='ltr' id='par_1_100' title="bbox 45 2546 1666 2590">
     <span class='ocr_line' id='line_1_100' title="bbox 45 2546 1666 2590; baseline 0.001 -10"><span class='ocrx_word' id='word_1_749' title='bbox 45 2546 92 2580; x_wconf 74' lang='grc' dir='ltr'>τὴν</span> <span class='ocrx_word' id='word_1_750' title='bbox 120 2547 209 2580; x_wconf 67' lang='grc' dir='ltr'>Εξτιδον</span> <span class='ocrx_word' id='word_1_751' title='bbox 229 2549 354 2582; x_wconf 79' lang='grc' dir='ltr'>ἀπαθῶς,</span> <span class='ocrx_word' id='word_1_752' title='bbox 367 2550 405 2582; x_wconf 84' lang='grc' dir='ltr'>ὡς</span> <span class='ocrx_word' id='word_1_753' title='bbox 421 2551 511 2578; x_wconf 80' lang='grc' dir='ltr'>ὃπλων</span> <span class='ocrx_word' id='word_1_754' title='bbox 538 2553 585 2579; x_wconf 80' lang='grc' dir='ltr'>καὶ</span> <span class='ocrx_word' id='word_1_755' title='bbox 616 2554 671 2580; x_wconf 89' lang='grc' dir='ltr'>τῶν</span> <span class='ocrx_word' id='word_1_756' title='bbox 691 2554 782 2581; x_wconf 80' lang='grc' dir='ltr'>ἵππων</span> <span class='ocrx_word' id='word_1_757' title='bbox 810 2554 911 2590; x_wconf 78' lang='grc' dir='ltr'>ἔχουσι.</span> <span class='ocrx_word' id='word_1_758' title='bbox 935 2555 990 2582; x_wconf 87' lang='grc' dir='ltr'>Τοῦ</span> <span class='ocrx_word' id='word_1_759' title='bbox 1011 2554 1039 2581; x_wconf 80' lang='grc' dir='ltr'>δὲ</span> <span class='ocrx_word' id='word_1_760' title='bbox 1061 2553 1124 2589; x_wconf 83' lang='grc' dir='ltr'>μηδ’</span> <span class='ocrx_word' id='word_1_761' title='bbox 1139 2553 1235 2588; x_wconf 77' lang='grc' dir='ltr'>ἄκροις</span> <span class='ocrx_word' id='word_1_762' title='bbox 1259 2553 1310 2580; x_wconf 85' lang='grc' dir='ltr'>ὠσὶ</span> <span class='ocrx_word' id='word_1_763' title='bbox 1323 2554 1372 2587; x_wconf 83' lang='grc' dir='ltr'>τὰς</span> <span class='ocrx_word' id='word_1_764' title='bbox 1385 2555 1432 2582; x_wconf 78' lang='grc' dir='ltr'>ἐπὶ</span> <span class='ocrx_word' id='word_1_765' title='bbox 1447 2558 1507 2587; x_wconf 86' lang='grc' dir='ltr'>ταῖς</span> <span class='ocrx_word' id='word_1_766' title='bbox 1518 2555 1666 2590; x_wconf 78' lang='grc' dir='ltr'>συνθήκαις</span> 
     </span>
    </p>
   </div>
   <div class='ocr_carea' id='block_1_101' title="bbox 45 2591 1664 2635">
    <p class='ocr_par' dir='ltr' id='par_1_101' title="bbox 45 2591 1664 2635">
     <span class='ocr_line' id='line_1_101' title="bbox 45 2591 1664 2635; baseline 0.004 -18"><span class='ocrx_word' id='word_1_767' title='bbox 45 2591 155 2625; x_wconf 85' lang='grc' dir='ltr'>ταύταις</span> <span class='ocrx_word' id='word_1_768' title='bbox 171 2594 394 2629; x_wconf 76' lang='grc' dir='ltr'>παραδεξαμένου</span> <span class='ocrx_word' id='word_1_769' title='bbox 411 2596 537 2629; x_wconf 73' lang='grc' dir='ltr'>σπονδὰς,</span> <span class='ocrx_word' id='word_1_770' title='bbox 555 2597 693 2625; x_wconf 76' lang='grc' dir='ltr'>αίτοῗινται</span> <span class='ocrx_word' id='word_1_771' title='bbox 705 2599 754 2634; x_wconf 80' lang='grc' dir='ltr'>τὴν</span> <span class='ocrx_word' id='word_1_772' title='bbox 766 2600 806 2631; x_wconf 84' lang='grc' dir='ltr'>εἰς</span> <span class='ocrx_word' id='word_1_773' title='bbox 817 2599 851 2626; x_wconf 79' lang='grc' dir='ltr'>τά</span> <span class='ocrx_word' id='word_1_774' title='bbox 867 2600 984 2634; x_wconf 67' lang='grc' dir='ltr'>σφέτερα</span> <span class='ocrx_word' id='word_1_775' title='bbox 999 2599 1052 2634; x_wconf 78' lang='grc' dir='ltr'>ήθη</span> <span class='ocrx_word' id='word_1_776' title='bbox 1082 2597 1140 2632; x_wconf 82' lang='grc' dir='ltr'>μεθ’</span> <span class='ocrx_word' id='word_1_777' title='bbox 1156 2597 1298 2632; x_wconf 81' lang='grc' dir='ltr'>ἡγεμόνων</span> <span class='ocrx_word' id='word_1_778' title='bbox 1321 2597 1382 2635; x_wconf 79' lang='grc' dir='ltr'>ὀδοῦ</span> <span class='ocrx_word' id='word_1_779' title='bbox 1402 2599 1484 2634; x_wconf 84' lang='grc' dir='ltr'>μέχρι</span> <span class='ocrx_word' id='word_1_780' title='bbox 1509 2599 1564 2626; x_wconf 84' lang='grc' dir='ltr'>τῶν</span> <span class='ocrx_word' id='word_1_781' title='bbox 1579 2600 1664 2625; x_wconf 86' lang='grc' dir='ltr'>Παιο-</span> 
     </span>
    </p>
   </div>
   <div class='ocr_carea' id='block_1_102' title="bbox 46 2637 1666 2679">
    <p class='ocr_par' dir='ltr' id='par_1_102' title="bbox 46 2637 1666 2679">
     <span class='ocr_line' id='line_1_102' title="bbox 46 2637 1666 2679; baseline 0.004 -17"><span class='ocrx_word' id='word_1_782' title='bbox 46 2637 127 2663; x_wconf 83' lang='grc' dir='ltr'>νικῶν</span> <span class='ocrx_word' id='word_1_783' title='bbox 140 2638 222 2671; x_wconf 85' lang='grc' dir='ltr'>ὁρίων</span> <span class='ocrx_word' id='word_1_784' title='bbox 237 2638 406 2673; x_wconf 74' lang='grc' dir='ltr'>ἁπόπεμψιν.</span> <span class='ocrx_word' id='word_1_785' title='bbox 421 2640 475 2666; x_wconf 76' lang='grc' dir='ltr'>Καὶ</span> <span class='ocrx_word' id='word_1_786' title='bbox 498 2640 534 2672; x_wconf 84' lang='grc' dir='ltr'>ὡς</span> <span class='ocrx_word' id='word_1_787' title='bbox 548 2641 711 2678; x_wconf 77' lang='grc' dir='ltr'>προῦϐησαν</span> <span class='ocrx_word' id='word_1_788' title='bbox 737 2643 785 2669; x_wconf 71' lang='grc' dir='ltr'>ἐπὶ</span> <span class='ocrx_word' id='word_1_789' title='bbox 800 2643 905 2675; x_wconf 84' lang='grc' dir='ltr'>τούτοις</span> <span class='ocrx_word' id='word_1_790' title='bbox 920 2644 1011 2679; x_wconf 76' lang='grc' dir='ltr'>ὅρκια,</span> <span class='ocrx_word' id='word_1_791' title='bbox 1027 2643 1040 2668; x_wconf 85' lang='grc' dir='ltr'><strong>ὀ</strong></span> <span class='ocrx_word' id='word_1_792' title='bbox 1067 2641 1117 2677; x_wconf 82' lang='grc' dir='ltr'>μὲν</span> <span class='ocrx_word' id='word_1_793' title='bbox 1145 2639 1202 2676; x_wconf 82' lang='grc' dir='ltr'>εἶχε</span> <span class='ocrx_word' id='word_1_794' title='bbox 1213 2641 1262 2676; x_wconf 82' lang='grc' dir='ltr'>τὴν</span> <span class='ocrx_word' id='word_1_795' title='bbox 1275 2642 1374 2677; x_wconf 80' lang='grc' dir='ltr'>ἄκραν,</span> <span class='ocrx_word' id='word_1_796' title='bbox 1387 2642 1412 2669; x_wconf 87' lang='grc' dir='ltr'>οί</span> <span class='ocrx_word' id='word_1_797' title='bbox 1430 2642 1452 2668; x_wconf 85' lang='grc' dir='ltr'>δ’</span> <span class='ocrx_word' id='word_1_798' title='bbox 1464 2643 1604 2670; x_wconf 79' lang='grc' dir='ltr'>ἀκίνδυνον</span> <span class='ocrx_word' id='word_1_799' title='bbox 1614 2644 1666 2678; x_wconf 76' lang='grc' dir='ltr'>τὴν</span> 
     </span>
    </p>
   </div>
   <div class='ocr_carea' id='block_1_103' title="bbox 46 2680 320 2714">
    <p class='ocr_par' dir='ltr' id='par_1_103' title="bbox 46 2680 320 2714">
     <span class='ocr_line' id='line_1_103' title="bbox 46 2680 320 2714; baseline 0.015 -9"><span class='ocrx_word' id='word_1_800' title='bbox 46 2680 190 2714; x_wconf 76' lang='grc' dir='ltr'>ὲξέλευσιν.</span> <span class='ocrx_word' id='word_1_801' title='bbox 315 2685 320 2688; x_wconf 91' lang='grc'><em>’</em></span> 
     </span>
    </p>
   </div>
   <div class='ocr_carea' id='block_1_104' title="bbox 88 2727 828 2767">
    <p class='ocr_par' dir='ltr' id='par_1_104' title="bbox 88 2727 828 2767">
     <span class='ocr_line' id='line_1_104' title="bbox 88 2727 828 2767; baseline 0.003 -10"><span class='ocrx_word' id='word_1_802' title='bbox 88 2729 156 2756; x_wconf 80' lang='grc' dir='ltr'>Ἀλλ’</span> <span class='ocrx_word' id='word_1_803' title='bbox 181 2727 225 2758; x_wconf 72' lang='grc' dir='ltr'>οἷα</span> <span class='ocrx_word' id='word_1_804' title='bbox 251 2731 297 2758; x_wconf 78' lang='grc' dir='ltr'>καὶ</span> <span class='ocrx_word' id='word_1_805' title='bbox 320 2731 354 2758; x_wconf 82' lang='grc' dir='ltr'>τὰ</span> <span class='ocrx_word' id='word_1_806' title='bbox 369 2731 438 2758; x_wconf 82' lang='grc' dir='ltr'>κατὰ</span> <span class='ocrx_word' id='word_1_807' title='bbox 467 2738 512 2757; x_wconf 82' lang='grc' dir='ltr'>τον</span> <span class='ocrx_word' id='word_1_808' title='bbox 538 2731 660 2766; x_wconf 75' lang='grc' dir='ltr'>ἡγεμόνα</span> <span class='ocrx_word' id='word_1_809' title='bbox 678 2732 753 2767; x_wconf 77' lang='grc' dir='ltr'>σφῶν</span> <span class='ocrx_word' id='word_1_810' title='bbox 781 2732 828 2759; x_wconf 82' lang='grc' dir='ltr'>τὸν</span> 
     </span>
    </p>
   </div>
   <div class='ocr_carea' id='block_1_105' title="bbox 49 2770 828 2814">
    <p class='ocr_par' dir='ltr' id='par_1_105' title="bbox 49 2770 828 2814">
     <span class='ocr_line' id='line_1_105' title="bbox 49 2770 828 2814; baseline 0.003 -11"><span class='ocrx_word' id='word_1_811' title='bbox 49 2777 214 2812; x_wconf 67' lang='grc' dir='ltr'>μαρκέσὶονῖ</span> <span class='ocrx_word' id='word_1_812' title='bbox 228 2770 325 2814; x_wconf 45' lang='lat' dir='ltr'><strong>xpetit!</strong></span> <span class='ocrx_word' id='word_1_813' title='bbox 335 2778 390 2813; x_wconf 81' lang='grc' dir='ltr'>γὰρ</span> <span class='ocrx_word' id='word_1_814' title='bbox 404 2778 471 2814; x_wconf 81' lang='grc' dir='ltr'>μηδὲ</span> <span class='ocrx_word' id='word_1_815' title='bbox 485 2787 572 2805; x_wconf 86' lang='grc' dir='ltr'>ταυτα</span> <span class='ocrx_word' id='word_1_816' title='bbox 593 2779 740 2813; x_wconf 84' lang='grc' dir='ltr'>παρελθεῖν</span> <span class='ocrx_word' id='word_1_817' title='bbox 768 2780 828 2805; x_wconf 80' lang='grc' dir='ltr'>ἀνι-</span> 
     </span>
    </p>
   </div>
   <div class='ocr_carea' id='block_1_106' title="bbox 49 2824 829 2860">
    <p class='ocr_par' dir='ltr' id='par_1_106' title="bbox 49 2824 829 2860">
     <span class='ocr_line' id='line_1_106' title="bbox 49 2824 829 2860; baseline 0.003 -11"><span class='ocrx_word' id='word_1_818' title='bbox 49 2824 178 2860; x_wconf 77' lang='grc' dir='ltr'>στόρητα,</span> <span class='ocrx_word' id='word_1_819' title='bbox 196 2825 257 2852; x_wconf 86' lang='grc' dir='ltr'>Ἔτι</span> <span class='ocrx_word' id='word_1_820' title='bbox 271 2827 326 2857; x_wconf 84' lang='grc' dir='ltr'>τοῖς</span> <span class='ocrx_word' id='word_1_821' title='bbox 355 2825 426 2852; x_wconf 85' lang='grc' dir='ltr'>κατὰ</span> <span class='ocrx_word' id='word_1_822' title='bbox 445 2824 493 2859; x_wconf 76' lang='grc' dir='ltr'>τὴν</span> <span class='ocrx_word' id='word_1_823' title='bbox 507 2826 586 2859; x_wconf 79' lang='grc' dir='ltr'>νῆσον</span> <span class='ocrx_word' id='word_1_824' title='bbox 600 2825 720 2856; x_wconf 75' lang='grc' dir='ltr'>Πέλοπος</span> <span class='ocrx_word' id='word_1_825' title='bbox 735 2826 829 2852; x_wconf 78' lang='grc' dir='ltr'>διαπο-</span> 
     </span>
    </p>
   </div>
   <div class='ocr_carea' id='block_1_107' title="bbox 49 2870 829 2908">
    <p class='ocr_par' dir='ltr' id='par_1_107' title="bbox 49 2870 829 2908">
     <span class='ocr_line' id='line_1_107' title="bbox 49 2870 829 2908; baseline 0 -12"><span class='ocrx_word' id='word_1_826' title='bbox 49 2871 176 2906; x_wconf 79' lang='grc' dir='ltr'>νούμενος</span> <span class='ocrx_word' id='word_1_827' title='bbox 204 2872 352 2908; x_wconf 80' lang='grc' dir='ltr'>πράγμασι</span> <span class='ocrx_word' id='word_1_828' title='bbox 380 2871 426 2898; x_wconf 66' lang='grc' dir='ltr'>καὶ</span> <span class='ocrx_word' id='word_1_829' title='bbox 461 2870 504 2898; x_wconf 75' lang='grc' dir='ltr'>διὰ</span> <span class='ocrx_word' id='word_1_830' title='bbox 534 2871 623 2905; x_wconf 84' lang='grc' dir='ltr'>μάχης</span> <span class='ocrx_word' id='word_1_831' title='bbox 666 2870 762 2906; x_wconf 85' lang='grc' dir='ltr'>χωρῶν</span> <span class='ocrx_word' id='word_1_832' title='bbox 789 2870 829 2907; x_wconf 78' lang='grc' dir='ltr'>τῷ</span> 
     </span>
    </p>
   </div>
   <div class='ocr_carea' id='block_1_108' title="bbox 917 2733 1667 2770">
    <p class='ocr_par' dir='ltr' id='par_1_108' title="bbox 917 2733 1667 2770">
     <span class='ocr_line' id='line_1_108' title="bbox 917 2733 1667 2770; baseline 0.003 -8"><span class='ocrx_word' id='word_1_833' title='bbox 917 2734 1002 2769; x_wconf 78' lang='lat'>818</span> <span class='ocrx_word' id='word_1_834' title='bbox 1020 2733 1073 2762; x_wconf 81' lang='lat' dir='ltr'><strong>Sed</strong></span> <span class='ocrx_word' id='word_1_835' title='bbox 1090 2734 1152 2770; x_wconf 88' lang='lat' dir='ltr'><strong>quis</strong></span> <span class='ocrx_word' id='word_1_836' title='bbox 1171 2739 1260 2763; x_wconf 81' lang='lat' dir='ltr'><strong>status</strong></span> <span class='ocrx_word' id='word_1_837' title='bbox 1277 2735 1358 2763; x_wconf 85' lang='lat' dir='ltr'><strong>ducis</strong></span> <span class='ocrx_word' id='word_1_838' title='bbox 1380 2743 1474 2763; x_wconf 90' lang='lat' dir='ltr'><strong>eorum</strong></span> <span class='ocrx_word' id='word_1_839' title='bbox 1498 2736 1667 2764; x_wconf 81' lang='lat' dir='ltr'><strong>marchionis</strong></span> 
     </span>
    </p>
   </div>
   <div class='ocr_carea' id='block_1_109' title="bbox 882 2779 1668 2816">
    <p class='ocr_par' dir='ltr' id='par_1_109' title="bbox 882 2779 1668 2816">
     <span class='ocr_line' id='line_1_109' title="bbox 882 2779 1668 2816; baseline 0.004 -10"><span class='ocrx_word' id='word_1_840' title='bbox 882 2779 951 2807; x_wconf 82' lang='lat' dir='ltr'><strong>fuit?</strong></span> <span class='ocrx_word' id='word_1_841' title='bbox 964 2787 1026 2807; x_wconf 89' lang='lat' dir='ltr'>nam</span> <span class='ocrx_word' id='word_1_842' title='bbox 1040 2788 1093 2809; x_wconf 86' lang='lat' dir='ltr'>nec</span> <span class='ocrx_word' id='word_1_843' title='bbox 1108 2781 1161 2809; x_wconf 90' lang='lat' dir='ltr'>hoc</span> <span class='ocrx_word' id='word_1_844' title='bbox 1174 2782 1396 2816; x_wconf 74' lang='lat' dir='ltr'><strong>praztereundum</strong></span> <span class='ocrx_word' id='word_1_845' title='bbox 1416 2787 1469 2813; x_wconf 86' lang='lat' dir='ltr'><strong>est,</strong></span> <span class='ocrx_word' id='word_1_846' title='bbox 1488 2781 1553 2809; x_wconf 93' lang='lat' dir='ltr'>dum</span> <span class='ocrx_word' id='word_1_847' title='bbox 1576 2782 1668 2810; x_wconf 85' lang='lat' dir='ltr'><strong>adhuc</strong></span> 
     </span>
    </p>
   </div>
   <div class='ocr_carea' id='block_1_110' title="bbox 882 2825 1668 2865">
    <p class='ocr_par' dir='ltr' id='par_1_110' title="bbox 882 2825 1668 2865">
     <span class='ocr_line' id='line_1_110' title="bbox 882 2825 1668 2865; baseline 0.006 -13"><span class='ocrx_word' id='word_1_848' title='bbox 882 2825 1070 2860; x_wconf 78' lang='lat' dir='ltr'><strong>Peloponneso</strong></span> <span class='ocrx_word' id='word_1_849' title='bbox 1084 2827 1276 2855; x_wconf 85' lang='lat' dir='ltr'><strong>constituenda</strong></span> <span class='ocrx_word' id='word_1_850' title='bbox 1291 2833 1443 2865; x_wconf 83' lang='lat' dir='ltr'><strong>occupatur</strong></span> <span class='ocrx_word' id='word_1_851' title='bbox 1455 2833 1484 2857; x_wconf 87' lang='lat' dir='ltr'>et</span> <span class='ocrx_word' id='word_1_852' title='bbox 1501 2837 1562 2857; x_wconf 93' lang='lat' dir='ltr'>cum</span> <span class='ocrx_word' id='word_1_853' title='bbox 1579 2828 1668 2857; x_wconf 87' lang='lat' dir='ltr'><strong>Scuro</strong></span> 
     </span>
    </p>
   </div>
   <div class='ocr_carea' id='block_1_111' title="bbox 884 2867 1669 2905">
    <p class='ocr_par' dir='ltr' id='par_1_111' title="bbox 884 2867 1669 2905">
     <span class='ocr_line' id='line_1_111' title="bbox 884 2867 1669 2905; baseline 0.005 -7"><span class='ocrx_word' id='word_1_854' title='bbox 884 2870 1005 2905; x_wconf 83' lang='lat' dir='ltr'><strong>dimicat,</strong></span> <span class='ocrx_word' id='word_1_855' title='bbox 1021 2871 1122 2900; x_wconf 86' lang='lat' dir='ltr'><strong>litteris</strong></span> <span class='ocrx_word' id='word_1_856' title='bbox 1138 2872 1231 2901; x_wconf 75' lang='lat' dir='ltr'><strong>uxoris</strong></span> <span class='ocrx_word' id='word_1_857' title='bbox 1247 2881 1291 2901; x_wconf 86' lang='lat' dir='ltr'>res</span> <span class='ocrx_word' id='word_1_858' title='bbox 1311 2881 1396 2902; x_wconf 77' lang='lat' dir='ltr'><strong>novas</strong></span> <span class='ocrx_word' id='word_1_859' title='bbox 1414 2867 1669 2903; x_wconf 40' lang='lat' dir='ltr'><strong>moliri-Thessalo-</strong></span> 
     </span>
    </p>
   </div>
  </div>
