1954 3072
266 136 333 168 1007

885 141 1033 172 NICE’I‘IE
1051 141 1252 171 (.HONIAT/E

1815 146 1883 180 1008

265 191 392 219 nicenses
406 191 434 219 ﬁt
445 191 546 220 certior
558 180 665 227 :ipsam
681 193 750 221 urbe
760 194 900 228 expulsam
916 195 943 222 in
956 201 1049 222 arcem

1102 194 1225 230 Σγουρῷ,
1237 195 1392 231 γράμματά
1403 196 1427 223 οε
1441 197 1492 228 τῆς
1507 197 1636 231 γυναικδς
1659 198 1812 233 χειρίζεται
1828 203 1888 228 τονὸ

266 237 421 271 confugisse
436 241 464 264 ct
479 238 635 272 complures
649 238 708 266 dies
722 241 779 274 jam
797 240 931 272 obsideri.
953 241 1050 268 urbem

267 289 332 308 vero
346 290 360 308 a
376 281 476 309 Blacho
491 282 611 317 quodam
632 284 744 311 Prosaci
759 289 785 312 et
803 285 983 313 ﬁnitimorum
1009 286 1050 313 lo-

266 322 362 354 corum
381 327 509 355 Joanneze
532 328 646 356 ditionis
670 330 810 364 prafecto,
836 331 949 359 nomine
974 332 1051 367 Ezyi-

266 380 372 404 smeno,
384 373 480 399 teneri.
491 373 597 406 Quibus
605 374 706 402 auditis
716 376 839 404 marchio
847 378 1048 412 quamprimum

266 425 345 452 opem
370 418 396 445 ci
411 417 483 445 ferre
509 419 604 446 statuit
624 424 652 447 et
682 421 800 449 reditum
818 425 978 450 maturavit.
997 424 1050 452 Sed

266 469 413 498 antequam
441 464 641 493 Thessalonicae
668 468 912 504 appropinquaret,
927 471 1051 498 occurrit

266 509 324 536 suis
342 509 465 536 hostium
488 510 593 537 cladem
616 517 644 538 et
672 513 890 548 proﬂigationem
920 517 1050 544 nuntian-

266 555 341 582 tibus
365 559 393 582 ct
418 556 643 590 tranquillitatem
671 559 731 585 urbi
758 560 924 587 restitutam.
948 561 1048 589 Earum

266 607 358 626 rerum
376 600 445 627 fama
463 600 625 633 delectatus,
639 607 667 629 et
681 603 738 630 suis
750 608 896 637 ostentata,
909 606 1050 633 conversis

266 645 384 673 habenis
405 646 503 680 Scopia
527 651 600 674 recta
626 649 723 680 tendit,
744 649 857 678 Joannis
879 651 993 686 injurias
1009 653 1051 679 ul-

266 696 357 719 turus.
375 691 427 720 Sed
443 693 552 719 vixdum
567 701 598 720 ea
625 702 686 728 quae
709 696 878 730 partui-iebat
893 705 1049 732 aggressus.

267 737 394 763 nuntium
411 737 495 764 alium
512 737 613 772 accipit
630 739 663 765 de
679 739 793 767 Comitis
810 741 879 768 Pleas
893 742 1006 770 interitu
1022 748 1051 770 et

266 780 441 815 imperatoris
464 781 588 809 Balduini
613 784 782 818 captivitate.
820 786 915 821 Itaque
934 788 1050 822 repetito

266 827 357 861 priore
372 827 470 854 itinere
483 827 706 856 Thessalonicam
720 830 884 865 ingreditur,
897 835 1050 861 etVeritate

1100 239 1309 272 Θεσσαλονικεῖς
1332 242 1495 277 νεωτερίσαι
1523 243 1720 277 διασαφοῦντα,
1738 246 1789 271 καὶ
1806 247 1890 281 αὐτὴν

1101 285 1151 320 μὲν
1183 285 1349 318 ὲξωσθεῖσαν
1360 287 1409 321 τῆς
1426 288 1529 320 πόλεως
1542 290 1582 320 είς
1592 289 1640 324 ’τὴν
1656 290 1810 325 άκρὸπολιν
1826 293 1889 318 ἀνα-

1101 330 1218 364 δραμεῖν
1244 332 1292 358 καὶ
1306 333 1405 367 συχνὰς
1418 333 1526 368 ἡμέρας
1539 334 1590 369 ἤδη
1606 336 1830 370 πολιορκεῖσθαι,
1843 339 1888 373 τὴν

1101 375 1129 401 δὲ
1145 376 1223 402 πόλιν
1241 377 1362 404 εἰσιόντα
1376 379 1504 413 κατέχειν
1516 379 1619 415 Βλάχον
1634 382 1707 413 τινὰ,
1729 381 1888 418 Ἑτζυῑσμέι
1910 387 1912 393 ’

1099 429 1144 448 νον
1158 421 1208 457 τὴν
1231 423 1339 458 κλῆσιν,
1358 424 1532 459 φρουροῦντα
1547 426 1593 452 τὴν
1609 427 1754 462 Πρόσακον
1780 430 1832 455 καὶ
1846 429 1890 455 ὅσα

1099 467 1153 494 τῶν
1168 468 1256 495 ἐκεῖθι
1281 469 1321 505 τῷ
1343 469 1457 506 Ἰωάννῃ
1487 472 1623 506 κατήκοα.
1644 473 1688 504 Ὠς
1710 473 1757 500 οὖν
1778 474 1890 501 πύθοιτο

1100 512 1187 539 ταῦτα
1203 514 1365 549 μαρκέσιος,
1397 515 1469 550 ἔγνω
1483 517 1533 551 τὴν
1546 519 1678 552 ταχίστην
1695 519 1827 553 ἀρήγειν,
1845 521 1888 546 καὶ

1099 558 1148 590 τὴν
1159 558 1271 592 πορείαν
1285 559 1405 585 ἐπανιὼν
1421 562 1554 588 ἐπέτεινε.
1573 562 1665 596 Μήπω
1682 562 1709 589 δὲ
1723 565 1756 597 τῇ
1786 563 1891 590 Θεσσα-

1100 594 1194 638 λονῖκῃ
1214 602 1258 638 [Ρ.
1273 603 1337 640 599]
1354 605 1468 638 ἐγγίσας
1482 594 1632 640 συμϐάλλει
1651 608 1705 638 τοῖς
1726 594 1890 640 ἀγγέλλουσι

1098 647 1149 683 τὴν
1166 648 1221 675 τῶν
1247 649 1384 683 πολεμίων
1409 648 1494 685 ἧτταν
1524 651 1571 676 καὶ
1601 652 1770 687 ἀποσόὸησιν
1783 653 1834 679 καὶ
1846 655 1889 688 τὴν

1100 692 1211 724 ἐσαῦθις
1227 694 1346 729 ἠρεμίαν
1359 695 1407 728 τῆς
1423 695 1657 731 πόλεωςΆΔιέλει
1672 697 1718 723 καὶ
1730 699 1789 729 τοῖς
1803 697 1891 724 τοιού-

1100 746 1158 769 τοις
1172 738 1345 774 ἀκούσμασιν
1367 740 1491 774 ὲνησθεὶς
1522 742 1569 767 καὶ
1599 742 1797 775 φιλενδεικτῶν
1823 744 1891 778 πρὸς

1100 783 1164 814 τοὺς
1181 783 1310 816 οίκείους,
1338 785 1532 820 μεταστρέψας
1556 786 1590 812 τὰ
1604 787 1667 821 ἡνία
1691 787 1745 813 τῶν
1761 788 1890 815 Σκοπίων

1104 828 1146 854 ίθὺ
1163 829 1289 863 φέρεται,
1303 830 1348 856 τὸν
1373 830 1499 866 Ἰωάννην
1511 831 1668 865 ἀμύνασθαι
1682 832 1768 859 θέλων
1779 833 1836 859 τῶν
1850 835 1890 865 εὶς

266 872 340 899 illius
354 873 443 899 nuntii
459 881 507 907 per
520 873 626 901 litteras
641 875 802 904 conﬁrmata
820 878 992 914 spicilegium
1007 880 1050 907 in-

1102 873 1182 900 αὐτὺν
1212 875 1375 908 γεγονότων.
1396 876 1467 902 Ἀλλ’
1490 876 1567 903 οὓπω
1599 877 1668 912 ἔιρθη
1694 879 1838 905 ἑπιὸαὶεῐν
1851 877 1890 912 οἷς

266 917 356 945 stituit
369 925 384 945 e
400 923 492 953 segete
506 919 583 947 urbis
601 921 721 948 nondum
738 922 817 957 plane
833 929 951 957 resecta,
963 925 989 952 in
1003 926 1048 954 illa

265 963 330 990 belli
349 971 437 991 messe
465 964 538 1000 quod
563 970 626 993 ante
651 974 729 994 suum
756 968 875 996 reditum
900 971 1049 1000 conﬂatum

265 1013 344 1042 erat;
365 1014 392 1036 et
408 1009 477 1036 alios
492 1011 568 1038 cives
588 1012 704 1046 pecunia
721 1013 851 1042 multatos
874 1015 977 1050 pistillo
999 1025 1049 1044 nu-

264 1054 358 1082 diores
370 1055 439 1082 urbe
452 1056 551 1091 exegit,
563 1056 633 1084 alios
642 1057 752 1091 occidit,
763 1059 846 1095 819
858 1061 926 1089 alios
936 1069 1051 1097 suspen-

266 1100 317 1132 dit,
335 1103 389 1126 tam
405 1108 438 1127 ex
451 1100 527 1128 laicis
541 1109 622 1136 quam
643 1110 677 1130 ex
695 1103 792 1131 ordine
807 1105 864 1133 Deo
877 1113 1048 1138 consecrato.

263 1145 302 1172 .Et
325 1144 513 1173 miserrimum
538 1147 733 1182 imperatorem
760 1150 884 1179 Alexium
910 1161 972 1180 cum
996 1155 1051 1182 Eu—

266 1190 402 1226 phrosyna
421 1192 535 1226 conjuge
551 1200 600 1225 per
618 1201 692 1222 mare
709 1195 742 1222 ad
759 1196 926 1225 Alemanniae
946 1200 1050 1234 princi-

267 1244 328 1271 pem
346 1237 428 1264 misit.
442 1237 517 1265 llcul
536 1238 606 1266 heul
624 1247 680 1266 rem
699 1248 798 1268 novam
814 1247 842 1269 et
866 1243 1050 1272 miserabilem

266 1287 295 1310 et
325 1283 397 1318 apud
425 1283 564 1311 Romanos
588 1285 757 1313 inauditam!
784 1287 838 1314 heu
864 1290 1049 1322 spectaculum

267 1336 407 1363 nunquam
420 1329 509 1356 visum
536 1329 670 1357 hactenus
684 1331 689 1357 l
705 1331 804 1360 Audita
828 1340 912 1368 porro
936 1335 1051 1364 Joannis

267 1374 300 1400 aal
329 1374 425 1401 Scrras
449 1374 639 1409 impressione,
666 1378 765 1404 auxilia
785 1379 843 1406 suis
872 1381 1051 1415 popularibus

267 1420 314 1454 qui
331 1420 357 1447 in
372 1428 403 1447 ea
422 1420 489 1447 urbe
512 1426 591 1448 erant
612 1422 706 1449 mittit.
730 1423 782 1456 Qui
808 1425 933 1459 quamvis
950 1432 1050 1455 eventu

268 1464 308 1491 rei
336 1466 362 1491 in
391 1464 490 1492 itinere
509 1465 631 1500 cognito,
653 1466 739 1494 nihilo
766 1469 850 1503 magis
875 1470 947 1497 bello
968 1471 1052 1498 absti-

267 1513 398 1540 nuerunt,
417 1510 513 1544 utjam
539 1511 564 1536 in
591 1510 650 1546 ipso
673 1512 795 1546 periculo
817 1514 971 1547 constituti,
988 1516 1051 1544 licet

267 1555 320 1582 sibi
335 1562 397 1581 cum
414 1555 493 1582 hoste
511 1555 591 1591 longe
612 1557 754 1590 superiore
771 1559 909 1593 negotium
933 1560 993 1588 fore
1008 1561 1052 1589 in~

269 1599 436 1634 lelligebant.
452 1599 548 1627 Przelio
568 1602 715 1629 commisso
731 1602 880 1631 vincuntur
903 1609 931 1632 et
953 1606 1052 1640 proﬂi-

267 1651 366 1681 gantur
385 1654 398 1672 a
412 1646 527 1673 maxima
544 1646 707 1682 Scytharum
725 1649 902 1677 multitudine
928 1652 1050 1688 undique

267 1691 444 1724 irruentium,
461 1699 517 1719 non
533 1700 613 1719 secus
631 1700 712 1728 quain
732 1702 813 1729 apum
837 1697 975 1729 examina,
991 1705 1052 1733 qua:

264 1745 300 1765 ex
315 1737 471 1764 alvearibus
486 1738 676 1771 cll‘unduntur.
689 1744 735 1767 aut
754 1741 920 1769 crabronum
937 1743 1023 1771 instar
1036 1753 1051 1773 e

267 1783 394 1811 cavernis
407 1785 483 1819 juxta
498 1784 554 1811 vias
570 1786 783 1819 erumpentium.
798 1787 908 1815 Duobus
923 1788 966 1816 his
983 1798 1052 1824 prae-

268 1829 314 1856 liis
330 1829 429 1861 victus,
445 1829 567 1856 marchio
582 1837 610 1857 se
625 1830 1052 1867 Thessalonicaaincludit,Joan-

267 1883 317 1902 nes
333 1882 398 1902 vcro
414 1883 463 1910 per
477 1883 610 1902 summam
630 1876 766 1904 licentiam
783 1877 922 1906 Berrmam
944 1884 971 1907 et
984 1879 1051 1908 alias

267 1921 468 1948 marchionicas
487 1921 570 1949 urbes
586 1926 712 1957 occupat.

1099 919 1178 946 ὤδινε
1190 920 1349 955 πράγμασι,
1366 922 1413 948 καὶ
1427 922 1542 956 ἄγγελος
1557 923 1653 958 ἔτερος
1665 924 1812 958 ἐφίσταται
1841 927 1889 961 τὴν

1099 965 1146 992 τοῦ
1161 966 1277 1001 κόμητος
1291 968 1379 999 [Ιλέης
1405 967 1592 994 ἀναδιδάσκων
1617 969 1756 995 ἀπώλειαν
1777 971 1826 997 καὶ
1840 971 1888 1006 τὴν

1100 1011 1146 1038 τοῦ
1163 1012 1295 1047 βασιλέως
1311 1013 1470 1040 Βχλδουίνου
1487 1014 1661 1049 κατάσχεσιν.
1681 1016 1731 1042 Ἦν
1746 1014 1794 1042 οὖν
1802 1017 1887 1043 ὥδευε

1100 1057 1232 1092 πρότερον
1245 1057 1325 1084 πάλιν
1337 1058 1487 1092 ἁψάμενος,
1501 1059 1550 1094 τὴν
1561 1060 1763 1095 Θεσσαλονίκην
1775 1062 1887 1088 εἴσεισιο

1101 1104 1147 1129 καὶ
1161 1105 1242 1137 γνοὺς
1258 1104 1347 1139 ἀληθῆ
1362 1105 1412 1131 ὅσα
1428 1105 1471 1131 διὰ
1487 1106 1660 1140 γραμμάτων
1679 1107 1805 1134 πέπυστο
1824 1109 1890 1143 πρό-

1099 1158 1190 1184 τερον,
1212 1150 1420 1185 ὲπικαλαμᾶται
1434 1151 1465 1177 τὸ
1483 1151 1521 1186 μὴ
1540 1152 1660 1186 ἀκριϐῶς
1674 1153 1780 1188 ὰμηθὲν
1795 1155 1828 1180 ἐκ
1843 1155 1890 1182 τοῦ

1100 1195 1177 1231 ληΐου
1192 1196 1240 1230 τῆς
1256 1196 1361 1227 πόλεως
1374 1197 1402 1222 ἐν
1414 1196 1453 1230 τῷ
1468 1197 1566 1232 ἀμὴτῳ
1584 1198 1632 1223 τοῦ
1645 1198 1765 1233 πολέμου
1790 1199 1822 1230 ὃς
1838 1200 1891 1234 πρὸ

1100 1241 1149 1274 τῆς
1164 1241 1270 1267 ἐκείνου
1298 1242 1416 1277 συνέστη
1448 1242 1579 1276 ἀφίξεως.
1606 1241 1660 1274 Οὓς
1687 1243 1738 1277 μὲν
1767 1245 1824 1279 γὰρ
1837 1245 1891 1272 τῶν

1101 1286 1218 1312 πολιτῶν
1234 1286 1375 1321 ζημιώσας
1391 1288 1431 1318 είς
1439 1289 1569 1323 χρήματα
1583 1289 1770 1324 γυμνοτέρους
1786 1291 1888 1326 ὑπέρου

1100 1333 1219 1368 διαφῆκε
1240 1334 1289 1368 τῆς
1318 1333 1432 1366 πόλεως,
1457 1333 1505 1365 οὓς
1530 1334 1559 1362 δὲ
1588 1335 1761 1368 ἀπέκτεινεν,
1790 1337 1840 1369 οὓς
1863 1338 1891 1365 δὲ

1101 1377 1299 1412 ἀπεκρέμασεν
1326 1378 1358 1404 ὲκ
1370 1378 1418 1405 τοῦ
1448 1378 1570 1410 λαώδους
1583 1379 1704 1413 πλήθους
1722 1382 1833 1408 καὶτοῦ
1851 1383 1890 1408 ἰε-

1104 1425 1226 1459 ρωμένου
1259 1424 1319 1459 Θεῷ
1349 1424 1511 1460 τάγματος,
1540 1426 1587 1452 καὶ
1615 1426 1661 1452 τὸν
1688 1427 1838 1463 δυσπραγῆ
1863 1430 1891 1456 ἐν

1102 1469 1258 1506 βασιλεῦσιν
1280 1471 1398 1503 ’Δλέξιον
1429 1471 1476 1497 καὶ
1504 1471 1554 1506 τὴν
1571 1471 1668 1498 τούτου
1685 1473 1817 1500 σύνευνον
1835 1475 1890 1501 Εὑ-

1102 1515 1241 1550 φροσύνην
1255 1514 1423 1546 διαποντίους
1442 1516 1480 1551 τῷ
1492 1516 1546 1542 τῶν
1554 1516 1713 1552 ’Δλαμανῶν
1724 1518 1885 1553 ἐξέπεμψεν

1102 1560 1224 1596 ἄρχοντι.
1239 1560 1293 1587 Φεῦ
1308 1561 1359 1595 φεῦ
1374 1560 1421 1586 τοῦ
1452 1561 1548 1588 καινοῦ
1562 1562 1641 1588 τοῦδε
1656 1563 1704 1589 καὶ
1715 1564 1893 1598 άνηκούστου

1103 1606 1179 1641 παρὰ
1200 1606 1345 1642 Ῥωμαίοις
1359 1605 1545 1642 ἀκούσματος,
1569 1608 1658 1634 εἰπεῖν
1669 1608 1698 1635 δὲ
1714 1609 1760 1635 καὶ
1771 1610 1893 1638 ἀθεάτου

1101 1652 1131 1683 ἐς
1144 1651 1224 1686 δεῦρο
1239 1651 1395 1686 θεάματοςί
1412 1653 1472 1684 ταῖς
1495 1652 1523 1678 δὲ
1547 1653 1662 1688 Σέρῤαις
1685 1654 1821 1689 ἐμϐαλεῖν
1843 1657 1893 1684 τὸν

1108 1698 1237 1733 Ἰωάννην
1261 1699 1472 1734 ἔνωτισάμενος,
1487 1700 1570 1734 μήπω
1587 1700 1673 1727 δὲκαὶ
1686 1702 1716 1728 τὸ
1741 1703 1831 1738 πέρας
1843 1705 1891 1733 τοῦ

1104 1744 1250 1776 συστάντος
1280 1745 1371 1772 ἐκεῖσε
1401 1745 1538 1780 πρότερον
1564 1747 1685 1782 πολέμου
1710 1749 1889 1784 πυθόμενος,

1104 1790 1208 1817 στέλλει
1233 1790 1297 1822 τοὺς
1326 1790 1526 1826 συναρήξοντας
1553 1793 1610 1823 τοῖς
1627 1794 1656 1820 ὲν
1680 1795 1742 1826 ταῖς
1772 1795 1889 1831 sepem;

1103 1836 1261 1871 ὁμοφύλοις.
1282 1837 1314 1863 οι
1334 1837 1357 1863 δ’
1373 1838 1403 1863 ὲν
1427 1837 1467 1872 τῷ
1493 1838 1605 1865 ἀπιέναι
1635 1838 1669 1866 τὰ
1693 1839 1889 1876 ξυνενεχϐέντα

1104 1882 1236 1916 μαθόντες
1253 1883 1299 1910 τὸν
1315 1882 1364 1918 μὲν
1387 1883 1506 1918 πόλεμον
1517 1884 1643 1919 οὐδαμῶς
1663 1885 1837 1920 διελύσαντο,
1853 1887 1888 1919 ὡς

1101 1928 1152 1963 ῆδη
1170 1928 1200 1954 ἐν
1209 1924 1247 1962 τῷ
1259 1928 1338 1964 δεινῷ
1349 1928 1530 1962 καθεστῶτες,
1546 1930 1646 1965 καίπερ
1655 1930 1769 1963 ειδότες,
1779 1934 1890 1968 γενητὰ

268 1977 348 2004 μενον
378 1969 446 2003 πρὸς
462 1969 528 1995 πολὺ
553 1970 681 2005 περιόντα
696 1971 836 2007 πολέμιον·
851 1974 1036 2010 συρρήξαντες
1050 1975 1078 2003 δὲ
1088 1977 1143 2008 τοῖς
1157 1975 1289 2008 ἑναντίοις
1304 1976 1374 2003 κατὰ
1389 1977 1489 2012 κράτος
1504 1977 1639 2012 ἡττῶνται
1665 1979 1710 2005 καὶ
1727 1979 1888 2013 τρέπονται.

267 2012 378 2039 Σκυθῶν
395 2013 486 2043 αὐτοῖς
510 2013 735 2046 προσόαλλὸντων
762 2015 834 2042 οὕτω
862 2018 967 2052 συχνῶν
991 2020 1046 2047 κάκ
1073 2022 1126 2047 τῶν
1141 2021 1217 2057 ιιῑιλλῃ
1247 2022 1294 2048 καὶ
1320 2022 1388 2058 ἄλλῃ
1417 2022 1606 2048 ἐκπιπτόντων
1634 2023 1672 2053 ὡς
1698 2023 1757 2049 ἐστι
1786 2026 1836 2050 καὶ
1860 2026 1892 2052 τὰ

268 2057 359 2092 σμήνη
387 2055 537 2082 estimation
563 2056 618 2082 τῶν
647 2057 770 2092 σίμῦλων
794 2061 924 2095 προϊόντα
938 2064 985 2089 καὶ
1011 2064 1074 2097 τοὺς
1090 2055 1413 2100 σφῆκαςγεξιπταμὲνους
1424 2064 1478 2091 τῶν
1493 2065 1604 2091 ἐνοδίων
1615 2066 1761 2101 χηραμῶν.
1780 2068 1890 2095 Οὐκοῦν

268 2101 385 2128 τοιαῖσδε
403 2102 502 2136 μάχαις
519 2101 620 2133 διτταῖς
635 2102 664 2129 τὸ
676 2099 757 2139 ἦττον
775 2105 998 2141 ἀπενεγκάμενος
1010 2110 1023 2135 ὀ
1036 2111 1185 2146 μαρκέσιος
1199 2111 1278 2142 αὐτὸς
1296 2111 1345 2145 μὲν
1357 2110 1422 2137 εἴσω
1437 2110 1486 2146 τῆς
1500 2110 1701 2146 Θεσσαλονὶκης
1717 2113 1893 2149 ἐγκλείεται,

267 2146 281 2171 ὁ
297 2145 325 2171 δέ
341 2153 373 2178 γε
405 2145 533 2180 Ἰωάννης
548 2145 619 2172 κατὰ
635 2147 724 2175 πᾶσαν
740 2148 832 2176 ἄδειαν
845 2150 873 2182 ἐς
887 2151 1017 2188 Βέρροιαν
1034 2154 1139 2188 ἄπεισι,
1154 2154 1261 2186 καὶτὰς
1271 2154 1368 2186 λοιπὰς
1387 2145 1478 2186 πόλεις
1491 2155 1552 2181 ὅσαι
1565 2145 1684 2190 μαρκεσί
1694 2166 1708 2190 ρ
1728 2145 1892 2185 ὗπέκυπτον

269 2188 357 2223 ἐαυτῷ
371 2189 591 2223 προσῳκείωσεν.

304 2234 341 2261 Ea
366 2241 475 2268 quoque
505 2234 583 2261 clade
609 2236 714 2270 audita,
737 2237 825 2265 Latini
856 2240 903 2274 qui
929 2241 1050 2277 Byzantii
1068 2245 1089 2273 D

268 2284 359 2310 erant,
374 2279 519 2306 consilium
532 2279 615 2313 820
637 2280 733 2308 ineunt
757 2282 822 2316 quid
846 2284 882 2310 sit
906 2285 1050 2319 agendum,

269 2324 386 2352 conc;lio
399 2323 434 2350 ab
450 2324 544 2350 Errico
560 2323 684 2352 Balduini
702 2325 786 2353 fratre
801 2331 830 2354 et
844 2327 949 2356 Marino
962 2329 1050 2358 νευο-

270 2369 370 2396 tiarum
402 2368 471 2395 duce
503 2368 606 2396 indicto
639 2378 646 2395 :
677 2378 738 2397 nam
767 2371 905 2400 Dandulus
935 2373 1050 2401 obierat.

268 2415 402 2443 Omnibus
442 2414 544 2442 bellum
575 2423 716 2450 capessere
755 2418 858 2453 placuit
897 2423 925 2446 et
959 2420 1052 2454 copias

269 2464 364 2487 contra
377 2459 458 2486 urbes
480 2459 603 2487 Thraciae
627 2460 695 2487 duce
702 2468 730 2488 rc
744 2469 806 2496 qua:
821 2469 838 2489 a
857 2462 963 2491 Latinis
977 2464 1052 2492 defe-

269 2510 373 2538 cerant,
385 2506 449 2533 dum
467 2498 558 2539 populi
574 2506 656 2532 animi
670 2506 759 2534 adhuc
769 2507 915 2542 ferverent.
930 2514 958 2537 et
971 2510 1051 2537 Joan-

268 2560 317 2580 nes
352 2551 414 2579 aliis
443 2551 522 2578 bellis
543 2556 692 2586 occupatus
726 2553 812 2587 iisque
835 2554 908 2583 solis
930 2556 1052 2584 intentus

267 2607 282 2626 ιι
298 2598 428 2625 Romanis
449 2600 565 2625 abesset.
586 2598 679 2632 Itaque
697 2604 801 2633 partem
825 2601 974 2634 exercitus,
991 2610 1052 2637 quae

270 2645 395 2672 utilitatis
411 2651 467 2671 sum
481 2651 562 2671 causa
577 2644 650 2671 ultro
666 2645 743 2679 sequi
760 2646 842 2673 vellet
860 2647 982 2682 (Rottam
1000 2649 1050 2683 ipsi

268 2691 388 2724 vocant),
404 2690 574 2725 ablegarunt,
593 2695 726 2724 potestate
744 2691 806 2718 data
823 2692 905 2719 urbes
926 2701 987 2727 quae
1002 2694 1050 2722 dc-

247 2754 249 2756 -
268 2737 397 2763 fecissent
410 2743 460 2763 suo
479 2737 613 2763 arbitratu
632 2736 777 2764 tractandi.
795 2737 832 2765 Ea
855 2738 954 2765 cohors
971 2744 1051 2766 antc-

267 2788 359 2816 gressa
375 2788 391 2808 a
406 2780 482 2808 nullo
496 2781 611 2813 scelere,
632 2788 645 2807 ο
669 2781 744 2808 nullo
769 2781 877 2816 piaculo
891 2783 1048 2811 abhorruit.

268 2827 366 2855 Veneti
393 2834 502 2867 quoque
529 2827 696 2855 Orientalem
723 2835 798 2856 oram
823 2828 912 2863 longis
935 2830 1050 2859 navibus

1143 2243 1187 2274 Ὡς
1204 2242 1228 2269 δ’
1242 2240 1314 2278 εῒχον
1324 2243 1348 2269 oi
1363 2243 1391 2270 ὲν
1408 2244 1440 2278 τῇ
1456 2243 1532 2270 πόλει
1546 2244 1655 2271 Λατῖνοι
1671 2252 1718 2271 και
1744 2245 1830 2273 τάσδε
1844 2248 1893 2279 τὰς

1101 2287 1274 2324 δυσπραγίας
1290 2289 1498 2322 ένωτισάμενοι,
1519 2290 1583 2324 περὶ
1601 2289 1649 2316 τοῦ
1667 2291 1799 2325 ποιητέου
1814 2293 1892 2327 σφίσι

1102 2333 1198 2367 σκέψιν
1219 2332 1351 2366 τιθέασιν,
1376 2334 1444 2368 ὁμοῦ
1469 2335 1623 2370 γενομένων
1638 2335 1684 2362 τοῦ
1700 2344 1729 2362 τε
1748 2336 1848 2373 Ἐρῤῆ,
1864 2338 1892 2368 ὃς

1099 2375 1134 2413 ἦν
1148 2378 1194 2404 τοῦ
1207 2378 1339 2412 βασιλέως
1366 2380 1526 2406 Βαλδουίνου
1546 2381 1721 2416 κασίγνητος,
1735 2384 1783 2408 καὶ
1797 2383 1891 2417 Μαρί-

1100 2432 1145 2450 νου
1162 2424 1209 2449 τοῦ
1237 2424 1332 2456 δουκὺς
1356 2425 1483 2457 Βενετίας
1495 2435 1501 2442 ·
1518 2427 1532 2452 ὸ
1556 2428 1611 2462 γὰρ
1629 2427 1779 2459 Δάνδου).ος
1790 2428 1823 2455 τὸ
1841 2430 1891 2465 ζῇν

1102 2469 1298 2505 κατέστρεψεν.
1324 2470 1418 2502 Ἔδοξε
1438 2472 1529 2498 τοίνυν
1544 2473 1630 2499 ἅπασι
1659 2475 1758 2509 χωρεῖν
1773 2475 1822 2501 ἐπὶ
1842 2475 1891 2502 πό-

1102 2514 1184 2549 λεμον
1213 2515 1261 2541 καὶ
1285 2515 1334 2551 τὴν
1363 2516 1480 2552 δύναμιν
1504 2517 1582 2552 ἄγειν
1598 2519 1670 2545 κατὰ
1685 2519 1740 2546 τῶν
1760 2521 1891 2556 Θρᾳκίων

1103 2559 1216 2592 πόλεων,
1229 2560 1326 2587 ὁπόσαι
1341 2561 1464 2589 Λατίνων
1475 2563 1649 2599 ἀπέστησαν,
1662 2563 1713 2596 ἕως
1728 2564 1770 2591 ἔτι
1787 2565 1889 2600 Θερμὸς

1100 2606 1154 2632 τῶν
1169 2607 1275 2634 πολλῶν
1292 2609 1305 2634 ὁ
1320 2607 1402 2642 ζῆλος
1420 2609 1468 2635 καὶ
1503 2609 1649 2645 Ῥωμαίων
1672 2610 1801 2647 Ἰωάννης
1819 2613 1888 2639 ἀπο

1101 2652 1246 2685 διίσταται,
1260 2653 1389 2688 πολέμοις
1416 2654 1653 2690 ἑναπειλημμένος
1677 2655 1769 2688 ἄλλοις
1794 2658 1890 2684 κάκεί-

1103 2706 1158 2729 νοις
1172 2698 1220 2733 τὴν
1232 2699 1339 2726 ἃπασαν
1365 2700 1463 2736 σχολὴν
1482 2701 1673 2736 χαριζόμενος.
1699 2701 1813 2736 Ἀμέλει
1845 2703 1891 2728 καὶ

1104 2743 1202 2777 μοῖραν
1225 2743 1272 2770 τοῦ
1293 2745 1364 2771 κατὰ
1390 2746 1460 2779 σφᾶς
1491 2746 1694 2782 στρατεύματος
1726 2749 1890 2784 προεκπέμ-

1102 2788 1213 2822 ψαντες,
1242 2790 1275 2825 ἢν
1292 2791 1392 2826 ροὖταν
1416 2791 1570 2827 ὠνόμαζον,
1598 2794 1653 2820 πᾶν
1669 2794 1699 2820 τὸ
1710 2794 1780 2830 πρὸς
1799 2794 1891 2830 ἰσχύος

1104 2834 1316 2871 άνεπεγκλήτως
1342 2837 1410 2872 δρᾷν
1433 2837 1616 2868 ὲκδεδώκασιν
1630 2840 1660 2867 ἐν
1673 2839 1711 2876 τῷ
1730 2840 1782 2873 τὰς
1798 2840 1892 2871 πόλεις
