1945 3074
72 151 152 184 1009

759 152 861 183 URBS
878 153 994 184 CAPTA
1001 178 1008 185 .

1637 153 1704 188 ιοιο
1739 188 1742 191 λ

67 212 187 239 ἐπιέναι
201 211 250 244 τὰς
264 213 431 246 ἀποστάσας·
441 214 503 241 ὅθεν
519 213 568 240 καὶ
584 210 792 247 προηγούμενον
808 209 864 236 τόδε

922 211 1098 243 infestabant,
1111 216 1136 240 et
1152 212 1275 248 Callipoli
1290 220 1322 241 ac
1335 212 1410 240 Panii
1426 213 1543 248 pessima
1560 217 1587 240 et
1598 219 1613 240 ι
1625 213 1704 240 Cliri-

67 258 106 284 τδ
121 258 268 292 σύνταγμα.
296 259 373 287 οὐδὲν
395 260 450 287 τῶν
475 259 636 295 ἀνηκέστων
667 258 714 284 καὶ
727 256 866 291 ἀθεμίτων

67 304 281 339 ὲκπεριίστατο.
300 305 381 333 Ἀλλὰ
410 306 457 333 καὶ
488 305 625 332 Βενέτικοι
656 305 724 338 νῆας
753 302 865 337 μακρὰς

68 347 298 382 καθελκύσαντες
313 353 353 387 τάξ
365 352 420 386 ἑῷα
438 352 549 387 πάραλα
565 350 609 386 [Ρ.
625 349 692 386 400]
717 349 786 385 μέρη
801 347 865 383 ἐλῄ-

919 256 1071 284 stianorum
1087 258 1220 286 institutis
1232 259 1408 286 abhorrentia
1424 266 1538 293 quaeque
1560 262 1704 293 perpetra-

915 306 991 333 runt,
1004 309 1034 329 ιιι
1051 303 1218 332 calamitates
1227 309 1318 332 essent
1336 305 1512 340 multiplices,
1526 309 1644 338 atroces,
1658 305 1704 332 in-

918 347 1086 375 tolerabiles.

75 401 181 421 στευον
211 397 434 430 πειρατεύοντες,
457 396 495 430 τῷ
512 395 603 428 Πανίῳ
615 402 645 420 τε
659 394 706 420 καὶ
734 394 766 427 τῇ
791 390 956 418 Καλλιπόλει
983 393 1167 427 προσσχόντες
1193 393 1242 420 ὅσα
1260 393 1383 429 χείριστα
1399 393 1446 420 καὶ
1460 392 1515 420 τῶν
1529 393 1705 429 Χριστιανῶν

69 437 148 464 ὲθῶν
163 437 292 473 ἀλλότρια
306 439 498 473 διεπράξαντο.
513 437 604 464 Ἦσαν
618 435 665 464 οὖν
680 437 843 471 πολύμορφα
857 434 891 461 τὰ
907 434 992 466 δεινὰ,
1010 434 1241 470 βαρυαλγέστατα
1257 438 1302 463 καὶ
1327 438 1489 466 ἀνύποιστα.

112 483 159 518 ιβ’.
179 485 274 518 Ἐξιὼν
289 486 378 512 δὲκαὶ
406 485 489 515 αὐτὸς
511 485 620 520 Ἐῥρῆς,
637 484 687 520 τὴν
709 482 867 519 Ἀρκαδιού-

70 530 158 556 πολιν
187 531 225 562 ὼς
234 531 345 566 ἀνέμοις
358 531 438 566 μόνον
449 531 596 565 οἰκήσιμον
610 529 794 564 παραλλάξας,
817 528 867 564 τὴν

69 575 104 602 δὲ
118 576 222 602 εἴσοδον
241 575 288 602 τοῦ
319 576 419 610 Ἀπρω
445 575 623 610 βιασάμενος,
644 575 794 609 ἀνημέρως
808 575 866 605 τοῖς

70 623 135 649 ἐκεῖ
153 623 352 657 προσφέρεται,
379 624 410 650 τὸ
435 623 558 650 ἐνοικοῦν
583 621 677 653 ἐνδοὺς
689 623 729 653 εἰς
746 622 863 656 σφαγὴν,

69 669 112 699 ὡς
133 670 158 695 εί
175 669 303 703 ποίμνιον
317 667 351 704 ἦν
368 669 415 696 καὶ
431 668 571 704 βουκόλων
583 667 641 694 ἀλλ’
653 668 684 694 οὐ
708 667 867 702 Χριστώνυ-

72 724 127 749 μον
150 715 180 741 τὸ
196 715 381 749 κτεινόμενον,
410 716 458 742 καὶ
482 715 527 751 βίᾳ
550 713 650 749 μᾶλλον
672 714 688 746 ἢ
708 713 798 740 πειθοῖ
811 713 866 744 τοῖς
886 721 889 723 ·

71 761 191 795 Βλάχοις
203 761 348 796 ὕποκύψαν
362 762 431 796 μηδὲ
449 756 651 798 προσχωρῆσαι)
675 761 865 796 ἑκουσιότητι.

71 807 176 833 Πολλοὶ
191 807 219 833 δὲ
235 807 282 834 καὶ,
308 804 471 842 σχοινόδετοι
496 807 567 834 κατὰ
593 807 690 842 κώμας
710 806 758 833 καὶ
774 806 866 838 πόλεις

71 854 273 888 περιαγόμενοι
308 853 423 888 ζωγρίαι
436 855 469 881 τὰ
485 854 571 889 λύτρα
602 853 795 889 ἐρανιζὸμενοι
809 853 865 884 τοῖς

956 481 999 509 12.
1020 483 1133 510 Erricus
1149 491 1258 518 quoque
1272 484 1458 520 Arcadiopoli,
1480 490 1509 512 ut
1532 487 1597 514 solis
1614 487 1704 514 ventis

920 527 1074 559 liabitabili,
1101 529 1248 564 prmterita,
1279 537 1328 564 per
1350 530 1404 557 vim
1425 531 1527 565 Aprum
1552 531 1703 567 ingressus,

920 573 994 601 cives
1021 573 1202 602 inclementer
1232 578 1363 603 tractatos
1390 576 1477 603 occidi
1514 577 1599 609 sinit,
1624 577 1703 612 quasi

919 628 985 655 grex
1007 625 1055 648 aut
1081 626 1248 654 armentum,
1267 629 1322 648 non
1343 627 1433 649 autem
1456 622 1617 656 Christiani,
1635 630 1662 651 et
1677 623 1704 650 vi

919 667 1011 701 potius
1032 666 1139 694 subacti
1160 675 1241 702 quam
1265 675 1315 695 sua
1341 674 1440 703 sponte
1464 668 1566 696 addicti
1595 669 1705 697 Blachis

920 711 1136 739 trucidarentur.
1152 712 1228 739 Multi
1241 713 1323 740 etiam
1335 713 1419 740 vincti
1434 713 1540 749 laqueis
1558 722 1606 749 per
1621 715 1701 748 821

919 758 1003 785 nrbes
1020 761 1046 785 et
1064 766 1146 793 pagos
1162 759 1453 792 circumducebantur,
1476 765 1505 787 ut
1529 761 1702 788 emendicata

919 804 1036 839 pecunia
1052 812 1081 831 se
1100 813 1114 832 a
1130 805 1283 832 victoribus
1300 805 1477 834 redimerem.
1495 805 1524 832 ln
1539 814 1571 832 ea
1585 805 1704 833 circum-

919 849 1049 877 ductione
1065 850 1087 877 si
1102 851 1150 885 qui
1165 855 1213 878 aut
1239 851 1344 878 morbis
1367 851 1493 886 oppressi
1513 856 1560 877 aut
1575 851 1624 878 via:
1641 852 1703 879 lon-

75 898 256 934 συνειληφόσι
272 899 464 926 κατετίθεσαν.
493 901 524 926 Οἱ
539 901 560 926 δ’
582 900 610 926 ὲν
626 900 686 930 ταῖς
704 899 864 933 ἀπαγωγαίς

918 895 1043 930 gitudine
1066 895 1171 930 fatigati
1188 896 1363 928 deﬁciebant,
1390 897 1480 924 laxato
1505 896 1568 923 colli
1592 896 1704 923 vinculo

71 943 191 974 ταύταις
206 943 358 979 ἢνοσηλειᾳ
373 943 499 978 σώματος
519 943 776 979 προσπαλαίσαντες
796 943 812 979 ᾖ
827 943 866 978 τῷ

72 988 125 1024 τῆς
137 988 291 1025 ὁδοιπορίας
304 989 386 1024 μήκει
407 989 606 1021 ἔκτονωθέντες
628 990 677 1024 τῆς
691 989 865 1024 τραχηλοκά-

73 1042 129 1068 κης
158 1034 297 1069 ἀνιέμενοι
321 1034 455 1069 οὐμενοῦν
484 1035 522 1067 ὡς
545 1035 689 1070 ὀμόπιστοι
725 1034 867 1069 φθινύθειν

73 1079 174 1105 είῶντο
205 1080 253 1106 καὶ
279 1079 556 1116 παρακατατίθεσθαι
579 1080 655 1115 μόρῳ
685 1079 792 1115 φυσικῷ
817 1079 867 1114 τὴν

73 1124 179 1158 ψνχὴν,
201 1125 260 1151 ἀλλ’
292 1125 558 1160 ὰπεδειροτομοῦντο
585 1125 703 1160 ξίφεσιν,
730 1125 786 1151 εἴτε
813 1125 867 1160 μὴν

76 1173 153 1199 κατὰ
170 1173 333 1208 σπλάγχνων
348 1173 461 1208 βαθεῖαν
490 1173 614 1208 ἐδέχοντο
627 1173 677 1207 τὴν
692 1172 810 1208 πληγήν.
837 1171 867 1199 Ὀ

76 1219 103 1246 δ’
133 1220 233 1255 Ἐρρἦς
262 1220 311 1256 τὴν
333 1221 495 1256 Ὀρεστιάδα
519 1220 684 1247 καταλαὸὼν
711 1228 865 1255 στρατοπεα

76 1265 185 1292 δεύεται
195 1266 260 1302 περὶ
281 1266 382 1301 αὐτὴν,
398 1266 511 1301 χάρακά
524 1274 555 1292 τε
575 1265 664 1300 βαλὼν
679 1266 725 1292 καὶ
756 1266 866 1301 βαθεῖαν

76 1312 182 1345 τάφρον
194 1313 344 1347 ὁρωρυχὼς
364 1313 478 1348 (ταύτην
494 1312 548 1347 γὰρ
567 1312 616 1346 τὴν
632 1313 708 1338 πόλιν
721 1311 867 1346 ἀγώνισμα

77 1357 128 1383 καὶ
160 1355 240 1384 ἆθλον
271 1359 317 1384 καὶ
335 1358 522 1394 συμπέρασμα
538 1358 592 1384 τῶν
611 1358 700 1384 πόνων
715 1358 739 1384 οἱ
756 1358 865 1385 Λατῖνοι

77 1401 176 1437 ᾤοντο)
195 1403 232 1437 μὴ
249 1403 282 1430 ἂν
296 1404 401 1439 ἑτέρως
427 1404 533 1431 ἐκεῖθεν
555 1404 742 1437 ἀπονοστῆσαι
763 1405 821 1435 τοῖς
837 1404 866 1429 ἐν

76 1449 112 1483 τῇ
130 1448 207 1475 πόλει
221 1449 392 1484 διήγγελλεν,
409 1451 433 1476 εἰ
446 1449 509 1485 μήτ’
527 1450 606 1476 αὐτοὶ
620 1449 753 1484 ξυμσαϊεν
768 1450 866 1484 ὁμολο-

76 1494 179 1528 γίαιςῆ
196 1495 261 1528 γοῦν
276 1495 350 1530 νόμῳ
368 1495 490 1530 πολεμίῳ
518 1496 588 1529 σφᾶς
617 1495 698 1527 αὐτὸς
723 1496 867 1531 παραστή-

77 1548 166 1567 σαιτο.
185 1541 217 1566 Ol
237 1541 266 1567 δὲ
282 1541 329 1567 καὶ
349 1541 420 1577 πρὸς
450 1541 534 1576 μόνην
558 1540 675 1576 τὴντῶν
700 1541 864 1576 συμϐάσεων

77 1585 207 1619 ὲνήχησιν
226 1585 444 1616 ἀποκναίσοιντες
457 1585 495 1620 μὴ
516 1584 664 1617 Ῥωμαίοις
676 1585 708 1611 ὲκ
722 1585 799 1611 τοῦδε
816 1585 864 1612 καὶ

77 1629 206 1659 Λατίνοις
224 1629 318 1663 ἔλεγον
333 1627 403 1656 εἴναι
419 1630 502 1664 ὅρκια
517 1630 611 1662 πιστὰ,
626 1630 719 1665 ἐπειδὴ
736 1630 865 1663 καθάπαξ

76 1673 189 1700 Λατῖνοι
205 1673 237 1699 τὰ
253 1673 301 1707 μὶν
314 1675 341 1705 ὲς
357 1673 449 1700 πίστιν
464 1674 599 1707 ἀΰέὸαιοι,
623 1677 680 1707 τοῖς
693 1676 720 1701 δὲ
736 1684 863 1711 προσχω-

78 1719 157 1754 ροῦσι
182 1719 349 1754 θηριώδεις,
380 1721 437 1751 τοῖς
474 1720 503 1747 δὲ
530 1722 642 1756 πολέμῳ
676 1723 865 1757 χειρουμένοις

77 1766 274 1800 ἀνηλεέστατοι
297 1766 374 1801 παρὰ
392 1766 540 1801 Ῥωμαίοις
563 1768 749 1803 ἐγνώσθησαν.
773 1769 866 1796 Ταῦτα

77 1811 233 1846 πυθόμενος
253 1812 353 1848 Ἐῤῥῆς
367 1813 435 1848 πρὸς
449 1813 540 1848 ἔργοις
556 1813 671 1847 γίνεται.
687 1816 799 1847 Δισσαῖς
815 1815 865 1850 μὲν

76 1856 125 1883 οὖν
152 1858 266 1892 τάφροις
287 1858 418 1892 ὀρυκταϊς
456 1858 683 1894 περιεζωσμένην
706 1859 754 1894 τὴν
785 1861 862 1886 πόλιν

78 1900 201 1935 εὐρείαις
216 1908 245 1926 τε
272 1901 319 1927 καὶ
343 1900 468 1935 βαθείαις
487 1897 600 1935 εὕρατο,
614 1903 677 1933 τοὺς
690 1902 719 1930 δὲ
742 1901 865 1938 πύργους

78 1946 129 1980 τῆς
140 1946 244 1976 πόλεως
258 1946 304 1972 ἐπὶ
331 1947 384 1973 τῶν
402 1945 494 1981 ἄκρων
506 1946 669 1981 δεξαμένους
686 1948 717 1974 ὲκ
744 1947 865 1974 δονάκων

80 1991 212 2025 πήγματα
226 1991 255 2021 ἐς
275 1990 341 2017 πολὺ
356 1991 403 2017 τοῦ
429 1991 508 2025 ἀέρος
522 1991 711 2024 ἀναϐαίνοντα,
729 1992 775 2019 καὶ
794 2000 863 2027 προ-

79 2036 245 2070 καλύμματα
258 2036 366 2070 έχοντας
381 2036 413 2063 ὲκ
428 2035 563 2071 διφθερῶν
578 2045 607 2063 τε
624 2037 670 2063 καὶ
686 2037 815 2073 δέῥρεων,
828 2037 866 2067 ὡς

81 2081 148 2115 μήτε
162 2081 357 2115 πυριφλέκτοις
387 2081 525 2115 βάλλοιντο
556 2080 647 2116 βέλεσι
664 2083 710 2110 καὶ
733 2080 789 2109 εἷεν
807 2083 865 2117 ἅμα

79 2127 120 2157 εις
136 2125 271 2162 προὸολὴν
287 2128 342 2158 τοῖς
356 2127 409 2153 ἀπὸ
433 2127 536 2154 τούτων
551 2128 686 2163 μάχεσθαι
705 2128 862 2162 μέλλουσιν.

87 2172 166 2199 Ἀλλὰ
189 2173 236 2198 καὶ
252 2172 305 2198 τῶν
322 2173 434 2204 ξυλίνων
448 2173 551 2200 ἄνωθεν
564 2173 678 2208 πύργων
705 2175 774 2200 ἱστοὶ
799 2183 865 2201 κατ-

917 948 971 968 non
990 946 1021 968 ut
1034 941 1184 970 Christiani
1201 943 1343 977 exspirare
1362 941 1524 969 sinebantur
1545 946 1573 970 et
1586 941 1703 969 naturali

917 991 1004 1014 morte
1019 986 1110 1019 obire,
1124 987 1172 1014 sed
1190 988 1289 1023 gladiis
1313 988 1552 1015 oblruncabantur
1572 992 1619 1014 aut
1636 995 1703 1014 con-

917 1031 1102 1059 fodiebantur.
1119 1033 1231 1061 Erricus
1254 1041 1331 1066 vero,
1349 1034 1445 1060 castris
1469 1033 1502 1059 ad
1531 1032 1701 1060 Orestiadem

917 1080 1027 1115 positis,
1053 1079 1221 1117 profundum
1240 1079 1341 1106 vallum
1367 1079 1529 1106 communit.
1543 1079 1611 1106 Nam
1641 1085 1703 1105 eam

917 1125 1015 1153 urbem
1031 1126 1144 1152 unicum
1160 1131 1312 1158 certamen,
1329 1125 1471 1160 prazmium
1485 1130 1513 1153 et
1530 1125 1610 1153 ﬁnem
1626 1125 1704 1153 labo-

917 1178 978 1198 rum
988 1170 1163 1202 arbitrantes,
1177 1170 1298 1198 obsessis
1312 1171 1515 1198 dcnuntiabant
1529 1179 1559 1198 se
1571 1171 1634 1199 inde
1647 1179 1703 1200 non

917 1223 1076 1243 recessuros
1084 1215 1137 1242 nisi
1146 1222 1178 1242 ea
1188 1215 1231 1242 vel
1243 1221 1339 1248 sponte
1348 1215 1440 1243 dedita
1450 1216 1492 1243 vel
1502 1217 1527 1243 vi
1537 1221 1702 1252 expugnata.

917 1260 950 1287 Hi
967 1268 1033 1289 vero
1048 1260 1081 1287 ad
1098 1260 1183 1288 solam
1199 1259 1348 1287 deditionis
1364 1260 1531 1287 mentionem
1544 1260 1702 1289 exacerbati

917 1305 1120 1340 responderunt
1134 1305 1240 1332 nullum
1257 1305 1285 1332 in
1301 1309 1440 1340 posterum
1459 1304 1548 1332 foedus
1563 1305 1634 1333 inter
1649 1305 1702 1333 lio-

916 1359 1012 1378 manos
1020 1355 1048 1379 et
1060 1351 1172 1379 Latinos
1182 1358 1261 1386 posse
1273 1351 1455 1384 intercedere,
1469 1351 1541 1386 quod
1556 1356 1584 1380 et
1596 1352 1647 1379 fide
1660 1352 1702 1378 lu-

916 1396 992 1424 brica
1008 1401 1037 1424 et
1053 1397 1081 1424 in
1095 1397 1235 1424 dedititios
1253 1397 1375 1424 belluina
1392 1397 1574 1430 immanitate,
1588 1397 1615 1424 in
1628 1397 1701 1425 bello

916 1443 1047 1470 subactos
1060 1443 1156 1478 majori
1173 1443 1257 1470 etiam
1282 1443 1445 1471 crudelitate
1469 1448 1627 1470 uterentur.
1653 1444 1701 1471 ilis

917 1488 1029 1522 auditis,
1042 1488 1155 1515 Erricus
1174 1488 1306 1522 operibus
1329 1489 1451 1516 intentus
1477 1489 1571 1516 urbem
1594 1488 1702 1516 duabus

917 1534 979 1562 latis
988 1539 1017 1561 et
1032 1533 1175 1568 profundis
1188 1533 1270 1561 fossis
1284 1534 1481 1561 circumdatam
1497 1534 1614 1565 invenit,
1626 1534 1702 1561 urbis

917 1587 983 1608 vero
1001 1580 1126 1607 turribus
1143 1584 1267 1614 pegmata
1283 1580 1415 1607 altissima
1438 1580 1554 1616 adjecta,
1569 1588 1628 1615 qua:
1645 1580 1702 1616 pel-

916 1625 988 1652 libus
1004 1629 1032 1652 ct
1058 1625 1177 1652 taurinis
1201 1625 1358 1659 tergoribus
1381 1630 1478 1652 contra
1498 1626 1590 1660 ignem
1614 1631 1642 1653 et
1668 1627 1701 1653 ad

916 1674 1134 1706 propugnatores
1157 1670 1345 1698 defendendos
1370 1671 1583 1705 obtegebautur.
1612 1671 1702 1706 Supra

915 1723 962 1744 eas
993 1717 1098 1751 ligneas
1125 1720 1216 1743 turres
1247 1716 1311 1743 mali
1339 1715 1537 1750 defigebantur,
1561 1717 1642 1752 822
1673 1717 1701 1744 in

915 1762 1015 1798 quibus
1030 1770 1061 1789 ea
1075 1766 1155 1789 erant
1164 1769 1225 1797 quae
1240 1762 1375 1788 ﬂammam
1388 1762 1532 1788 maximam
1551 1762 1698 1790 incendere

915 1813 943 1836 et
957 1809 1010 1835 late
1028 1815 1156 1842 spargere
1173 1807 1272 1834 solent.
1286 1807 1394 1834 Alicubi
1410 1807 1436 1834 in
1454 1808 1494 1835 eis
1509 1808 1592 1835 etiam
1609 1807 1701 1835 fabre-

916 1853 987 1881 facta
1017 1853 1181 1880 bellatorum
1212 1852 1307 1880 sedilia
1338 1853 1514 1886 visebantur,
1545 1854 1700 1889 eujusmodi

915 1906 1013 1926 eorum
1029 1902 1093 1926 sunt
1106 1898 1153 1933 qui
1168 1906 1200 1925 cx
1218 1898 1346 1926 tabulatis
1362 1898 1477 1925 fundum
1494 1899 1579 1926 maris
1602 1900 1699 1934 explo-

917 1948 977 1972 rant
998 1949 1026 1972 ct
1043 1943 1132 1979 pisces
1147 1948 1267 1978 captant.
1288 1943 1317 1970 ln
1344 1944 1483 1978 aliquibus
1506 1952 1570 1971 saxa
1595 1945 1700 1972 catenis

917 1997 1047 2024 suspensa
1063 1989 1192 2025 gravibus
1206 1994 1233 2016 et
1248 1989 1462 2016 demittebantur
1473 1993 1501 2016 et
1512 1998 1608 2017 rursus
1620 1991 1700 2017 attol-

915 2037 1052 2067 lebanlur.
1066 2040 1093 2063 et
1109 2040 1192 2070 prout
1211 2043 1256 2062 res
1270 2036 1435 2068 postulabat,
1451 2035 1697 2064 transfereliantur.

915 2083 1051 2110 Praeterea
1068 2081 1276 2116 quatuordecim
1296 2085 1432 2108 tormenta
1448 2081 1474 2108 in
1491 2081 1615 2109 turribus
1631 2089 1698 2109 con-

916 2127 1114 2163 spiciebantur.
1134 2127 1223 2160 Quare
1238 2127 1333 2154 Errico
1351 2132 1378 2154 et
1402 2127 1534 2154 exercitui
1552 2128 1640 2155 visum
1657 2133 1699 2155 est

917 2175 1036 2210 priorem
1055 2173 1156 2200 fossam
1178 2173 1203 2200 vi
1219 2179 1365 2207 occupare,
1390 2171 1564 2207 secundaque
1593 2173 1699 2207 expleta

82 2219 234 2253 επάγησαν,
253 2219 359 2253 ἔχοντες
374 2216 418 2245 οἷα
434 2220 482 2245 καὶ
507 2220 556 2246 ὅσα
586 2220 750 2255 ἐπιχυθέντα
766 2221 864 2256 ἐξάψαι

918 2219 1059 2246 machinas
1078 2218 1163 2245 muris
1177 2218 1333 2245 admovere.
1353 2219 1391 2245 Ae
1407 2218 1491 2245 altera
1506 2218 1587 2250 fossa,
1607 2219 1699 2253 priore

81 2271 110 2289 τε
135 2263 222 2297 φλόγα
241 2264 289 2290 καὶ
315 2265 355 2294 είς
390 2264 462 2300 μέγα
491 2266 713 2301 προκαλέσασθαι
730 2267 861 2301 πέφυκεν.

88 2307 210 2342 Ἐνιαχοῦ
250 2308 278 2334 δὲ
320 2310 367 2335 καὶ
401 2309 446 2335 ἐπ’
475 2310 563 2337 αὐτῶν
594 2313 790 2346 προυφαίνοντο
822 2321 864 2339 τε-

83 2355 192 2382 nov-ad
223 2356 393 2391 πολεμιστῶν
421 2356 525 2391 ἀνδρῶν
548 2358 752 2392 ἀναπαύματα,
780 2360 862 2387 ὁποῖα

83 2401 229 2427 εἱσανίαοιν
255 2402 280 2428 οἱ
307 2403 353 2429 ἐπὶ
366 2402 420 2429 τῶν
449 2403 544 2439 ἰκρίων
575 2405 620 2430 τὸν
643 2403 721 2438 βυθὸν
750 2405 862 2440 διορῶν-

82 2453 127 2476 τες
155 2447 202 2472 καὶ
229 2446 263 2472 τὰ
291 2446 356 2482 ἔθνη
382 2446 437 2474 τῶν
468 2447 589 2474 νεπόδων
615 2448 854 2481 ὲπισκοπεύοντες.

89 2490 146 2518 Ἐπί
159 2500 241 2518 τινων
258 2492 286 2518 δὲ
309 2492 357 2518 καὶ
372 2492 465 2524 λίθους
478 2491 511 2519 δι’
528 2493 648 2521 ἁλύσεων
679 2494 860 2529 ἠρτημένους,

84 2535 302 2570 ἔπιχαλωμένους
330 2536 373 2563 διὰ
396 2537 524 2572 μηχανῶν
549 2537 595 2564 καὶ
626 2535 659 2564 αὖ
692 2537 773 2565 πάλιν
796 2538 861 2565 ἀνα-

85 2582 252 2616 φερομένους
284 2582 410 2617 καὶπρὸς
422 2583 472 2614 τὰς
501 2583 597 2618 χρείας
610 2583 664 2610 τῶν
686 2584 789 2619 καιρῶν
814 2593 862 2618 με-

83 2626 255 2660 ταγομένους.
279 2627 342 2654 Ἐπὶ
355 2627 383 2654 δὲ
397 2627 445 2655 καὶ
474 2629 593 2665 τέσσαρα
617 2629 686 2664 πρὸς
712 2631 768 2662 τοῖς
795 2630 862 2657 δέκα

84 2670 234 2705 πετροίόλα
264 2670 368 2706 ὃργανα
406 2673 453 2698 ἐπὶ
483 2672 538 2700 τῶν
567 2673 680 2708 πύργων
714 2674 857 2709 ἱστάμενα.

86 2713 191 2746 Ἐδοξεν
205 2713 251 2742 οὖν
274 2715 358 2751 Ἐρῤῇ
373 2725 403 2742 τε
423 2717 470 2742 καὶ
483 2716 522 2751 τῷ
538 2717 723 2753 στρατεύματι
739 2719 787 2754 τῆς
812 2719 862 2753 μὲν

85 2759 135 2792 ἔξω
153 2762 257 2796 τάφρου
286 2762 396 2797 πολέμῳ
419 2762 565 2797 κρατῆσαι,
595 2764 747 2799 χωσθείσης
767 2765 795 2792 δὲ
812 2765 863 2800 τῆς

84 2806 210 2841 δευτέρας
226 2808 374 2843 προσάγειν
385 2808 457 2835 οὕτω
465 2809 513 2840 τὰς
530 2809 654 2844 μηχανὰς
670 2811 725 2842 τοῖς
748 2811 861 2845 τείχεσι.

86 2851 210 2888 Hmagni;
224 2851 297 2887 οὖνὴ
313 2853 410 2889 ἐφεξῆς
423 2854 527 2889 τάφρος
546 2855 613 2890 μετὰ
625 2855 673 2890 τὴν
681 2857 729 2891 τῆς
742 2856 784 2891 [Ρ.
799 2857 862 2892 8011

915 2270 994 2301 capta
1010 2265 1153 2292 dillieulter
1167 2264 1338 2298 explebatur,
1352 2268 1380 2291 et
1395 2264 1484 2299 capita
1505 2269 1532 2292 et
1552 2265 1641 2292 trunci
1654 2272 1699 2291 ca-

915 2313 1047 2340 daverum
1064 2318 1161 2338 eorum
1174 2309 1220 2344 qui
1234 2309 1362 2344 utrinque
1377 2309 1521 2343 cadebant,
1536 2310 1627 2337 liiatus
1638 2310 1699 2345 ejus

915 2357 1010 2385 multis
1025 2356 1053 2384 in
1073 2356 1142 2383 locis
1159 2355 1315 2390 explebant.
1339 2355 1396 2388 Qua
1424 2356 1534 2383 tandem
1559 2364 1613 2383 non
1638 2356 1697 2383 sine

915 2403 1047 2438 sanguine
1075 2401 1244 2436 complanata
1275 2401 1363 2429 scalas
1387 2402 1501 2429 turritas
1527 2402 1561 2429 ad
1595 2402 1696 2430 muenia

916 2449 1073 2481 adducunt;
1088 2455 1204 2482 quarum
1215 2447 1299 2474 altera
1312 2447 1339 2474 in
1353 2447 1425 2474 fossa
1439 2448 1548 2474 detenta
1565 2447 1600 2474 ob
1615 2454 1697 2482 agge-

916 2502 974 2522 rem
990 2501 1086 2521 recens
1108 2497 1278 2528 congestum,
1298 2500 1416 2520 vacuum
1434 2493 1533 2520 alicubi
1551 2497 1580 2520 et
1604 2499 1696 2519 rarum

915 2541 1016 2571 adhuc.
1033 2539 1173 2571 subsedit;
1191 2539 1277 2566 altera
1293 2544 1368 2566 recta
1381 2539 1413 2565 ad
1428 2546 1536 2566 murum
1551 2539 1695 2572 producta.

913 2587 1073 2621 priusquam
1107 2585 1251 2612 diabathra
1285 2585 1479 2620 conjiceretur,
1510 2584 1583 2610 saxis
1612 2583 1694 2618 823

914 2635 1112 2658 tormentorum
1128 2631 1243 2657 contrita
1265 2634 1306 2657 est
1322 2634 1349 2656 et
1366 2629 1434 2656 facta
1455 2629 1569 2661 inutilis,
1590 2629 1617 2655 in
1641 2636 1695 2662 qua

914 2676 960 2710 qui
984 2675 1151 2711 pugnabant,
1171 2675 1281 2709 plurimi
1303 2674 1374 2701 male
1397 2677 1460 2700 sunt
1484 2673 1601 2707 accepti.
1624 2673 1695 2701 Tum

913 2722 993 2749 Petro
1007 2721 1128 2754 Plancio,
1139 2722 1198 2748 viro
1212 2720 1403 2748 robustissimo
1415 2723 1443 2746 et
1454 2719 1488 2746 ob
1505 2718 1695 2746 fortitudinem

914 2766 1103 2799 celeberrimo,
1115 2767 1192 2794 calva
1205 2770 1246 2793 est
1259 2772 1323 2792 saxo
1336 2765 1484 2792 confracta.
1498 2763 1591 2800 itaque
1604 2772 1637 2792 eo
1650 2765 1696 2792 die

914 2816 1028 2839 conatus
1046 2811 1207 2839 Latinorum
1221 2810 1292 2837 irriti
1311 2809 1432 2837 fuerunt.
1456 2810 1589 2837 Postridie
1605 2814 1694 2838 turre;

914 2858 1005 2886 denuo
1016 2858 1153 2886 mmnibus
1162 2857 1213 2885 alia
1223 2862 1298 2892 parte
1309 2856 1385 2884 urbis
1394 2856 1583 2889 admoventur,
1592 2863 1692 2891 easque
