1954 3072
107 157 176 189 1013
797 156 892 187 URBS

944 155 1046 186 ΑΡΤᾹ.
1320 156 1322 158 ’
1659 159 1728 190 10H

105 213 240 247 γίνονται.
259 212 312 239 Καὶ
336 211 368 246 δὴ
384 211 434 247 τὴν
456 211 618 247 ὀρεστιάδα
649 212 814 246 παρεικότες
831 212 869 244 ὡς
884 213 914 245 ἐξ
930 209 967 239 ὦν
986 211 1086 238 ἔπαθον
1114 212 1163 246 οὐχ
1192 211 1330 246 ἁλώσιμόν
1356 221 1432 246 σφισι
1445 211 1571 245 δόξασαν,
1588 212 1674 247 ἔγνων
1688 214 1725 248 τῷ

106 256 290 291 Διδυμοτοίχῳ
316 256 493 290 προσϐαλεῖν.
530 256 639 283 Οὐκοῦν
664 257 712 283 καὶ
726 257 793 292 παρ’
807 256 882 291 αύτῷ
898 254 1196 289 στρατοπεδευσάμενοι
1210 255 1366 289 πολιορκεῖν
1386 255 1426 286 είς
1446 255 1533 282 νέωτα
1546 255 1577 281 τὸ
1599 256 1727 291 φρούριον

105 299 300 334 διηρῤἐνωντο,
316 299 362 326 καὶ
375 300 409 327 τὰ
420 301 597 335 τειχομαχεία
626 300 788 334 προσάγειν,
803 299 841 331 ὡς
858 299 891 326 ἂν
905 298 1044 331 ἐξέλωσιν,
1061 297 1249 332 ἡτοιμάζοντο.
1270 298 1340 324 Ἀλλ’
1353 298 1430 326 οὒπω
1446 298 1491 324 ἐπὶ
1502 299 1540 332 τῷ
1557 299 1727 334 παροξυσμῴ

105 343 194 377 τούτῳ
204 343 258 370 τῶν
270 344 393 370 Λατίνων
408 343 452 371 ἐδυ
470 345 484 370 ὁ
498 344 586 378 ἥλιος,
601 344 649 371 καὶ
664 343 817 378 πληροῦται
831 343 921 377 νεφῶν
935 342 949 368 ὁ
965 341 1029 377 ἀὴρ,
1044 341 1092 368 καὶ
1124 341 1257 375 ῥαγδαίας
1283 342 1384 377 βροχῆς
1409 342 1502 369 Θεόθεν
1530 343 1727 378 ἀφορισθείσης

107 388 138 412 ὲν
155 388 212 419 τοῖς
227 387 326 414 ἀνόπιν
358 388 406 414 τοῦ
422 389 614 423 Διδυμοτοίχου
632 388 744 422 μέρεσιν
758 387 772 413 ό
788 387 827 421 τῷ
854 386 977 421 φρουρίῳ
1006 387 1174 421 παραρρέων
1185 386 1285 421 Ἐὖρος
1310 388 1475 420 διευρυνοεὶς
1490 387 1561 421 ὐετῷ
1575 389 1620 415 καὶ
1641 389 1728 422 μέγας

106 433 139 458 ἐκ
152 432 251 466 μικροῦ
269 432 316 459 τοῦ
330 434 392 459 τότε
410 434 505 467 φανεὶς
518 433 568 464 τὰς
579 433 709 464 πεδιάδας
723 431 857 465 ἐξυδατοῖ,
875 431 923 457 καὶ
940 430 979 464 τῷ
1005 430 1183 465 στρατοπέδῳ
1197 430 1251 457 τῶν
1267 431 1393 458 Λατίνων
1425 432 1590 464 ἐξαπιναίως
1615 432 1729 458 ἐπικλυ-

107 476 182 508 σθεὶς
209 469 279 502 ὅπλα
305 477 460 511 παρασύρει
490 477 538 504 καὶ
564 476 702 511 μηχανὰς,
740 476 842 506 ἵππους
855 474 959 507 ἀπάγει
975 473 1155 507 πολεμιστὰς,
1171 473 1273 508 ἄνδρας
1288 474 1504 509 διανηχομένους
1519 475 1565 501 τὸν
1584 475 1728 509 Ἀχέροντα

105 519 263 546 δείκνυσιν·
279 520 304 546 εί
329 520 352 546 δ’
367 521 418 547 οὐκ
441 518 475 554 ἦν
489 520 563 547 ἐσέτι
588 519 761 554 φαυσιϐολῶν
773 518 861 553 ἥλιος,
880 517 948 544 ἀλλὰ
960 517 991 543 τὸ
1005 517 1092 543 δεινὸν
1107 517 1204 548 νυκτὸς
1229 518 1387 551 ἐπεγένετο,
1400 519 1430 545 τὸ
1446 519 1537 546 πλεῖον
1552 520 1585 546 ἂν
1605 520 1730 546 ἀπώλετο

107 563 156 589 τοῦ
174 563 394 598 στρατεύματος.
411 564 456 598 Τῷ
468 564 491 590 δ’
509 563 622 598 ἐξαισίῳ
647 562 693 590 τοῦ
727 562 890 597 πράγματος
910 560 1133 594 καταπλαγέντες
1160 561 1255 587 ὀπόσοι
1272 561 1325 588 τῶν
1345 561 1469 588 Λατίνων
1483 563 1512 593 ἐς
1529 563 1592 589 νοῦν
1611 563 1730 590 ἔθαπτον

107 607 169 641 μηδ’
185 607 307 641 αἱμάτων
323 607 420 641 ἄνδρες
438 608 466 639 ἐς
479 608 509 634 τὸ
523 607 655 638 παντελὲς
668 606 820 641 ἐτύγχανον
833 604 920 636 ὄντες,
952 604 1164 638 μεταναστεύειν
1180 604 1286 631 ἐκεῖθεν
1301 604 1406 632 εἴλοντο
1422 607 1468 632 καὶ
1483 608 1538 638 τοῖς
1552 607 1645 638 ἄλλοις
1658 607 1730 633 οὕτω

107 650 198 676 ποιεῖν
213 650 357 677 ὑπέθεντο.
385 650 465 677 Ἀλλὰ
481 651 530 677 καὶ
547 651 577 677 τὸ
592 650 685 677 λοιπὸν
697 650 746 684 τῆς
761 648 892 683 στρατιᾶς
915 647 955 679 εἰς
971 646 1064 680 θαῦμα
1080 648 1110 674 τὸ
1123 648 1234 682 γεγονδς
1248 649 1356 684 θέμενοι
1369 651 1473 685 ταχέως
1499 650 1601 684 ἐξῆραν
1612 652 1729 679 ἐκεῖθεν.

107 692 164 718 Καὶ
182 693 206 719 οί
226 694 274 728 μὲν
289 694 337 720 σὺν
349 694 423 729 αὐτῷ
437 695 476 729 τῷ
499 695 581 730 Ἐρρῆ
608 694 658 729 τὴν
688 691 898 720 Κωνσταντίνου
931 690 1091 723 κατέλαϐον,
1119 693 1144 718 οἱ
1164 693 1254 725 δὲτὰς
1272 694 1364 726 πόλεις
1378 695 1509 730 φρουρεῖν
1535 695 1730 730 ἐπετράπησαν

106 736 206 763 ὁπόσαι
217 738 344 773 χερσαῖαί
358 746 387 764 τε
401 738 449 764 καὶ
477 738 603 773 ἀγχίαλοι
627 737 754 768 Λατίνοις
771 737 920 770 ὑπήκουον.

145 783 190 818 ιγ’.
208 785 279 820 Πλὴν
301 785 356 812 οὐδ’
373 786 461 818 οὕτως
490 786 635 821 ἠρέμησαν
660 786 694 812 τὰ
719 783 805 815 δεινὰ,
828 783 890 809 οὒτε

980 784 1022 811 l5.
1035 784 1135 812 Verum
1149 792 1184 813 ne
1200 786 1239 813 sic
1253 785 1363 821 quidem
1374 787 1443 813 mala
1454 785 1676 821 quieveruutaut
1689 792 1732 811 res

108 829 164 865 μὴν
176 830 273 864 βελτίω
290 832 366 866 παρὰ
382 831 462 858 τοῦτο
483 831 633 867 Ῥωμαίοις
647 831 734 866 ἐφάνη
746 831 780 856 τὰ
800 830 890 864 πράγ-

108 885 192 910 ματα.
211 877 249 902 Ἤ
261 885 291 903 τε
308 877 362 911 γὰρ
378 878 501 904 Λατίνων
520 877 656 912 ὑπεροψία
671 877 718 904 καὶ
734 876 802 910 πρὸς
823 876 891 902 Ῥω·

108 921 207 956 μαίους
223 921 325 956 ὑποψία
343 923 388 948 καὶ
401 923 431 949 τδ
456 923 501 949 τοῦ
519 923 694 958 φρονήματος
711 922 893 956 ἁκαθαίρετον

105 967 157 1001 τῆς
171 967 267 1002 πρώην
285 968 441 1003 προθέσεως
454 969 553 1004 εἴχετο,
571 970 618 995 καὶ
633 968 650 995 ἃ.
666 969 734 1004 δρᾷ-ι
757 969 807 995 οὐκ
820 966 894 1003 εἶχον

106 1013 169 1044 τοὺς
181 1014 353 1047 ἀποστάντας
379 1015 426 1042 καὶ
455 1016 516 1042 καθ’
528 1013 566 1042 ὧν
583 1015 714 1046 πολλάκις
728 1016 777 1046 τὰς
794 1015 892 1050 λόγχας

106 1059 253 1096 ἠκόνησαν,
273 1062 358 1088 ταῦτα
375 1064 432 1094 τοῖς
458 1063 510 1089 ὑπὸ
531 1064 609 1098 χεῖρα
629 1063 669 1089 ἐτι
686 1063 829 1097 ἐπέφερον,
846 1062 893 1088 καὶ

106 1105 168 1131 κατ’
185 1105 275 1132 αὐτῶν
290 1107 478 1143 τοὺςιόδὸντας
489 1108 614 1143 ἔϐρυχον.
631 1108 687 1136 Καὶ
712 1109 727 1143 ἡ
742 1109 796 1135 τῶν
825 1108 894 1143 πρὸς

106 1151 145 1177 ιω
165 1151 307 1186 Ῥωμαίων
320 1154 382 1188 περὶ
397 1153 428 1180 τὸ
447 1155 541 1186 κακῶς
564 1155 668 1190 πάσχον
688 1155 892 1190 ὀμογενέςιὰνε-

107 1197 258 1233 πίστροφος
290 1200 388 1235 γνώμη
414 1201 462 1227 καὶ
493 1201 509 1236 ή
528 1201 661 1237 παντελὴς
679 1201 829 1237 παρόρασις
846 1201 894 1227 καὶ

107 1244 233 1278 ἐπίλησις
261 1246 386 1280 ἀφόρητα
407 1247 536 1274 ἔϐαλλεν
569 1247 632 1274 οὔτε
650 1248 704 1283 γὰρ
719 1248 855 1283 χρήμασιν
875 1247 892 1282 ἢ

107 1290 297 1325 στρατεύμασι
313 1291 368 1318 τῶν
387 1292 504 1319 δυτικῶν
520 1293 756 1328 ἁντελαμὸάνοντο
776 1294 891 1321 πόλεων.

114 1335 184 1361 Ἀλλ’
194 1336 219 1362 at
236 1337 284 1370 μὲν
297 1337 405 1364 Λατῖνοι
416 1338 465 1372 τῆς
481 1338 574 1369 Ἀσίας
597 1339 829 1374 ἀναχωρήσαντες
844 1339 893 1374 τὴν

106 1379 218 1414 Θρᾴκην
250 1381 376 1412 ἔκοπτον,
404 1382 489 1417 μόνην
514 1384 750 1418 ἀναρριπτοῦσαντ
764 1384 808 1411 τὸν
822 1385 893 1419 ὑπὲρ

107 1426 266 1462 ἐλευθερίας
281 1429 425 1463 Ῥωμαίων
438 1429 559 1455 κίνδυνον
570 1438 577 1445 ·
591 1430 615 1456 οί
628 1430 655 1456 δὲ
668 1431 798 1466 ἡμέτεροι
810 1439 894 1466 στρα-

106 1473 186 1505 τηγοὶ
204 1472 250 1499 τοῦ
267 1473 300 1499 ἐκ
326 1473 400 1507 σφῶν
411 1474 535 1500 κινδύνου
557 1475 632 1509 παρὰ
654 1475 733 1506 δόξαν
750 1475 893 1508 ἀνεθέντες

107 1519 184 1545 οὐδὲν
197 1516 267 1553 ἦσαν
279 1519 410 1554 οὐδαμοῦ,
429 1520 492 1546 οὔτε
512 1521 566 1555 μὴν
588 1522 720 1556 σωτήριόν
742 1530 769 1547 τι
783 1523 829 1549 καὶ
843 1532 893 1557 φυ-

107 1564 255 1599 λακτήριον
269 1565 376 1597 ἑαυτοῖς
406 1566 453 1592 καὶ
476 1567 531 1598 τοῖς
554 1567 683 1601 φυλέταις
714 1568 892 1604 μετήλθοσαν,

107 1610 214 1642 ὁλλέίς
232 1610 438 1646 νοῦν,άδάκεμον
451 1612 649 1647 παραδοθέντες
664 1613 712 1640 καὶ
728 1614 827 1644 αὐτοὺς
839 1614 893 1641 ἀπὺ

107 1655 176 1682 Θεοῦ
196 1657 383 1692 μακρύναντες
398 1658 469 1685 ὥστε
484 1659 518 1684 τὰ
536 1659 573 1694 μὴ
591 1659 745 1694 καθήκοντα
759 1661 826 1696 ὃρᾷν
846 1661 893 1688 καὶ

109 1703 244 1737 μηδαμῶς
258 1704 324 1730 ίὲναι
339 1704 407 1739 πρὸς
426 1705 563 1740 αἴσθησιν,
581 1706 651 1733 κατὰ
666 1707 769 1742 δήμους
782 1709 828 1735 καὶ
843 1717 894 1742 φα-

107 1747 185 1781 τρίας
192 1747 346 1783 διέστησαν,
356 1749 448 1781 πόλεις
462 1749 606 1785 ἐξὲμηναν,
613 1752 673 1777 κατ’
683 1751 805 1787 ἀλλήλων
813 1752 894 1779 ὡπλί-

110 1793 213 1827 σθησαν
232 1795 295 1826 τοὺς
310 1794 428 1829 θεσμοὺς
455 1796 505 1830 τῆς
536 1799 697 1831 συγγενείας
718 1800 892 1833 συγχέαντες,

108 1839 150 1874 [Ρ.
163 1839 225 1876 405]
236 1841 281 1867 καὶ
297 1841 422 1875 γεγόνασι
437 1841 507 1877 φυλὴ
515 1843 584 1876 φυλὴ
600 1844 646 1870 καὶ
663 1844 769 1880 Ἰσραὴλ
782 1844 892 1878 Ἰούδας,

108 1885 139 1911 τὸ
159 1886 242 1912 πάλαι
258 1887 334 1922 παρὰ
359 1887 398 1922 τῷ
424 1889 552 1923 προφήτῃ
574 1889 767 1924 θρηνούμενον,
789 1891 813 1917 οί
844 1891 893 1925 μὲν

109 1931 176 1965 τῷδε
190 1933 386 1966 συννεύσαντες
406 1935 454 1961 καὶ
472 1935 510 1966 ὡς
525 1935 631 1970 βασιλεῖ
649 1936 723 1969 σφῶν
739 1938 893 1971 προσφερό-

110 1986 198 2011 μενοι,
210 1980 235 2004 οί
250 1979 271 2005 δ’
283 1979 380 2014 ἐκείνῳ
402 1981 617 2016 προσρέψαντες,
640 1981 677 2013 ὡς
696 1982 741 2008 καὶ
757 1983 814 2013 τοῖς
831 1983 894 2009 πολε

108 2022 161 2050 λοί.
185 2026 231 2050 καὶ
247 2026 302 2055 τοῖς
318 2026 461 2060 φρονίμοις
476 2026 616 2060 κρίνεσθαι
645 2027 685 2058 είς
704 2029 827 2062 κατάραν
847 2028 894 2054 καὶ

107 2071 268 2106 πλησμονὴν
280 2071 328 2098 καὶ
351 2071 399 2106 τῆς
413 2072 572 2106 ὀμογενείας
600 2073 827 2109 ὰπαλλοτρέωσιν.
850 2075 894 2107 Ὣς

107 2118 136 2144 δέ
152 2126 216 2144 ποτε
233 2118 398 2153 συνέδραμον
413 2119 442 2150 ἐς
456 2119 559 2152 φιλίαν,
577 2119 631 2145 οὐδ’
643 2120 713 2147 οὕτω
728 2122 778 2155 μὲν
796 2122 833 2153 ὼς
853 2124 892 2153 εἰς
907 2109 929 2138 c

109 2164 175 2198 μίαν
201 2164 429 2199 συνηρμόσθησαν
446 2164 568 2199 γνώμην,
582 2165 638 2191 οὐδ’
657 2167 685 2196 ἐς
707 2169 893 2203 συνασπισμὸν

107 2207 241 2240 ἀλλήλους
274 2208 535 2242 παρακροτήσαντες
565 2210 704 2244 ἐπαρῆξαι
735 2211 804 2243 ὅλως
834 2215 893 2245 ταῖς

109 2254 250 2286 ἑσπερίαις
265 2253 410 2287 προέθεντο
428 2255 549 2287 πόλεσιν,
567 2255 625 2282 ἀλλ’
658 2258 699 2287 είς
725 2260 893 2292 χειροτονίας

108 2299 257 2332 βλέψαντες
272 2299 404 2334 βασιλέων
422 2301 448 2326 oi.
478 2301 527 2336 μὲν
544 2301 614 2328 κατὰ
626 2302 660 2328 τὰ
680 2303 824 2337 ποτώμενα
839 2305 893 2332 τῶν

109 2345 185 2377 ζώων
200 2346 372 2381 συμφορηδὸν
385 2347 596 2373 συνανίπτανται
611 2348 679 2382 τῷδε
695 2349 742 2375 καὶ
756 2351 893 2377 συναπαί-

109 2402 213 2428 ρουσιν,
229 2394 254 2419 οί
265 2393 292 2419 δὲ
308 2393 354 2419 καὶ
371 2393 490 2429 ράμνους
503 2394 668 2426 ἀκανθώδεις
680 2396 709 2426 ἐς
726 2397 811 2431 ἀρχὴν
828 2406 893 2432 προ.

107 2439 283 2474 χειρὶζονται.
310 2438 366 2464 Καὶ
394 2437 427 2473 ἦν
453 2439 606 2473 πολυαρχία
618 2440 708 2472 ίπάλιν
729 2441 760 2467 τὸ
783 2443 893 2476 γεγονὸς

95 2483 296 2525 ’ἐπινεμομένη
320 2483 370 2517 τὴν
401 2484 449 2515 Eu),
467 2483 515 2510 καὶ
533 2484 628 2518 θηρίον
651 2485 815 2520 τρικάρηνον
840 2485 892 2512 ὑπὸ

107 2531 162 2557 τῶν
172 2530 326 2565 ἀϐελτέρων
338 2531 508 2565 διαπλεχθέν.
531 2531 559 2557 '0
575 2533 622 2567 μὲν
633 2532 686 2567 γὰρ
697 2533 891 2568 Μαυροζώμης

109 2577 234 2611 Μανουὴλ
251 2578 296 2603 τὸν
307 2577 479 2612 Καῖχοσρόην
497 2578 606 2609 ὑποδὺς,
619 2579 649 2604 ού
669 2579 739 2606 πάνυ
757 2579 810 2614 πρὸ
828 2581 893 2608 πολ-

107 2624 154 2650 λοῦ
165 2627 197 2659 τῃ
212 2624 333 2658 σφετέρᾳ
354 2624 469 2658 θυγατρὶ
494 2625 663 2658 συναφθέντα
683 2626 730 2652 καὶ
753 2627 803 2661 τῆς
823 2627 891 2653 Ἰκο-

108 2670 230 2704 νιαρχίας
255 2670 333 2701 αὖθις
359 2670 517 2704 λαὸόμενον,
538 2669 570 2705 ἦς
590 2668 647 2705 εἶχε
661 2672 793 2706 πρότερον
810 2674 891 2699 ἐκπε-

109 2716 173 2747 σὼν,
190 2715 278 2742 πάντα
296 2713 329 2751 ἦν
344 2715 552 2750 μηχανώμενος,
572 2716 599 2742 εἴ
612 2725 668 2748 πως
680 2718 754 2753 αὐτῷ
764 2727 891 2754 συναιρο-

109 2762 190 2797 μένου
208 2762 255 2787 τοῦ
272 2761 408 2796 βασιλείου
430 2761 497 2797 τύχῃ
514 2762 656 2796 ὀνόματος,
677 2765 723 2789 καὶ
748 2765 797 2799 τὴν
822 2765 887 2799 ὅσην

110 2806 212 2838 ποτίζει
223 2807 376 2841 Μαίανδρος
393 2807 478 2834 ἐπιὼν
501 2807 568 2841 μετὰ
589 2808 718 2842 Τοὐρκων
733 2810 843 2844 ἔφθειρε
857 2819 886 2836 τε

108 2853 154 2880 καὶ
181 2853 296 2888 ἔκειρεν.
330 2855 358 2882 '0
377 2854 405 2881 δὲ
429 2854 568 2889 Λὰσκαρις
591 2854 735 2891 Θεόδωρος,
762 2856 798 2887 ὡς
814 2856 887 2891 γένει

943 829 1121 858 secundiores
1145 831 1277 858 Romanis
1309 832 1440 863 fuerunt,
1470 831 1543 866 quod
1571 831 1730 858 Latinorum

943 876 1124 910 despicientia
1149 881 1177 904 et
1203 877 1236 904 de
1256 878 1389 905 Romanis
1415 878 1537 912 suspicio
1551 881 1578 904 et
1602 877 1732 911 implaca-

944 922 1013 950 biles
1028 923 1111 950 animi
1128 923 1271 957 antiquum
1288 923 1462 950 obtinebant.
1478 923 1545 950 Nam
1560 929 1621 956 quae
1635 922 1732 949 deser-

944 969 1062 1002 toribus,
1081 973 1177 997 contra
1191 977 1259 1004 quos
1273 977 1344 1004 sarpe
1358 969 1450 996 hastas
1472 973 1615 999 acueram,
1629 960 1731 994 inferre

944 1023 997 1042 non
1010 1019 1145 1050 poterant,
1158 1023 1189 1042 ea
1202 1015 1228 1042 in
1244 1015 1382 1050 proximos
1392 1022 1516 1049 quosque
1527 1012 1730 1048 perpetrabant.

944 1067 970 1088 et
986 1066 1080 1089 contra
1093 1069 1143 1089 eos
1159 1060 1289 1088 dentibus
1309 1060 1482 1088 frendebant.
1506 1059 1558 1087 Sed
1581 1064 1608 1086 et
1634 1058 1732 1086 Orien-

945 1107 1040 1134 talium
1070 1107 1255 1135 Romanorum
1287 1107 1451 1142 negligentia
1484 1114 1549 1141 erga
1585 1106 1733 1140 populares

944 1151 1059 1179 afﬂictos
1073 1156 1100 1180 et
1117 1160 1240 1180 summus
1255 1153 1400 1187 despectus
1422 1157 1505 1187 atque
1532 1152 1633 1179 oblivio
1658 1151 1732 1179 dolo-

944 1205 1002 1225 rem
1029 1205 1101 1232 pene
1131 1198 1330 1226 intolerabilem
1363 1198 1487 1232 pariebat
1514 1207 1520 1224 :
1543 1205 1606 1224 nam
1642 1205 1733 1233 neque

944 1244 1070 1279 pecuniis
1092 1244 1311 1278 nequemilitum
1328 1244 1416 1277 copiis
1438 1243 1662 1271 Occidentalibus
1683 1251 1731 1270 ur-

945 1289 1028 1317 bibus
1040 1289 1249 1317 subveniebant.
1266 1289 1304 1316 Ac
1320 1289 1425 1316 Latinis
1437 1296 1470 1316 ex
1481 1288 1543 1315 Asia
1561 1288 1690 1323 digressis
1703 1293 1733 1316 et
1765 1310 1771 1315 .

945 1335 1101 1369 Thraciam,
1126 1343 1187 1371 quae
1214 1336 1270 1363 sola
1301 1343 1351 1369 pro
1381 1335 1508 1362 libertate
1543 1335 1734 1362 Romanorum

946 1382 1106 1415 dimicabat,
1123 1382 1306 1415 vastantibus,
1321 1382 1408 1408 nostri
1424 1381 1510 1408 duces
1527 1389 1560 1408 eo
1571 1381 1731 1408 discrimine

907 1444 932 1474 Β
945 1434 1043 1464 praeter
1059 1429 1290 1463 exspectationem
1307 1428 1413 1456 liberati
1429 1435 1563 1462 nusquam
1585 1427 1666 1455 ofﬁcii
1689 1430 1733 1456 sui

946 1475 1137 1507 meminerant,
1157 1483 1245 1510 neque
1269 1475 1389 1503 salutare
1404 1474 1553 1509 quidquam
1580 1474 1613 1501 ad
1632 1473 1674 1501 sui
1689 1475 1731 1502 vel

946 1522 1118 1557 popularium
1132 1521 1318 1549 defensionem
1332 1521 1514 1548 conabantur.
1530 1520 1582 1547 Sed
1594 1520 1731 1554 corruptis

946 1568 1063 1603 ingeniis
1076 1567 1193 1602 praediti,
1220 1571 1248 1594 et
1275 1570 1304 1593 ut
1333 1565 1459 1593 homines
1478 1565 1560 1600 827
1585 1564 1687 1592 deserti
1716 1572 1731 1591 a

945 1613 1000 1641 Deo
1014 1617 1096 1649 atque
1113 1613 1187 1647 impii
1203 1617 1315 1647 stupore
1326 1611 1444 1646 quodatn
1476 1610 1578 1642 affecti,
1602 1615 1686 1645 atque
1703 1611 1730 1637 in

945 1659 1079 1687 factiones
1091 1658 1182 1691 divisi,
1199 1658 1280 1685 urbes
1293 1657 1484 1688 concitarunt;
1501 1656 1546 1682 alii
1558 1655 1627 1683 alios
1644 1663 1732 1689 oppu-

945 1709 1064 1740 gnarunt
1078 1705 1179 1731 violato
1192 1704 1255 1739 jure
1269 1703 1459 1738 cognationis;
1486 1701 1610 1728 tributim
1639 1708 1732 1736 segre-

945 1751 998 1786 gati
1028 1756 1107 1782 sunt;
1136 1751 1220 1778 Israel
1243 1750 1328 1778 Judas
1344 1750 1433 1777 factus
1462 1754 1514 1780 est,
1533 1753 1563 1774 ut
1579 1752 1657 1775 vetus
1687 1748 1732 1775 ille

945 1796 1080 1830 propheta
1093 1796 1230 1830 queritur.
1246 1795 1307 1822 aliis
1326 1794 1391 1822 huic
1405 1801 1435 1821 ut
1452 1794 1508 1828 regi
1523 1793 1654 1825 addictis,
1671 1793 1737 1820 aliis

945 1841 979 1869 ad
994 1842 1077 1869 alium
1093 1841 1306 1869 conﬂuentibus.
1339 1840 1404 1873 Quae
1428 1847 1471 1867 res
1489 1840 1594 1869 multis.
1611 1839 1734 1873 pruden-

946 1888 1064 1915 tioribus
1074 1889 1234 1922 praasertim,
1242 1887 1424 1915 exsecrationi
1435 1887 1544 1919 similis,
1554 1887 1733 1914 etdestrucn—

945 1934 986 1961 dae
1011 1934 1210 1962 necessitudini
1238 1938 1266 1961 et
1293 1933 1455 1961 inducenda;
1484 1932 1642 1960 alienationj
1672 1934 1733 1959 esse

944 1981 1100 2008 videbatur.
1118 1981 1176 2008 Etsi
1193 1985 1284 2008 autem
1301 1980 1409 2009 tandem
1424 1980 1458 2008 ad
1475 1978 1623 2006 amicitiam
1634 1978 1732 2006 ineun-

945 2028 1007 2055 dam
1033 2032 1244 2058 concurrerunt,
1264 2030 1354 2054 tamen
1375 2033 1409 2053 ne
1435 2031 1490 2052 tum
1515 2024 1625 2059 quidem
1650 2024 1731 2058 plane

945 2077 1159 2105 consenserunt,
1184 2076 1232 2100 aut
1255 2072 1301 2100 alii
1324 2072 1393 2099 alios
1420 2071 1453 2098 ad
1479 2070 1542 2098 belli
1572 2070 1730 2097 societatem

947 2120 1082 2147 cohortati
1099 2119 1154 2146 ullo
1171 2118 1253 2146 modo
1268 2117 1488 2146 Occidentalibus
1511 2116 1626 2143 urbibus
1649 2123 1728 2150 opetn

945 2165 1018 2193 ferre
1033 2170 1191 2193 statuerunt
1210 2173 1216 2192 :
1237 2164 1284 2192 sed
1306 2163 1435 2192 creandis
1455 2161 1669 2198 imperatoribus
1687 2161 1730 2188 in-

945 2212 1013 2239 tenti
1030 2212 1117 2239 instar
1131 2212 1263 2247 gregatim
1294 2211 1445 2238 volantium
1471 2209 1562 2236 avium
1586 2215 1648 2236 cum
1675 2215 1729 2234 uno

943 2259 1063 2294 quodam
1088 2259 1271 2286 subvolabant
1297 2263 1325 2285 et
1348 2256 1545 2289 discedebant;
1574 2255 1620 2282 alii
1644 2255 1727 2282 etiam

944 2305 1065 2340 spinosis
1084 2304 1161 2332 rubis
1174 2304 1320 2338 imperium
1339 2303 1511 2330 deferebant.
1531 2301 1611 2329 Unde
1625 2300 1728 2328 multo-

944 2360 1005 2379 rum
1033 2352 1191 2379 dominatus
1224 2351 1364 2379 Orientem
1400 2348 1586 2384 depascebat,
1615 2346 1730 2380 tricipiti

944 2398 1062 2434 quadam
1079 2398 1168 2425 bellua
1182 2404 1197 2423 a
1211 2396 1373 2424 vecordibus
1388 2395 1515 2429 implexa.
1534 2393 1600 2422 Nam
1620 2393 1729 2419 Mauro-

944 2451 1035 2470 zomes
1055 2442 1344 2470 Manttchaichosrois
1367 2441 1477 2468 auxiliis
1494 2440 1590 2470 fretus.
1613 2439 1656 2465 cui
1673 2446 1729 2465 non

943 2489 1030 2517 multo
1050 2494 1113 2516 ante
1129 2492 1292 2523 recuperato
1307 2488 1398 2515 lconio
1424 2487 1505 2514 ﬁliam
1533 2485 1727 2520 desponderat.
1757 2496 1760 2507 ι

944 2535 1011 2562 nihil
1029 2543 1080 2562 non
1103 2534 1255 2562 certabatur
1275 2539 1304 2562 ut
1326 2533 1501 2568 imperatorio
1525 2532 1635 2559 nomine
1656 2530 1727 2565 poti-
1757 2533 1761 2563 ζ

944 2585 1031 2612 retur,
1043 2585 1070 2608 et
1088 2588 1196 2608 omnem
1220 2580 1396 2607 Maeandrium
1426 2583 1542 2606 tractum
1560 2586 1622 2604 cum
1644 2576 1728 2612 828

944 2627 1041 2655 Turcis
1055 2627 1187 2654 vastabat.
1204 2626 1365 2653 Theodorus
1394 2625 1530 2657 Lascaris,
1555 2624 1726 2651 nobilissimo

943 2681 1043 2708 genere
1057 2677 1134 2699 ortus
1147 2677 1175 2700 et
1191 2671 1366 2706 imperatoris
1382 2671 1512 2698 afﬁnitate
1528 2671 1657 2706 inclytus,
1681 2670 1726 2697 illo

943 2720 1086 2754 proﬂigato
1113 2723 1143 2746 et
1172 2719 1256 2746 rubro
1287 2718 1379 2746 calceo
1408 2717 1503 2745 induto
1535 2718 1570 2744 ab
1597 2717 1727 2744 omnibus

942 2765 1128 2793 Orientalibus
1161 2764 1276 2792 urbibus
1306 2765 1454 2799 imperator
1491 2763 1724 2791 consalutabatur.

943 2811 1026 2838 David
1041 2818 1123 2846 porro
1135 2810 1293 2838 Comnenus
1307 2811 1428 2838 exercitu
1441 2818 1473 2838 ex
1495 2809 1679 2846 Paphlagonia
1699 2814 1727 2837 et

941 2859 1054 2886 Pontica
1069 2858 1198 2886 lleraclea
1210 2863 1353 2891 coacto,et
1370 2859 1478 2886 lbcruln
1506 2860 1551 2894 qui
1576 2859 1609 2886 ad
1630 2858 1723 2886 Phasis
