1950 3070
103 114 172 145 1029

794 109 896 140 URBS
914 110 1046 139 CAPTA.

1671 109 1736 140 1030

99 155 203 202 οὒν”[Ρ.
221 165 285 200 Mi]
299 164 345 191 τοῦ
359 163 520 199 βουλομένου
532 163 631 194 παντὸς
644 163 676 189 ὲκ
687 162 733 189 τοῦ
745 162 797 188 τῶν
810 163 894 189 Λατί-

953 170 1045 189 manus
1062 170 1147 189 mea.)
1172 163 1265 196 itaque
1281 162 1360 189 multi
1377 161 1509 189 mediocri
1525 169 1607 188 manu
1622 163 1736 190 colfccta

100 222 156 241 νων
172 209 361 244 πο).υσπεροῦς
377 209 567 243 συντάγματος
590 209 625 235 τὰ
653 209 778 243 γραφικὰ
804 208 891 233 ταῦτα

100 258 211 293 ἐπᾴδειν
218 255 363 289 Ῥωμαιοις
380 254 631 289 ὲπιστρατεύοντος,
646 253 896 287 (Διώξα;,καταλή-

99 302 200 337 ψομαι,
218 301 303 336 μεριῶ
313 299 409 331 σκῦλα,
428 299 560 333 ἐμπλήσω
574 299 662 333 ψυχήν
673 307 734 332 μου,
747 298 834 324 ἀνελῶ
858 299 891 332 τῇ

102 350 227 386 μαχαέρᾳ
238 357 298 382 μου,
312 347 474 383 κυριεύσειὴ
484 346 543 381 χείρ
555 355 616 381 μου.
625 355 633 371 ι
643 346 737 372 Πολλοὶ
745 346 833 372 τοίνυν
850 345 898 380 μέ-

102 402 179 429 Ιεριον
198 394 436 426 συγκροτήσαντες
453 392 571 422 πόλεμον
588 392 634 417 καὶ
651 391 767 421 ἱππότας
782 390 894 425 βραχεῖς

105 437 499 474 μισθωσάμενοι,Ῥωμαῖκαῐς
513 436 744 467 κατεκολπίζοντο
753 437 844 470 νήσοις
859 437 896 468 ὡς

103 485 194 519 πάντη
207 484 318 514 πάντως
328 483 531 518 ἑρημαζούσαις
539 482 586 508 τοῦ
601 483 797 518 ἐπαρήξοντος.
814 483 896 509 Ὅθεν

104 531 234 566 πειραταί
247 538 319 560 τινες
343 529 495 561 Γενουῖται,
521 528 701 564 περιψήματα
730 529 835 563 ἀνδρῶν
850 529 899 555 καὶ

105 576 290 612 ἀμϐλώματα,
306 575 336 601 οὐ
348 575 419 601 κατὰ
430 574 509 600 τοῦτο
525 574 573 608 μέν
587 583 660 606 τινος
673 575 888 610 ὑπερφέροντες,

105 623 177 650 κατὰ
191 623 212 648 δ’
226 623 315 647 ἐκεῖνο
330 620 365 646 τὰ
379 620 494 655 δεύτερα
507 621 648 655 φέροντες,
676 620 734 646 ἀλλ’
753 620 898 654 ἁπανταχῆ

106 669 236 703 πονήρως
253 667 421 701 πράττοντες
447 667 494 692 καὶ
509 666 707 700 δυσδαιμόνως,
724 666 899 701 στρογγύλων

106 715 187 741 πέντε
200 713 272 747 νηῶν
298 712 501 747 εὐπορήσαντες
517 713 563 738 καὶ
576 713 667 747 σκάφη
683 713 815 747 τρίκροτα
829 720 899 737 κπ-

105 760 250 795 ηρτικότες
264 758 332 793 πρὸς
360 759 416 788 τοῖς
445 757 533 784 εἴκοσι
546 758 667 792 τέσσαρα
682 759 709 789 ἐς
723 758 772 793 τὴν
787 759 901 793 Κρήτην

106 806 340 836 διαπλωῖζονταισ
368 805 415 830 καὶ
449 804 620 838 πλασάμενοι
647 804 710 834 τοὺς
743 805 901 838 ἐμπόρους,

947 213 975 235 et
987 209 1086 243 exiguo
1099 209 1221 243 equilatu
1239 209 1375 235 conducto
1389 209 1415 234 in
1437 209 1573 235 Romanas
1586 209 1690 236 insulas
1708 217 1737 236 se

948 254 1134 284 insinuabant.
1144 255 1245 289 quippe
1253 255 1326 281 omni
1335 255 1437 281 auxilio
1444 255 1634 282 destitutas.Et
1644 255 1738 288 pira'ae

947 300 1058 334 quidem
1069 300 1239 331 Genuenses,
1250 300 1376 327 homines
1383 301 1505 327 vilissimi
1514 308 1541 327 et
1549 301 1736 335 abjectissmii.

947 352 1000 372 nec
1008 346 1034 372 in
1046 353 1098 372 una
1108 353 1136 371 re
1149 346 1284 379 prima‘rii,
1298 346 1325 372 in
1340 346 1391 372 alia
1404 354 1469 373 vero
1478 347 1692 379 seciindariu,sed
1705 346 1738 372 ab

948 391 1022 419 omni
1041 395 1118 425 parte
1131 391 1278 418 miserrimi
1296 397 1324 418 et
1341 392 1532 419 infelicissimi.
1549 393 1672 426 quinque
1690 399 1734 418 ro-

949 438 1042 466 tundis
1061 438 1180 464 navibus
1194 442 1221 464 et
1238 437 1334 472 viginti
1350 443 1466 471 quatuor
1481 438 1640 464 triremibus
1660 445 1737 463 com-

949 484 1054 518 paratis
1067 492 1117 518 per
1132 489 1294 510 mercaturae
1311 484 1430 517 speciem
1448 484 1474 509 in
1490 483 1600 510 Cretam
1623 485 1739 518 trajece-

949 536 1025 562 runt,
1053 530 1154 556 deinde
1177 529 1313 556 insulares
1339 529 1477 556 hostiliter
1503 532 1623 564 aggressi
1654 530 1739 556 totius

949 575 1047 602 insula:
1075 575 1204 602 facillime
1226 580 1290 601 sunt
1317 576 1407 609 potiti.
1438 575 1518 602 Tunc
1546 577 1629 602 etiam
1652 575 1738 602 lconii

952 621 1082 657 princeps
1096 621 1279 648 Caichosroes
1295 621 1404 647 Attaliat
1431 628 1506 647 arma
1531 621 1634 653 intulit,
1661 621 1738 648 inani

951 674 999 701 Spe
1023 667 1101 693 urbis
1123 667 1212 700 primo
1240 667 1343 700 impetu
1370 665 1511 704 capiendae
1536 671 1679 699 concepta,
1711 670 1740 692 ut

950 721 1012 747 qua:
1028 713 1086 746 ipsa
1106 712 1177 739 tueri
1193 719 1253 738 sese
1270 719 1324 738 non
1341 718 1444 746 posset.
1464 712 1564 738 Verum
1588 713 1649 746 ejus
1673 719 1740 738 eon-

952 758 1015 785 silio
1029 758 1150 792 cognito.
1165 757 1393 784 Aldobrandinus
1408 758 1485 784 urbis
1499 757 1628 783 dominus
1638 762 1665 784 et
1679 758 1739 791 ejus

954 804 980 829 in
999 802 1218 829 administranda
1245 809 1274 829 re
1302 802 1411 836 publica
1435 801 1501 828 socii
1527 809 1576 836 per
1603 802 1707 835 legatos
1725 808 1740 828 a

109 850 170 878 sitat
183 850 339 884 ἐπιθέμενοι
368 849 404 880 ὡς
417 850 554 884 πολέμιοι,
569 851 618 884 τῆς
633 850 717 884 νήσου
749 849 897 884 ξυμπάσης

953 847 1059 882 Cypriis
1074 847 1175 874 auxilia
1198 847 1357 873 Latinorum
1379 847 1604 882 peditum,84&,
1629 847 1741 874 circiter

110 898 281 931 κατίσχυσαν
292 896 497 929 εὐμαρέστατα.
524 896 590 921 Τότε
615 897 660 922 καὶ
674 897 687 921 ό
702 895 811 930 κρατῶν
831 896 901 921 Ἰκο-

111 944 171 970 νίου
191 944 362 977 Καῖχοσρόης
375 943 448 968 κατὰ
472 942 520 975 τῆς
536 941 679 972 ’Λτταλίας
707 943 899 976 ἐστράτευσεν,

109 991 236 1017 αὐτοϐοεὶ
246 990 296 1024 τὴν
311 988 388 1014 πόλιν
403 988 473 1014 ἑλεῖν
488 987 693 1023 φανταζόμενος
708 987 746 1019 ὡς
776 988 825 1022 οὐχ
842 988 902 1014 ἱκα-

110 1037 159 1073 νὴν
183 1035 267 1063 οὖσαν
295 1036 397 1070 ἑαυτὴν
435 1034 634 1061 διασώσασθαι.
665 1034 721 1068 Τὴν
748 1034 770 1060 δ’
794 1033 899 1060 ἐκείνου

109 1083 205 1118 ἔφοδον
222 1081 424 1117 προεγνωκότες
450 1080 463 1106 ὃ
475 1088 504 1105 τε
522 1079 900 1114 πολίαρχοςἈλδεὸραντῖνος

110 1130 158 1156 καὶ
171 1129 194 1154 οἳ
208 1129 256 1155 σὺν
277 1126 351 1160 αὐτῷ
364 1126 421 1156 τοῖς
446 1127 546 1157 κοινοῖς
559 1126 727 1151 ἐπεστάτουν
744 1125 899 1160 πράγμασι,

110 1175 270 1209 πέμψαντες
285 1175 325 1204 εἰς
344 1174 457 1208 Κύπρον
473 1172 634 1207 συμμαχίαν
651 1172 757 1197 ἐκεῖθεν
771 1171 900 1206 εἰλήφασι

109 1219 225 1252 πεζικοῦ
240 1219 455 1253 στρατεύματος,
471 1219 499 1249 ἐς
515 1217 672 1247 διακοσίους
692 1217 900 1252 ὰριθμουμένην

109 1265 251 1296 Λατίνους.
281 1264 464 1298 Κάπειδήπερ
489 1264 529 1294 εἰς
560 1264 681 1298 χεῖραςό
708 1262 826 1295 πὸλεμος
842 1264 902 1295 εγε-

110 1311 184 1344 γόνει
210 1311 257 1336 καὶ
280 1310 441 1345 περιείληφε
464 1310 513 1344 τὴν
528 1309 605 1334 πόλιν
620 1309 649 1334 τὸ
667 1309 802 1341 Περσικὸν
819 1310 900 1344 στρά-

110 1366 210 1391 τευμα,
226 1358 250 1383 οἱ
265 1358 296 1383 ἐκ
307 1357 431 1383 Λατίνων
445 1357 484 1386 εἰς
501 1355 630 1389 φάλαγγα
649 1355 839 1386 πυκνωοέντες
854 1355 900 1381 καὶ

110 1406 166 1435 τοῖς
181 1404 298 1439 Πέρσαις
312 1403 475 1435 ἐποφθέντες
491 1402 643 1435 ἀπρόνπτοι
662 1401 716 1431 τοῖ,
726 1400 901 1427 Ἀτταλεῦσιν

111 1450 269 1484 ἐπήμυναν,
297 1452 342 1475 καὶ
360 1451 431 1474 οὕτω
455 1448 507 1474 τῶν
538 1447 684 1482 βαρϐάρων
703 1447 900 1473 καταστάντων

953 901 983 921 cc
1000 893 1196 928 impetrarunt.
1215 892 1264 920 Ubi
1281 892 1314 918 ad
1332 900 1408 918 arma
1425 896 1534 918 ventum
1547 897 1589 918 est
1602 897 1630 919 et
1645 893 1740 919 urbem

952 939 1082 966 Persicus
1097 939 1237 966 exercitus
1254 938 1451 967 circumdedit.
1469 937 1560 964 Latini
1578 938 1605 963 in
1626 938 1741 972 phalan-

937 980 1010 1020 'gcm
1026 985 1189 1012 condensati
1203 989 1232 1011 et
1243 991 1275 1011 ex
1289 985 1439 1018 improviso
1455 984 1482 1010 in
1505 983 1651 1011 Persarum
1674 991 1742 1010 con-

951 1036 1075 1066 spectum
1107 1031 1244 1066 progressi
1273 1030 1474 1057 Attaliensibus
1497 1038 1577 1064 opem
1606 1030 1740 1057 tulerunt.

951 1077 990 1104 Ita
1005 1077 1121 1104 Barbari
1134 1077 1274 1111 perterriti
1290 1080 1317 1103 et
1329 1084 1442 1103 suorum
1458 1078 1559 1102 multos
1573 1077 1740 1107 amiserunt,

950 1128 978 1150 et
989 1123 1170 1150 Caichosrocs
1192 1122 1330 1149 sexdecim
1351 1122 1450 1149 diebus
1465 1123 1569 1148 exactis
1595 1122 1740 1149 obsidione

951 1170 1038 1196 soluta
1050 1169 1189 1196 discessit.
1201 1169 1253 1195 Sed
1267 1173 1295 1196 et
1312 1169 1475 1195 Theodorus
1493 1168 1630 1200 Lascaris,
1646 1173 1742 1195 coacto

951 1218 1046 1240 contra
1063 1214 1193 1241 Davidem
1207 1214 1352 1240 Ponticum
1368 1213 1503 1244 exercitu,
1525 1213 1681 1240 l’lusiadcm
1700 1221 1743 1240 sa-

951 1259 1069 1294 gittariis
1094 1265 1122 1286 et
1147 1259 1287 1286 bellicosis
1313 1259 1473 1286 hominibus
1497 1259 1683 1286 abundantem
1707 1259 1742 1286 ab

952 1306 1000 1332 illo
1032 1306 1060 1332 in
1090 1313 1154 1332 suas
1179 1310 1273 1340 partes
1302 1305 1435 1332 traduxit.
1453 1305 1612 1331 Heracleam
1630 1313 1741 1340 quoque

952 1351 1072 1386 cepisset
1101 1359 1133 1378 ac
1162 1351 1252 1386 ipsutn
1282 1351 1412 1378 Davidetn
1439 1351 1660 1383 exterminasset,
1689 1352 1742 1378 nisi

951 1404 1013 1423 eum
1030 1396 1133 1427 Latini.
1144 1404 1205 1423 cum
1218 1395 1319 1431 quibus
1330 1396 1426 1422 Davidi
1439 1396 1529 1423 fmdns
1541 1396 1742 1429 intercedebat.

952 1442 1045 1468 auxilii
1064 1442 1170 1468 ferendi
1194 1450 1277 1469 causa
1303 1442 1402 1469 castris
1426 1442 1460 1469 ad
1484 1442 1672 1468 Nicomediam
1696 1450 1745 1476 po-

110 1496 139 1526 ὲς
156 1496 213 1527 δέος
233 1495 265 1522 ἐκ
281 1504 309 1521 τε
324 1495 466 1528 τοῦ-σφῶν
493 1494 700 1528 στρατεύματος
727 1493 821 1519 πολλοὶ
845 1494 901 1520 διοι-

956 1486 1019 1513 sitis
1034 1486 1118 1512 animi
1134 1486 1248 1512 dubium
1264 1486 1459 1516 reddidissent.
1477 1486 1542 1513 hinc
1557 1486 1700 1513 alacritate
1716 1491 1744 1513 ct

99 1541 271 1575 ίφοείρονται
297 1540 344 1566 καὶ
362 1539 534 1574 Καῖχοσρὸης
549 1539 653 1564 ἐκεῖθεν
671 1538 845 1573 μεθίσταται,
864 1538 902 1573 μὴ

113 1586 223 1616 πλείους
239 1586 350 1620 ἡμερῶν
367 1586 420 1612 τῶν
437 1585 599 1622 -ὲκκαίδεξα
616 1585 680 1618 περὶ
692 1584 742 1619 τὴν
773 1585 901 1610 Ἀττάλου

113 1629 201 1664 βαλὼν
215 1630 406 1663 στρατόπεδον.
437 1629 518 1655 Ἀλλὰ
545 1630 592 1655 καὶ
609 1628 749 1664 Θεόδωρος
764 1630 777 1655 ὁ
790 1629 902 1655 Adam-

113 1685 155 1711 ρις
169 1677 239 1702 κατὰ
254 1677 300 1702 τοῦ
313 1678 341 1702 ὲν
356 1676 449 1708 Πόντῳ
465 1675 547 1702 Δαϐὶδ
574 1676 706 1710 στρατιὰν
723 1675 837 1710 ἀγείρας
852 1677 901 1709 τῆς

115 1722 164 1756 μὲν
189 1722 353 1753 Πλουσιὰδος
380 1721 468 1756 ἐπέϐη
490 1720 600 1755 καὶτῆς
624 1721 691 1755 πρὸς
709 1720 791 1747 Δαϐἱδ
811 1721 902 1755 φιλίλς

113 1767 383 1805 ὲκείνηνζὰπέστησε,
403 1766 525 1798 τοξόῖιδα
543 1767 632 1792 πᾶσαν
650 1765 732 1791 οὖσαν
748 1765 794 1791 καὶ
820 1766 902 1799 μάχι-

116 1821 164 1847 μον
176 1811 247 1838 ἐἷλε
263 1813 284 1838 δ’
301 1813 333 1838 ἂν
349 1813 396 1838 καὶ
416 1812 582 1846 Ἡράκλειαν
599 1812 646 1837 καὶ
661 1811 707 1836 τὸν
733 1810 817 1836 Δαϐὶδ
830 1811 899 1845 δρα-

115 1857 312 1891 πέτηνέκεῖοεν
329 1855 438 1887 ἔδειξεν,
456 1855 479 1885 εί
497 1855 533 1888 μὴ
549 1854 672 1880 Λατίνων
683 1855 715 1889 τῇ
730 1854 902 1888 Νικομήδους

117 1901 351 1936 παρεμϐαλόντων
374 1901 435 1927 κατ’
459 1900 620 1934 ἐπικουρίαν
645 1900 738 1930 Δαῦὶδ,
770 1900 831 1925 ἐπεὶ
854 1900 901 1926 καὶ

115 1946 172 1983 εἶχε
188 1947 293 1978 τούτοις
306 1947 389 1973 Δαὸὶδ
401 1945 592 1980 σπεισάμενος,
603 1945 769 1981 ἑνάμφινοία
783 1946 902 1980 κατέστη

115 1992 268 2026 Λάσκαρς.
284 1989 366 2017 Εἵλκε
383 1991 431 2025 μὲν
447 1990 500 2026 γὰρ
519 1989 601 2016 αὑτὸν
619 1990 745 2016 ἐντεῦθεν
763 1991 903 2025 προθυμία

116 2036 162 2061 καὶ
176 2035 263 2070 τόλμη
276 2034 347 2061 κατὰ
362 2034 484 2061 Λατίιων
500 2042 508 2050 ⁸
524 2035 627 2061 ἐκεῖθεν
648 2034 670 2060 δ’
690 2033 767 2066 αὖθις
783 2035 904 2061 ἀντέσπα

116 2082 147 2107 τὸ
164 2082 191 2107 ὲν
208 2078 302 2116 χερσὶν
333 2081 423 2116 ἔργον,
452 2080 519 2106 ὡσεὶ
553 2081 602 2106 καὶ
638 2081 713 2111 ὲντὸς
738 2081 904 2116 Ἡρακλείας

116 2127 241 2162 οἰόμενον
251 2126 320 2152 εἶναι
334 2127 380 2152 καὶ
405 2126 546 2160 κυριεύειν
560 2126 610 2160 τῆς
625 2126 741 2158 πόλεως,
760 2128 815 2153 Καὶ
842 2129 905 2153 πο)-

117 2173 196 2203 λάκις
231 2172 363 2207 ἑκάτερον
390 2172 437 2197 καὶ
463 2172 500 2203 ὡς
528 2172 573 2197 ἐπὶ
596 2171 731 2207 τρυτάνης
759 2173 842 2206 ζυγοῦ
858 2174 904 2199 καὶ

120 2217 189 2253 μετὰ
201 2216 315 2251 συνοχῆς
331 2216 520 2243 εταλάντευεν.
547 2216 591 2247 Ὧς
606 2216 629 2243 δ’
646 2217 788 2251 ὲκεκρίκει
802 2226 905 2252 συμφο-

119 2262 239 2296 ρώτερον
267 2261 368 2296 μᾶλλον
395 2262 466 2296 ἤπερ
496 2262 666 2297 θρασύτερον
685 2263 732 2289 ἐπὶ
746 2263 809 2294 τοὺς
824 2264 906 2298 ὑπερ-

119 2307 254 2338 ασπιστὰς
273 2307 364 2334 ἵεσθαι
379 2307 425 2333 τοῦ
441 2307 534 2338 Δαϐὶδ,
550 2308 760 2343 ὲπανακάμπτει
778 2309 826 2344 μὲν
836 2311 903 2345 πρὸς

119 2354 229 2386 αὐτοὺς,
245 2354 277 2388 ἢν
293 2353 376 2380 ὥδευε
404 2354 544 2388 παρεικὼς
557 2361 563 2368 ·
594 2355 619 2380 οἱ
636 2355 666 2380 δὲ
687 2355 722 2381 τὰ
734 2356 798 2386 περὶ
809 2356 905 2382 τούτου

119 2400 267 2434 πυθόμενοι
283 2400 420 2435 συστάδην
436 2400 486 2434 μὲν
500 2399 742 2435 παρακινδυνεύειν
759 2401 808 2427 οὔκ
823 2401 907 2436 ἔγνω-

120 2453 181 2477 σαν,
196 2445 371 2480 μεθίστανται
385 2445 413 2471 δὲ
425 2446 523 2476 νυκτὸς
537 2446 584 2471 καὶ
594 2446 694 2472 εἰσίασι
705 2446 735 2472 τὸ
749 2446 904 2477 Βυζάνηον.

125 2490 155 2516 Ὀ
170 2491 198 2517 δέ
208 2499 239 2524 γε
254 2491 337 2517 Δαὸὶδ
351 2492 388 2522 ὠς
400 2490 498 2518 οὔκουν
512 2491 640 2518 ἐϐάλλετο
657 2493 728 2518 κατὰ
750 2493 812 2520 νοῦν
836 2494 904 2528 (8'2).

119 2537 195 2571 παρὰ
218 2536 298 2569 δόξαν
324 2536 371 2563 τοῦ
399 2536 524 2563 κινδύνου
553 2538 662 2572 ῥυσθεὶς
678 2538 707 2565 δν
732 2539 823 2573 ἔγγιον
852 2539 908 2575 εἶχε

122 2583 315 2618 προσέρποντα
330 2583 376 2609 καὶ
392 2583 483 2617 σχεδὸν
497 2583 552 2609 οὐδ’
579 2585 628 2611 ὅσα
641 2585 704 2618 γόνυ
721 2586 828 2620 κνήμης
843 2587 908 2613 ἑαυ-

119 2627 167 2654 τοῦ
181 2628 380 2663 ἀφιστάμενον,
396 2630 481 2663 ἀρπὶξ
499 2631 545 2656 καὶ
561 2630 641 2656 πάλιν
670 2631 720 2665 τῆς
741 2631 907 2666 Ἡρακλείας

120 2674 222 2708 ἔχεται·
238 2674 301 2705 τοὺς
315 2674 336 2700 δ’
357 2675 386 2701 ὲν
401 2675 538 2710 Βυζαντίῳ
549 2676 679 2707 Λατίνους
694 2678 742 2712 τῆς
763 2680 907 2713 συμμάχου

120 2718 325 2754 ὃιαμειὸόμενος
347 2720 476 2754 στρατιᾶς
505 2720 622 2754 σιτηγῶν
649 2721 749 2748 πλοίων
775 2720 818 2757 [Ρ.
841 2722 906 2759 412]

921 2193 944 2223 υ

957 1531 1070 1558 audacia
1082 1537 1176 1558 contra
1190 1532 1250 1558 illos
1264 1532 1424 1566 instigante,
1441 1531 1503 1558 inde
1520 1532 1646 1558 instituto
1660 1539 1743 1566 opere

955 1578 1124 1609 retrahente,
1140 1585 1202 1604 eum
1216 1578 1267 1604 sibi
1282 1578 1485 1612 quodammodo
1498 1577 1569 1604 intra
1584 1577 1742 1605 Heracleam

955 1630 1015 1649 esse
1034 1623 1178 1649 videretur
1191 1628 1219 1650 et
1229 1630 1261 1649 ea
1280 1623 1350 1649 urbe
1369 1623 1462 1657 poliri,
1480 1630 1512 1649 ac
1534 1631 1605 1657 saepe
1623 1623 1699 1650 velut
1717 1624 1743 1650 in

957 1669 1060 1695 trutina
1081 1669 1201 1696 sollicito
1223 1670 1316 1695 animo
1343 1674 1490 1702 utrumque
1516 1669 1693 1703 ponderaret.
1709 1670 1744 1698 Ut

956 1722 1023 1741 vero
1039 1715 1202 1741 defensores
1218 1714 1327 1741 Davtdis
1341 1714 1472 1740 invadere
1487 1713 1582 1740 utilius
1597 1721 1679 1747 quam
1696 1722 1745 1740 au-

956 1761 1052 1788 dacius
1063 1769 1123 1788 esse
1135 1761 1242 1792 statuit,
1259 1760 1292 1787 ad
1304 1768 1362 1790 eos,
1376 1761 1473 1786 itinere
1489 1759 1618 1785 instituto
1630 1759 1743 1792 omisso,

956 1807 1113 1832 revertitur.
1137 1806 1196 1838 Quo
1217 1804 1256 1831 illi
1280 1805 1375 1832 audito
1396 1804 1422 1831 in
1448 1805 1535 1831 aciem
1552 1804 1603 1831 sibi
1630 1804 1745 1832 descen-

956 1852 1076 1878 dendum
1091 1859 1144 1878 non
1156 1856 1335 1884 censuerunt,
1349 1851 1395 1878 sed
1409 1855 1494 1877 noctu
1510 1851 1626 1886 digressi
1640 1851 1745 1886 Byzan-

958 1899 1025 1925 tium
1043 1899 1171 1926 rcdeunt.
1193 1899 1277 1925 David
1295 1906 1360 1926 vero
1382 1903 1513 1933 reputans
1542 1903 1573 1925 ut
1597 1899 1745 1925 imminens

954 1945 1011 1980 jam
1037 1945 1198 1975 discrimen.
1219 1945 1301 1981 85.5
1329 1953 1379 1972 nec
1407 1945 1493 1972 multo
1521 1952 1536 1971 a
1562 1952 1591 1972 se
1612 1945 1745 1972 remotius

957 1998 1038 2025 quam
1055 1999 1070 2017 a
1083 1999 1153 2026 genu
1172 1991 1237 2018 tibia
1256 1992 1350 2023 distat,
1376 1996 1477 2024 praeter
1503 1990 1662 2024 opinionem
1679 1998 1746 2017 eva‘

957 2037 1048 2069 sisset,
1072 2045 1167 2064 rursus
1186 2036 1328 2070 ,Hcracleae
1348 2036 1463 2062 ﬁrmiter
1481 2035 1608 2066 inhaeret.
1631 2035 1746 2064 Latinus

958 2083 1161 2119 veroByzantii
1176 2083 1310 2118 degentes
1322 2082 1357 2109 ob
1371 2083 1454 2109 latum
1472 2083 1604 2109 auxilium
1623 2083 1746 2109 frumen-

960 2129 1037 2155 tariis
1055 2128 1171 2156 navibus
1186 2131 1213 2154 et
1227 2128 1320 2162 pernis
1335 2131 1543 2158 remuneratur;
1561 2132 1644 2161 atque
1658 2127 1691 2153 ab
1707 2127 1747 2154 eis

959 2174 1060 2201 auxilia
1076 2174 1168 2201 denuo
1188 2174 1263 2208 pctit.
1282 2177 1396 2207 oratque
1421 2177 1451 2199 ut
1472 2173 1500 2199 in
1515 2172 1618 2199 foedere
1646 2172 1745 2199 Lasca—

957 2221 1019 2247 rino
1032 2228 1061 2247 se
1077 2227 1186 2255 quoque
1198 2224 1227 2246 ut
1242 2227 1322 2246 suum
1334 2219 1476 2246 subditum
1493 2219 1744 2252 comprehendant,

957 2270 986 2293 et
1001 2273 1110 2293 omnem
1134 2266 1303 2300 provinciam
1327 2273 1408 2299 quam
1426 2269 1518 2292 teneat
1550 2265 1621 2291 inter
1636 2264 1748 2292 Latinas

958 2312 1115 2346 provincias
1127 2317 1282 2340 numerent.
1300 2312 1364 2345 Que
1387 2320 1448 2339 cum
1463 2313 1501 2339 illi
1522 2312 1696 2343 annuissent,
1720 2316 1748 2338 et

957 2357 1097 2385 Lascarim
1125 2358 1215 2385 Nicaea
1242 2358 1356 2386 Prusam
1380 2359 1480 2386 abiisse
1505 2359 1666 2391 audivisset,
1690 2358 1748 2393 ipse

959 2411 1070 2438 quoque
1085 2403 1216 2431 Heraclea
1228 2404 1331 2439 prodit,
1343 2409 1371 2431 et
1384 2405 1495 2431 auxiliis
1510 2413 1600 2439 nuper
1614 2405 1748 2439 Byzantio

960 2448 1052 2475 missis
1082 2448 1203 2481 inﬂatus,
1230 2457 1292 2476 cum
1313 2450 1355 2477 sui
1374 2455 1431 2477 tum
1458 2449 1566 2476 illorum
1592 2450 1748 2484 periculum

959 2494 1094 2524 facturus,
1126 2493 1259 2528 Sangario
1290 2495 1403 2522 ﬂumine
1428 2501 1559 2529 superato
1591 2495 1748 2522 Lascarinu:

959 2539 1073 2566 ditionis
1093 2540 1193 2574 oppida
1211 2545 1310 2571 vastat,
1337 2546 1365 2568 et
1389 2545 1451 2576 post
1467 2541 1527 2568 dies
1557 2540 1663 2575 aliquot
1685 2540 1748 2567 inde

959 2585 1123 2620 digreditur,
1139 2586 1281 2614 obsidibus
1306 2587 1433 2614 Plusiade
1451 2587 1583 2621 acceptis.
1604 2586 1748 2613 nonnullis

958 2636 1042 2658 etiam
1059 2633 1084 2658 in
1105 2632 1214 2660 vincula
1231 2634 1375 2668 conjectis,
1397 2633 1469 2667 quod
1493 2632 1526 2659 ad
1542 2632 1683 2659 Lascarim
1700 2632 1749 2659 de-

959 2678 1098 2706 fecissent.
1127 2679 1185 2706 ltali
1210 2687 1276 2706 vero
1293 2680 1403 2706 circiter
1421 2687 1468 2706 ccc
1487 2678 1621 2713 parabant
1637 2678 1747 2713 longius

961 2724 1102 2759 progredi,
1116 2729 1143 2752 et
1154 2733 1169 2752 ε
1181 2725 1299 2753 vallibus
1315 2725 1342 2752 in
1359 2729 1466 2752 montes
1478 2724 1675 2753 ascendebant.
1692 2725 1746 2751 Sed

764 2793 851 2825 Hier.
870 2794 972 2825 \Vollii
995 2799 1089 2827 notae.

158 2853 214 2888 (82)
236 2854 285 2887 Ὧς
300 2855 413 2882 οὔκουν
434 2854 556 2883 ἐϐάλετο
571 2856 645 2883 κατὰ
670 2855 756 2884 γοῦν.
777 2857 901 2892 Νοευιίυι

957 2879 962 2892 ,
978 2859 1050 2894 quod
1069 2858 1223 2886 redundare
1235 2857 1374 2892 existimo,
1390 2857 1484 2885 omisi.
