1950 3070
213 106 280 140 1οῗ9
840 107 987 138 ΝΙῦΕΤίΕ
1008 107 1208 139 (ΣΗΟΝΙΑΤᾹ
1758 110 1819 143 1040

244 162 312 197 Ego,
329 169 391 189 cum
408 162 434 188 iu
452 162 573 190 ntslorite
587 162 720 189 bellorum
743 162 928 188 cruciatorum
950 162 1106 197 germanieo
1116 170 1242 190 sermone
1260 162 1369 197 scripta
1394 166 1468 190 tomo
1494 163 1603 198 quinto,
1637 171 1719 198 quem
1753 173 1818 193 anno

209 210 350 244 superiori
369 209 454 240 edidi.
474 210 541 236 mihi
555 209 701 236 dicendum
720 213 792 235 essot
810 208 844 236 de
859 209 964 236 crudeli
978 209 1054 236 urbis
1079 209 1392 244 Constantinopolitanm
1423 210 1589 244 direptione,
1617 219 1700 246 quam
1717 211 1820 240 Nicetas

210 255 236 283 in
250 263 298 283 sua
331 257 444 283 historia
473 256 609 290 deplorat,
629 263 684 283 non
700 256 776 290 potui
809 256 948 290 negligere
972 256 1172 284 nobilissimum
1196 257 1263 283 illud
1279 257 1313 284 de
1326 256 1424 284 statuis
1451 256 1601 284 contractis
1629 257 1821 292 fragmentum,

210 302 284 336 quod
300 302 413 329 edidere
428 301 582 329 Bandurius
595 301 634 337 (in
654 302 765 336 Imperii
779 303 915 329 orientali:
946 307 1019 329 temo
1040 302 1138 337 primo)
1151 308 1178 329 et
1205 302 1367 334 FablticinH
1382 302 1409 329 in
1431 302 1597 329 Bibliotlteca'
1630 311 1725 337 gmw:
1755 304 1823 330 libro

208 347 329 382 quinto),
348 353 463 382 uterque
478 356 511 376 ex
527 349 631 375 codicis
647 348 758 383 quidem
776 348 918 375 Bodleiaui
936 348 1110 383 apographis,
1127 353 1225 375 neuter
1245 356 1309 374 vero
1339 348 1459 382 genuina
1478 348 1584 375 codicis
1615 347 1736 375 lectione
1751 348 1825 375 exhi-

208 391 276 424 bita,
290 393 316 419 id
333 393 406 427 quod
422 401 519 420 omnes
533 393 612 420 facile
630 393 792 428 intelligent,
808 394 854 428 qui
871 393 1026 420 Graecarum
1041 394 1083 420 litt
1095 401 1195 420 rarum
1227 401 1282 420 non
1311 394 1391 428 plane
1415 398 1484 420 sunt
1515 393 1631 421 indocti.
1651 393 1747 428 Itaque
1764 402 1823 421 cum

208 438 261 465 iter
291 439 450 474 inAngliam
468 448 562 466 tnense
579 440 649 466 Maio
664 439 815 473 superioris
832 440 895 466 anni
908 444 1067 474 susceptam
1084 440 1322 474 opportunitatem
1334 440 1401 466 mihi
1419 441 1554 474 praeberet
1569 441 1701 476 inclytam
1712 441 1824 469 Omnia:

206 485 303 512 urbem
315 486 433 517 visendi,
450 494 540 520 operae
553 486 670 520 pretintn
687 486 752 512 duri
769 485 929 512 Bodleiauas
943 485 1045 512 Nicetw
1062 486 1236 512 membranas
1252 491 1384 520 quantum
1411 486 1468 512 ﬁeri
1497 490 1590 520 posset
1618 486 1824 521 diligentissime

206 532 364 558 examinare
385 539 393 563 ;
413 537 495 566 atque
506 539 601 558 earum
618 539 696 558 usunt
709 532 837 558 lubenter
858 532 924 558 mihi
937 531 1074 558 concessit
1092 531 1142 559 viri
1157 539 1263 558 smnme
1282 532 1435 562 ret'crendi,
1452 532 1497 559 Dr.
1512 532 1654 564 Bandinel,
1669 540 1718 567 qui
1733 531 1827 560 biblqu-

208 578 295 605 theea:
310 577 467 605 Bodleiame
482 577 613 611 primario
627 577 688 604 loco
702 582 810 611 pra-cst,
828 582 855 603 et
871 577 1039 611 reliquerum
1057 577 1137 612 hujus
1165 577 1337 604 bibliotheca:
1351 577 1496 604 custodum
1526 578 1641 613 insignis
1664 577 1825 611 liberalitas.

207 625 302 658 Neque
316 631 359 651 me
375 623 472 650 fefellit
487 631 560 658 spes,
580 630 669 658 quam,
681 630 872 657 conceperam,
890 622 993 649 codicis
1013 630 1063 657 ope
1076 623 1240 657 fragmento,
1259 623 1330 657 quod
1343 621 1496 649 Bandurius
1504 629 1531 650 et
1549 623 1692 651 Fabricius
1707 624 1826 658 turpiter

210 674 376 704 corruptum
392 673 476 703 atque
497 669 675 703 depravatum
688 667 812 698 edidere,
825 668 847 694 si
861 675 962 702 paucas
973 668 1104 701 quasdam
1124 668 1307 702 corruptelas.
1325 676 1386 702 qua:
1401 670 1488 696 codici
1506 677 1667 698 communes
1680 676 1745 698 sunt
1764 679 1824 698 cum

207 714 543 750 editionibus,exceperis,
556 715 675 741 nativam
684 714 758 740 reddi
767 721 846 747 posse
860 712 1051 748 integritatem.
1063 714 1127 741 Post
1134 713 1252 740 reditum
1263 714 1345 748 igitur
1358 722 1392 741 ex
1404 715 1499 750 Anglia
1510 720 1633 743 nostrum
1645 715 1825 752 fragmentum

210 769 274 789 cum
287 759 513 795 interpretatione
524 760 679 794 germanica
690 763 717 785 et
727 758 802 785 brevi
817 757 995 785 annotatione
1011 758 1038 785 in
1052 757 1157 788 multis.
1175 762 1204 784 ut
1214 758 1308 791 credo,
1320 758 1493 786 emendatius
1509 760 1594 792 edidi,
1609 761 1636 787 in
1659 765 1726 788 tomi
1741 761 1825 796 quinti

210 807 331 834 historia:
340 806 473 833 bellorum
486 805 689 834 Cruciatorum,
700 803 734 831 de
752 811 807 838 quo
823 811 905 838 supra
921 803 988 835 dixi,
1003 804 1164 838 appendice,
1182 804 1291 839 adjutus
1304 812 1366 831 cum
1389 805 1540 832 amicorum
1557 806 1680 833 consiliis
1695 811 1723 833 et
1742 807 1825 833 moni-

211 854 294 885 tione,
316 859 373 880 tum
395 852 544 886 apograplii
570 850 758 886 Gottingensis
773 858 835 884 usu,
849 851 921 886 quod
938 852 1146 886 perhumaniter
1162 859 1267 879 mecum
1285 853 1499 880 communicavit
1512 853 1537 881 J.
1558 854 1589 882 D.
1606 854 1709 886 Reuss,
1726 855 1823 881 biblio-

210 902 294 928 thccze
310 898 496 934 Gottingensis
506 898 652 933 praefectus
669 897 827 932 primarius,
842 898 883 923 vir
897 897 1012 924 illustris
1026 897 1147 932 mihique
1161 897 1292 924 diuturna
1325 899 1446 925 amicitia
1459 899 1634 934 conjunctus.
1652 900 1749 935 Neque
1765 901 1826 928 inu-

211 947 258 974 tile
272 945 437 973 mihivisutu
454 950 496 971 est
516 949 630 975 textum,
648 951 730 978 quem
750 943 795 970 illo
809 943 871 970 loco
901 943 986 974 edidi,
1016 943 1236 977 qualemcunque
1262 944 1392 971 secundis
1420 945 1494 972 curis
1528 946 1629 980 passim
1661 948 1822 982 castigatum

209 991 324 1019 seorsim
346 995 469 1025 repetere
486 996 663 1024 ;quanquam
680 996 854 1024 summopere
873 989 1024 1024 optandum
1041 993 1093 1021 est,
1109 993 1138 1015 ut
1154 989 1290 1024 integrum
1306 989 1407 1016 Nicetat
1435 989 1469 1017 de
1491 991 1599 1018 excidio
1628 992 1728 1026 patria:
1755 993 1825 1020 urbis

211 1038 386 1073 opusculum,
404 1036 430 1063 in
450 1037 529 1071 cujus
543 1036 595 1062 ﬁne
608 1041 735 1062 nostrum
752 1035 1056 1070 i'aagmentuuilcgilur,
1073 1036 1164 1062 liccta
1179 1035 1275 1070 majori
1294 1043 1389 1070 opere,
1402 1037 1475 1071 quod
1500 1037 1571 1072 typis
1597 1039 1700 1072 sapius
1725 1039 1823 1066 editum

210 1093 262 1120 cst,
279 1095 332 1114 non
347 1086 463 1112 multum
488 1084 598 1112 diﬂ‘erat
610 1084 652 1119 (‘),
674 1084 700 1110 in
716 1083 804 1110 lucem
820 1083 875 1110 cito
893 1083 1082 1117 protrahatur.
1100 1082 1292 1117 lnterpretatio
1305 1083 1412 1115 Latina,
1424 1092 1507 1119 quam
1536 1085 1638 1117 addidi.
1652 1091 1696 1114 est
1724 1087 1825 1114 Bandu-

212 1136 289 1163 riana
304 1134 337 1161 ad
354 1139 477 1161 nostrum
494 1136 599 1160 textum
620 1132 718 1166 passim
729 1131 933 1158 accommodata
950 1139 957 1162 ;
972 1130 1024 1157 nisi
1039 1131 1113 1165 quod
1132 1131 1318 1158 narrationem
1331 1131 1364 1158 de
1382 1131 1487 1159 'Ihoxna
1504 1133 1663 1167 patriarcha
1692 1135 1822 1162 Constan-

210 1182 404 1216 tinopolitano,
417 1187 498 1214 qualn
513 1179 656 1214 Heynius(
675 1178 703 1204 in
718 1177 915 1205 Commentatt.
930 1176 1026 1204 societ.
1042 1177 1109 1211 Reg.
1122 1176 1197 1203 Gott.
1211 1177 1244 1203 ad
1264 1184 1289 1203 a.
1309 1177 1391 1209 i795,
1413 1179 1490 1210 1794,
1509 1179 1564 1206 vol.
1582 1177 1642 1211 Xll,
1658 1178 1746 1207 Class.
1763 1180 1824 1208 hist.

208 1233 237 1256 et
259 1227 356 1263 philo].
382 1235 409 1262 p.
435 1226 497 1260 507)
527 1225 632 1260 primus
656 1233 689 1252 ex
706 1224 864 1259 apegrapho
885 1223 1056 1258 Gottingensi
1084 1222 1178 1250 Griece
1207 1223 1304 1255 edidit,
1324 1223 1381 1258 ipse
1406 1225 1434 1251 in
1454 1223 1583 1252 Latinum
1595 1233 1752 1254 sermonem
1763 1235 1822 1254 con-

211 1274 291 1301 \et'ti.

243 1321 335 1350 Codex
349 1319 527 1350 Bodleianus,
547 1318 574 1345 in
590 1325 645 1353 quo
668 1322 792 1345 nostrum
819 1317 1002 1352 fragmentum
1022 1315 1149 1349 habetur,
1163 1315 1236 1343 inter
1258 1316 1318 1343 illos
1351 1316 1474 1350 codices,
1500 1317 1547 1353 qtti
1560 1325 1634 1346 anno
1663 1318 1733 1348 1628
1744 1321 1823 1348 dona-

210 1370 285 1396 tione
297 1368 409 1394 Thoma:
426 1366 483 1393 ltoe
499 1364 533 1391 ad
551 1363 712 1391 Bodleianas
728 1364 822 1398 copias
837 1371 993 1397 accessere,
1006 1362 1154 1398 insignitus
1166 1366 1209 1389 est
1220 1370 1335 1390 numero
1350 1362 1434 1396 X.\ll,
1452 1365 1629 1399 scriptusque
1656 1367 1767 1400 saeculo,
1797 1373 1823 1395 ut

211 1414 304 1446 credo,
319 1411 427 1440 decimo
444 1417 544 1447 quarto
555 1411 672 1447 eleganti
687 1418 769 1438 tnanu
784 1414 812 1437 et
826 1409 854 1436 in
862 1407 1031 1436 membranis
1045 1407 1187 1443 paululum
1201 1408 1308 1443 spissis,
1321 1408 1394 1435 foliis
1410 1414 1544 1443 quantum
1556 1411 1589 1438 ad
1620 1411 1739 1440 formam
1758 1414 1823 1441 intc-

209 1459 266 1493 gris
280 1466 370 1493 neque
398 1457 616 1493 prtegrandibus.
633 1456 708 1484 lnest
719 1456 784 1483 huic
792 1455 880 1483 codici
897 1459 997 1489 praeter
1009 1454 1062 1481 alia
1079 1455 1211 1489 opuscula
1230 1454 1382 1489 theologica
1398 1459 1422 1482 at
1434 1456 1553 1491 juridica
1565 1457 1670 1485 Nicetze
1686 1459 1820 1487 Chonia‘a:

211 1503 370 1530 Thesaurus
384 1501 543 1528 orthodoxa:
555 1501 629 1533 iidei,
645 1501 672 1528 in
685 1501 764 1535 cujus
779 1499 833 1527 ﬁne
852 1499 925 1535 (cod.
944 1499 992 1525 fol.
1011 1499 1063 1526 4‘25
1081 1500 1168 1534 recto)
1184 1500 1244 1526 sine
1269 1500 1419 1535 epigraphe
1432 1502 1527 1536 incipit
1543 1504 1713 1532 narrationis
1730 1505 1763 1532 de
1776 1513 1820 1532 ex-

211 1549 284 1577 cidio
300 1547 553 1582 Constantinopolis
571 1547 598 1573 in
609 1547 680 1574 duos
692 1546 778 1573 libros
793 1545 947 1572 distributae
963 1544 981 1571 li

1054 1545 1130 1579 prior
1148 1553 1163 1572 a
1181 1545 1274 1573 verbis
1292 1546 1393 1573 ε’Δλλά
1410 1548 1491 1582 μέχρι
1508 1548 1557 1583 μὲν
1571 1548 1603 1584 δὴ
1620 1550 1726 1577 τούτων
1740 1550 1824 1584 56690-

215 1603 263 1630 μος
279 1596 346 1630 ἡμῖν
362 1595 376 1620 ό
389 1595 477 1628 λόγος,
495 1601 555 1628 quat
570 1594 698 1628 leguntur
716 1593 744 1620 in
755 1592 857 1620 Nicetze
879 1591 1001 1619 editione
1021 1591 1171 1620 Parisiensi
1189 1601 1217 1627 p.
1231 1594 1292 1620 345.
1319 1593 1521 1629 Complectitur
1544 1595 1589 1623 hic
1606 1596 1680 1624 liber
1697 1604 1751 1624 non
1780 1604 1822 1623 so-

213 1643 269 1668 lutn
287 1648 330 1673 ea,
348 1648 409 1676 quae
425 1640 529 1675 reliqua
543 1645 607 1667 sunt
625 1639 698 1667 tertii
716 1639 780 1666 libri
793 1639 971 1666 historiarum
989 1639 1076 1666 Alexii
1105 1640 1178 1667 tertii
1207 1639 1340 1668 Comneni
1361 1642 1388 1668 in
1419 1642 1572 1676 impressis,
1606 1651 1704 1670 verum
1736 1643 1823 1670 lsaacii

214 1695 323 1722 quoque
337 1687 443 1722 Angelii
458 1694 510 1713 una
528 1694 591 1713 cum
608 1686 704 1712 Alexio
720 1685 777 1712 [ilio
789 1686 917 1712 iteratum
932 1685 1078 1719 imperium
1095 1689 1184 1720 atque
1196 1691 1329 1720 praeterea
1358 1695 1402 1714 res
1426 1693 1516 1723 gestas
1535 1689 1624 1717 Alexii
1645 1690 1728 1717 Ducas
1743 1690 1821 1716 Murt-

215 1733 290 1761 wili.
307 1733 389 1760 Liber
405 1733 541 1767 posterior
561 1732 707 1768 insignitus
723 1731 924 1766 inscriptione:
941 1732 985 1765 τόι.

1054 1732 1164 1766 εὐτερος
1182 1733 1291 1760 orditur
1316 1734 1436 1761 averbis
1453 1743 1461 1761 :
1485 1733 1547 1769 Εἱχε
1579 1736 1629 1769 μὲν
1658 1736 1729 1762 οὕτω
1745 1735 1822 1761 ταῦτα

214 1781 261 1806 καὶ
277 1779 292 1813 ἡ
308 1778 515 1805 Κωνστηιντὶνου
533 1776 710 1808 Καλλίπολις,
738 1784 799 1811 qua).
835 1776 980 1804 inveniunt

1052 1785 1058 1804 |
1087 1777 1133 1804 ed.
1148 1778 1238 1805 Paris.
1254 1786 1282 1813 p.
1298 1780 1349 1806 577
1364 1780 1396 1807 Α.
1413 1789 1420 1812 ;
1434 1784 1517 1815 atque
1545 1781 1589 1808 hic
1623 1781 1694 1809 liber
1709 1782 1822 1809 continet

214 1825 401 1854 narrationem
416 1830 699 1857 earumrerum,quae
718 1826 781 1857 post
796 1826 903 1856 captam
935 1821 1030 1849 urbem
1047 1822 1099 1849 sub
1122 1822 1259 1850 Balduino
1287 1823 1455 1858 imperatore
1479 1825 1617 1854 accidere.
1646 1827 1676 1853 In
1705 1827 1817 1862 ejusdem

213 1871 277 1898 libri
295 1871 347 1898 [lue
362 1870 411 1897 fol.
423 1869 473 1896 “7
486 1874 559 1897 recto
575 1873 637 1904 post
656 1868 740 1896 verba
754 1876 760 1894 :
777 1869 835 1895 Ἵνα
851 1867 879 1894 δὲ
894 1868 931 1903 μὴ
943 1877 980 1903 μα

1053 1869 1102 1904 έρᾳ
1110 1870 1143 1904 τῇ
1164 1869 1272 1905 ἱστορίᾳ
1287 1870 1424 1904 χρώμενοι
1442 1872 1694 1908 πολυπλοκωτέρας
1707 1872 1822 1900 ἐντεῦθεν

213 1919 263 1949 τὰς
280 1917 368 1948 λύπας
380 1915 519 1950 κτώμεθα,
534 1916 613 1942 ταυτὶ
625 1915 676 1951 μὲν
689 1915 861 1950 παρήσομεν,
875 1915 983 1941 ἐκεῖναὶ

1057 1915 1176 1950 ἐπιτομῇ
1193 1915 1232 1949 τῷ
1243 1915 1315 1950 λόγῳ
1331 1917 1466 1950 δώσομεν,
1482 1917 1578 1952 incipit
1591 1926 1655 1945 cum
1676 1918 1823 1945 narratione

215 1965 250 1991 de
261 1963 372 1991 Thomas
383 1961 547 1997 patriarchae
562 1962 681 1989 adventu
697 1961 882 1996 fragmentum
897 1968 912 1987 a
927 1961 1007 1987 nobis
1019 1960 1136 1993 editum,
1154 1961 1226 1995 quod
1243 1962 1488 1996 comprehenditur
1501 1964 1574 1991 foliis
1589 1965 1741 1993 “7—450.
1768 1963 1821 1991 Ce-

216 2015 304 2037 terum
318 2009 386 2038 satis
410 2009 571 2042 diligentem
601 2008 684 2043 hujus
697 2007 803 2035 codicis
816 2006 1031 2041 descriptionem
1046 2008 1201 2041 composuit
1218 2007 1357 2035 Gerardus
1385 2009 1542 2044 Langbaine
1565 2011 1593 2037 in
1620 2013 1743 2048 catalogo
1753 2011 1825 2039 codi-

214 2063 277 2083 cum
297 2054 509 2082 Bodleianorum
520 2054 642 2081 nondum
655 2052 836 2088 edito,quem
855 2052 989 2080 benevole
1006 2052 1073 2079 mihi
1089 2052 1203 2080 tradidit
1228 2053 1431 2088 inspiciendum
1450 2056 1492 2082 vir
1516 2064 1623 2083 sutnme
1648 2057 1819 2087 reverendus,

217 2102 263 2128 Dr.
283 2100 429 2128 Bandinel.

254 2146 333 2180 Quod
348 2147 486 2182 reliquum
501 2151 553 2180 est,
570 2146 707 2173 indicatus
720 2149 762 2173 est
774 2145 801 2172 in
811 2145 882 2173 notis
893 2145 1009 2179 criticis,
1025 2152 1094 2180 quas
1108 2145 1194 2172 textui
1225 2146 1319 2173 Graeco
1335 2147 1451 2182 subjeci,
1470 2148 1555 2176 codex
1588 2149 1825 2178 Bodleianuslitte-

218 2194 257 2221 ris
271 2193 301 2220 C.
319 2193 348 2220 Β.
364 2201 371 2226 ;
388 2193 493 2221 codicis
514 2192 637 2220 Vaticani
657 2193 818 2227 fragmenta,
831 2199 892 2226 quae
905 2191 1071 2219 Lambecius
1083 2192 1212 2226 protulit,
1246 2193 1358 2220 distinxi
1385 2193 1488 2221 litteris
1511 2195 1542 2222 C.
1569 2195 1612 2228 V.,
1639 2196 1823 2231 Apographum

216 2237 395 2272 Gottingense
414 2238 513 2265 litteris
526 2238 556 2265 A.
571 2238 614 2270 G.,
631 2241 736 2265 textum
755 2237 961 2265 Bandurianum
978 2237 1073 2265 littera
1083 2237 1126 2270 Β..
1142 2245 1169 2265 et
1185 2238 1379 2267 Fabricianum
1395 2240 1487 2268 littera
1502 2241 1531 2268 F.

440 2387 510 2412 hanc
527 2386 554 2413 in
572 2393 629 2413 rem
647 2386 790 2415 observata
808 2394 822 2414 a
838 2387 919 2415 nobis
931 2392 995 2416 sunt
1012 2388 1039 2415 in
1074 2389 1145 2417 libro
1159 2394 1254 2417 nostro
1272 2399 1277 2417 :
1299 2389 1390 2418 Gesch.
1416 2391 1462 2417 dcr
1495 2391 1660 2427 Krruzzr‘ige,
1685 2397 1703 2419 t.
1721 2392 1749 2423 ν,
1771 2389 1822 2417 Bei-
