1949 3073
87 189 155 223 1097

778 175 1021 206 THESAUBUS.

1632 165 1698 196 1098

84 220 199 276 ᾖνεῦμα
208 241 238 266 τὸ
253 239 341 273 ἅγιον.
356 237 411 265 Καὶ
428 235 546 270 καθεξῆς
563 234 700 269 διήγησις,
715 231 795 276 ὅπως
803 238 865 256 συν-

934 229 1000 256 modo
1026 227 1145 255 secunda
1169 225 1290 263 synodus
1316 227 1479 259 congregata
1502 220 1596 253 fuerit,
1612 224 1641 247 et
1663 220 1698 246 de

84 289 151 322 έστη
163 275 188 321 δή
202 286 315 320 δευτέρα
330 284 448 315 σύνοδος,
475 282 523 308 καὶ
538 280 604 316 περὶ
618 280 673 306 τῶν
690 275 868 313 κυρωθέντων

85 333 163 367 παρὰ
175 331 261 365 αὐτῆς
276 339 283 346 ·
296 330 343 357 καὶ
355 329 405 364 τῆς
417 327 614 363 παραιτήσεως
633 324 681 351 τοῦ
698 323 778 356 ἁγίου
795 322 868 356 Γρη-

85 378 181 413 γοριου
197 377 246 404 τοῦ
260 375 393 410 Θεολόγου
407 375 457 409 τῆς
471 372 517 399 ἐπὶ
532 371 570 406 τῷ
587 370 675 405 θρόνῳ
691 369 869 413 Κωνσταντι-

87 411 251 454 νουπόλεως.
269 422 325 449 Καὶ
343 420 413 456 μετὰ
432 418 520 446 ταῦτα
532 417 561 444 αι
582 416 695 452 χρήσεις
713 414 768 440 τῶν
783 411 869 445 ἁγίων

86 470 116 497 αἱ
136 469 201 504 περὶ
221 468 269 495 τοῦ
294 467 427 502 ὁμότιμον
451 462 524 491 εἶναι
539 463 570 490 τδ
588 461 702 496 Πνεῦμα
719 458 759 494 τῷ
781 457 870 492 Πατρὶ

87 515 136 542 καὶ
151 513 191 549 τῷ
205 513 285 548 Λόγῳ
300 511 513 547 ὲκφωνηθεῖσαι.

353 569 443 604 Τόμος
468 566 602 601 ἕϐδομος.

123 627 195 662 Περὶ
209 626 256 653 τοῦ
274 625 332 660 βίου
350 625 398 651 καὶ
413 623 468 651 τῶν
485 623 620 658 αἱρέσεων
633 621 681 648 τοῦ
710 618 869 647 Ἀπολλινα-

90 672 160 707 ρίου,
175 672 223 699 καὶ
249 671 304 698 τῶν
325 669 534 704 ἀνατρεπόντων
557 666 642 698 αὑτὰς
666 664 796 701 ῥημάτων
815 664 871 690 τῶν

89 717 175 750 ἁγίων
189 717 237 744 καὶ
252 715 390 751 θεοφόρων
405 714 485 750 ήμῶν
496 712 639 748 Πατέρων.

368 770 461 805 Τόμος
474 769 594 804 ὄγδοος.
619 800 624 805 _

125 830 194 865 Περὶ
210 829 257 856 τοῦ
273 828 331 865 βιου
345 828 393 856 καὶ
410 827 461 863 τῆς
487 827 622 860 αἱρέσεως
641 824 800 859 Νεστορῑου,
824 824 871 850 καὶ

88 877 144 903 τῶν
158 875 313 903 θεοπλόκων
326 873 457 911 ῥημάτων
468 871 518 899 τοῦ
532 869 685 906 ἁγιωτάτου
697 869 780 896 Πάπα
796 869 870 895 ’Δλε-

90 922 233 957 ξανδρείας
245 921 381 957 Κυρίλλου
391 940 399 953 ,
419 919 473 946 τῶν
488 917 696 953 ἀνατρεπόντων
711 916 762 951 τὴν
780 914 872 943 τοιαύ-

89 978 141 1005 την
157 969 275 1005 αἵρεσιν.

357 1022 449 1056 Τόμος
472 1021 610 1053 ἐννατος.

126 1081 258 1119 Διήγησις
282 1080 338 1107 τῶν
353 1080 425 1106 κατὰ
445 1078 492 1106 τὸν
515 1076 623 1112 Εὐτυχῆ
647 1077 695 1103 καὶ
718 1076 768 1110 τῆς
789 1075 872 1102 αὐτοῦ

90 1128 223 1163 αἱρέσεως
235 1134 242 1141 ·
255 1127 301 1153 καὶ
312 1126 374 1161 ὅρος
389 1125 439 1160 τῆς
453 1123 524 1152 κατὰ
538 1123 585 1150 τοῦ
602 1122 722 1149 τοιούτου
735 1121 873 1156 Εὑτυχοῦς

919 273 1128 301 deﬁnitionibus
1156 281 1188 301 ac
1211 271 1330 300 decretis
1355 270 1501 305 ejusdem:
1530 268 1565 295 de
1589 266 1700 294 abdica-

919 318 994 346 tione
1030 318 1122 346 throni
1159 314 1455 350 Constantinopolitani
1487 320 1535 348 per
1575 315 1700 339 sanctum

918 364 1076 399 Gregorium
1099 364 1278 398 Theologum.
1306 363 1422 390 Demum
1450 361 1510 388 loca
1544 362 1701 386 sanctorum

918 409 1041 442 Patrum,
1057 410 1130 445 quod
1147 409 1204 444 pari
1226 409 1332 436 honore
1351 406 1521 434 adﬁciendus
1533 405 1568 432 sit
1583 403 1703 438 Spiritus

919 459 1042 488 sanctus,
1056 463 1089 482 ac
1102 455 1182 482 Pater
1196 460 1224 482 et
1233 454 1329 481 Eilius.

1186 554 1280 582 Tomus
1301 553 1437 589 septimus.

955 614 994 642 De
1007 613 1109 642 vita'et
1125 612 1275 640 haeresibus
1298 609 1478 645 Apollinarii:
1495 613 1524 636 et
1549 610 1706 636 sanctorum

921 657 1143 692 deiferorumque
1168 657 1280 684 Patrum
1308 655 1391 686 dicta,
1410 654 1510 689 quibus
1530 653 1583 680 illae
1612 652 1707 680 confu-

922 707 1015 731 tantur
1026 707 1054 731 et
1067 706 1239 730 evertuntur.

1206 769 1299 797 Tomus
1314 772 1431 795 octavus.

957 828 996 855 De
1009 827 1064 855 vita
1077 832 1105 855 et
1123 827 1222 855 haeresi
1248 826 1367 855 Nestorii
1379 834 1386 852 :
1406 825 1494 860 deque
1507 823 1588 852 dictis
1598 823 1709 854 divinis,

923 874 1024 909 quibus
1037 874 1226 902 sanctissimus
1239 873 1310 907 Papa
1333 871 1503 899 Alexandriae
1527 870 1643 906 Cyrillus
1658 869 1711 896 hu-

923 919 1040 948 iusmodi
1052 919 1188 956 heresim
1200 918 1309 946 evertit.

1217 1022 1311 1049 Tomus
1324 1029 1418 1048 nonus.

958 1077 1102 1106 Enarratio
1118 1077 1151 1105 de
1168 1077 1249 1105 rebus
1268 1076 1399 1113 Eutychis
1418 1075 1490 1103 etde
1518 1075 1612 1103 hmresi
1628 1075 1706 1110 ejus:

924 1129 956 1150 ac
968 1121 1109 1150 decretum
1123 1126 1227 1157 quartae
1247 1126 1347 1148 sanctae
1362 1120 1459 1156 synodi
1477 1124 1570 1147 contra
1585 1121 1712 1147 eumdem

93 1172 327 1208 συγκροτηθείσης
344 1171 425 1205 ἁγίας
442 1170 578 1205 τετάρτης
595 1168 714 1195 συνόδου.
726 1166 792 1194 Εῐτα
809 1168 873 1202 περὶ

934 1167 1076 1203 Eu'tychen.
1093 1166 1252 1196 Postea..de
1268 1166 1312 1198 iis,
1330 1165 1376 1200 qui
1405 1165 1535 1192 Dioscoro
1549 1163 1715 1191 Patr-inrchae

91 1218 146 1245 τῶν
163 1217 439 1252 ἀντιλαμϐανομένων
451 1215 498 1242 τοῦ
516 1214 662 1249 Διοσκόρου
673 1234 681 1246 ,
697 1214 726 1244 ὃς
741 1213 874 1248 πατριάρ-

934 1213 1111 1240 \lexandrino
1141 1211 1395 1247 patrocinabantur,
1422 1210 1548 1245 quicum
1579 1210 1714 1245 Eutyche,

91 1272 142 1299 χης
158 1261 192 1299 ἧν
208 1261 424 1297 Ἀλεξανδρείας,
439 1260 633 1296 συγκαθῃρὲθη
656 1259 684 1286 δὲ
703 1259 743 1295 τῷ
760 1258 875 1293 Εὑτυχεϊ

934 1262 1025 1293 utpote
1041 1257 1199 1285 earumdem
1213 1256 1357 1284 haeresium
1374 1261 1503 1289 assertor.
1518 1256 1716 1284 condemnatus

92 1310 130 1341 ὡς
147 1309 274 1344 ὁμόφρων
292 1306 427 1343 περὶτῶν
445 1307 578 1341 αἱρέσεων
590 1324 598 1338 ,
612 1306 653 1337 εις
678 1304 710 1332 ἂν
734 1305 771 1339 (ὅ)
801 1301 874 1331 οὗτοι

934 1308 979 1338 :st,
993 1304 1080 1332 donec
1093 1304 1112 1331 ii
1126 1303 1208 1332 etiam
1225 1304 1306 1331 divisi
1317 1307 1391 1337 sunt,
1409 1311 1467 1331 sese
1482 1302 1716 1336 Diacrinomenos,

92 1355 279 1391 διῃρέθησαν,
298 1353 524 1389 διακρινομένους
545 1352 661 1382 ἑαυτοὺς
680 1350 873 1385 ὀνομάσαντες.

937 1351 953 1377 d
967 1355 1010 1378 est
1024 1355 1188 1385 segregatos,
1201 1349 1380 1385 appellantes.
1397 1349 1425 1376 ln
1440 1349 1491 1376 hac
1517 1356 1583 1376 vero
1617 1356 1711 1375 narra-

100 1402 145 1429 ‘Ev
158 1402 247 1437 ταύτῃ
257 1401 286 1427 δὲ
298 1401 331 1435 τῇ
345 1399 482 1434 διηγήσει,
501 1398 548 1424 καὶ
562 1397 627 1431 περὶ
643 1396 699 1423 τῶν
722 1395 876 1430 λεγομένων

934 1397 1001 1423 ,ἰοηε
1015 1396 1138 1430 quaedam
1151 1396 1184 1423 de
1205 1395 1247 1428 iis,
1262 1395 1309 1430 qui
1342 1394 1473 1430 Acephali
1485 1394 1666 1428 vocabantur,
1690 1399 1718 1422 et

99 1447 258 1483 ’Δκεφάλων
274 1447 334 1473 τινὰ
347 1466 355 1479 ,
371 1445 418 1483 καὶ
435 1445 515 1480 μνεία
538 1444 662 1471 Ἰωάννου
679 1441 875 1477 γραμματικοῦ

934 1441 1030 1469 mentio
1042 1441 1154 1468 Joannis
1164 1440 1351 1473 Gralnmatici,
1365 1441 1412 1476 qui
1425 1440 1593 1475 Philopouus
1622 1441 1717 1475 appel-

93 1494 141 1521 τοῦ
161 1493 312 1528 λεγομένου
330 1491 489 1518 Φιλοπόνου.
506 1489 563 1517 Καὶ
584 1489 677 1516 ἔκτοτε
695 1486 877 1523 προδλήματά

938 1486 1045 1514 abatur.
1068 1486 1165 1514 Postea
1191 1494 1257 1514 vero
1282 1486 1449 1522 problemata
1477 1486 1600 1521 quaedam
1625 1486 1718 1513 Mono-

94 1549 156 1568 τινα
169 1540 223 1567 τῶν
238 1537 444 1572 Μονοφυσιτῶν,
463 1536 588 1571 καὶπρὸς
607 1535 696 1562 ταῦτα
716 1534 876 1570 ἀντίρρησις

934 1532 1123 1568 physitarum:
1142 1537 1168 1560 et
1184 1533 1218 1560 ad
1245 1533 1303 1560 haec
1329 1532 1526 1560 antirrheticus
1555 1539 1637 1560 unus.
1664 1532 1718 1559 Dc-

98 1587 159 1622 μια.
177 1586 233 1612 Καὶ
251 1585 379 1620 ὲφεξῆςή
394 1581 524 1618 ἐπιστολὴ
539 1581 586 1608 τοῦ
607 1581 721 1612 Λέοντος
734 1579 780 1607 τοῦ
797 1579 877 1613 ἁγιω-

934 1587 1006 1606 mum
1020 1579 1139 1614 Epistola
1163 1579 1263 1606 Leonis
1283 1578 1449 1606 sanctissimi
1477 1579 1557 1614 Papae
1590 1578 1716 1610 Romani,

80 1633 178 1665 Δβάτου
195 1631 279 1658 Πάπα
296 1630 417 1666 Ῥώμης,
433 1630 450 1664 ὴ
469 1629 628 1664 πεμφθεῖσα
644 1627 712 1662 πρὸς
725 1626 775 1662 τήν
784 1625 880 1660 τετάρ-

95 1687 146 1714 την
159 1678 277 1705 σύνοδον.

363 1735 456 1770 Τόμος
481 1733 617 1767 δέκατος.

134 1793 204 1829 Περὶ
220 1793 270 1828 τῆς
289 1792 417 1827 πέμπτης
446 1791 568 1823 συνόδου,
585 1791 646 1826 ἥτις
674 1790 724 1825 τὴν
747 1789 882 1825 τετάρτην

100 1840 209 1867 σύνοδον
223 1840 348 1874 ἐκύρωσε
364 1838 412 1865 καὶ
432 1837 566 1873 ἐκράτυνε
578 1857 586 1869 ,
602 1835 820 1871 συγκροτηθεῐσα
836 1834 883 1861 ἰπὶ

99 1887 149 1921 τῆς
176 1885 317 1921 βασιλείας
348 1882 554 1910 ’1ουστινιανοῦ.
575 1883 620 1908 Ἐν
645 1882 673 1908 δὲ
699 1882 732 1916 τῇ
756 1881 882 1916 διηγήσει

99 1932 150 1966 τῆς
168 1931 298 1966 τοιαύτης
315 1929 436 1962 συνόδου,
461 1929 509 1955 καὶ
522 1927 570 1954 τοῦ
585 1927 658 1959 ὅπως
674 1927 859 1962 συνεκροτήθη
874 1945 882 1958 ,

931 1624 965 1652 ad
976 1630 1101 1661 quartam
1124 1625 1256 1661 synodum
1274 1625 1366 1653 missa.

1224 1730 1317 1758 Tomut
1328 1729 1455 1757 det-smus.

967 1783 1005 1817 De
1018 1789 1112 1824 quinta
1123 1787 1239 1823 synodo,
1254 1794 1315 1822 qua:
1330 1789 1455 1821 quartam
1470 1783 1602 1820 synodum
1620 1783 1720 1811 contir—

933 1833 1018 1861 mavit
1039 1838 1068 1861 et
1094 1832 1221 1863 asseruit,
1250 1837 1365 1866 quaeque
1390 1829 1541 1864 imperante
1567 1826 1720 1854 Justiniano

932 1883 1026 1907 coacta
1042 1883 1093 1906 est.
1111 1878 1138 1905 In
1153 1877 1310 1905 narratione
1322 1878 1413 1903 autem
1425 1874 1459 1901 de
1477 1873 1523 1901 illa
1546 1873 1661 1908 synodo,
1693 1877 1721 1899 et

933 1923 1073 1959 quomodo
1087 1923 1201 1950 collecta
1218 1921 1311 1953 fuerit,
1339 1918 1470 1946 inseritur
1493 1918 1605 1945 haeresis
1629 1918 1722 1944 Mono-

100 1963 252 2011 ἐμφέρεται
296 1975 402 2010 αἵρεσις
419 1973 473 2000 τῶν
493 1971 700 2008 Μονοφυσιτῶν,
720 1973 748 1998 ὲν
761 1972 840 2006 μέρει
854 1971 877 1998 δὲ

934 1969 1115 2005 physitarum,
1127 1973 1209 2002 atque
1224 1967 1305 1994 etiam
1322 1973 1355 1992 ex
1384 1968 1461 2000 parte
1484 1963 1720 1991 Nestorianmum.

91 2008 149 2049 ’καί
173 2008 229 2048 τῶν
247 2008 449 2056 Νεστοριανῶν.
477 2020 593 2046 Ἐκτοτε
616 2019 704 2053 ψῆφος
724 2017 877 2052 Ἐπιφανιον.

934 2015 1067 2049 Deinceps
1086 2014 1227 2042 decretum
1240 2011 1384 2047 Epiphanii
1411 2009 1575 2046 patriarchae
1590 2008 1722 2036 Constan-

101 2067 271 2102 πατριάρχου
288 2067 495 2094 Κωνσταντινου
501 2065 616 2098 πόλεως,
631 2064 679 2091 καὶ
690 2064 740 2099 τῆς
751 2063 877 2098 ἐνδημού-

935 2061 1119 2096 tinopolitani,
1135 2059 1270 2095 etsynodi
1301 2057 1402 2085 ibidem
1430 2059 1600 2091 congregata
1627 2059 1721 2081 contra

102 2101 275 2147 anscuvddou
291 2112 362 2139 κατὰ
379 2110 501 2146 Σιὸήρου
523 2110 571 2137 καὶ
593 2109 687 2144 Ζωόρα
709 2108 756 2136 καὶ
779 2109 877 2144 Πέτροι

934 2108 1076 2140 Severum,
1086 2107 1202 2134 Zooram
1215 2111 1242 2134 et
1252 2106 1362 2133 Petrum
1375 2102 1589 2138 Monophysitas.
1599 2101 1722 2129 Alterum

100 2157 156 2185 τῶν
172 2157 381 2193 Μονοφυσιτῶν.
400 2156 498 2191 Ἑτέρα
510 2155 600 2191 ψῆφος
614 2155 696 2190 Μηνᾶ
710 2155 877 2190 πατριάρχοι

935 2153 1075 2181 decretum
1110 2153 1188 2180 Mena
1224 2151 1386 2187 patriarchae
1427 2147 1722 2182 ConstantinOpolitani

101 2203 416 2235 Κωνσταντινουπόλεως
444 2203 514 2230 κατὰ
535 2201 589 2229 τῶν
611 2201 712 2228 αὐτῶν.
733 2201 877 2236 ’Δναθεμω

935 2205 1032 2228 contra
1047 2199 1170 2227 eosdem.
1185 2197 1415 2226 Anathematismi
1442 2195 1565 2222 Antlrimi
1583 2198 1723 2228 metropo-

101 2252 195 2287 τισμοὶ
217 2251 346 2286 ’Δνθιμου
363 2249 565 2286 μητροπολίτου
577 2246 786 2283 Τραπεζοῦντος
800 2246 877 2272 Μονο⁴

935 2245 992 2273 lita:
1006 2245 1213 2280 Trapezuntini,
1227 2244 1275 2279 qui
1291 2241 1480 2278 Monophysita
1501 2244 1572 2268 erat.
1599 2239 1722 2266 Alterum

102 2298 216 2332 φυσίτου
230 2297 317 2329 ὄντος.
335 2297 434 2332 Ἑτέρα
450 2296 539 2331 ψῆφος
558 2295 605 2322 τοῦ
619 2293 701 2321 αὐτοῦ
717 2293 886 2328 πατριάρχου

101 2344 286 2379 καθαιρετική
304 2343 351 2370 τοῦ
369 2342 452 2370 αὑτοῦ
472 2341 611 2376 ’Δνθίμοψ
627 2341 743 2367 Ἕκτοτε
764 2339 887 2371 διάταξις

108 2389 297 2417 ἰουστινιανοΰ
327 2389 459 2425 βασιλέως
487 2387 559 2414 κατὰ
580 2385 724 2420 Ἀνθίμου,
748 2384 885 2420 Σεϐήρου,

103 2436 220 2471 Πέτρου,
235 2437 281 2464 καὶ
297 2436 400 2471 Ζωόρα.
425 2433 570 2469 Ἐπιστολὴ
594 2433 718 2460 Ἰωάννου
739 2430 887 2467 Ἰεροσολύ-

106 2490 166 2517 μων
193 2483 241 2509 καὶ
260 2482 316 2509 τῶν
340 2482 387 2508 ὑπ’
411 2481 493 2507 αὑτὸν
518 2480 678 2506 ἐπισκόπων
701 2478 836 2513 δεχομένη
853 2477 888 2504 τὰ

104 2530 177 2557 κατὰ
192 2530 313 2565 Σεὸήρου
327 2527 510 2564 ψηφισθέντα,
529 2527 577 2552 καὶ
590 2525 661 2560 μετὰ
672 2524 760 2552 ταῦτα
774 2525 889 2560 χρήσεις

103 2581 229 2614 διάφοροι
243 2578 297 2605 τῶν
310 2578 407 2612 ἁγίων,
421 2575 491 2602 κατὰ
506 2574 560 2602 τῶν
571 2573 780 2608 Μονοφυσιτῶν.

354 2633 446 2668 Τόμος
472 2631 642 2663 ἑνδέκατος.

141 2692 224 2720 Κατὰ
237 2690 399 2726 Τριθεῖτῶν.

353 2747 447 2782 Τόμος
463 2746 640 2778 δωδέκατος.

143 2805 222 2833 Κατὰ
236 2803 292 2830 τῶν
314 2801 583 2838 ’Δφοαρτοδοκητῶν.

145 2883 184 2920 ('5)
203 2883 258 2911 Pro
275 2882 327 2913 ἕως
341 2882 384 2909 ἄν.

270 2930 406 2958 [Ἀτιιοι.
423 2927 480 2957 Gn.
502 2924 665 2955 CXXXIX.

936 2292 1077 2319 decretum
1104 2291 1230 2326 ejusdem
1257 2288 1430 2324 patriarchae,
1461 2293 1516 2322 quo
1544 2285 1721 2314 damnabatur

935 2337 1101 2365 Anthimus:
1122 2340 1184 2372 post
1193 2336 1252 2363 haec
1267 2334 1426 2363 constitutio
1447 2332 1593 2361 Iustiniani
1610 2333 1720 2366 impera-

938 2383 1005 2410 toris
1023 2382 1304 2413 contraAnthimum,
1320 2381 1467 2411 Severum,
1483 2379 1605 2410 Petrum,
1617 2383 1643 2404 el
1654 2377 1724 2404 Zoe-

936 2436 1005 2456 ram.
1024 2428 1145 2463 Epistola
1159 2427 1272 2456 Joannis
1283 2424 1504 2461 Jerosolymitani
1521 2429 1549 2452 et
1577 2424 1725 2458 episcopo-

935 2482 1007 2507 rum,
1037 2474 1084 2509 qui
1114 2474 1166 2501 sub
1194 2473 1254 2508 ipso
1281 2476 1371 2504 erant.
1401 2479 1454 2506 qua
1491 2470 1601 2498 decreta
1628 2473 1724 2496 contra

937 2519 1067 2546 Severum
1079 2519 1261 2554 recipiuntur.
1292 2518 1408 2545 Demum
1433 2517 1493 2544 loca
1516 2514 1590 2542 varia
1616 2519 1725 2541 sancto-

937 2573 999 2592 rum
1013 2565 1126 2593 Patrum
1141 2568 1236 2592 contra
1250 2563 1464 2599 Monophysitas.

1192 2621 1286 2649 Tomus
1299 2620 1461 2647 undecimus.

974 2684 1076 2712 Contra
1086 2680 1242 2708 Tritheitas.

1196 2737 1288 2765 Tomus
1302 2734 1479 2762 duodecimus.

976 2796 1076 2824 Contra
1087 2791 1359 2830 Aphthartodocetas.

1533 2909 1571 2939 35
