1949 3073
306 212 396 248 Τόμος
417 213 554 246 εἰκοστὸς
570 213 714 249 πέμπτος.

147 267 217 304 Περὶ
228 269 274 295 τοῦ
294 268 429 304 δόγματος
447 269 507 301 τοῦ,
528 270 557 295 '0
579 269 680 305 Πατήρ
701 279 761 305 μου
783 272 894 306 μείζων

107 320 170 345 μου
193 313 298 345 ἐστὶν,
320 314 487 348 ἁναῳυέντος
512 315 559 341 ἐπὶ
574 314 622 341 τοῦ
643 315 726 342 αὑτοῦ
751 316 894 351 βασιλέως.

107 357 195 392 Ζήτει
219 358 269 393 τὴν
288 358 438 394 λεγομένην
463 360 624 395 συγγραφὴν
654 360 734 392 εὐθὺς
759 362 828 396 μετὰ
844 363 894 397 τὴν

107 403 233 438 κύρωσιν
247 405 295 431 τοῦ
310 405 431 432 τοιούτου
444 406 578 441 δεγματος
589 408 665 442 παρὰ
677 416 733 434 τισι
743 402 896 444 λεγομένην

107 448 150 481 ὡς
173 450 210 485 μὴ
239 451 340 482 ἐπίπαν
370 452 558 488 ἀρεσκομένην
574 459 583 469 '
611 451 675 491 ἐνῇ
698 455 726 482 δὲ
750 457 895 492 συγγραφῇ

110 495 228 530 χρήσεις
263 495 357 531 σχεδὸν
389 498 498 525 πάντων
526 498 580 525 τῶν
606 499 692 533 ἁγίων
718 500 896 536 ἑμφέρονται.

109 539 183 575 Περὶ
195 541 224 567 δὲ
238 542 268 569 τὸ
286 542 360 574 τέλος
376 544 422 570 καὶ
440 543 634 579 συλλογιστικά
656 554 718 572 τινα
740 547 875 581 κεφάλαια
886 568 895 582 ,

108 588 180 622 περὶ
196 587 243 614 τοῦ
260 588 297 624 μὴ
316 589 371 615 δεῖν
384 583 563 624 τὸνΧριστδν
575 590 626 626 τὴν
642 591 706 625 μίαν
724 591 874 620 ὑπόστασιν
886 615 894 627 ,

109 632 161 658 καὶ
175 632 221 658 τὸν
235 632 281 659 ἕνα
299 633 401 668 Κύριον
414 635 461 661 καὶ
473 634 536 661 Υίὸν
552 634 600 661 τοῦ
614 635 693 668 θεοῦ,
704 635 750 663 καὶ
765 637 836 671 μετὰ
846 639 896 673 τὴν

110 678 323 714 ὲνανθρώπησιν
337 679 469 707 ἐλάττονα
485 680 532 707 τοῦ
548 678 655 715 Πατρὺς
671 681 760 716 λέγειν
776 682 813 714 ὡς
826 692 895 719 σαρ-

108 724 237 759 κοφόρον.
261 723 354 760 Ἡμεῖς
370 727 422 761 γὰρ
438 725 524 756 ταῦτα
537 726 586 761 οὐχ
600 726 728 762 εὕρομεν.
741 727 751 762 (
758 727 829 754 Ἀλλ’
841 728 897 762 ἐγὼ

108 769 197 796 ταῦτα
212 769 340 805 εὑρηκὼς
353 771 512 806 προσέθηκα
529 771 599 806 μετὰ
619 771 668 806 τὴν
686 773 827 809 καταρχὴν
846 774 895 801 τοῦ

108 815 204 850 τρίτου
219 815 304 851 τόμον
319 816 370 858 ’ςῆς
384 816 528 851 παρούσης
541 812 660 852 βίϐλου.)

323 871 417 907 Τόμος
431 872 568 906 εἰκοστὸς
584 872 682 907 ἕκτος.

148 928 218 963 Περὶ
236 928 283 956 τοῦ
302 929 438 964 δόγματος
454 929 502 957 τοῦ
519 930 588 957 Θεοῦ
609 929 657 957 τοῦ
679 929 803 966 Μωάμετ
816 951 824 964 ,
851 931 898 959 τοῦ

110 973 274 1009 λαληθέντος
288 975 335 1002 ἐπὶ
346 975 393 1003 τοῦ
407 975 490 1003 αὑτοῦ
505 976 650 1011 βασιλέως.

302 1031 397 1067 Τόμος
431 1034 568 1066 εῑκυστὸς
579 1033 714 1068 ἕϐδομος.

148 1088 217 1123 Περὶ
241 1088 289 1115 τοῦ
317 1088 453 1124 δόγματος
483 1089 538 1116 τῶν
567 1089 649 1116 θείων
670 1091 830 1125 μυστηρίων
848 1091 896 1118 τοῦ

89 1134 271 1167 ,κινηθέντος
298 1134 344 1161 tm.
374 1135 424 1169 τῆς
453 1134 591 1169 βασιλείας
620 1135 667 1163 τοῦ
697 1135 728 1168 ἐξ
757 1136 898 1170 amem

118 1180 239 1212 Ἀλεξίου
256 1176 303 1207 τοῦ
321 1180 478 1216 Κομνηνοῦ,
496 1181 542 1207 τοῦ
567 1181 614 1208 καὶ
649 1182 836 1216 κυρώσαντος,
865 1183 896 1210 ᾶ-

115 1225 224 1261 φθαρτα
241 1225 368 1260 λέγεσθαι
383 1225 468 1253 ταῦτα.
485 1226 533 1253 καὶ
548 1227 585 1262 μὴ
600 1226 717 1262 φθαρτά.

150 1312 189 1346 (7)
201 1311 239 1339 De
254 1311 310 1349 hac
325 1313 514 1349 controversia
530 1318 579 1349 per
597 1314 766 1342 Demetrium
779 1313 896 1348 Lampe‘

68 1357 71 1359 *
115 1355 180 1384 num
197 1351 268 1384 mota
286 1348 349 1384 vide
364 1348 590 1384 Cinnamum'lib.
613 1357 650 1382 vr,
669 1348 738 1376 Hist.
753 1357 814 1384 pag.
834 1349 897 1382 H7,

115 1381 238 1418 Nicetam
254 1382 281 1408 in
300 1382 426 1418 Manuele
441 1384 580 1410 Comneno
600 1384 648 1411 lib.
663 1392 710 1415 vu,
724 1381 826 1418 cap—5.

151 1416 189 1451 (8)
205 1416 274 1453 Nunt
301 1417 478 1453 anathemate,
503 1417 681 1453 devovendrus
704 1414 795 1449 esset,
822 1414 897 1453 quod

115 1451 223 1479 Itanuel
238 1452 396 1479 Comneuus
408 1452 530 1480 vetabat.
544 1453 611 1480 Vide
627 1452 730 1480 Nieetae
744 1451 898 1480 Manuélem

750 161 947 192 THESAURI
967 164 1039 194 LIB.
1061 164 1085 197 Ι.

1665 169 1734 201 liti“).

1158 222 1252 250 'l'omus
1266 222 1400 250 vicesimus
1415 222 1529 257 quintus.

985 277 1023 305 De
1040 277 1165 313 dogmate
1188 278 1244 311 illo,
1261 279 1342 306 Pater
1369 287 1442 305 meus
1468 279 1555 313 major
1568 287 1608 306 me
1626 284 1663 306 est
1676 279 1733 314 (7),

950 323 1022 358 quod
1045 324 1096 352 sub
1120 324 1216 351 eodem
1244 324 1408 359 imperatore
1429 329 1553 352 exortum
1569 330 1620 352 est.
1638 325 1735 358 Quane

951 368 1040 403 ipsum
1057 373 1202 396 tractatum
1217 370 1308 397 statim
1320 374 1380 403 post
1393 369 1476 405 hujus
1486 370 1619 405 dogmatis
1633 371 1736 398 conﬁr-

951 414 1109 446 mationcm,
1133 422 1215 449 quam
1243 415 1353 449 quidam
1375 415 1512 447 dicebant,
1541 424 1594 443 non
1623 417 1736 443 omnino

950 460 1077 494 placere:
1096 460 1123 487 in
1142 467 1197 495 quo
1213 464 1330 488 tractatu
1343 460 1400 488 fere
1423 461 1546 488 euntium
1574 461 1736 489 Sanctorum

950 505 1010 532 loca
1020 504 1184 532 aﬂ‘eruntur.
1199 505 1228 532 In
1244 505 1297 532 ﬁne
1313 513 1378 533 vero
1404 507 1493 541 capita
1507 507 1631 541 quaedam
1653 507 1737 543 syllo—

951 551 1057 586 gistiea,
1072 551 1144 586 quod
1157 559 1212 579 non
1223 555 1350 586 oporteat
1372 551 1522 582 Christum,
1539 553 1586 587 qui
1612 557 1655 580 est
1683 561 1738 581 una

951 596 1115 632 hypostasis.
1131 604 1258 631 unusque
1277 597 1410 624 Dominus
1431 603 1458 625 et
1474 597 1559 625 Filius
1578 597 1641 630 Dei,
1653 598 1736 625 etiam

952 641 1239 678 postlucarnationem
1255 642 1390 670 minorem
1417 642 1494 670 Patre
1528 643 1630 675 dicere.
1642 646 1736 678 utpote

951 696 1061 717 carnem
1073 687 1218 715 ferentem.
1233 688 1289 715 Nos
1301 688 1375 715 enim
1399 688 1458 715 haec
1487 692 1542 715 non
1571 688 1736 722 reperimus.

951 733 1082 762 Etaltera
1093 741 1193 760 manu:
1209 733 1244 760 At
1263 741 1313 768 ego
1324 741 1386 761 cum
1413 733 1588 768 reperissem,
1604 739 1666 768 post
1685 734 1739 761 ini<

951 781 1020 808 tium
1034 780 1106 808 tertii
1121 779 1189 807 torni
1199 779 1314 815 hujusce
1327 779 1392 806 libri
1409 779 1507 815 adjeci.

1163 880 1258 908 Tantus
1278 880 1414 908 uicesimus
1427 885 1526 908 sextus.

982 935 1021 962 De
1047 933 1174 970 dogmate
1200 934 1250 961 Dei
1286 933 1441 962 Mahometh
1461 934 1524 970 (8),
1541 936 1613 970 quod
1642 936 1737 965 eodem

946 979 1098 1014 imperante
1123 978 1277 1013 expositum
1294 978 1358 1008 fuit.

1141 1034 1236 1062 Tantus
1252 1034 1391 1062 uicesimus
1405 1035 1542 1066 septimus.

983 1093 1021 1120 De
1034 1092 1160 1127 dogmate
1190 1091 1345 1119 divinorum
1373 1093 1568 1127 mysteriorum
1585 1093 1647 1129 (9),
1660 1095 1736 1121 exci-

945 1142 1002 1166 tato
1017 1137 1069 1165 sub
1086 1137 1203 1172 imperio
1227 1137 1315 1164 Alexii
1340 1137 1474 1165 Comneni
1499 1138 1607 1173 Angeli,
1631 1139 1678 1173 qui
1707 1145 1735 1166 et

944 1182 1066 1211 decrevit
1083 1183 1141 1210 hac
1167 1183 1399 1218 incorruptibilia,
1409 1191 1464 1211 non
1482 1189 1573 1211 autem
1597 1186 1737 1220 corrupti-

944 1227 1021 1260 bilia,
1036 1227 1090 1254 dici
1104 1231 1242 1262 oportere.

953 1319 1120 1341 bomnenum
1149 1310 1198 1340 lib.
1221 1319 1264 1345 ιη,
1279 1319 1340 1346 cap.
1363 1310 1390 1338 6.
1416 1311 1553 1347 Sylburgii
1571 1310 1734 1339 Saracenica

949 1355 1016 1411 Eam]
1033 1348 1079 1390 8ft,
1109 1348 1259 1410 ﬁdeisgq.
1283 1347 1424 1375 Vedelium
1443 1347 1477 1374 de
1502 1347 1646 1382 prudentia
1675 1347 1734 1374 Vet.

974 1392 1006 1411 cc
1019 1391 1082 1411 estae
1096 1391 1158 1411 οπλα.
1230 1403 1237 1409 .
1254 1390 1312 1411 seu.

974 1382 1082 1411 cclesiae
1096 1391 1160 1418 pag.
1168 1382 1237 1418 V216.
1254 1390 1312 1417 seq.

986 1420 1024 1453 (9)
1038 1416 1142 1453 Conter'
1152 1417 1276 1453 Nic-ctam
1294 1416 1322 1453 in
1336 1416 1432 1443 Alexio
1447 1416 1606 1453 Angeioiib.
1618 1424 1657 1449 ιιι,
1674 1423 1734 1453 cap.

986 1423 1024 1453 (9)
1038 1423 1137 1445 Uont'er
1152 1423 1276 1444 meetam
1295 1425 1322 1444 In
1336 1423 1432 1443 Alexio
1447 1423 1606 1452 angelum).
1618 1424 1657 1449 ιιι,
1674 1423 1734 1477 (ﬂag.

949 1451 975 1486 5,
993 1458 1020 1480 et
1034 1453 1116 1480 Mieh.
1131 1452 1157 1480 le
1169 1452 1258 1485 Quien
1271 1452 1304 1479 ad
1315 1453 1513 1479 Damascenum
1525 1455 1546 1480 t.
1558 1452 1580 1485 l,
1598 1459 1657 1487 pag.
1670 1451 1704 1478 65
1730 1470 1734 1478 .

455 1621 830 1698 NICETXE
887 1619 1402 1699 CHONIATZE

371 1765 728 1824 THESAUBI
771 1765 1242 1824 OBTHODOXIE
1286 1765 1482 1822 FlDEl

697 1887 877 1931 LIBER
923 1886 1148 1931 PRIMUS

408 1988 455 2018 De
477 1984 744 2026 philosophorum
769 1991 970 2014 emnoorum
993 1988 1023 2016 et
1043 1985 1228 2015 Iudaeorum
1252 1984 1430 2016 erroribus.

400 2158 611 2190 PROOEMIUM.

950 2161 1105 2191 aﬂlictionis
1122 2163 1191 2190 mala
1204 2162 1299 2198 procul
1312 2161 1437 2197 aspellat,
1450 2164 1478 2187 et
1489 2158 1594 2187 meritis
1606 2158 1736 2195 deinceps

148 2209 214 2240 Deo,
231 2207 334 2242 Deique
354 2206 506 2235 cultoribus
520 2207 584 2243 quid
594 2208 628 2235 ad
649 2208 703 2242 sui,
715 2216 819 2244 quaso,
835 2216 899 2244 per-
913 2199 934 2228 (7·
949 2207 1079 2235 laudibus
1104 2207 1270 2235 celebretur.
1297 2206 1431 2234 Caeterum
1448 2205 1494 2240 qui
1522 2204 1554 2231 ad
1572 2202 1657 2231 Deum
1688 2213 1736 2240 ι-ει-

114 2254 258 2282 lectionem
273 2253 404 2281 accedere
420 2254 524 2289 possit?
550 2254 597 2282 llle
622 2255 707 2288 enim,
734 2262 796 2282 cum
813 2262 897 2290 cxpe-

115 2300 259 2328 tendorum
277 2300 400 2328 omnium
415 2299 534 2335 primum
549 2303 577 2326 et
596 2308 733 2327 summum
746 2301 790 2331 sit.
801 2307 896 2327 eorum

115 2350 186 2373 certe
200 2353 260 2380 qua:
281 2349 347 2372 sunt
372 2345 400 2372 in
417 2352 510 2372 rerum
533 2349 634 2372 natura
650 2344 752 2372 nullius
781 2344 897 2380 indiget.

115 2391 253 2427 Siquidem
268 2396 296 2419 et
325 2399 359 2419 ex
383 2391 455 2426 ipso,
485 2396 513 2419 et
539 2398 590 2426 per
615 2391 704 2426 ipsum
726 2391 819 2418 omnia
845 2391 898 2418 hoc

115 2440 212 2475 ipsum,
229 2445 258 2467 ut
273 2443 376 2472 essent,
403 2439 498 2467 sortita
519 2444 592 2466 sunt.
624 2439 656 2466 Hi
681 2443 772 2466 autem
787 2438 906 2466 virtutis-

115 2486 257 2519 beneﬁcio,
280 2485 370 2520 quoad
383 2486 443 2520 ejus
465 2484 624 2512 humanitus
653 2484 712 2511 ﬁeri
740 2488 838 2519 potest,
863 2483 897 2510 ad

103 2532 198 2559 -Deum
232 2532 356 2566 proxime
380 2531 552 2564 accedentes,
583 2530 791 2565 divinitatisque
811 2530 898 2565 parti-

115 2579 187 2613 cipes
211 2578 314 2611 cﬁ‘ecti,
345 2585 380 2606 ex
403 2578 463 2613 ejus
490 2578 569 2613 copia
590 2585 667 2606 suam
700 2577 898 2611 suppleverunt

115 2623 245 2658 inopiam.
261 2624 317 2650 imo
345 2630 412 2650 vero
438 2622 510 2650 Deus
531 2622 588 2658 ipse
615 2622 650 2649 ad
668 2621 811 2648 hominum
835 2626 897 2648 vola

115 2670 231 2703 seipSum
244 2668 464 2700 accommodans,
479 2668 502 2695 si
522 2668 589 2703 quid
602 2676 697 2696 eorum
710 2675 771 2702 qua:
783 2665 898 2702 largitus

115 2718 154 2742 est
171 2713 206 2741 ab
229 2713 282 2741 illis
299 2714 442 2746 otl‘eratur,
471 2712 498 2741 id
522 2715 548 2742 ei
571 2719 740 2749 pergratum,
768 2717 896 2746 tanquam

116 2763 219 2787 certum
234 2758 297 2786 ﬁdei
311 2759 462 2794 specimen,
477 2767 580 2794 perque
597 2758 749 2795 jucundum
772 2763 825 2786 est.
850 2757 897 2786 ille

117 2813 179 2832 sane
198 2812 288 2840 neque
311 2804 472 2833 otl'erentem
489 2810 642 2837 aversatur,
667 2812 757 2840 neque
782 2812 845 2832 raro
867 2812 897 2832 se

118 2850 242 2886 precibus
269 2851 327 2886 ipse
351 2851 452 2886 placari
465 2851 553 2886 jubet,
576 2855 604 2878 ut
626 2851 677 2878 hoc
689 2857 769 2886 pacto
798 2851 826 2878 in
851 2850 895 2878 die

949 2254 1080 2281 virtutem
1108 2255 1232 2290 proxime
1248 2253 1392 2286 accedunt,
1410 2259 1463 2279 nec
1478 2252 1605 2279 humanae
1631 2256 1736 2280 natura:

950 2300 1084 2327 terminos
1100 2299 1275 2335 transgressi,
1290 2306 1342 2326 nec
1363 2298 1476 2326 omnino
1491 2297 1625 2325 Martinam
1650 2297 1735 2330 illam,

949 2352 1010 2380 quae
1024 2346 1135 2380 corpori
1152 2345 1277 2373 curando
1301 2344 1455 2372 necessaria
1480 2343 1591 2378 satagit,
1604 2344 1735 2375 aversati,

950 2390 1034 2418 rebus
1051 2391 1163 2426 insuper
1176 2398 1239 2418 cum
1263 2390 1346 2418 Maria
1373 2387 1593 2425 contemplandis
1625 2389 1736 2420 intenti,

948 2441 978 2464 et
992 2437 1063 2464 comi
1084 2428 1303 2472 supplicantibus
1329 2436 1448 2471 alloquio
1477 2435 1656 2470 respondent,
1685 2441 1736 2461 nec

949 2490 978 2511 se
991 2491 1105 2518 prorsus
1123 2483 1308 2519 implacabiles
1326 2483 1390 2517 illis,
1407 2482 1641 2518 inexpiabilesque
1664 2488 1735 2515 prte-

949 2536 1035 2565 staut,
1051 2536 1079 2559 et
1093 2539 1154 2566 quae
1180 2531 1214 2559 ad
1228 2532 1396 2567 spiritualem
1421 2531 1505 2559 vitam
1521 2527 1677 2558 necessaria
1692 2528 1735 2555 vi-

948 2577 1062 2616 dentur,
1084 2577 1194 2605 candidi
1224 2578 1383 2613 petentibus
1409 2577 1571 2612 impertiunt
1589 2585 1596 2602 :
1612 2574 1734 2602 vicissim

948 2623 1031 2651 etiam
1063 2623 1114 2658 ipsi
1145 2631 1317 2659 qua-cunque
1342 2623 1472 2651 virtutem
1494 2629 1551 2649 non
1566 2620 1734 2653 adulterant,

948 2668 1157 2704 benignissime,
1169 2668 1193 2696 si
1211 2672 1405 2704 suggerantur,
1420 2664 1574 2702 excipiunt.

984 2714 1039 2741 Hac
1051 2714 1142 2750 itaque
1159 2714 1192 2742 de
1207 2722 1298 2747 causa,
1321 2714 1364 2741 vir
1377 2714 1468 2741 animo
1483 2719 1544 2740 meo
1570 2712 1650 2747 longe
1667 2711 1734 2739 cha-

951 2759 1070 2792 rissime,
1102 2767 1153 2795 ego
1166 2756 1277 2795 quidem
1293 2759 1361 2786 nihil
1377 2766 1473 2786 eorum
1497 2758 1598 2793 quibus
1612 2756 1648 2785 aii
1672 2765 1735 2785 cor-

950 2812 1003 2839 pus
1031 2809 1059 2832 et
1088 2806 1237 2833 sustentari
1254 2805 1334 2838 solet,
1351 2805 1447 2840 pietati
1469 2808 1522 2832 tua
1547 2803 1732 2839 suppeditavi,

949 2858 981 2878 ex
994 2857 1049 2884 quo
1072 2854 1100 2877 tu
1122 2851 1260 2879 communi
1289 2859 1397 2880 mecum
1416 2851 1524 2887 jactura
1550 2851 1678 2886 gentibus
1700 2853 1734 2877 ab
