1949 3073
213 151 222 182 i
232 151 280 182 105i

819 152 968 183 NICET2E
985 152 1191 184 CHONIATE

1775 156 1851 190 11ὓᾶ

211 209 340 236 Occiduis
353 209 443 235 natale
463 208 555 236 solum
580 212 689 236 vertere
716 213 829 237 coactus
850 217 891 237 es.
912 210 1000 244 Atque
1013 210 1038 240 Α
1052 211 1156 238 nullius
1178 218 1235 238 non
1260 210 1442 246 turpitudinis
1458 215 1523 240 nota
1543 211 1710 249 insignibus,
1727 212 1756 241 in
1780 222 1845 242 sen-

211 256 269 282 hmc
291 262 325 282 eo
347 262 413 282 sane
425 262 480 282 non
512 255 584 288 dico,
611 256 676 290 quia
701 256 804 284 nullius
824 263 921 284 eorum
939 263 999 291 quae

209 305 274 326 sunt
299 299 326 326 in
343 305 432 326 rerum
448 303 545 325 natura
565 299 623 333 ipse
641 298 776 334 indigeam
792 299 856 335 (hoc
870 300 944 327 enim
963 305 999 328 ne

209 344 282 371 Elias
297 343 419 378 quidem,
447 343 606 372 sobriorum
633 345 736 380 alioqui
758 345 999 381 jejunautiumque

208 389 346 424 primitiae,
360 389 496 424 praestitit.
512 389 610 426 Aﬂ'erea
638 391 712 418 enim
741 393 826 424 mihi,
846 392 937 428 inquit
953 393 998 421 ille

208 435 468 469 vidum,‘buccellam
483 445 585 471 quoque
605 438 682 472 panis
708 442 733 464 et
757 439 835 472 facies
853 439 915 466 mihi
942 440 996 466 ari-

209 491 283 510 mum
295 482 494 509 subcinericium
514 491 622 518 panem,
633 483 696 518 ﬁliis
711 488 801 511 autem
811 484 862 511 luis
877 489 966 520 postea
977 485 998 512 ¹.

209 528 265 555 lino
284 536 368 561 vero,
395 535 430 555 ne
454 536 532 555 meus
554 528 666 563 quidem
697 529 742 556 ille
774 529 901 564 idemque
933 534 999 558 tuus

208 572 310 606 Jesus,
326 573 373 608 qui
395 573 531 608 tantisper
553 573 618 600 dum
641 573 670 600 in
695 574 778 602 terris
793 580 919 602 versatus
945 579 998 608 est,

209 618 244 645 iis
267 625 337 653 opus
361 618 467 651 habuit,
492 626 554 653 qua:
581 618 681 646 alendo
706 620 816 654 corpori
843 621 998 648 necessaria

207 668 282 695 sunt,
301 664 348 691 sed
362 672 421 690 cum
430 664 591 699 jejunaaset,
605 669 696 700 postea
708 666 800 693 esuriit
814 666 838 700 ¹,
855 671 887 694 ut
898 667 999 694 huma-

207 710 302 737 nitatis
317 713 465 744 assumpta:
480 709 561 737 ﬁdem
574 710 706 746 faceret);
720 719 816 738 verum
832 711 897 746 quia
913 712 999 740 bene-

207 754 344 787 volentiae,
370 762 425 789 qua
439 760 475 782 ‘te
486 762 656 790 prosequor,
683 756 827 791 Spirituale
849 757 899 785 tibi
916 766 998 793 quam

207 801 353 835 corporale
368 801 508 835 specimen
523 801 568 828 edi
590 802 692 834 mavis,
714 807 748 830 ut
775 803 823 837 qui
849 804 915 831 satis
940 805 999 839 ipse

207 855 257 882 per
273 852 299 874 te
325 852 511 874 commeatum
536 847 582 875 vix
609 848 677 875 mihi
701 856 847 884 superesse
874 851 996 882 noveris,

206 892 253 926 qui
269 891 418 919 comitibus
444 892 514 920 meis
536 898 563 920 et
583 893 719 921 ministris
740 894 846 922 alendis
870 895 997 928 suﬂiciat,
1013 889 1035 916 Β

207 945 269 965 cum
287 939 442 972 praesertim
466 939 641 973 peregrinam
666 939 693 966 in
720 940 862 975 regionem
883 942 1000 968 commi-

207 984 356 1019 graverim,
387 990 415 1011 et
447 984 480 1011 ad
508 984 644 1020 Bithyniae
679 986 854 1020 metropolim
883 987 999 1014 Nicaeam

207 1029 418 1057 tabernaculum
446 1030 566 1063 fixerim,
590 1030 637 1057 ubi
664 1031 737 1064 vitae,
758 1032 832 1066 quod
860 1037 999 1068 superest,

206 1076 283 1103 velut
307 1075 414 1103 inutilis
427 1076 517 1108 exsul,
534 1076 695 1112 advenaque
713 1077 872 1112 despicalus
887 1078 998 1113 agitem.

206 1122 344 1151 Caeterum
368 1122 442 1156 quod
458 1129 472 1149 a
489 1130 532 1150 me
558 1130 748 1157 smpemtmero
773 1124 953 1158 requisivisti,
972 1128 1001 1151 et

207 1169 347 1204 ﬂagitasti,
367 1168 394 1195 id
411 1176 477 1196 vero
490 1168 539 1195 tibi
563 1169 733 1203 perlibenter
756 1169 885 1202 exhibeo,
901 1170 999 1197 elucu-

208 1215 315 1242 bratam
341 1215 447 1242 scilicet
463 1218 490 1241 et
517 1215 685 1242 elaboratam
705 1215 847 1243 luereseon
876 1217 1000 1243 omnium

207 1261 386 1296 farraginem,
415 1268 518 1291 munus
539 1261 670 1296 .quidcm
709 1267 796 1294 certe,
829 1261 902 1296 quod
931 1262 1000 1290 nulli

207 1315 305 1334 eorum
319 1315 380 1342 qua:
393 1307 522 1334 homines
537 1307 563 1333 in
577 1307 667 1342 pretio
680 1307 791 1340 habent,
813 1308 999 1342 postponitur,

208 1353 300 1380 sedent
310 1353 392 1388 longe
407 1353 531 1380 omnium
554 1353 785 1388 pretiosissimum
807 1357 835 1380 et
864 1353 1002 1380 excellen-

208 1399 346 1427 tissimum
378 1399 532 1433 iudicatur,
562 1406 627 1427 cum
655 1399 689 1426 ab
720 1399 755 1427 iis
789 1399 836 1434 qui
869 1399 999 1434 pietatem

206 1453 359 1480 eorumque
386 1445 458 1473 adeo
486 1445 683 1481 cognitionem,
719 1453 781 1480 quae
811 1445 846 1473 de
874 1445 1002 1473 Numinis

206 1491 284 1519 cultu
303 1491 407 1518 sentire
423 1496 505 1526 atque
527 1499 578 1526 pro
602 1491 669 1519 ratis
685 1491 787 1519 habere
803 1497 921 1527 oportet,
946 1499 1001 1520 caa-

207 1538 275 1564 teris
300 1537 384 1564 rebus
409 1538 540 1565 omnibus
567 1538 706 1565 anteferre
726 1538 837 1566 solent:
854 1543 911 1566 tum
935 1546 1000 1566 vero

206 1582 250 1609 vel
264 1582 382 1609 maxime
398 1582 432 1609 ab
445 1582 479 1609 iis
493 1583 540 1618 qui
552 1590 607 1610 non
624 1583 726 1611 multos
751 1584 878 1611 evolvere
900 1584 997 1619 libros,

208 1626 470 1656 uedum‘htereseon
480 1629 667 1664 cognitionem
681 1629 797 1664 adipisci
814 1635 940 1665 possunt,
957 1630 999 1658 vel

207 1676 274 1711 quia
290 1675 404 1703 lectioni
418 1683 519 1703 vacare
541 1675 685 1703 commode
713 1676 768 1702 illis
791 1676 929 1711 integrum
944 1684 1000 1704 non

206 1725 260 1754 est,
285 1722 329 1749 vel
354 1721 418 1756 quia
447 1721 502 1748 alio
531 1721 649 1748 artiticio
676 1721 859 1756 exploratoris
891 1722 999 1750 Satanae

207 1767 286 1795 dolos
300 1776 315 1795 a
329 1775 358 1795 se
368 1767 475 1794 amoliri
490 1767 656 1795 didicerunt.

245 1813 430 1849 Hippocrates
458 1813 543 1848 igitur
560 1813 606 1840 ille
626 1813 700 1842 Cous
716 1813 750 1842 de
773 1820 831 1842 arte
847 1815 998 1849 disserens,

208 1868 270 1896 quae
283 1860 426 1888 hominum
438 1859 590 1887 valetudini
610 1860 740 1893 consulit,
755 1861 830 1888 hunc
846 1861 874 1889 in
888 1862 999 1889 modum

209 1906 385 1941 perapposile
414 1905 597 1932 ratiocinatur
628 1913 635 1933 :
662 1905 690 1933 Si
716 1906 800 1933 homo
817 1915 902 1934 unum
933 1907 1001 1935 siin-

209 1953 306 1988 plexve
323 1951 390 1987 quid
408 1956 493 1984 esset,
508 1951 604 1979 dolore
630 1957 706 1979 certe
722 1953 798 1980 nullo
823 1958 873 1981 aut
901 1955 1000 1982 morbo

209 1998 389 2026 adiceretur:
411 2002 438 2025 at
463 1998 589 2033 quisquis
611 1997 724 2033 pietatis
743 1999 884 2027 studiOsus
900 2005 952 2032 est,
972 2007 1001 2028 et

201 2043 358 2071 multiﬁdas
369 2043 511 2071 haereseon
528 2043 632 2071 formas
646 2051 718 2078 aegre
735 2044 799 2077 fert,
828 2053 884 2072 non
900 2046 1000 2073 absur-

210 2092 244 2117 de
260 2098 327 2117 saue
349 2090 386 2117 ita
412 2089 596 2117 ratiocinatus
620 2090 666 2117 sit.
688 2090 717 2117 Si
742 2091 770 2117 in
808 2092 923 2126 pristina
954 2093 1000 2120 illa

208 2136 369 2163 conditione
382 2135 629 2171 acquievisscmus,
646 2144 698 2164 nec
723 2144 756 2164 ea
781 2137 934 2172 despicatui
949 2139 1000 2166 ha-

208 2184 375 2215 buissemus,
394 2190 456 2217 quae
469 2183 628 2218 praescripta
645 2183 726 2210 nobis
740 2187 768 2211 et
786 2184 921 2218 imperata
939 2186 1000 2213 fue-

208 2233 280 2260 rant,
297 2237 382 2255 unum
410 2229 506 2263 utique
531 2229 619 2255 Deum
644 2229 831 2262 novissemus,
856 2235 939 2266 atque
964 2231 1001 2259 ita

208 2282 242 2301 ex
259 2275 319 2309 ejus
343 2278 411 2301 nutu
429 2274 671 2308 dependissemus,
689 2279 719 2301 ut
734 2275 828 2302 nullus
843 2276 877 2303 ab
898 2284 932 2304 eo
951 2285 1002 2305 nos

208 2328 331 2355 unquam
344 2325 518 2348 transversos
537 2327 619 2355 agere
632 2320 842 2356 distrahereque
854 2323 1001 2357 potuisset,

200 2374 252 2398 eo,
266 2366 390 2399 inquam,
407 2365 454 2400 qui
468 2373 521 2392 nos
544 2366 604 2392 luto
623 2365 703 2392 [iuuit
723 2371 751 2392 et
770 2366 938 2401 etl'oriuavit,
952 2369 1000 2403 qui

206 2412 294 2440 verbo
311 2419 362 2439 suo
384 2419 485 2446 corpus
510 2411 564 2438 hoc
595 2412 786 2440 universitatis
815 2413 943 2442 fundavit
971 2420 1000 2442 et

206 2459 353 2491 exstruxit,
369 2465 444 2485 nunc
458 2461 551 2484 autem
574 2458 691 2485 consilio
706 2459 766 2493 ejus
790 2460 845 2493 usi,
871 2462 919 2496 qui
948 2469 998 2489 ne-

206 2506 302 2541 quitiaa
312 2512 394 2532 omne
411 2512 498 2540 genus
510 2510 608 2532 auctor
625 2509 677 2538 est,
694 2506 754 2533 laxa
778 2506 825 2534 illa
849 2511 877 2534 et
897 2508 1000 2542 magni-

206 2552 258 2579 fica
274 2551 405 2586 paradisi
431 2550 603 2578 habitatione
628 2551 720 2586 ejecti,
745 2556 773 2579 et
797 2559 813 2579 a
843 2557 921 2587 grato
949 2553 998 2580 Dei

206 2603 356 2633 conspectu
373 2598 470 2633 procul
496 2597 607 2624 abducti
633 2605 730 2625 sumus
750 2605 757 2624 :
783 2599 853 2625 mala
877 2599 998 2634 denique

205 2645 322 2680 pristina
343 2644 530 2672 deterioribus
561 2644 746 2675 cumulantes.
767 2644 891 2671 divinum
907 2645 995 2678 illum,

205 2692 253 2727 qui
275 2691 326 2719 soli
343 2691 400 2718 Deo
427 2690 577 2726 peculiaris
604 2694 657 2723 est,
684 2690 800 2723 cultum,
825 2691 952 2725 gloriam,
969 2697 997 2720 et

206 2738 409 2773 adorationem,
423 2738 580 2771 elementis,
604 2737 705 2770 brutis,
729 2742 813 2772 atque
836 2738 996 2768 hominibus

244 2808 299 2836 'lll
318 2809 386 2844 Reg.
402 2816 469 2843 xvii,
482 2808 525 2836 l5.
563 2809 574 2824 ²
586 2805 681 2835 Matth.
702 2816 739 2840 iv,
762 2807 788 2836 Ι.

243 2882 282 2912 (ι)
297 2871 446 2918 Euth'yniio
459 2880 752 2920 monacho‘Zigabeno
766 2885 889 2910 auctore.

1050 263 1111 283 sum
1126 256 1231 284 scilicet
1253 258 1403 292 reprobum
1428 258 1509 293 lapsi,
1531 258 1565 285 ad
1587 266 1675 294 eaque
1706 260 1848 293 facienda,

1049 308 1110 336 quae
1127 301 1241 329 minime
1268 303 1448 336 conveniunt,
1468 304 1605 339 proclives
1625 305 1849 340 impertivimus.

1049 346 1090 375 Ex
1117 355 1173 382 quo
1202 349 1308 381 evenit,
1333 354 1363 377 ut
1388 358 1442 377 una
1459 351 1583 378 omnium
1607 352 1761 387 eademque
1781 360 1851 384 vox,

1049 401 1135 420 unum
1162 393 1291 429 idemque
1320 394 1424 422 labium
1447 396 1475 423 in
1504 397 1594 424 varias
1622 402 1650 425 et
1675 398 1852 432 multiplices

1049 440 1158 476 linguas
1170 441 1309 468 evaserint
1322 446 1333 468 ':
1353 446 1437 477 atque
1464 442 1561 471 eadem
1576 451 1660 478 opera
1678 445 1781 472 unicus
1802 445 1851 472 ille

1049 486 1097 514 Dei
1113 488 1204 514 cultus
1229 487 1256 514 in
1282 488 1392 516 diversa
1418 489 1573 524 linguarum
1594 490 1725 518 idiomata
1751 491 1851 518 inulti-

1049 531 1169 566 plicatus
1190 533 1383 568 dissectusque
1411 534 1458 567 sit,
1482 540 1513 562 ut
1528 536 1573 563 vix
1591 533 1740 571 quicquam
1763 544 1850 571 repe-

1050 579 1116 612 rias,
1132 579 1161 606 in
1172 587 1228 614 quo
1239 581 1359 615 majores
1374 589 1456 616 quam
1474 581 1501 608 in
1515 590 1548 609 ea
1567 590 1628 617 quae
1643 584 1676 610 de
1693 584 1750 611 Deo
1762 585 1852 611 insti-

1049 625 1137 652 tuitur
1164 626 1273 653 ratione
1290 627 1438 655 varietates
1459 629 1603 656 exsistant.
1629 629 1773 664 Siquidem
1801 631 1850 657 alii

1049 672 1115 705 alia,
1131 672 1179 699 alii
1197 673 1264 700 item
1280 673 1315 701 ab
1339 674 1383 702 bis
1398 674 1517 707 diversa,
1533 676 1636 711 aliique
1656 685 1753 705 rursus
1777 678 1851 705 sibi-

1050 719 1120 754 ipsis
1148 720 1299 753 contraria,
1320 721 1439 756 denique
1460 721 1495 749 ab
1510 722 1586 749 bisce
1604 723 1650 750 alii
1666 723 1850 752 dissentanea

1049 765 1199 793 commenti
1211 770 1276 793 sunt
1291 770 1319 793 et
1338 764 1502 796 docuerunt.
1526 767 1660 801 Quocirca
1674 773 1704 796 ut
1716 774 1848 797 veterum

1048 811 1132 839 etiam
1161 811 1353 847 theologorum
1377 813 1503 848 plerique
1529 813 1564 842 de
1591 815 1743 843 liazresibus
1771 816 1848 843 scri-

1049 857 1167 891 pserint,
1197 866 1253 885 non
1281 863 1372 886 tamen
1397 859 1542 887 universas
1573 860 1675 895 singuli
1696 866 1761 889 sunt
1790 869 1850 888 uno

1050 905 1250 932 commentario
1276 906 1425 940 complexi,
1449 913 1501 933 nec
1525 906 1668 941 sigillatim
1694 915 1850 942 percurre-

1050 954 1124 977 runt.
1143 949 1336 979 Theodorctus
1362 952 1447 984 enim,
1474 951 1517 980 vir
1533 953 1561 980 in
1583 953 1684 981 divinis
1705 955 1849 982 exet-cha-

1051 996 1186 1030 tissimus,
1203 997 1314 1024 illarum
1341 998 1494 1034 catalogum
1520 1000 1677 1034 contexuit,
1687 1001 1761 1035 quod
1781 1006 1849 1028 ante

1050 1050 1114 1070 eum
1128 1043 1175 1070 alii
1192 1050 1303 1078 quoque
1330 1044 1467 1078 fecerunt,
1490 1045 1606 1081 illasque
1629 1047 1706 1074 velut
1732 1054 1748 1074 e.
1779 1055 1848 1082 pro-

1051 1089 1144 1116 cinctu
1161 1089 1399 1124 dissecuerunt,et
1428 1096 1557 1126 tanquam
1584 1092 1677 1120 fenum
1707 1096 1847 1121 tectorum

1051 1134 1168 1162 ﬂammis
1190 1136 1356 1171 injecerunt,
1376 1142 1512 1172 quotquot
1536 1138 1594 1165 suis
1620 1139 1756 1174 cujusque
1777 1147 1847 1167 tem-

1051 1181 1167 1216 poribus
1184 1187 1288 1210 exortaa
1308 1188 1382 1215 sunt,
1397 1184 1473 1210 velut
1487 1185 1594 1212 aconita
1610 1185 1726 1218 scilicet.
1743 1187 1847 1221 quibus

1051 1226 1159 1254 sincera
1172 1235 1289 1262 quaeque
1303 1235 1559 1264 corrumperentur.

1087 1272 1172 1299 Liber
1197 1277 1303 1306 autem,
1325 1275 1371 1308 qui
1392 1274 1546 1309 dogmatica
1568 1276 1697 1311 Panoplia
1716 1277 1846 1305 inscribi.

1051 1318 1105 1346 bur
1138 1318 1190 1353 (t),
1217 1322 1248 1345 ut
1277 1319 1384 1354 priscas
1405 1320 1525 1348 haereses
1557 1322 1753 1356 compendiose
1780 1331 1847 1352 sane

1052 1364 1236 1396 recensuerit,
1253 1368 1335 1400 atque
1357 1373 1373 1393 a
1391 1365 1512 1393 Sabellio
1534 1367 1610 1401 Afro,
1637 1372 1665 1395 et
1689 1369 1846 1401 nonnullis,

1051 1410 1100 1446 qui
1117 1413 1241 1444 tempora
1268 1410 1341 1438 illius
1370 1416 1581 1445 praecesserunt.
1597 1413 1705 1441 initium
1722 1414 1847 1446 duxerit,

1051 1463 1113 1492 qua
1130 1461 1204 1484 certe
1215 1464 1230 1483 a
1244 1456 1372 1484 Patribus
1385 1457 1418 1484 ad
1445 1457 1553 1485 illarum
1579 1460 1753 1487 eversionem
1772 1460 1848 1487 dicta

1052 1502 1118 1536 sint,
1133 1503 1279 1538 permultis
1293 1503 1320 1530 in
1342 1503 1514 1531 sectionibus
1528 1506 1733 1540 praetermisit’.
1753 1513 1847 1541 neque

1014 1557 1036 1587 ο
1053 1550 1220 1576 mentionem
1237 1549 1321 1576 ullam
1345 1549 1421 1582 fecit,
1447 1550 1585 1578 undenam
1609 1552 1770 1579 earumdem
1794 1559 1847 1579 au-

1052 1601 1143 1623 ctores
1157 1600 1249 1623 ortum
1262 1595 1422 1629 habuerint,
1441 1596 1650 1632 cujusmodique
1664 1598 1748 1625 vitam
1767 1599 1847 1626 vixe-

1049 1643 1108 1670 rint

1086 1688 1143 1723 Ego
1161 1696 1227 1716 vero
1250 1688 1345 1723 pietati
1363 1692 1416 1716 tuae
1431 1688 1612 1724 gratificatus,
1626 1690 1761 1726 facileque
1779 1700 1845 1720 con-

1048 1735 1149 1770 jieiens
1161 1734 1228 1769 quid
1253 1734 1305 1762 tibi
1329 1742 1413 1769 super
1433 1743 1465 1762 ea
1483 1744 1513 1762 re
1539 1739 1712 1771 propositum
1737 1742 1766 1765 et
1789 1739 1844 1774 jam

1048 1781 1233 1808 constitutum
1246 1781 1294 1813 sit,
1308 1781 1426 1808 haereses
1440 1790 1500 1816 qua:
1509 1783 1566 1818 jam
1579 1783 1644 1809 olim
1655 1790 1844 1818 emerSeruut,

1051 1826 1079 1854 in
1096 1826 1311 1854 commentarios
1333 1827 1464 1862 redigam,
1491 1834 1601 1856 nostras
1618 1829 1724 1864 aliquot
1747 1832 1843 1857 confu-

1051 1873 1180 1905 tationes,
1224 1874 1385 1908 perspicuas
1417 1874 1531 1909 quidem
1563 1875 1624 1903 illas
1653 1880 1680 1903 et
1709 1877 1843 1905 dilucida:

1051 1919 1264 1953 subjuucturus.
1299 1920 1404 1947 Deinde
1433 1928 1480 1948 eas
1509 1929 1621 1957 quoque
1655 1923 1843 1958 agglutinabo,

1052 1973 1169 2002 quarum
1195 1966 1352 2001 Dogmatica
1366 1966 1497 2002 Panoplia
1511 1970 1648 2002 meminit,
1660 1970 1722 1998 illos
1732 1971 1843 1998 interim

1050 2020 1106 2040 non
1118 2013 1368 2047 praetermissurus,
1381 2014 1430 2048 qui
1443 2014 1478 2041 de
1493 2014 1646 2043 hzeresibus
1658 2017 1842 2051 scripserunt.

1051 2063 1083 2085 ut
1099 2065 1155 2085 non
1183 2058 1272 2085 solum
1291 2058 1451 2093 blasphema
1475 2060 1521 2087 illa
1549 2061 1669 2089 convitia
1690 2063 1739 2089 tibi
1764 2065 1843 2091 inno-

1052 2107 1169 2135 tescant,
1181 2110 1242 2137 qua:
1262 2104 1355 2131 saculi
1367 2104 1450 2139 hujus
1462 2105 1603 2140 sapientes
1618 2114 1666 2134 ore
1686 2107 1715 2134 in
1741 2109 1842 2136 cretum

1052 2153 1193 2184 protento,
1205 2149 1340 2177 adversus
1351 2151 1437 2178 Deum
1452 2157 1650 2181 eructaverunt
1664 2162 1670 2180 :
1690 2154 1738 2181 sed
1759 2156 1843 2183 etiam

1054 2195 1193 2223 undenam
1210 2200 1302 2223 ortum
1319 2196 1459 2230 duxerint,
1488 2199 1698 2235 cujustnodique
1715 2201 1844 2236 Spartam

1055 2241 1130 2268 nacti
1145 2241 1212 2269 sint.
1234 2241 1294 2274 Qua
1317 2242 1346 2269 in
1369 2245 1566 2279 consequentia
1581 2246 1714 2273 nonnulla
1731 2255 1846 2282 quoque

1051 2293 1185 2321 attexam,
1214 2296 1276 2323 qua:
1308 2290 1452 2324 proposito
1481 2288 1644 2325 argumento
1667 2294 1845 2327 perapposita

1050 2334 1199 2367 videntur,
1221 2339 1252 2361 ut
1274 2334 1420 2369 multiplici
1449 2336 1598 2364 voluminis
1619 2339 1702 2365 unius
1729 2339 1845 2366 historia

1049 2380 1183 2415 gaudeas,
1199 2387 1233 2406 ex
1250 2387 1339 2414 eoque
1355 2388 1513 2415 panacazam
1534 2390 1676 2418 excerpas,
1702 2392 1756 2418 qua
1769 2386 1845 2412 velut

1049 2425 1170 2451 amuleto
1198 2428 1223 2451 te
1244 2432 1258 2451 a
1284 2426 1451 2459 perniciosis
1468 2427 1605 2462 dogmatis
1617 2429 1756 2464 integrum
1785 2438 1844 2457 sar-

1050 2472 1163 2503 tumque
1177 2472 1280 2496 tectum
1294 2476 1453 2498 conserves.

1356 2537 1471 2567 CAPUT
1491 2539 1513 2567 1.

1043 2592 1170 2621 ’Μοεαίειε
1181 2593 1310 2622 Geneseos
1333 2597 1463 2630 synopsis,
1493 2597 1525 2623 ab
1540 2597 1644 2626 Adamo
1667 2600 1703 2627 ad
1731 2601 1842 2630 Mosen.

1085 2651 1207 2679 Adamus
1221 2652 1344 2679 omnium
1364 2653 1470 2687 primus
1490 2661 1505 2682 a
1521 2654 1577 2682 Deo
1591 2663 1625 2683 ex
1637 2656 1722 2685 humo
1742 2658 1837 2687 forma-

1052 2699 1095 2724 tus
1113 2701 1165 2730 est,
1190 2702 1272 2733 atque
1293 2699 1368 2726 vitali
1391 2700 1489 2736 spiritu
1510 2701 1626 2736 afﬂatus,
1653 2711 1686 2731 ex
1704 2710 1842 2733 costarum

1050 2750 1164 2771 suarum
1180 2751 1233 2771 una
1254 2744 1341 2773 Evam
1353 2746 1406 2774 sibi
1429 2747 1546 2776 similem
1562 2750 1656 2778 emisit
1671 2760 1678 2778 :
1700 2755 1758 2779 tum
1775 2761 1841 2784 non,
