1949 3073
95 173 166 206 1105

735 173 932 206 THESAURI
949 172 1023 204 LIB.
1044 172 1069 204 Ι.

1651 167 1717 200 1106

94 237 192 269 gentos
207 232 319 267 triginta
335 239 433 264 annos,
449 235 629 267 posteaquam
644 231 680 260 ob
695 235 880 268 trangressum
897 230 919 259 A
933 229 1035 258 Iacobo
1063 227 1207 256 duodecim
1233 226 1281 254 ﬁlii
1307 224 1364 254 nati
1397 228 1472 257 sunt,
1503 231 1618 259 quorum
1647 231 1720 251 unus

94 277 202 306 Domini
219 280 385 312 praeceptum
414 276 543 312 paradiso
556 275 718 304 exturbatus
732 281 785 309 est,
815 275 879 304 Cai-

95 330 173 356 num,
189 330 241 350 nec
268 322 305 350 ita
322 323 411 350 multo
437 327 500 358 post
525 322 639 350 Abelem
659 323 765 358 genuit,
794 321 884 350 Caete-

97 377 157 396 rum
175 368 278 396 Cainus
308 368 387 396 Abeli
402 368 548 396 insidiatus
566 368 643 395 illum
661 367 769 395 tandem
785 368 812 394 in
826 367 884 402 agri

97 414 248 442 solitudine
279 414 482 449 deprehensum
512 412 660 442 intérfecit.
694 415 760 442 Post
793 414 886 441 Abelis

98 460 198 487 caedem
225 459 327 487 Sethus
340 460 446 488 Adamo
465 461 598 488 nascitur.
615 460 711 496 Itaque
734 460 768 487 ab
784 460 887 487 Adamo

100 506 293 540 transgressio,
313 512 329 532 a
342 505 428 533 Caino
442 505 530 533 caedes
556 505 666 533 initium
680 505 798 533 habuit:
817 509 847 532 ut
861 509 889 532 et

99 558 114 577 a
129 549 241 582 Jaredo,
273 551 320 584 qui
336 551 450 585 quintus
461 558 476 578 a
487 550 572 578 Setho
588 550 650 582 fuit,
672 549 816 585 spurcitia,
841 557 889 576 ve-

102 596 244 629 neﬁcium,
270 596 427 632 praestigiae,
450 601 481 624 et
508 597 685 624 adulterium.
708 596 801 624 .laredi
818 595 891 623 ﬁlius

100 643 153 670 Fuit
164 642 307 674 Enochus,
325 642 371 677 qui
393 643 449 670 Deo
467 648 562 678 gratus
578 647 603 670 et
617 648 748 678 acceptus
764 650 779 669 a
792 649 890 669 corru-

100 693 148 723 pto
160 688 282 723 parentis
296 688 421 715 instituto
442 689 571 716 descivit.
594 689 645 716 Hic
671 689 767 724 genuit
786 687 893 715 Mathu—

103 734 250 766 salemum,
279 734 327 768 qui
355 734 522 762 Lamecbum
550 735 682 769 suscepit,
717 733 790 761 Noaei
820 733 894 760 illius

103 784 220 814 patrem.
249 780 329 815 cujus
356 780 528 814 temporibus
544 779 649 807 diluvio
669 784 741 807 totus
760 784 894 806 terrarum

107 825 184 853 orbis
209 825 328 853 obrutus
350 829 403 853 est.
419 826 459 853 Ex
478 826 608 853 omnibus
633 833 717 860 porro
736 824 897 852 mortalibus

107 871 183 898 solus
197 871 244 898 hic
264 879 318 898 una
329 878 391 898 cum
411 871 502 898 tribus
527 871 601 904 ﬁliis,
619 871 714 903 Semo,
729 870 844 902 Chamo,
869 875 897 897 et

108 916 236 951 Japbeto,
252 924 323 943 arcae
336 924 416 951 quam
431 916 478 944 Dei
493 917 569 952 jussu
582 924 615 944 ex
639 915 804 950 incorruptis
815 915 896 950 lignis

107 967 292 990 exstruxerat.
309 967 337 989 et
357 962 478 997 undique
492 963 638 997 picaverat,
654 962 822 989 adminiculo
836 961 893 988 sal-

109 1015 160 1035 vus
173 1008 270 1035 evasit.
281 1008 416 1036 Caeterum
433 1012 528 1035 sextus
541 1016 555 1035 a
572 1008 654 1035 Semo
666 1008 801 1035 Pbalecus
815 1014 897 1034 exor-

109 1059 155 1082 tus
170 1058 223 1086 est,
250 1055 329 1089 cujus
344 1057 506 1088 tempestate
520 1054 603 1081 turris
617 1058 765 1086 exstructa,
784 1054 898 1088 lingua:-

109 1107 164 1135 que
191 1099 314 1127 confusa:
341 1104 415 1126 sunt.
447 1099 577 1127 Confusis
605 1099 673 1127 orbe
700 1104 758 1127 toto
786 1099 898 1134 linguis,

113 1145 218 1181 primus
240 1145 364 1173 omnium
382 1144 554 1172 Ncmbrodus
574 1144 722 1180 {Ethiopian
746 1153 775 1173 se
808 1151 900 1180 regem

112 1198 312 1227 tyrannumque
343 1191 424 1219 dixit.
449 1190 538 1226 Hujus
568 1195 597 1219 et
620 1191 729 1218 Phaleci
756 1191 901 1226 posteritas

113 1236 274 1265 statuariam
288 1244 302 1264 e
318 1236 408 1271 ﬁglina
423 1236 599 1272 excogitavit.
616 1237 700 1264 Porro
716 1241 778 1264 ante
795 1236 902 1264 Tharsei

114 1289 239 1318 tempora
270 1283 363 1310 nullus
389 1287 466 1317 patre
488 1283 566 1318 prior
581 1283 650 1310 vivis
664 1283 816 1310 excessisse
835 1283 903 1318 legi-

115 1337 170 1358 tur.
196 1330 265 1364 Qnia
291 1334 384 1357 autem
400 1329 447 1357 hic
464 1329 536 1356 idola
563 1329 621 1357 luto
649 1329 776 1364 efﬁngere
797 1331 904 1364 primus

115 1377 257 1406 adinveuit
280 1377 390 1411 suique,
399 1376 491 1403 saeculi
504 1375 661 1403 hominibus
674 1375 830 1411 hujusmodi
847 1384 905 1404 sce-

117 1424 184 1451 leris
197 1426 293 1451 auctor
307 1422 371 1453 fuit,
388 1420 493 1448 idcirco
516 1421 606 1456 justas
626 1425 709 1455 atque
729 1428 825 1455 graves
851 1428 907 1455 poe-

116 1477 167 1497 nas
183 1468 293 1496 Numini
311 1466 421 1494 tandem
438 1465 589 1501 persolvit:
608 1466 654 1492 cui
678 1465 809 1492 nimirum
835 1465 908 1493 titius

117 1514 202 1541 Arras
214 1512 359 1539 immatura
375 1514 461 1538 morte
477 1513 630 1545 praereptus
653 1513 704 1542 est,
732 1514 762 1537 ut
778 1509 821 1537 his
842 1517 909 1544 quo-

118 1565 172 1593 que
181 1556 274 1585 verbis
284 1556 425 1591 Scriptura
443 1560 560 1582 testatur
572 1563 579 1582 :
592 1554 627 1582 Et
637 1558 757 1581 mortuus
772 1559 811 1581 est
825 1555 909 1582 Arms
925 1562 946 1592 ο

122 1607 185 1631 ante
204 1603 346 1630 Thartcum
369 1605 472 1637 patrem
494 1609 571 1628 suum
586 1600 606 1627 ³.
623 1600 754 1628 Colorum
777 1604 910 1635 praeterea

123 1650 262 1684 pigmenta
288 1656 304 1675 ιι
337 1647 462 1675 Scrucbo
488 1646 640 1681 excogitata
666 1650 741 1678 sunt,
762 1646 864 1681 quibus
878 1654 911 1673 ex

122 1695 262 1730 ﬁgmentis
292 1693 480 1727 improborum
514 1691 695 1727 quorumdam
722 1697 911 1727 tyrannorum,

123 1740 324 1774 hominumque
337 1739 539 1766 sceleratorum
557 1737 713 1769 ἀποθέωσις
733 1737 759 1764 in
776 1737 842 1765 orbe
855 1742 912 1764 ter-

122 1794 216 1815 rarum
233 1786 357 1813 inolevit.
388 1785 528 1819 Pritnique
544 1784 613 1811 adeo
640 1784 767 1811 omnium
791 1782 913 1819 Egyptii

123 1840 152 1863 ct
166 1834 271 1870 Assyrii
292 1834 324 1860 ad
345 1840 414 1865 opus
437 1837 492 1859 tam
518 1832 571 1859 vile
598 1836 627 1859 et
654 1832 791 1867 abjectnm
817 1834 914 1865 sponte

126 1879 263 1915 provoluti
280 1883 355 1906 sunt.
373 1878 459 1905 Paulo
484 1881 545 1912 post
566 1877 592 1904 in
610 1876 719 1903 Graecos
735 1877 817 1904 etiam
840 1883 915 1902 mor-

130 1928 181 1953 bus
198 1925 244 1952 hic
253 1928 392 1959 grassatus
409 1929 462 1954 est,
479 1930 534 1957 quo
551 1926 676 1956 tempore
705 1922 759 1949 illis
784 1922 914 1954 Cecrops.

130 1972 249 2007 Assyriis
261 1971 348 1998 Ninus
360 1974 387 1997 et
400 1969 560 1997 Semiramis
574 1971 719 2003 prreerant.
739 1967 806 1994 Nam
829 1966 917 1993 Ninus

129 2025 156 2047 et
170 2019 288 2052 Cecrops
301 2017 398 2045 eodem
415 2023 470 2050 quo
484 2015 657 2042 Abrahamus
672 2020 797 2048 tempore
816 2012 917 2040 vixisse

131 2065 267 2092 feruntur.
299 2062 472 2089 Abrahamus
496 2059 541 2087 bic
565 2067 612 2088 sex
641 2059 711 2087 ﬁlios
737 2067 770 2087 ex
797 2058 918 2086 (.‘ethura

130 2110 259 2145 suscepit,
271 2117 286 2136 a
299 2108 400 2143 quibus
410 2106 502 2134 felices
512 2106 627 2138 Arabes,
639 2105 812 2136 Madianmos,
832 2104 917 2131 alias-

131 2164 184 2192 que
211 2159 317 2190 gentes,
334 2157 364 2180 ut
376 2153 410 2180 ab
422 2152 511 2187 Agare
530 2152 692 2183 Ismaelitas,
708 2151 842 2192 originem
866 2149 919 2176 du-

135 2203 206 2229 xisse
225 2199 365 2227 memoria:
381 2199 520 2234 proditum
548 2201 600 2224 est.
627 2185 784 2224 Abrahamo
810 2185 918 2223 tandem

133 2254 235 2275 annum
250 2245 361 2272 circiter
377 2243 559 2272 centesimum
584 2243 693 2277 agenti,
709 2247 793 2277 prout
819 2241 922 2276 promi-
937 2232 959 2260 θ

134 2297 219 2325 serat,
236 2292 308 2319 Deus
321 2290 444 2318 Isaacum
466 2289 590 2321 donavit,
614 2288 661 2323 qui
679 2293 708 2315 ut
727 2289 873 2318 bonorum,
886 2286 924 2314 ita

135 2343 162 2366 et
178 2337 291 2366 virtutis
307 2330 430 2372 paternae.
444 2336 534 2362 haeres
548 2334 663 2362 exstitit.
677 2333 748 2363 Iluic
764 2333 844 2360 liberi
858 2333 923 2364 duo,

136 2385 223 2412 Esaus
241 2388 269 2410 et
280 2382 400 2411 Iacobus
418 2382 475 2409 nati
493 2386 569 2414 sunt,
583 2388 702 2416 quorum
729 2379 817 2407 Esaus
831 2386 925 2406 crasso

138 2431 280 2466 pilosoque
313 2435 430 2463 corpore
460 2427 568 2455 deliciis
598 2426 731 2462 gaudens,
766 2425 926 2460 caeterisque

139 2474 328 2510 voluptatibus
353 2473 474 2505 deditus,
510 2472 649 2500 civitatem
675 2471 812 2499 exstruxit
843 2478 924 2505 qnam

140 2523 285 2554 Edomam,
305 2519 417 2546 nomine
440 2518 569 2545 nimirum
592 2518 724 2545 institutae
744 2516 853 2544 vivendi
870 2517 926 2544 for-

142 2577 192 2595 ma:
204 2565 378 2602 perapposito
400 2566 517 2592 vocavit.
549 2564 635 2592 Edoni
660 2563 734 2591 enim
763 2563 855 2591 carnis
882 2563 925 2590 in-

141 2613 363 2643 ﬂammationem,
380 2618 427 2638 seu
439 2610 578 2645 pruritum
592 2610 738 2646 signiﬁcat.
754 2609 872 2643 Quintus
891 2609 925 2635 ab

141 2658 195 2685 hoc
209 2658 272 2691 pius
288 2655 332 2683 ille
346 2655 490 2691 iustusque
507 2654 593 2682 Jobus
605 2655 709 2683 ﬂoruit.
733 2655 852 2683 Iacobus
864 2662 930 2682 con-

142 2710 183 2730 tra
198 2702 317 2730 laevitate
340 2701 471 2728 continua
498 2701 591 2735 glaber
612 2702 668 2729 Deo
693 2701 774 2736 longe
788 2700 930 2735 acceptior

142 2752 202 2775 erat
222 2755 303 2782 quam
321 2746 428 2781 pilosus
444 2746 489 2773 illc
506 2750 621 2774 venator
647 2747 744 2778 Esaus,
773 2747 852 2782 cujus
868 2753 931 2781 spes

142 2794 235 2822 omnis
264 2793 301 2822 ab
335 2801 403 2820 arcu
427 2796 456 2820 et
482 2792 572 2827 gladio
598 2792 929 2825 dependebat.C:ctcrum

180 2885 265 2914 ’Gcn.
286 2887 380 2918 ιι.“28.

933 274 1010 306 Levi,
1040 281 1121 308 quem
1152 273 1232 300 tertia
1263 271 1438 307 generatione
1472 269 1637 297 subsecutus
1677 271 1720 294 est

934 320 1034 351 Moses,
1050 326 1106 353 quo
1125 319 1196 346 duce
1208 321 1238 345 et
1251 321 1365 344 auctore
1380 315 1463 344 Israel
1481 315 1563 342 duras
1576 313 1720 349 Egyptio-

939 373 999 392 rum
1018 372 1116 391 manus
1132 363 1230 396 evasit,
1248 363 1330 390 Mosis
1342 370 1423 397 porro
1442 361 1612 396 temporibus
1638 359 1670 386 .lo
1695 357 1721 385 in

936 410 1042 438 Gracia
1059 409 1185 442 florebat,
1205 416 1286 443 quam
1308 407 1429 442 Egyptii
1452 405 1506 433 Isin
1533 404 1669 432 dicebant.
1695 406 1723 429 et

937 459 968 482 ut
990 454 1069 481 deam
1086 454 1299 481 venerabantur.
1324 452 1415 479 Atthis
1429 458 1538 486 quoque
1555 448 1723 484 temporibus

939 501 994 528 illis
1009 499 1081 536 apud
1097 499 1281 527 Athenienses
1294 497 1411 526 celebris
1424 501 1494 525 erat.

1267 567 1342 595 CAP.
1363 566 1392 593 Il

969 625 1119 653 Craterum
1137 623 1318 659 mysteriorum
1336 623 1426 657 origo,
1444 621 1708 657 philosophorumque

1295 662 1382 686 κείω.
1416 663 1426 670 ⁸

979 727 1057 761 Quod
1091 726 1124 753 ad
1152 725 1309 753 Graecorum
1336 722 1467 759 mysteria
1495 721 1630 757 pertinet,
1659 719 1729 754 apud

946 774 1067 809 Phrygas
1078 793 1084 805 ,
1099 771 1244 800 Phoenicas
1254 790 1261 802 ,
1277 775 1306 798 et
1322 770 1464 806 Egyptios
1480 769 1526 796 illa
1543 768 1628 795 fuisse
1643 766 1731 801 prius,

947 829 1030 859 atque
1045 823 1114 850 adeo
1129 830 1144 848 a
1157 818 1313 856 Babyloniis
1328 817 1450 848 inventa,
1464 815 1615 849 Cadmique
1629 818 1733 847 tempo-

949 870 1026 898 ribus
1041 869 1068 896 in
1086 867 1217 895 Graeciam
1234 864 1365 892 translata
1380 862 1519 889 memoriae
1532 860 1670 895 proditum
1681 862 1732 886 est.

948 915 1006 942 Imo
1029 913 1162 941 nonnulla
1178 919 1212 939 ex
1228 910 1282 938 illis
1296 908 1421 943 Orpbeus
1433 905 1601 941 excogitasse
1629 904 1714 931 fertur
1727 924 1733 935 ,

950 961 1053 996 quibus
1071 964 1133 994 post
1143 966 1208 986 eum
1222 956 1268 984 alii
1285 962 1394 991 quoque
1409 952 1545 988 pertnulta
1564 950 1735 986 adjecerunt.

951 1008 1041 1035 Divisa
1060 1013 1141 1041 porro
1157 1005 1229 1032 inter
1248 1010 1277 1030 se
1296 1002 1453 1030 Graecorum
1467 1005 1576 1034 quoque
1596 996 1735 1032 mysteria,

951 1053 1020 1081 etin
1039 1052 1171 1088 plurimas
1186 1051 1307 1078 haereses
1324 1047 1443 1076 dissecta
1458 1045 1580 1072 fuerunt.
1615 1042 1738 1069 Philoso-

952 1099 1069 1134 phorum
1096 1097 1169 1125 enim
1193 1096 1261 1123 alios
1274 1094 1446 1129 Epicureos,
1471 1091 1539 1118 alias
1563 1088 1737 1119 Platonicos,

953 1132 1023 1171 alios
1036 1143 1101 1170 item
1117 1150 1133 1169 a
1149 1140 1241 1168 Samio
1256 1139 1419 1174 Pythagora,
1435 1136 1504 1163 alios
1520 1143 1535 1162 a
1555 1134 1665 1162 Zenone
1683 1132 1741 1160 Cit-

955 1189 1028 1220 tiaeo,
1046 1186 1116 1213 alios
1131 1185 1250 1219 denique
1266 1184 1300 1211 ab
1313 1183 1374 1210 aliis
1391 1181 1583 1209 denominatos
1599 1179 1684 1206 fuisse
1697 1178 1741 1204 in»

955 1238 997 1261 ter
1018 1238 1116 1260 omnes
1129 1230 1209 1265 plane
1225 1233 1344 1257 constat.

1281 1296 1357 1324 CAP.
1378 1294 1422 1322 III.

1135 1355 1213 1383 Plato
1226 1354 1258 1380 de
1274 1354 1354 1380 trium
1367 1359 1456 1379 rerum
1471 1350 1569 1378 causis.

995 1414 1034 1442 Ex
1052 1413 1154 1449 quibus
1181 1412 1259 1439 Plato
1287 1409 1398 1446 quidem
1430 1409 1457 1436 in
1487 1408 1579 1435 Attica
1611 1410 1692 1434 natus
1719 1409 1747 1433 ot

961 1461 1072 1490 adultus
1080 1468 1095 1487 a
1104 1460 1160 1487 Deo
1173 1458 1220 1494 qui
1233 1457 1308 1485 solus
1319 1461 1372 1489 est,
1382 1455 1474 1483 omnia
1487 1459 1591 1487 creata,
1603 1454 1750 1488 ipsumque

963 1506 1032 1534 adeo
1047 1504 1189 1532 materiam
1206 1503 1323 1538 primam
1338 1510 1344 1528 :
1360 1504 1512 1536 potestates
1531 1507 1596 1527 vero
1615 1498 1748 1533 quasdam

963 1550 998 1577 ab
1012 1550 1072 1584 ipso
1086 1547 1246 1583 productas,
1268 1546 1417 1573 secundam
1437 1553 1445 1572 :
1468 1552 1529 1571 eam
1546 1542 1665 1584 denique
1689 1550 1750 1576 qua:

963 1601 991 1624 et
1005 1580 1040 1623 ab
1056 1580 1152 1623 eodem
1168 1597 1196 1621 et
1213 1600 1228 1620 a
1253 1591 1437 1628 potestatibus
1453 1590 1520 1625 ipsis
1537 1588 1597 1616 fluit
1609 1608 1616 1621 ,
1641 1580 1749 1617 tertiam

962 1649 1057 1670 eorum
1085 1648 1145 1675 qua:
1167 1640 1195 1666 in
1219 1646 1312 1666 rerum
1337 1641 1434 1664 natura
1458 1640 1522 1662 sunt
1547 1641 1656 1662 causam
1689 1640 1750 1660 esse

963 1688 1084 1715 dicebat.
1099 1685 1231 1713 Mundum
1249 1692 1314 1712 vero
1339 1689 1369 1710 ut.
1394 1682 1528 1718 genitum,
1543 1680 1580 1707 ita
1604 1683 1633 1707 et
1655 1686 1751 1705 corru-

964 1733 1050 1770 ptioui
1074 1733 1225 1760 obnoxium
1256 1729 1464 1765 pronuntiabat.
1490 1728 1563 1754 Idem
1596 1726 1750 1753 animorum

966 1779 1171 1815 μεταγγισμοὺς
1186 1776 1298 1804 tradidit
1311 1785 1318 1803 ι
1331 1783 1386 1810 quo
1399 1773 1533 1801 vocabulo
1545 1780 1598 1799 una
1613 1770 1750 1799 eteadem

966 1826 1058 1853 anima
1081 1825 1203 1852 humano
1231 1822 1352 1850 resoluta
1380 1827 1497 1855 corpore
1515 1817 1637 1846 inaliud
1653 1823 1753 1850 corpus

966 1872 1010 1899 vel
1029 1870 1151 1898 hominis
1163 1869 1262 1900 denuo,
1282 1867 1323 1895 vel
1338 1867 1429 1899 bovis,
1445 1865 1487 1892 vel
1497 1863 1615 1891 aliorum
1628 1861 1753 1892 animan-

968 1918 1047 1948 tium,
1063 1915 1148 1943 etiam
1162 1913 1282 1941 ferarum
1298 1913 1417 1947 alicujus
1431 1911 1549 1945 migrare
1573 1907 1753 1943 significatur.

967 1963 1043 1990 [dem
1061 1961 1236 1997 impudentes
1253 1966 1362 1995 quoque
1375 1958 1410 1985 de
1431 1962 1581 1992 puerorum
1604 1953 1756 1983 amoribus.

970 2009 1184 2045 nuptiarumque
1202 2005 1399 2034 communitate
1419 2004 1494 2037 leges
1508 2002 1580 2030 tulit.

1295 2073 1370 2102 CAP.
1390 2072 1425 2100 IV

1113 2133 1267 2169 Pythagora!
1278 2131 1360 2167 [util-is
1369 2128 1504 2165 nugatoria
1513 2126 1618 2167 delirio.

1007 2191 1116 2220 Samius
1143 2193 1234 2217 autem
1260 2187 1429 2224 Pythagoras
1455 2184 1554 2220 integri
1585 2179 1760 2217 quadriennii

974 2238 1114 2266 silentium
1138 2236 1263 2264 docebat.
1288 2235 1391 2262 Adhtcc
1419 2240 1485 2260 suos
1522 2229 1704 2260 hortabatur,
1731 2230 1762 2253 ut

972 2284 1128 2312 Graecorum
1157 2282 1211 2310 diis
1234 2281 1386 2309 animatum
1404 2277 1523 2313 .aliquid
1561 2274 1758 2303 sacriﬁcarent.

973 2329 1047 2356 Idem
1065 2328 1123 2363 lege
1141 2328 1194 2355 lata
1214 2327 1247 2354 ab
1261 2324 1419 2353 animalium
1438 2327 1466 2351 et
1492 2322 1616 2349 fabarum
1632 2327 1681 2347 esu
1698 2319 1763 2346 abs—

976 2374 1119 2402 linendum
1143 2373 1274 2401 edicebat
1293 2371 1378 2407 (quod
1393 2368 1528 2398 esculenti
1553 2374 1639 2403 genus
1660 2364 1764 2399 alioqui

977 2422 1117 2457 plerisque
1141 2423 1264 2447 nostrum
1282 2416 1470 2453 gratissimum
1484 2419 1537 2446 est,
1549 2417 1577 2441 et
1595 2413 1670 2440 inter
1683 2419 1766 2446 pran-

979 2468 1087 2495 diorum
1101 2470 1246 2501 apparatus
1262 2464 1320 2492 fere
1333 2462 1490 2498 apponitur)
1504 2460 1581 2496 quasi
1595 2457 1765 2486 tantumdem

980 2512 1073 2548 ﬂagitii
1088 2512 1252 2544 committat,
1269 2510 1316 2545 qui
1334 2509 1413 2542 fabis,
1431 2512 1563 2544 quantum
1583 2504 1631 2540 qui
1649 2508 1764 2539 paterno

980 2559 1069 2594 capite
1084 2563 1221 2585 vescatur.
1242 2556 1301 2584 Etsi
1317 2555 1441 2583 nonnulli
1466 2553 1500 2581 ad
1525 2551 1682 2587 allegoriam
1708 2554 1764 2576 tra-

980 2606 1087 2638 hentes,
1101 2605 1282 2640 Pythagoram
1308 2602 1359 2630 sub
1383 2601 1506 2628 fabarum
1532 2598 1674 2625 involucro
1690 2596 1766 2623 dicas

981 2660 1029 2679 seu
1043 2651 1188 2686 iudiciales
1205 2649 1358 2677 sententias
1374 2646 1541 2674 intellexisse
1563 2643 1709 2671 allirmant.
1737 2645 1768 2667 ut

983 2698 1020 2734 μὴ
1036 2697 1207 2732 δικοφαγεῖν,
1225 2704 1273 2723 seu
1295 2694 1445 2722 sententias
1470 2700 1525 2720 non
1543 2698 1604 2718 esse
1620 2687 1768 2719 verendas,

982 2744 1028 2772 sed
1047 2744 1091 2779 jus
1104 2752 1137 2771 ex
1153 2750 1232 2777 aequo
1243 2746 1270 2769 et
1280 2742 1352 2769 bono
1369 2737 1592 2776 prosequendum
1607 2743 1668 2764 esse
1683 2733 1768 2769 signi-

982 2791 1076 2818 ﬁcaret
1103 2800 1108 2818 :
1138 2790 1209 2818 unde
1236 2789 1318 2817 etiam
1343 2784 1541 2822 κυαμοτρῶγες
1571 2791 1619 2811 seu
1652 2780 1770 2809 fabivori
