1949 3073
220 122 286 155 1107

824 129 973 160 NICET/E
993 130 1195 164 CHONIATIE‘

1767 130 1854 160 1108‘

215 171 324 206 iudices
341 179 406 206 olim
421 179 594 212 dicebantur,
612 189 729 216 quorum
755 188 900 212 sententia:
914 191 998 212 vena-
1012 184 1035 216 Δ
1049 187 1161 215 minime
1175 186 1320 219 cadat,-sed
1332 186 1388 215 sola
1399 186 1563 222 cogitatione
1573 187 1849 221 comprehendatur,

216 224 258 251 les
272 229 375 258 essent,
394 225 509 262 insuper
523 225 622 260 placita
637 235 687 254 sua
710 228 788 256 nullo
806 229 888 259 modo
904 228 999 258 discu-

218 270 333 304 tienda,
359 278 450 306 neque
479 271 546 306 quid
576 280 608 300 ea
639 273 690 301 sibi
723 275 826 302 vellent
862 275 999 304 curiosius

214 315 411 350 inquirendum
440 323 501 345 esse
527 319 666 345 monebat.
691 318 729 346 Ex
757 327 813 354 quo
841 320 942 353 ﬁebat,
969 325 1000 350 ut

216 361 374 396 Pythagorae
406 366 488 390 sectae
516 362 616 391 initiati
639 364 797 399 dogmatum
822 367 1000 402 praeceptoris

215 406 257 432 sui
284 406 405 434 rationes
428 408 639 442 anquirentibus
663 409 733 437 nihil
752 411 825 439 aliud
850 413 1000 447 responde-

214 455 286 482 rent,
302 458 383 485 quam
400 459 407 478 :
424 451 463 479 lta
485 452 553 480 dixit
573 461 632 486 seu,
654 455 822 491 Pythagoras
845 456 881 483 ita
895 456 998 485 docuit.

215 493 265 522 Hie
282 501 412 530 praeterea
435 498 535 525 caelum
559 506 671 534 corpus,
698 501 878 536 ejusdemque
908 501 999 529 sidera

217 541 309 568 lunam
325 547 353 569 et
371 542 456 570 solem
471 543 566 571 oculos
577 552 637 572 esse
649 545 769 574 dicebat.
784 546 918 574 Caeterum
936 554 997 574 cum

215 587 338 621 magicen
368 595 480 623 quoque
505 596 656 622 exerceret,
685 591 712 618 in
741 591 864 619 conferta
904 591 998 626 populi

215 633 295 659 turba
308 632 397 660 femur
412 640 526 661 aureum
539 635 686 670 aliquando
701 637 860 665 ostentavit.
877 637 998 664 Piscium

214 685 325 714 quoque
339 679 385 714 qui
404 679 473 707 forte
486 679 513 707 in
530 680 620 709 littore
631 682 771 718 jacebant,
784 683 887 718 etquia
903 691 999 711 recens

215 723 298 758 capti,
313 724 482 759 palpitabant
498 734 642 754 numerum
665 728 797 756 ariolatus
819 732 870 757 est.
888 729 999 758 Primus

215 769 333 804 denique
349 770 558 805 ὲνσωματώσεις
573 779 620 799 seu
646 773 798 801 animarum
822 774 851 801 in
866 774 921 802 alia
939 782 999 802 cor-

215 822 281 847 pora
296 814 485 850 migrationes,
501 824 563 851 quae
579 818 713 853 σωμάτων
730 819 926 854 μεταγγισμοὶ,
949 827 997 847 seu

214 865 360 893 corporum
375 860 568 889 elutriationes
581 868 609 890 et
624 863 824 891 translusiones
851 872 867 890 a
894 864 995 898 Graecis

213 904 386 938 dicebantur,
412 906 517 935 delirus
540 908 585 936 ille
611 907 751 944 [utilisque
776 915 892 945 nugator
913 918 997 938 exco-

212 950 321 985 gitavit.

538 999 614 1029 CAP.
635 1001 668 1028 V.

247 1054 356 1089 Epicuri
366 1055 530 1084 mellitarum
543 1055 726 1091 placenlarum
737 1057 866 1086 helluom's
877 1066 962 1094 nugc.

248 1111 284 1139 At
293 1111 426 1146 Epirurus
435 1112 520 1140 Deum
532 1117 564 1140 .et
578 1113 779 1148 providentiam
794 1122 855 1142 esse
866 1115 996 1150 negabat,

213 1164 314 1192 corpus
326 1157 379 1186 hoc
396 1159 586 1187 universitatis
599 1167 633 1187 ex
646 1161 744 1188 atomis
757 1166 893 1193 constare,
902 1163 997 1197 quales

215 1210 269 1230 una
284 1211 347 1231 cum
370 1204 506 1232 solaribus
521 1205 607 1233 radiis
624 1211 768 1241 apparent,
793 1215 944 1242 rursusque
969 1208 997 1235 in

214 1249 323 1277 easdem
338 1250 439 1277 resolvi
465 1258 593 1279 asserens
612 1260 620 1279 :
643 1252 720 1286 quasi
736 1256 834 1280 natura
858 1255 999 1288 perpetui-

215 1299 270 1321 tate
288 1295 404 1328 quadam
420 1301 543 1330 generet,
560 1296 709 1332 denuoque
719 1297 747 1324 in
769 1297 814 1325 illa
839 1298 897 1333 ipsa
913 1299 998 1325 resol-

214 1344 304 1372 vatur,
319 1348 352 1367 ex
368 1340 470 1375 quibus
484 1343 637 1377 composita
650 1347 701 1370 est.
728 1344 814 1371 Porro
835 1344 888 1371 hoc
907 1344 997 1379 ipsum

212 1385 402 1414 universitatis
424 1394 525 1422 corpus
549 1387 582 1415 ab
606 1388 660 1416 ima
682 1388 746 1416 sede
766 1393 795 1416 ct
819 1389 998 1418 fundamento

212 1431 258 1459 ovi
279 1431 396 1460 formam
421 1434 589 1468 exprimere,
611 1439 794 1470 naturamque
819 1437 889 1464 adeo
911 1436 997 1471 ipsam

213 1477 323 1512 spiritu,
341 1479 388 1513 qui
402 1486 512 1506 corona
527 1484 576 1507 aut
586 1480 692 1515 coaguli
710 1480 795 1508 instar
814 1489 896 1509 ovum
910 1482 998 1510 ambit

215 1524 374 1559 constringi,
388 1529 416 1552 et
429 1526 548 1552 coartari
563 1533 571 1554 :
590 1526 743 1554 universam
764 1527 875 1562 insuper
894 1533 997 1556 naturae

215 1567 314 1595 molem
337 1568 423 1595 nimio
447 1568 558 1597 violenti
571 1569 684 1604 spiritus
706 1571 808 1605 impetu
826 1571 853 1598 in
871 1571 927 1598 duo
951 1572 998 1600 he-

215 1613 368 1648 mispbteria
378 1613 482 1647 diduci,
490 1622 607 1649 quorum
618 1616 733 1643 alterum
748 1617 868 1651 caeleste,
881 1617 996 1645 alterum

187 1663 192 1667 ”
215 1664 345 1688 terrestre
360 1661 397 1688 sit
417 1669 425 1688 :
441 1662 508 1696 quin
522 1662 603 1689 etiam
618 1670 650 1689 ea
666 1670 728 1697 quae
753 1664 781 1690 in
806 1664 931 1691 universa
951 1672 994 1691 re-

214 1715 273 1734 tum
284 1713 381 1735 natura
392 1707 528 1736 levissima
540 1714 614 1741 sunt,
623 1716 730 1736 sursum
741 1709 845 1737 scilicet
859 1709 885 1736 in
894 1710 996 1742 lucem,

214 1753 342 1782 uberem
357 1759 384 1782 et
403 1762 485 1782 auras
509 1755 682 1783 tenuissimas
705 1756 917 1790 superﬂuitare:
937 1765 996 1790 qua).

214 1803 306 1826 contra
318 1799 487 1834 gravissima,
503 1801 713 1836 quisquiliisque
726 1806 753 1829 et
768 1803 899 1830 ramentis
908 1803 997 1830 simil-

216 1845 281 1871 lima
305 1851 426 1878 suut,ca
452 1845 580 1874 deorsum
609 1846 636 1873 in
667 1852 779 1880 terram,
804 1852 831 1875 et
857 1848 997 1875 humidam

213 1898 345 1925 aquarum
372 1890 551 1918 substantiam
577 1892 851 1920 subsidere:omnia
878 1894 997 1929 denique

214 1943 264 1970 per
282 1935 373 1971 seipsa
387 1938 499 1971 suaquef
514 1941 612 1972 sponte
631 1946 693 1967 cum
720 1939 778 1966 axis
805 1943 997 1975 astrorumque

214 1982 445 2010 circumvectione
463 1983 567 2011 moveri
584 1983 744 2011 aﬂirmabat.
763 1985 834 2012 idem
852 1985 998 2015 beatitudi-

214 2026 258 2053 nis
273 2027 364 2059 iinem,
380 2034 428 2054 seu
443 2035 580 2055 summum
596 2029 711 2061 bonum,
727 2028 754 2056 in
770 2030 910 2064 voluptate
929 2037 997 2057 eon-

214 2072 312 2099 sistere
328 2076 416 2103 ratus,
436 2073 547 2100 mellitis
572 2066 715 2108 placentis,
743 2074 892 2110 impensius
915 2083 995 2110 quam

214 2125 307 2145 mures
321 2118 487 2154 adipalibus,
502 2118 702 2147 oblectabatur.

540 2174 615 2203 CAP.
637 2175 680 2204 Vl.

216 2229 302 2256 Haec:
316 2230 476 2268 philosophia
492 2232 598 2260 certior.
613 2231 748 2268 Principia
759 2241 846 2261 rerum
858 2234 997 2262 elementa.

326 2264 423 2300 Ecquad'
435 2265 622 2294 elementorum
637 2264 722 2303 primo
736 2269 902 2303 productum.

251 2321 286 2350 Ut
299 2327 391 2350 autem
407 2324 558 2358 generatim
578 2325 644 2359 quid
667 2326 774 2354 externi
795 2327 950 2363 philosophi
965 2328 999 2356 de

216 2367 351 2394 universae
372 2372 479 2395 natura:
503 2368 608 2396 fabrica
635 2372 782 2402 senserint,
799 2373 933 2407 explicem
951 2373 1000 2407 (ut

215 2420 277 2440 cum
303 2412 367 2439 illos
389 2412 460 2440 inter
489 2420 519 2440 se
551 2414 698 2443 dissentire
725 2418 907 2452 cognoveris,
935 2417 998 2445 inde

215 2466 384 2494 qumcunque
408 2458 442 2486 de
468 2466 560 2485 rerum
576 2461 752 2494 generatione
775 2463 908 2497 prolocuti
924 2468 999 2497 sunt,

216 2511 246 2533 ut
261 2505 410 2541 plurimum
423 2513 438 2533 a
458 2513 523 2533 vero
544 2505 698 2534 aberrantia
712 2509 865 2544 perspicere
879 2511 962 2544 possis
975 2510 996 2545 ),

216 2553 304 2580 Moses
319 2552 430 2587 quidem
446 2551 615 2586 simpliciore
632 2553 771 2588 magisque
783 2555 998 2590 compendiario,

214 2599 270 2626 imo
293 2599 384 2633 potius
412 2596 566 2632 copiosiore
590 2597 660 2632 stylo
687 2598 722 2626 de
748 2600 844 2626 mundi
862 2602 1000 2628 creatione

217 2644 355 2671 disserens
371 2652 380 2672 ς
396 2642 429 2669 In
451 2642 589 2678 principio,
616 2643 721 2678 inquit,
736 2643 796 2678 fecit
812 2644 882 2671 Deus
907 2645 1000 2672 caelum

217 2694 241 2715 et
256 2693 366 2716 terram.
379 2688 482 2716 Deinde
497 2695 529 2716 ea
547 2688 644 2716 ordine
659 2696 719 2723 quae
734 2693 799 2716 sunt
816 2691 844 2716 in
858 2690 927 2718 coelo
939 2698 1000 2725 per—

216 2734 312 2762 currit.
326 2734 361 2761 At
372 2738 547 2762 externorum
560 2734 785 2769 philosophorum
793 2736 918 2763 nonnulli
927 2737 1001 2771 prin-

217 2780 287 2814 cipia
313 2787 405 2806 rerum
431 2779 572 2807 materiam
590 2784 618 2807 ct
643 2779 760 2808 formam
777 2781 913 2808 dixerunt.
939 2781 999 2809 Pri-

219 2832 343 2859 mamque
356 2824 425 2853 adeo
440 2825 582 2854 materiam
600 2833 660 2861 qua:
677 2827 728 2855 sub
747 2834 858 2856 sensum
885 2827 997 2862 quidem

1049 230 1142 260 formae
1152 231 1389 266 subsistentiaeqne
1401 238 1514 266 prorsus
1525 239 1632 266 expers.
1645 231 1714 262 Nam
1728 232 1753 260 si
1770 233 1849 261 torte

1049 278 1228 312 quantitates,
1244 278 1398 312 qualitates,
1414 277 1703 310 relationes,babitns,
1716 286 1843 306 conver-

1049 324 1150 357 sioaes,
1163 329 1265 357 motus,
1275 325 1461 356 alterationes,
1476 325 1642 353 mutationes
1654 340 1673 357 ,-
1686 329 1715 352 et
1736 330 1848 353 cetera

1049 369 1076 396 id
1090 377 1176 405 genus
1188 369 1330 398 abstrahas
1345 378 1352 396 :
1366 369 1439 404 quod
1456 370 1603 404 supererit,
1630 371 1746 397 materia
1764 371 1849 399 dice-

1050 419 1104 442 tur.
1129 414 1178 444 Cui
1207 414 1323 449 quidem
1340 415 1362 442 si
1396 415 1480 442 facies
1502 419 1550 442 aut
1572 415 1658 450 ﬁgura
1684 415 1845 450 quaepiam.

1030 473 1034 475 ~
1049 466 1129 494 quam
1141 459 1259 489 formam
1275 463 1374 488 vocant
1391 459 1581 494 imprimatur,
1598 460 1638 487 sic
1666 459 1783 487 tandem
1814 460 1847 487 in

1049 506 1226 538 elementum,
1254 505 1385 536 atherem
1414 505 1554 539 \idelicet,
1577 506 1621 533 vel
1650 513 1766 540 aquam,
1797 506 1847 533 vel

1049 551 1149 587 ignem,
1162 552 1204 579 vel
1219 555 1321 579 terram
1331 552 1426 579 evadit
1445 561 1452 579 :
1464 559 1499 579 ex
1513 559 1630 586 quorum
1642 551 1745 580 deinde
1762 559 1848 578 com-

1049 597 1143 625 mixtis
1155 597 1299 625 elementis
1316 598 1468 632 composita
1482 605 1611 632 corpora,
1624 601 1653 627 et
1670 597 1794 627 animata
1810 600 1847 624 et

1050 643 1170 671 inanima
1195 648 1351 671 nascantur.
1377 643 1506 678 Majorem
1537 642 1629 675 itaque
1655 642 1783 670 materia:
1812 647 1847 669 et

1048 688 1144 716 format
1168 689 1385 726 principiorum,
1409 697 1491 723 quam
1520 688 1664 719 elementis
1686 692 1814 723 quatuor
1835 695 1844 715 :

1050 734 1148 769 hisque
1165 735 1286 762 vicissim
1301 734 1514 766 elementorum,
1535 741 1618 768 quam
1644 732 1760 767 reliquis
1778 740 1848 759 cor-

1047 780 1164 818 poribus
1194 781 1329 810 rationem
1355 780 1445 809 inesse
1474 780 1594 807 tradunt.
1624 779 1713 813 Atque
1738 785 1844 806 eorum

1014 848 1036 877 Β
1050 826 1161 861 quidem
1177 827 1302 854 nonnulli
1315 827 1413 856 eodem
1431 833 1486 860 quo
1503 825 1586 852 Deum
1602 824 1628 851 in
1646 824 1734 873 gradu
1750 829 1846 852 mate-

1051 870 1119 898 riam
1135 878 1245 905 quoque
1261 871 1407 904 collocant,
1428 873 1524 904 utpote
1546 877 1607 904 qua:
1632 868 1757 897 omnium
1777 875 1844 902 quae

1049 920 1115 949 sunt
1135 917 1164 944 in
1181 924 1273 944 rerum
1289 921 1388 944 natura
1412 916 1488 951 prior
1509 916 1546 944 sit
1569 920 1597 943 et
1611 914 1764 949 antiquior,
1784 915 1844 941 imo

1049 969 1116 989 vero
1130 970 1247 997 corpora
1258 963 1350 990 omnia
1365 962 1539 990 successione
1555 961 1687 989 continua
1700 960 1844 995 producat

1049 1008 1123 1043 (cum
1133 1015 1184 1035 nos
1196 1008 1305 1036 interim
1322 1008 1408 1036 Deum
1423 1015 1516 1035 rerum
1531 1007 1652 1034 omnium
1669 1005 1842 1041 principium

1048 1054 1245 1089 principiisque
1263 1053 1332 1082 adeo
1347 1053 1415 1088 ipsis
1427 1053 1611 1088 antiquioretu
1627 1059 1688 1080 esse
1705 1051 1843 1086 proﬁtea-

1049 1100 1134 1131 tnur).
1143 1098 1336 1134 quaa‘denique
1350 1104 1412 1133 post
1420 1098 1589 1128 substantias
1603 1092 1724 1126 materia:
1738 1105 1842 1132 exper-

1049 1150 1089 1172 tes
1105 1145 1248 1172 materiam
1275 1145 1361 1179 ipsam
1384 1144 1528 1180 protulerit
1541 1163 1550 1175 ,
1574 1147 1656 1178 atque
1672 1144 1709 1170 ita
1723 1143 1841 1170 demum

1048 1191 1205 1221 universum
1222 1196 1328 1219 natura
1350 1198 1450 1225 corpus
1471 1190 1603 1219 fabricata
1625 1190 1674 1217 sit.
1693 1189 1747 1216 Alii
1771 1196 1842 1216 vero

1048 1236 1226 1272 physiologia
1240 1244 1341 1264 arcana
1354 1235 1562 1271 diligentissime
1580 1235 1682 1265 rimati,
1711 1234 1840 1269 ecquod-

1048 1289 1111 1308 nam
1126 1281 1326 1309 elementorum
1343 1281 1434 1316 primo
1448 1280 1613 1316 productum
1640 1280 1726 1306 fuerit
1747 1280 1839 1308 variis

1048 1326 1120 1354 inter
1148 1334 1177 1354 se
1205 1326 1457 1355 concertationibus
1489 1325 1711 1361 disputaverunt.
1743 1327 1838 1359 Atque

1048 1371 1110 1400 aliis
1122 1372 1231 1407 quidem
1250 1373 1356 1407 primus
1370 1372 1493 1400 omnium
1508 1371 1580 1407 ignis
1594 1371 1742 1399 emersisse
1759 1371 1839 1398 vide-

1047 1421 1105 1449 tur,
1119 1423 1233 1454 propter
1247 1418 1303 1446 vim
1313 1419 1339 1446 ei
1354 1418 1474 1450 insitam,
1491 1425 1544 1452 qua
1557 1422 1657 1444 cuncta
1671 1418 1812 1444 consumit
1831 1425 1838 1443 :

1049 1464 1109 1491 aliis
1124 1471 1188 1496 aer,
1204 1464 1283 1499 cujus
1300 1463 1391 1491 alllatu
1414 1468 1441 1490 ct
1456 1462 1553 1490 rellatu
1570 1461 1720 1489 animantia
1744 1461 1840 1488 consi-

1013 1515 1034 1546 ε
1049 1514 1142 1542 stunt;
1161 1510 1223 1537 aliis
1244 1517 1314 1539 aqua
1343 1509 1491 1544 generandi
1507 1508 1647 1535 facultatis
1662 1514 1728 1542 ergo
1742 1527 1751 1539 ,
1775 1514 1840 1541 qua:

1050 1556 1140 1584 inesse
1158 1556 1197 1583 illi
1211 1555 1317 1588 fertur;
1339 1555 1401 1582 aliis
1416 1554 1537 1590 denique
1562 1560 1646 1586 terra,
1662 1552 1737 1588 quod
1753 1560 1788 1579 ex
1805 1560 1838 1579 ea

1050 1601 1199 1630 animantia
1216 1601 1306 1628 omnia
1319 1606 1410 1629 ortum
1422 1600 1552 1633 habeant,
1565 1605 1647 1636 atque
1666 1600 1695 1627 in
1709 1606 1770 1626 eam
1790 1599 1839 1626 de-

1051 1655 1107 1675 nuo
1120 1648 1302 1676 resolvantur.

1365 1712 1442 1740 CAP.
1463 1711 1520 1739 \‘ll.

1318 1768 1352 1795 De
1365 1767 1435 1795 [deis
1453 1771 1478 1794 et
1490 1766 1572 1793 Caelo.

1086 1826 1120 1853 Et
1136 1826 1213 1853 Plato
1230 1824 1342 1860 quidem
1358 1824 1428 1851 ideae
1443 1823 1538 1858 prima:
1554 1821 1665 1850 nomine
1679 1820 1837 1856 intelligen-

1053 1872 1117 1898 tiam
1134 1876 1161 1898 et
1178 1870 1390 1898 inenarrabiletn
1409 1868 1580 1904 phantasiam
1593 1888 1600 1901 ,
1621 1868 1752 1902 illamque
1766 1867 1838 1894 adeo

1052 1915 1276 1951 imaginationem
1306 1922 1360 1949 qua
1388 1913 1522 1941 mundum
1550 1912 1654 1940 creavit
1677 1921 1684 1939 :
1707 1911 1836 1938 secundat.

1051 1969 1127 1994 vero,
1137 1961 1279 1989 beatarum
1293 1961 1424 1987 mentium
1434 1959 1569 1992 ordinem,
1581 1958 1730 1993 mundique
1743 1958 1835 1993 hujus,

1051 2007 1097 2042 qui
1114 2006 1240 2034 sensibus
1265 2010 1340 2041 patet
1354 2005 1494 2039 exemplar
1515 2013 1521 2031 :
1536 2004 1624 2031 tertiae
1638 2003 1770 2038 denique,
1787 2011 1836 2038 ge-

1050 2053 1159 2080 nerales
1171 2053 1231 2080 illas
1247 2051 1366 2079 rationes
1388 2051 1527 2085 intelligit,
1550 2050 1650 2085 quibus
1672 2056 1716 2076 res
1735 2056 1751 2075 a
1777 2048 1836 2076 suis

1050 2098 1212 2133 corporibus
1231 2098 1383 2125 abstractas
1400 2096 1630 2131 contemplamur,
1658 2099 1688 2122 ut
1713 2101 1776 2122 cum
1802 2094 1835 2121 de

1051 2145 1172 2175 homine.
1189 2143 1232 2171 vel
1247 2151 1328 2178 equo,
1342 2144 1385 2171 vel
1409 2143 1479 2170 bove
1507 2149 1599 2170 sermo
1616 2142 1780 2168 instituitur.
1800 2140 1836 2169 At

1013 2187 1210 2217 DAristoteies
1241 2189 1309 2216 ideis
1341 2189 1521 2216 substantiam
1550 2187 1665 2219 tribuit,
1697 2194 1748 2214 nec
1777 2194 1834 2219 eas,

1051 2236 1091 2263 uti
1117 2235 1212 2267 Plato,
1238 2243 1287 2270 per
1313 2242 1342 2262 se
1371 2234 1452 2269 vique
1477 2242 1527 2261 sua
1552 2234 1701 2261 subsistere
1727 2237 1834 2260 censet.

1049 2280 1124 2309 ldem
1148 2280 1206 2315 ipse
1230 2280 1331 2308 cmlum
1350 2281 1479 2315 quintum
1495 2286 1595 2315 corpus
1609 2286 1670 2306 esse
1687 2279 1769 2312 longe
1792 2277 1834 2304 di-

1049 2334 1129 2354 versa
1144 2326 1178 2353 ab
1200 2326 1345 2354 elementis
1370 2330 1470 2353 natura
1493 2325 1638 2361 praeditum
1663 2328 1759 2351 auctor
1782 2327 1833 2351 est.

1049 2372 1154 2400 Caelum
1170 2376 1243 2399 certe
1259 2371 1366 2399 Platoni
1382 2371 1408 2398 id
1424 2379 1484 2398 esse
1497 2370 1617 2401 videtur,
1635 2369 1707 2404 quod
1720 2369 1747 2395 in
1768 2376 1834 2403 qua-

1052 2423 1114 2446 tuor
1127 2418 1273 2445 elementis
1285 2416 1403 2444 maxime
1423 2417 1563 2452 praelucet.
1591 2414 1746 2442 Terrestria
1761 2414 1832 2441 enim

1051 2471 1167 2498 corpora
1193 2463 1240 2491 ille
1264 2463 1357 2490 inﬁma
1377 2462 1578 2490 elementorum
1604 2465 1697 2495 parte.
1725 2464 1756 2487 ut
1773 2467 1833 2494 qua

1051 2508 1174 2534 omnium
1199 2508 1371 2535 crassissima
1387 2507 1423 2535 sit
1438 2506 1618 2541 materieique
1639 2506 1702 2540 plus
1714 2505 1832 2536 habeat,

1051 2553 1152 2581 coelum
1179 2557 1272 2581 autem
1297 2554 1416 2580 maxime
1434 2553 1573 2580 luminosa
1591 2551 1742 2579 eorundem
1759 2554 1832 2585 parte

1051 2602 1178 2626 constare
1195 2603 1330 2626 autumat.
1352 2598 1487 2626 Caeterum
1511 2597 1675 2625 Aristoteles
1700 2597 1831 2623 rationem

1051 2651 1161 2680 quoque
1177 2643 1283 2676 adfert,
1301 2652 1386 2679 quare
1399 2644 1499 2671 caelum
1517 2651 1618 2678 corpus
1632 2650 1694 2670 esse
1708 2642 1831 2677 quinzum

1052 2689 1104 2717 sibi
1121 2689 1265 2721 videatur,
1280 2689 1380 2725 quippe
1397 2689 1462 2724 quia
1489 2688 1612 2716 directus
1636 2687 1830 2715 elementorum

1053 2737 1088 2763 sit
1109 2740 1216 2767 tnotus,
1241 2741 1304 2762 cum
1328 2735 1427 2763 caelum
1448 2735 1475 2762 in
1496 2734 1591 2761 orbem
1614 2732 1728 2760 feratur.
1740 2732 1830 2766 Itaque

1053 2781 1154 2808 diversi
1167 2786 1258 2808 motus
1268 2789 1344 2816 ergo,
1363 2781 1498 2808 diversam
1515 2781 1554 2808 illi
1568 2786 1677 2815 quoque
1688 2787 1703 2806 a
1717 2785 1830 2813 quatuor

1052 2827 1194 2855 clementis
1208 2828 1389 2856 substantiam
1400 2827 1535 2862 assignat.
