1949 3073
96 166 166 199 1109
439 212 441 214 μ

403 218 482 247 .CAP.
503 215 572 244 Vill.

133 280 172 308 De
184 278 284 307 Stellis.
297 277 344 305 Sol
356 279 382 303 et
401 275 466 302 (una
476 282 512 301 an
522 270 660 308 ηριωιιιων
672 268 846 298 Planetarum

302 311 378 344 ordo,
387 314 472 340 motu:
491 313 516 344 et
535 310 684 334 concentus.

131 382 170 409 De
184 379 273 407 stellis
290 378 374 406 etiam
388 375 548 404 errantibus
561 378 589 402 et
605 373 668 401 ﬁxis
684 377 802 405 uterque
823 368 884 398 dis-

97 427 178 456 serit.
194 427 228 454 Et
244 425 324 453 Plato
338 423 452 459 quidem
465 429 548 450 unam
563 418 687 448 omnium
705 416 886 450 eamdemque

98 470 292 503 substantiam,
301 469 328 497 id
338 468 468 496 nimirum
478 465 551 501 quod
564 465 592 493 in
607 468 725 499 quatuor
739 459 887 489 elementis

99 516 218 544 maxime
233 515 444 550 perluceat,esse
455 512 505 540 ait.
515 509 678 539 Aristoteles
693 511 785 537 autem
798 503 886 540 quinti

100 561 230 598 corporis
246 560 359 590 nomine
370 562 400 590 et
414 559 513 588 celum
537 560 566 583 et
590 554 682 591 stellas
697 559 794 582 omnes
813 558 889 578 com-

101 609 245 645 plectitur.
259 611 374 643 propter
390 609 497 634 malum
512 602 628 634 scilicet,
644 607 728 634 quem
746 598 888 645 diversum

102 641 117 682 a
136 641 423 689 quatuorrelementis
436 649 548 679 habent.
563 647 650 676 Porro
673 644 773 677 ctutum
796 641 869 675 istud
882 660 890 673 ,

104 687 179 735 quod
190 698 326 734 quintum
342 702 447 730 corpus
461 693 591 729 appellat,
606 691 673 726 quid
698 697 727 717 re
750 695 816 717 vera
835 687 873 715 sit
884 705 892 719 ,

103 734 277 779 nequaquam
296 741 404 776 deﬁnit.
417 740 470 772 Sed
483 747 519 772 ex
536 737 667 772 opinione
682 740 711 764 et
731 734 891 769 conjectura

106 793 212 818 tantum
226 787 361 822 loquitur.
376 785 477 814 Verum
487 783 631 815 enimvero
647 780 774 816 quamvis
785 782 891 821 septeni

721 153 872 188 THESAU
881 151 922 183 ill
941 151 1017 182 LIB.
1039 149 1065 180 Ι.

895 207 921 237 Δ
933 213 1000 234 vero
1013 203 1237 233 ἀποκατάστασις
1252 199 1356 231 exactis
1371 201 1414 227 ter
1430 196 1505 225 mille
1520 193 1645 225 ducentis
1666 201 1715 221 su-

1644 136 1714 170 1110

930 259 982 286 pra
991 250 1095 279 centies
1102 253 1130 277 et
1143 246 1327 283 septuagesies
1339 244 1486 280 quinquies
1499 242 1568 270 dena
1581 244 1717 286 annorum

935 282 1021 327 millia
1037 282 1198 328 peragitur:
1213 295 1335 324 tuncque
1360 287 1429 319 adeo
1450 285 1571 322 synodus
1593 282 1716 318 quaedam

935 343 1144 373 conventusque
1171 337 1311 364 stellarum
1337 333 1459 362 omnium
1486 331 1522 363 ad
1549 329 1718 357 tricesimam

932 384 1035 419 Bancri
1057 372 1228 411 mansionem
1239 399 1248 414 ,
1265 381 1322 408 sive
1338 378 1440 409 Leonis
1455 376 1571 412 primam
1596 372 1719 404 celebra-

938 416 983 463 tur
997 438 1006 463 ς
1021 435 1072 457 nec
1089 428 1127 455 ita
1144 426 1231 456 multo
1252 429 1316 460 post
1336 421 1458 459 generali
1477 419 1582 451 diluvio
1601 416 1722 445 mundus

938 462 1075 504 obruitur.
1089 473 1175 501 Aiunt
1189 475 1321 508 praeterea
1336 471 1363 497 in
1373 474 1510 497 annorum
1523 465 1614 496 stella:
1626 462 1722 497 cujus-

939 523 1009 554 libct
1036 521 1176 553 minorum
1213 515 1396 552 apocatastasi
1434 512 1564 549 specialia
1598 508 1723 544 Quaedam

943 567 1046 595 diluvia
1071 565 1225 599 obtingere.
1245 562 1367 590 Cuilibet
1392 560 1465 588 enim
1489 558 1615 588 erratica:
1639 554 1725 583 stella:

943 620 1009 641 suos
1024 618 1111 640 annos
1123 609 1267 642 maximos,
1282 607 1388 635 medios
1401 610 1429 634 et
1443 605 1572 632 minimos
1584 608 1656 629 esse.

1267 673 1344 702 CAP.
1364 671 1400 700 Χ.

945 735 983 762 De
996 733 1070 768 solis,
1087 733 1158 760 tunae
1172 752 1179 766 ,
1204 736 1330 766 terrwque
1345 728 1525 763 magnitudine
1536 729 1560 752 et
1575 721 1728 753 intervallo.

980 788 1212 824 Philosophorum
1227 794 1311 822 porro
1330 785 1469 817 nonnulli,
1485 783 1557 812 inter
1573 788 1642 817 quos
1664 779 1728 807 Ari-

105 838 236 863 θττθηῑθε
250 833 333 868 νυιὲο
345 835 480 861 Vocem”
489 849 501 881 ξ
510 828 639 881 Ψιίηίξξξθ
911 876 920 881 _
947 825 1074 872 starchus
1088 839 1274 869 astronomus,
1287 833 1366 863 aiunt
1375 833 1507 867 majorem
1521 829 1572 857 soli
1583 835 1645 856 cum
1659 831 1733 854 terra

105 888 138 908 ’θ
151 887 215 908 vera
227 883 293 907 sum
314 887 322 906 ³
343 883 434 912 neque
457 874 531 907 “uim
556 872 624 906 sons
647 876 676 899 et
696 871 770 905 1⁸³³³
784 876 895 917 acuta“:
910 876 932 905 Β
946 884 1082 917 rationem
1098 889 1170 914 esse,
1186 888 1268 916 quam
1286 887 1334 909 sex
1350 877 1475 906 millibus
1486 873 1654 909 octingentis
1669 880 1731 900 cum

107 926 247 955 ert-sticus
264 929 317 958 est;
338 927 366 952 at
382 926 508 951 errames
519 919 606 951 stella:
619 918 680 946 ideo
700 916 874 952 appellantur
887 933 895 947 ,

108 972 174 1007 quia
186 979 262 999 nunc
275 975 358 999 stare.
371 976 446 996 nunc
466 965 604 1002 progredi,
623 964 772 998 denuoque
788 960 897 997 regredi

113 1017 253 1045 videnlur.
269 1017 360 1051 Atque
385 1013 568 1042 inerrantium
589 1010 701 1046 quidem
723 1009 792 1037 ordo
815 1007 898 1042 longe

109 1062 259 1091 sublimius
283 1069 366 1096 quam
394 1059 546 1089 errantium
577 1056 682 1087 eminet
705 1064 712 1082 :
732 1055 900 1088 inerrantes-

112 1116 168 1144 que
186 1108 255 1136 adeo
268 1109 334 1142 ipsa:
347 1114 402 1134 non
414 1106 444 1133 in
460 1111 513 1132 una
524 1108 552 1132 et
565 1103 662 1133 eadem
677 1101 801 1137 corporis
813 1100 898 1128 astho-

112 1154 155 1182 rei
165 1153 311 1189 superﬁcie
329 1152 388 1181 sitae
402 1154 466 1181 sunt
480 1155 508 1178 et
520 1150 648 1178 teruntur
665 1156 673 1175 t
691 1147 747 1178 imo
764 1146 824 1174 aliae
839 1145 902 1174 aliis

113 1200 293 1231 sublimiores
312 1202 454 1233 apparent.
470 1196 549 1225 Fixis
572 1198 698 1224 errantes
718 1192 871 1224 succedunt
894 1200 901 1219 :

116 1248 144 1274 in
169 1246 271 1282 quibus
295 1246 382 1281 prima
409 1243 547 1277 Saturno,
572 1240 692 1270 secunda
716 1238 797 1270 Jovi,
822 1238 903 1268 tertia

116 1293 206 1322 Marti.
223 1296 319 1327 quarta
338 1290 404 1322 Soli,
418 1289 516 1324 quinta
531 1286 649 1318 Veneri.
666 1289 742 1317 sexta
756 1283 904 1316 Mercurio,

118 1343 257 1374 postrema
283 1337 369 1365 Luna:
398 1335 478 1364 sedes
504 1335 674 1367 assignatur.
708 1330 783 1359 intra
812 1330 906 1357 lunam

119 1388 238 1420 quatuor
251 1384 398 1415 elementa,
422 1380 554 1409 nimirum
569 1379 638 1414 ignis
649 1398 656 1411 ,
680 1385 744 1408 aer,
765 1380 838 1404 terra
851 1395 859 1407 ,
878 1378 908 1404 et

120 1419 203 1465 aqua,
220 1430 319 1457 ordine
339 1436 391 1456 suo
406 1427 513 1461 singula
526 1426 629 1461 jacent.
651 1423 722 1451 Sunt
738 1428 831 1452 autem
847 1419 909 1447 cui.-

119 1477 188 1504 tibet
198 1475 350 1503 errantium
363 1472 499 1508 praeﬁnita
513 1477 646 1505 tempora,
662 1468 764 1503 quibus
779 1473 908 1501 movean-

120 1528 177 1549 tur.
195 1521 329 1549 Saturnus
345 1519 431 1551 enim,
445 1517 493 1545 cui
506 1521 537 1544 ut
547 1515 653 1543 caeteris
664 1512 757 1541 altiori
773 1512 909 1539 maximus

123 1567 200 1595 orbis
230 1564 435 1600 permetiondus
465 1566 526 1595 est.
555 1567 666 1589 cursum
694 1566 774 1587 suum
799 1557 909 1593 triginta

124 1618 261 1639 annorum
289 1609 377 1645 spatio
412 1607 533 1639 conﬁcit.
566 1606 677 1641 Jupiter
712 1604 796 1632 celeri
826 1610 910 1630 cursu

126 1657 261 1690 sphaeram
282 1663 358 1689 suam
380 1655 460 1683 annis
482 1652 639 1683 duodecim,
652 1651 723 1678 Mars
746 1649 855 1690 duobus
879 1656 911 1676 ac

125 1703 239 1737 semisse
254 1705 387 1737 permeat.
405 1699 485 1735 Solis.
499 1698 623 1730 Veneris,
635 1703 662 1725 et
674 1689 800 1723 Mercurii
816 1702 912 1722 cursus

127 1749 211 1780 idem,
240 1748 317 1782 isque
337 1754 426 1774 annus
441 1750 492 1773 est.
511 1744 589 1772 Luna
608 1747 669 1778 post
684 1743 846 1770 vicesimum
863 1749 913 1768 no-

127 1802 192 1822 num
206 1794 279 1821 diem
306 1797 335 1820 ct
356 1792 499 1819 semissem
514 1797 626 1818 cursum
643 1788 820 1823 redintegrat.
835 1786 913 1820 Quod

128 1841 150 1867 si
166 1840 228 1875 quis
244 1838 401 1874 huiusmodi
419 1843 598 1864 numerorum
611 1842 712 1862 arcana
731 1833 824 1860 rimari
838 1832 914 1866 Velit,

129 1886 195 1913 hinc
218 1885 300 1913 facile
323 1887 426 1919 quanta
442 1882 478 1909 sit
491 1880 636 1909 architecti
662 1879 798 1914 sapientia
815 1878 915 1913 depre-

130 1931 233 1959 hendet
262 1939 270 1958 :
301 1929 374 1965 quod
402 1928 535 1956 nimirum
567 1929 752 1954 concentuum
794 1925 917 1952 rationes

131 1985 227 2005 omnes
252 1977 280 2004 in
299 1976 343 2004 his
366 1976 524 2003 elucescant
543 1981 551 2001 :
573 1979 669 1999 eorum
683 1991 691 2004 ,
718 1971 831 2005 inquam
847 1989 854 2000 ,
870 1969 917 2005 qui

131 2024 213 2059 vulgo
229 2023 274 2050 διὰ
287 2022 393 2054 πασῶν,
409 2020 455 2048 διὰ
469 2019 551 2047 πέντε
564 2022 593 2046 et
608 2017 652 2044 διὰ
666 2016 809 2052 τεσσάρων
826 2015 919 2051 appel-

131 2071 236 2098 lantur.
824 2060 826 2063 ’

452 2123 530 2153 CAP.
550 2122 596 2151 IX.

133 2185 231 2213 Judicii
263 2183 380 2218 supremi
409 2185 534 2218 tempus.
569 2177 743 2218 Plauetaruin
763 2176 921 2218 ﬁnemve.-

258 2212 381 2250 στᾶσεις.
397 2212 536 2244 Αιινόηιηι
545 2214 670 2249 synodus,
687 2212 797 2244 diluvia.

171 2276 291 2305 Tametsi
308 2280 400 2309 autem
413 2281 447 2302 ex
463 2271 603 2307 Evangelii
623 2269 736 2297 oraculo
752 2268 775 2301 ⁵,
793 2268 867 2296 diem
893 2272 922 2295 et

137 2324 233 2352 horam
259 2321 381 2358 supremi
405 2319 504 2356 judicii
531 2324 612 2345 nemo
638 2318 804 2350 cognoscat,
823 2318 922 2349 praeter

137 2370 257 2404 Patrem.
275 2371 303 2394 et
326 2365 400 2394 Patri
416 2368 583 2392 coacternum
608 2361 718 2393 Filium,
746 2364 828 2394 atque
854 2359 923 2386 adeo

139 2414 285 2450 Spiritum,
297 2412 347 2448 qui
362 2419 396 2439 ex
408 2411 489 2438 Patre
507 2407 657 2442 (Filioque)
671 2405 796 2442 procedit
813 2413 820 2432 :
836 2403 926 2431 Graeci

138 2467 230 2489 tamen
246 2459 325 2487 novis
341 2457 506 2493 quibusdam
521 2451 804 2482 detnonstrationibus
817 2450 925 2485 perspi-

139 2514 218 2535 cuam
235 2506 325 2533 facere
342 2502 533 2536 connituntur.
549 2499 609 2534 Quo
623 2498 652 2526 id
667 2501 759 2525 autem
774 2496 869 2528 modo,
885 2495 927 2523 sic

141 2554 245 2592 accipe.
268 2552 406 2580 Saturnus
430 2547 577 2576 maximam
600 2551 678 2573 suam
704 2542 927 2571 ἀποκατάστασιν

140 2587 269 2631 ducentis
283 2596 424 2631 sexaginta
447 2594 570 2628 quinque
596 2590 674 2618 annis
690 2597 697 2616 :
715 2587 833 2623 Jupiter,
857 2595 926 2622 qua-

141 2642 293 2679 dringentis
304 2640 399 2676 viginti
414 2642 520 2674 septem
532 2645 540 2666 z
557 2635 640 2670 Mars,
651 2633 778 2662 ducentis
792 2636 925 2667 quatuor:

142 2690 195 2721 sol,
207 2677 297 2716 —mille
323 2683 533 2722 quadringentis
551 2681 695 2716 sexaginta
722 2686 777 2706 uno
795 2686 802 2705 :
822 2677 925 2708 Venus,

143 2734 218 2762 mille
240 2731 363 2760 centenis
377 2727 575 2765 quinquaginta
587 2733 642 2753 uno
660 2734 667 2752 :
684 2723 848 2754 Mercurius,
862 2729 930 2756 [μω-

143 2777 298 2813 dringentis
313 2786 318 2804 :
335 2773 517 2810 luna,viginti
531 2771 653 2808 quinque
668 2769 789 2798 coniicit.
804 2767 930 2796 Cosmica

184 2873 194 2888 ⁵
214 2871 295 2900 Marc.
313 2879 370 2902 xm.
383 2870 428 2897 Ἠ.

950 929 1150 966 quinquaginta
1167 934 1266 956 novem
1283 935 1289 953 :
1305 924 1485 961 ejusdemque
1499 922 1635 950 diametro
1648 919 1733 946 vicis-

943 978 1000 1006 sim
1016 975 1149 1011 majorem
1166 980 1229 1001 cum
1245 978 1326 1001 terra
1341 971 1477 999 diametro
1500 967 1635 996 rationem
1661 972 1734 996 esse.

949 1030 1032 1059 quam
1058 1020 1248 1052 novemdecim
1264 1026 1326 1047 cum
1342 1017 1442 1045 tribus.
1457 1015 1498 1043 Ad
1513 1014 1571 1041 haec
1587 1012 1654 1040 solis
1678 1010 1737 1038 dia-

948 1057 1038 1102 meter
1049 1067 1161 1101 octupto
1178 1066 1251 1093 luna
1265 1064 1428 1092 diametrum
1444 1064 1558 1096 superat
1571 1079 1578 1092 ,
1604 1057 1738 1091 interval-

949 1115 1065 1150 lumque
1083 1113 1153 1142 adeo
1168 1119 1224 1148 quo
1236 1111 1277 1139 sol
1293 1118 1309 1138 a
1324 1114 1397 1137 terra
1413 1108 1509 1139 distat,
1526 1104 1638 1140 octuplo
1650 1102 1738 1137 majus

951 1166 1006 1194 est,
1023 1168 1106 1196 quam
1121 1159 1296 1187 intervallum
1313 1164 1368 1192 quo
1386 1156 1450 1187 luna
1464 1154 1503 1182 ’ab
1518 1152 1613 1183 eadem
1638 1150 1740 1185 disiun-

953 1208 1037 1243 gitur.
1062 1205 1134 1239 Quin
1150 1205 1234 1233 etiam
1251 1203 1300 1232 soli
1321 1210 1384 1230 cum
1408 1202 1473 1228 luna
1488 1200 1558 1226 ratio
1574 1197 1660 1232 major
1676 1199 1738 1225 est.

956 1261 1037 1289 quam
1055 1253 1178 1288 quinque
1199 1249 1324 1279 millibus
1349 1246 1518 1283 octingentis
1540 1243 1649 1272 duobus
1677 1247 1747 1268 cum

957 1306 1022 1328 ιωο.

1274 1363 1350 1392 CAP.
1377 1361 1423 1395 XI.

1171 1422 1208 1449 De
1220 1421 1282 1448 solis
1293 1424 1317 1447 et
1331 1419 1402 1453 lunae
1425 1417 1525 1452 aclipsi.

994 1480 1129 1508 Caeterum
1145 1478 1178 1505 ad
1194 1477 1261 1505 solis
1274 1480 1302 1504 et
1317 1475 1390 1503 lunze
1403 1474 1531 1502 defectus
1542 1471 1614 1507 quod
1630 1470 1743 1502 attinet,

962 1526 1008 1562 qui
1024 1526 1107 1561 paulo
1128 1524 1259 1552 subtilius
1282 1523 1335 1550 ista
1357 1521 1450 1549 rimati
1475 1523 1551 1552 sunt,
1576 1518 1692 1553 eclipsin
1717 1517 1744 1543 in

961 1573 1019 1602 sole
1040 1571 1152 1608 proprie
1176 1570 1229 1598 dici
1256 1576 1337 1604 posse
1358 1571 1459 1603 negant
1483 1565 1556 1601 (cum
1572 1564 1637 1592 solis
1651 1564 1748 1590 lumen.

962 1619 1038 1647 nullo
1057 1621 1181 1651 tempore
1195 1614 1332 1649 deﬁciat),
1347 1613 1493 1648 caliginem
1508 1616 1600 1638 autem
1626 1614 1654 1637 et
1667 1609 1747 1636 obte-

963 1662 1153 1691 nebrationem
1172 1660 1332 1695 admittunt,
1341 1665 1402 1694 quae
1414 1663 1471 1685 tum
1486 1657 1597 1685 demum
1615 1655 1751 1690 percipia-

965 1714 1020 1740 tur.
1037 1716 1099 1736 cum
1114 1708 1142 1735 in
1161 1706 1296 1741 eclipticis
1317 1703 1561 1740 coniunctionibus
1579 1703 1646 1729 luna
1661 1701 1699 1728 illi
1712 1701 1748 1728 ad

964 1753 1193 1790 perpendiculum
1209 1752 1335 1787 opposita
1344 1751 1427 1778 fuerit
1444 1757 1451 1776 :
1472 1754 1537 1777 tunc
1559 1749 1633 1776 enim
1657 1747 1753 1774 oculos

966 1805 1087 1832 nostros,
1104 1799 1153 1834 qui
1167 1798 1346 1825 sublunarem
1368 1795 1508 1831 regionem
1533 1794 1689 1824 incolimus,
1713 1797 1753 1820 tc—

966 1846 1142 1881 nebricosum
1157 1843 1223 1871 solis
1234 1843 1328 1870 lumen
1338 1841 1495 1869 obumbrat.
1510 1840 1666 1867 Astronomi
1683 1847 1753 1874 prac-

967 1895 1042 1918 terea
1059 1889 1153 1925 digitis
1175 1887 1323 1916 duodecim
1347 1887 1419 1914 lunae
1446 1893 1547 1920 corpus
1562 1885 1751 1914 ditnetientes.

967 1937 1037 1964 alias
1048 1935 1163 1970 quidem
1181 1933 1231 1963 toti
1243 1934 1330 1967 ipsius
1345 1931 1453 1966 corpori
1469 1931 1536 1959 solis
1551 1931 1643 1958 radios
1656 1930 1755 1957 adver-

968 1989 1026 2015 sos,
1040 1980 1108 2008 alias
1126 1986 1192 2007 vero
1209 1978 1293 2006 etiam
1317 1975 1495 2011 paucioribus
1516 1973 1662 2002 duodecim
1681 1973 1754 2008 obji-

970 2027 1057 2055 ciunt.
1073 2025 1141 2054 Cum
1157 2024 1231 2065 enim
1247 2024 1312 2051 luna
1330 2021 1491 2049 sublimiore
1515 2020 1582 2048 orbe
1603 2020 1756 2048 circumve-

971 2071 1059 2103 hitur,
1074 2078 1108 2098 eo
1121 2069 1229 2098 scilicet
1241 2068 1288 2103 qui
1303 2067 1354 2095 soli
1371 2065 1554 2102 propinquior
1578 2069 1640 2098 est,
1658 2072 1754 2099 parum

972 2117 1061 2150 abest,
1078 2115 1146 2151 quin
1161 2114 1290 2143 tenebras
1306 2113 1346 2140 illi
1364 2112 1510 2140 otl‘undere
1523 2111 1649 2140 videatur
1669 2119 1676 2137 :
1693 2118 1757 2138 cum

972 2168 1063 2191 autem
1078 2162 1160 2197 pleno
1173 2159 1251 2193 orbe,
1265 2160 1393 2195 justaque
1409 2158 1452 2185 sui
1476 2156 1666 2192 magnitudine
1690 2163 1759 2183 cen-

935 2205 1051 2239 Dstans
1068 2207 1199 2236 interiora
1223 2209 1357 2241 permeat,
1372 2209 1438 2232 tunc
1462 2203 1568 2231 scilicet
1593 2203 1688 2230 oculos
1714 2203 1758 2230 illa

972 2260 1082 2283 nostros
1097 2253 1244 2289 splendore
1259 2259 1310 2280 suo
1323 2250 1495 2286 perstringit,
1523 2254 1552 2278 et
1577 2249 1684 2284 integro
1708 2250 1758 2276 suti

971 2300 1137 2336 opponitur.
1154 2298 1241 2326 [idem
1259 2297 1369 2332 objectu
1386 2302 1470 2331 asque
1483 2296 1641 2327 interventu
1661 2295 1761 2326 umbra:

972 2352 1056 2375 teme
1071 2347 1165 2374 lunam
1184 2345 1305 2373 deﬁcere
1319 2343 1460 2371 dixerunt.
1477 2342 1545 2374 Nam
1562 2346 1636 2373 terra
1656 2342 1760 2372 lumine

976 2395 1043 2423 solis
1062 2394 1200 2422 illustrata
1216 2391 1346 2421 umbram
1357 2396 1414 2417 non
1424 2396 1484 2417 eam
1499 2388 1610 2424 quidem
1632 2388 1762 2424 cylindri-

974 2449 1050 2474 .cam,
1063 2448 1114 2468 seu
1132 2438 1293 2470 rotundam,
1316 2436 1407 2472 qualis
1424 2440 1467 2464 est
1489 2435 1624 2463 columnae
1654 2435 1739 2470 ﬁgura
1752 2454 1760 2466 .

975 2487 1024 2516 sed
1039 2485 1186 2514 conoidem
1197 2492 1247 2512 seu
1265 2482 1433 2512 turbinatam
1450 2481 1525 2509 facit.
1553 2481 1648 2511 Κῶνος
1675 2480 1762 2512 enim,

976 2534 1024 2570 qui
1039 2537 1068 2561 et
1079 2530 1237 2565 στρόὸιλος,
1247 2529 1275 2557 id
1291 2533 1334 2557 est
1348 2527 1442 2561 turbo,
1458 2527 1572 2560 dicitur,
1584 2533 1620 2555 es
1635 2527 1688 2553 lata
1705 2526 1763 2560 pla-

977 2580 1048 2609 nitie
1072 2579 1100 2606 in
1128 2583 1290 2606 mucronem
1317 2575 1473 2607 exacuitur.
1496 2573 1601 2601 Umbra
1628 2576 1709 2600 terrae
1726 2573 1763 2599 ita

980 2624 1165 2663 proculdubio
1185 2631 1215 2650 se
1241 2622 1324 2652 habet
1336 2641 1344 2653 ,
1359 2621 1438 2655 cujus
1453 2619 1493 2650 rei
1511 2625 1595 2646 causa
1622 2617 1765 2652 perspicua

983 2676 1036 2700 est.
1052 2670 1165 2705 Quoties
1185 2669 1258 2696 enim
1269 2674 1374 2701 corpus
1390 2664 1506 2700 aliquod
1514 2664 1551 2692 ab
1565 2663 1690 2699 ejusdem
1704 2671 1767 2692 cor-

983 2718 1061 2754 poris
1078 2714 1266 2750 magnitudine
1278 2713 1370 2741 lumen
1386 2711 1495 2746 accipit,
1509 2709 1658 2746 cylindrica
1676 2717 1770 2745 :quo-

986 2765 1038 2792 tics
1047 2770 1113 2792 vero
1126 2770 1140 2790 α
1153 2760 1279 2793 minoris,
1292 2758 1422 2788 conoides
1435 2757 1542 2791 umbra,
1556 2764 1604 2786 seu
1618 2756 1769 2789 turbinata,
