1949 3073
251 135 314 167 1111

247 234 345 268 major,
373 243 489 271 eamque
513 239 571 265 snis
598 240 684 267 radiis
709 241 839 276 illustret,
858 246 1026 274 turbinatam

245 286 356 314 quoque
371 282 495 310 umbram
514 284 625 313 eﬁlciat.
646 287 741 320 itaque
771 289 836 318 luna
860 296 925 320 tunc
946 295 1027 322 nobis

245 325 372 356 obscura,
389 326 584 364 deﬂeientique
597 332 696 360 similis
711 334 831 368 videtur,
847 344 909 364 cum
924 338 953 365 in
966 347 1026 366 um-

243 369 319 396 bram
333 371 586 403 tellurisinciderit.
599 376 676 410 Quod
692 379 714 406 si
725 380 752 407 in
767 382 871 410 umbra:
882 383 967 418 ipsius
980 393 1024 413 ra-

241 413 329 442 dicem
346 424 395 444 seu
409 419 592 448 meditullium
612 422 725 457 incidat,
745 427 858 456 omnino
868 413 959 457 deﬁcit
976 439 983 458 :
999 432 1023 459 si

241 465 306 485 vero
320 460 348 487 in
364 462 506 496 verticem,
520 465 664 495 obscurior
675 468 792 497 efﬁcitur
801 480 808 498 :
817 472 1022 507 quiajnimirum

240 511 295 537 quo
305 506 435 534 conoides
447 509 551 538 umbra:
559 511 689 545 planities
702 513 793 549 latior,
807 524 841 545 eo
855 506 949 546 vertex
959 527 1021 548 con-

239 551 352 578 tractior
367 558 419 581 est.

552 625 627 653 CAP.
644 627 702 656 XII.

331 674 369 701 De
376 677 447 710 satis,
459 678 538 713 Iume,
553 687 737 719 astrorumque
746 687 928 718 qualitatibus.

270 729 331 779 llaec
342 738 451 767 quoque
471 735 541 764 scitu
563 745 618 765 non
642 739 752 775 indigna
770 748 845 778 sunt,
863 750 894 773 ut
914 755 975 782 quae
998 757 1015 777 a

232 774 312 807 primi
339 778 458 807 nominis
474 781 645 818 philosophis
671 774 775 816 sancila
801 774 1015 823 fuerint.-Plato

231 823 425 871 certecorpns
449 826 559 855 attheris
582 830 741 860 universum
770 842 804 862 ex
831 837 904 872 igne,
929 843 1012 872 terra,

229 865 389 901 ceterisque
403 868 511 898 duobus
530 873 673 904 elementis
693 865 870 915 constituens,
893 865 1012 913 calidum

227 910 388 967 soleJmJesse
401 914 479 944 dixit.
494 918 656 949 Aristoteles
677 928 769 952 autem
790 910 892 962 corpus
914 910 1012 967 hujus-

228 957 301 984 modi
315 958 453 988 diversum
481 964 618 998 quoddam
634 975 649 994 a
660 974 780 1003 quatuor
791 957 936 1003 elementis
952 957 1010 1004 sta-

226 1005 316 1056 tuens,
336 1013 425 1041 neque
440 1008 559 1037 calidum
578 1012 675 1046 solem,
688 1022 779 1050 neque
798 1018 850 1046 alia
872 1020 925 1048 ulla
940 1029 1009 1056 qua-

222 1048 301 1076 litate
315 1052 458 1085 praeditum
472 1061 532 1083 esse
545 1057 594 1090 ait,
610 1058 658 1086 sed
679 1064 707 1087 et
724 1048 829 1090 ὶξετκνον
845 1048 1007 1099 φωτὺςῗέξυ

223 1095 375 1146 canistrum
400 1097 513 1128 luminis
540 1103 668 1137 appellat.
694 1106 730 1132 At
760 1115 827 1135 vero
851 1095 900 1138 hic
924 1095 1008 1149 roget

222 1139 369 1174 quispiam.
395 1143 442 1177 qui
465 1144 525 1172 ﬁeri
540 1147 638 1180 possit,
669 1154 699 1176 ut
725 1152 765 1179 sol
787 1154 886 1183 caloris
907 1139 1006 1193 expers

221 1185 382 1213 calefaciat?
396 1188 532 1221 Quoniam
553 1198 654 1224 movet.
669 1197 794 1230 quamvis
818 1185 961 1230 moveatulr
977 1209 1006 1232 et

221 1229 290 1263 ipse,
302 1232 515 1268 exhalationem,
539 1241 567 1264 et
581 1246 644 1267 aera
671 1242 716 1276 qui
732 1247 811 1271 terra:
825 1246 1003 1278 circumﬂuus

218 1281 271 1307 est.
286 1282 368 1313 atque
385 1280 483 1309 exinde
501 1282 529 1310 in
549 1291 631 1313 causa
655 1291 707 1319 est,
733 1294 765 1317 ut
788 1291 911 1327 subjecta
938 1302 1001 1322 cor-

217 1328 283 1356 pora
299 1323 475 1354 incalescant.
491 1328 677 1360 Exhalationis
691 1340 773 1367 porro
786 1340 814 1363 et
827 1323 952 1367 naturam
973 1346 1002 1369 et

217 1373 318 1395 nomen
334 1371 441 1404 primus
456 1373 562 1402 invenit
575 1381 657 1411 atque
672 1377 781 1413 indidit,
795 1382 1000 1413 exhalationem

216 1411 344 1447 inquiens
366 1424 493 1452 vaporem
509 1425 571 1448 eum
593 1423 711 1452 calidum
736 1431 764 1453 et
789 1428 902 1462 siccum,
924 1431 1001 1458 velu-

216 1459 291 1493 tique
310 1460 447 1490 fumosum
465 1472 535 1498 esse,
551 1469 626 1501 quia
644 1474 714 1497 terra
728 1478 837 1500 sursum
853 1475 998 1504 emittitur.

215 1503 277 1532 Hae
293 1505 331 1533 ita
347 1506 404 1541 ipsa
420 1510 557 1539 exhalatio
568 1513 686 1546 fumosa,
705 1523 766 1544 cum
783 1518 839 1552 jam
858 1528 914 1554 pra:
929 1521 998 1550 levi-

214 1554 270 1577 tate
295 1551 329 1578 ad
352 1552 445 1581 lunam
463 1563 549 1591 usque
574 1560 708 1593 pervenit,
727 1551 827 1591 deinde
853 1551 880 1591 in
904 1572 996 1601 partes

213 1596 324 1624 diducta
347 1603 400 1630 est.
428 1603 618 1636 succenditur,
645 1604 756 1641 ignique
781 1596 948 1644 persimilem
965 1621 995 1641 se

212 1643 315 1671 nostris
334 1646 422 1673 oculis
435 1647 548 1676 exhibet
565 1658 572 1676 ε
587 1655 670 1686 atque
686 1652 755 1680 adeo
775 1643 927 1690 subjectam
941 1658 994 1685 sibi

212 1688 394 1718 substantiam
409 1693 540 1722 calefacit.
557 1695 635 1728 Quod
660 1703 753 1726 autem
774 1707 808 1727 ex
827 1688 905 1730 motu
921 1705 995 1732 calor

211 1734 344 1784 nascitur,
360 1736 394 1784 id
419 1745 452 1766 ex
466 1739 618 1775 jaculorum
636 1744 798 1780 cuspidibus
818 1748 993 1784 perspicuum

210 1784 261 1808 est.
279 1780 422 1811 Plumbum
452 1787 536 1819 enim,
561 1796 616 1823 quo
641 1780 826 1820 communith
840 1780 915 1828 sunt,
934 1797 993 1831 ipso

211 1831 287 1854 motu
301 1829 428 1862 solvitur,
441 1836 469 1858 et
483 1833 665 1868 colliquescit.
682 1836 770 1871 Atque
779 1838 866 1867 Graeci
881 1829 992 1876 quid-em

209 1874 258 1901 soli
274 1874 365 1903 lumen
382 1877 416 1904 ab
429 1878 519 1911 initio,
533 1885 561 1907 et
577 1882 687 1915 quidem
703 1889 801 1913 natura
824 1874 993 1922 ipsa—inesse

209 1920 296 1948 aiunt.
313 1922 488 1958 Anaxagoras
504 1932 568 1952 vero
591 1927 708 1955 solidum
734 1920 851 1965 lapidem
875 1940 908 1960 ex
929 1934 992 1961 uni-

209 1967 280 1993 versi
296 1968 525 1997 circumvectione
540 1972 637 1999 elisum
650 1978 678 2001 et
691 1974 887 2004 inﬂammatum
902 1977 993 2006 denuo

209 2013 332 2047 levigari,
358 2019 387 2042 ct
410 2015 437 2042 in
465 2017 557 2044 stellas
578 2019 704 2047 caelestes
726 2022 881 2051 coalescere
899 2025 990 2053 tradit.

208 2059 282 2087 Idem
307 2061 486 2090 foraminibus
519 2063 606 2092 instar
628 2067 746 2100 pumicis
784 2073 812 2096 et
843 2069 990 2104 spiraculis

207 2111 312 2134 scatere
338 2108 448 2141 stellas,
473 2113 556 2144 atque
578 2118 775 2148 nonnunquam
800 2115 871 2142 coelo
900 2116 990 2144 delabi

205 2158 301 2181 auctor
327 2159 398 2181 est:
427 2155 528 2190 quibus
553 2157 634 2185 dictis
667 2157 747 2186 ﬂdem
783 2161 989 2195 conciliaturus,

861 144 1008 176 NlCET/E
1026 147 1229 182 ΟΗΟΝΙΑΤιΕ

247 191 399 225 consurgit.
425 192 502 220 Unde
531 193 667 227 edicitur,
691 202 721 223 ut
747 205 807 225 cum
826 200 866 227 sol
882 201 979 229 tellure
994 202 1031 230 sit
1045 205 1067 233 Α

1796 160 1870 193 1112

1387 209 1462 238 CAP.
1482 211 1552 240 XIII.

1167 264 1206 291 De
1220 265 1282 293 solis
1299 272 1324 293 et
1341 266 1411 295 lunae
1428 277 1515 302 cursu,
1527 270 1643 306 annique
1653 272 1767 299 ratione.

1111 317 1259 348 Sciendum
1275 327 1406 357 praeterea
1416 329 1474 357 est,
1489 324 1582 353 lunam
1594 326 1737 363 integram,
1751 328 1806 356 hoc
1820 335 1863 357 est

1075 365 1283 399 quindenariam
1295 368 1329 395 ab
1342 369 1438 403 opifice
1448 376 1567 399 creatam
1579 381 1586 404 ;
1601 373 1659 400 suis
1671 374 1744 401 enim
1763 382 1863 403 nume-

1074 411 1113 439 ris
1122 412 1273 440 absolutam
1290 422 1351 443 csse
1366 417 1558 445 conveniebat.
1578 418 1681 451 Quarto
1704 424 1798 447 autem
1816 421 1862 449 die

1073 462 1165 485 creata
1181 463 1232 486 est.
1249 459 1344 496 Itaque
1353 461 1452 489 diebus
1462 463 1590 491 undecim
1606 465 1690 492 solem
1702 467 1859 500 praevertit,

1071 502 1207 537 siquidem
1225 512 1240 532 a
1262 511 1360 540 quarto
1376 508 1410 535 ad
1426 508 1562 536 decimum
1577 510 1704 544 quintum
1727 512 1859 540 undecim

1071 549 1130 578 dies
1145 553 1331 581 intercedunt.
1347 554 1407 587 Quo
1424 555 1454 582 ﬁt
1470 559 1500 583 ut
1512 564 1678 592 unoquoque
1693 566 1768 586 anno
1784 559 1858 587 duo-

1071 596 1160 624 decim
1173 606 1281 626 menses
1297 599 1379 633 lunte,
1395 601 1524 629 undecim
1538 602 1645 630 dierum
1668 604 1769 638 spatio,
1784 605 1857 632 duo-

1069 643 1157 670 decim
1173 645 1310 673 solaribus
1319 646 1461 682 mensibus
1470 647 1590 676 minores
1599 648 1855 683 deprehendantur.

1069 688 1179 717 Solares
1205 691 1279 717 enim
1301 691 1399 719 diebus
1421 693 1552 721 trecentis
1573 694 1713 728 sexaginta
1730 696 1855 730 quinque

1066 742 1130 762 cum
1147 736 1299 770 quadrante
1313 742 1449 770 constant.
1464 746 1498 765 ex
1507 746 1562 773 quo
1576 744 1753 775 perquatuor
1765 748 1853 770 annos

1066 781 1219 816 composito
1233 782 1293 810 dies
1307 790 1380 810 unus
1400 783 1563 816 absolvitur,
1582 792 1664 819 quem
1689 785 1851 813 Bissextum

1065 827 1147 862 vulgo
1162 826 1268 859 dicunt,
1285 828 1386 863 illeque
1401 829 1470 856 adeo
1494 837 1582 857 annus
1596 830 1695 859 diebus
1715 833 1851 860 trecentis

1027 868 1050 899 B
1065 873 1203 908 sexaginta
1217 882 1264 901 sex
1279 878 1395 901 constat.
1411 874 1446 901 At
1458 875 1570 903 lunares
1583 876 1646 902 anni
1662 880 1850 903 trecentorum

1062 917 1261 953 quinquaginta
1275 924 1396 954 quatuor
1417 919 1527 947 dierum
1546 925 1622 947 sunt.
1641 921 1681 947 Ex
1702 928 1757 956 quo
1771 922 1849 948 enim

1061 962 1126 991 luna
1140 965 1294 998 emerserit,
1308 973 1358 993 seu
1372 965 1433 993 orbi
1458 974 1510 993 suo
1532 967 1659 994 restituta
1686 967 1771 994 fuerit
1787 972 1848 994 tan~

1061 1009 1145 1044 tisper
1156 1010 1311 1045 augebitur,
1327 1011 1391 1038 dum
1404 1011 1438 1038 ad
1457 1012 1518 1039 dies
1532 1012 1740 1046 quatuordecim
1761 1017 1847 1048 atque

1060 1055 1220 1089 quadrantis
1234 1056 1375 1084 semissem
1404 1058 1571 1092 pervenerit,
1595 1065 1610 1084 a
1633 1065 1687 1092 quo
1712 1058 1845 1086 nimirum

1059 1103 1183 1135 tempore
1212 1100 1330 1128 deﬁcere
1355 1101 1459 1136 incipit,
1477 1102 1511 1129 ad
1532 1109 1691 1136 nonumque
1704 1107 1732 1130 et
1742 1104 1845 1130 vicesi-

1057 1153 1132 1172 mum
1149 1145 1222 1173 diem
1245 1154 1307 1174 cum
1334 1148 1448 1175 semisse
1476 1147 1631 1176 deﬂciendo
1655 1149 1842 1184 progreditur.

1056 1191 1179 1219 Perfecta
1195 1192 1289 1227 igitur,
1300 1193 1427 1228 iustaque
1441 1193 1483 1221 sui
1494 1193 1684 1228 magnitudine
1696 1198 1841 1229 constans,

1054 1235 1167 1264 luminis
1183 1244 1281 1271 expers
1298 1242 1340 1264 est
1361 1237 1509 1273 denuoque
1526 1238 1577 1266 soli
1592 1239 1739 1274 conjuncta
1763 1239 1840 1267 redi-

1053 1281 1114 1308 viva
1130 1282 1284 1318 consurgit,
1311 1287 1340 1310 et
1367 1283 1600 1319 redintegratur:
1625 1285 1698 1319 quod
1730 1290 1837 1312 certum

1052 1326 1235 1361 proculdubio
1262 1327 1477 1356 resurrectionis
1489 1333 1600 1356 nostrae
1626 1333 1837 1357 monumentum

1051 1376 1102 1399 est.
1130 1373 1224 1408 Itaque
1241 1374 1356 1410 singulis
1381 1375 1460 1401 annis
1486 1374 1545 1402 dies
1574 1376 1702 1403 undecim
1720 1376 1773 1403 soli
1794 1384 1838 1404 re-

1049 1417 1155 1452 pendit,
1171 1418 1208 1445 ita
1224 1423 1254 1445 ut
1268 1418 1390 1447 Hebraeis
1410 1419 1491 1446 tertio
1507 1427 1616 1454 quoque
1639 1427 1712 1447 anno
1731 1421 1837 1449 mensis

1051 1461 1210 1497 ὲμΰόλιμος,
1222 1470 1269 1490 seu
1293 1463 1474 1497 intercalaris,
1503 1464 1660 1492 couﬂetur:
1687 1473 1835 1499 annusque

1051 1506 1120 1534 adeo
1140 1507 1186 1534 ille
1202 1507 1334 1535 tredecim
1354 1509 1507 1541 mensibus,
1530 1517 1565 1536 ex
1580 1509 1708 1538 undecim
1724 1510 1835 1538 dierum

1050 1551 1214 1587 adiectione,
1234 1558 1361 1582 constare
1372 1554 1610 1589 deprehendatur.

1354 1621 1430 1650 CAP.
1450 1622 1522 1650 XlV.

1083 1667 1164 1700 Solis,
1180 1667 1250 1695 luna:
1265 1672 1289 1695 et
1303 1667 1443 1695 stellarum
1457 1668 1579 1701 materia,
1593 1668 1662 1704 ignis
1675 1672 1785 1696 natura.

1084 1725 1265 1761 Perspicuum
1277 1729 1368 1753 autem
1386 1729 1438 1758 est,
1461 1725 1558 1758 solem,
1579 1726 1670 1753 lunam
1687 1731 1715 1753 et
1733 1727 1832 1755 stellas

1045 1779 1078 1800 ex
1095 1772 1166 1800 luna;
1180 1771 1261 1808 globo
1282 1776 1419 1800 constare.
1437 1771 1572 1800 Vasorum
1585 1772 1659 1799 enim
1678 1772 1766 1800 instar
1786 1773 1832 1802 lu-

1045 1827 1106 1846 men
1121 1819 1174 1846 sibi
1191 1823 1285 1854 postea
1301 1818 1521 1853 superadjectum
1534 1823 1710 1853 exceperunt.
1725 1819 1830 1848 llorum

1045 1865 1167 1900 profecto
1178 1866 1330 1901 cujusmodi
1345 1872 1443 1894 natura
1463 1865 1508 1898 sit,
1528 1866 1677 1893 nescimus.
1695 1865 1766 1893 Sunt
1780 1867 1830 1901 qui

1045 1910 1134 1946 ignem
1148 1911 1202 1938 nisi
1219 1911 1247 1938 in
1265 1911 1407 1939 materiam
1423 1911 1543 1946 aliquam
1559 1915 1631 1946 agat,
1646 1911 1829 1947 conspicuum

1043 1964 1105 1984 esse
1133 1961 1258 1992 negent:
1288 1958 1360 1985 unde
1377 1957 1417 1991 ﬁt,
1446 1961 1476 1984 ut
1497 1958 1652 1985 exstinctus
1666 1962 1828 1986 evanescat.

1044 2003 1097 2031 Alii
1109 2003 1275 2031 exstinctum
1292 2004 1320 2031 in
1334 2011 1424 2032 aerem
1440 2004 1540 2031 mutari
1555 2004 1738 2032 contendunt.

1359 2069 1433 2097 CAP.
1454 2069 1512 2097 XV.

1134 2115 1173 2142 De
1186 2115 1304 2148 zodiaca,
1322 2115 1542 2151 planetarumque
1563 2115 1692 2149 domibus,
1708 2120 1735 2143 et

1337 2150 1534 2177 eleuationibus.

205 2206 220 2226 a
231 2199 294 2227 ll'crt
308 2208 409 2235 corpus
422 2201 488 2229 illud
505 2203 632 2237 ignitum,
656 2205 773 2232 rotunda
796 2206 895 2240 forma,
915 2209 989 2243 quod
1006 2199 1029 2228 ί)
1077 2207 1187 2235 Zudiaci
1203 2214 1285 2242 porro
1299 2207 1394 2234 circuli
1408 2211 1499 2234 motus
1512 2206 1643 2241 obliquus
1664 2211 1717 2239 est,
1742 2211 1828 2242 atque

204 2246 275 2272 coelo
287 2246 425 2280 quondam
442 2247 470 2274 in
482 2248 560 2282 αἰγὸς
575 2248 687 2277 ﬂuvium
702 2251 813 2278 decidit.
834 2252 888 2279 Alii
902 2254 988 2282 solem

203 2296 232 2318 et
247 2291 338 2319 lunam
355 2293 442 2321 nubes
456 2294 589 2322 aethereus
605 2295 786 2324 inﬂammatas
801 2306 807 2324 :
830 2298 877 2325 alii
901 2299 988 2326 solem

204 2337 294 2372 ipsum
309 2346 424 2366 massam
441 2340 627 2368 candefactam
644 2349 706 2369 esse
728 2342 865 2371 dixerunt.
888 2344 986 2372 Verum

202 2382 343 2410 enimvero
369 2390 432 2410 cum
459 2383 541 2411 Mosis
568 2385 681 2413 historia
711 2387 808 2420 solem,
838 2388 931 2415 lunam
961 2393 989 2416 et

202 2427 295 2455 stellas
309 2435 325 2454 a
338 2428 432 2456 mundi
448 2429 547 2464 opiﬂce
567 2430 623 2457 Deo
639 2431 759 2465 primum
772 2433 922 2461 creationis
936 2434 989 2462 ini-

203 2474 270 2501 tium
283 2473 411 2502 habuisse
425 2474 551 2507 dicimus,
570 2483 625 2503 non
646 2477 719 2511 quod
735 2477 781 2505 ille
806 2478 861 2506 alio
883 2479 988 2507 lumine

200 2525 304 2555 egeret,
319 2521 367 2548 sed
389 2529 424 2548 ne
444 2522 537 2549 lumen
557 2521 624 2549 illud
644 2521 719 2550 iners
733 2524 908 2559 otiosumque
927 2534 986 2553 ma-

201 2571 292 2599 neret,
309 2567 381 2601 quod
395 2567 499 2595 idcirco
512 2568 601 2600 primo
613 2568 704 2595 statim
715 2569 760 2597 die
771 2571 884 2598 creavit.
897 2571 989 2606 lnquit

200 2614 274 2641 cnim
292 2615 446 2651 Scriptura,
463 2616 534 2644 Dixit
555 2625 657 2653 quoque
680 2617 773 2645 Deus:
798 2618 863 2646 Fiat
885 2619 943 2652 lux,
963 2624 988 2646 et

200 2661 271 2696 facta
284 2665 320 2688 est
337 2661 383 2689 lux
391 2662 412 2689 ³.
426 2662 562 2690 Cmterum
576 2663 645 2690 nihil
659 2664 732 2691 aliud
749 2663 819 2699 ignis
837 2668 889 2697 est,
905 2673 986 2700 quam

199 2707 292 2734 lumen
314 2707 412 2743 ipsum.
442 2708 599 2736 [.uminaria
625 2717 691 2737 vero
716 2717 770 2737 non
802 2715 866 2738 sunt
893 2711 985 2739 lumen

199 2753 300 2789 ipsum,
316 2755 363 2782 sed
378 2755 489 2784 luminis
501 2757 682 2792 receptacula.

233 2845 242 2860 ⁸
261 2845 328 2874 Gen.
345 2854 363 2879 l,
380 2846 407 2873 5.

1046 2253 1075 2281 in
1091 2253 1228 2281 sectiones
1241 2253 1385 2280 duodecim
1396 2253 1540 2284 dividitur,
1556 2260 1617 2287 quat
1631 2252 1729 2287 vulgus
1740 2252 1827 2284 quam

1042 2307 1091 2328 seu
1105 2299 1181 2335 signa
1191 2304 1290 2327 vocat:
1310 2306 1427 2334 quorum
1453 2298 1559 2333 singula
1583 2298 1705 2325 denariis
1736 2298 1827 2326 tribus

1039 2345 1206 2381 trigintaque
1223 2344 1351 2380 partibus
1363 2348 1499 2372 constant.
1527 2343 1594 2371 Pars
1616 2348 1708 2370 autem
1727 2343 1826 2378 quaeli-

1045 2392 1092 2419 bet
1107 2398 1154 2418 sex
1169 2390 1283 2418 minutis
1297 2389 1501 2425 complectitur,
1517 2388 1554 2416 ita
1574 2393 1604 2416 ut
1618 2389 1719 2416 cmlum
1731 2395 1825 2424 partes

1038 2445 1087 2465 seu
1104 2436 1258 2464 mansiones
1274 2440 1411 2463 trecentas
1428 2434 1569 2470 sexaginta
1597 2434 1708 2462 habeat.
1732 2435 1827 2461 Hemi-

1037 2482 1159 2517 spharii,
1176 2481 1248 2516 quod
1263 2488 1345 2516 supra
1364 2485 1464 2508 terram
1488 2484 1587 2512 exstat,
1610 2485 1720 2508 centum
1745 2484 1826 2507 Octo-

1036 2528 1120 2564 ginta,
1135 2527 1302 2561 totidemque
1323 2526 1383 2562 ejus
1396 2525 1471 2561 quod
1491 2526 1542 2553 sub
1558 2531 1630 2554 terra
1656 2530 1708 2557 est,
1731 2531 1824 2560 partes

1036 2577 1243 2601 enumerantur.
1258 2572 1391 2600 Caeterum
1404 2572 1574 2606 planetarum
1591 2571 1690 2598 domus
1709 2571 1749 2598 hae
1764 2577 1822 2598 ira.

1036 2621 1148 2652 duntur,
1167 2619 1245 2647 Aries
1260 2623 1288 2646 et
1301 2618 1431 2653 Scorpius
1451 2617 1554 2645 Martis.
1567 2617 1675 2644 Taurus
1688 2621 1716 2644 et
1738 2617 1824 2644 Libra

1037 2667 1162 2695 Veneris.
1177 2665 1284 2694 Gemini
1301 2670 1328 2692 et
1342 2664 1423 2699 Virgo
1444 2663 1581 2691 Mercurii.
1598 2663 1702 2690 Cancer
1722 2663 1820 2690 Lunae.

1037 2713 1094 2740 Leo
1125 2712 1205 2740 Solis.
1232 2711 1394 2746 Sagittarius
1420 2714 1450 2737 et
1482 2710 1573 2737 Pisces
1596 2709 1681 2737 Jovis.
1708 2708 1821 2736 Saturni

1038 2757 1156 2792 denique
1191 2756 1374 2792 Capricornus
1409 2760 1437 2784 et
1465 2754 1611 2791 Aquarius.
1648 2754 1823 2781 Elevationcs
