1949 3073
111 125 184 159 1113

758 120 957 152 THESAUBI
974 122 1049 153 LIB.
1072 122 1098 153 ῐ.

1663 117 1730 150 1116

104 181 268 210 οιοτυηιὰεηι
281 180 322 209 sic
341 179 458 208 habent:
477 179 548 208 Solis
567 177 655 206 Aries.
675 176 759 204 Luna:
776 177 894 205 Taurus.
909 178 931 206 Α
947 178 1112 213 dispertiens
1137 186 1171 206 ex
1197 178 1263 206 solis
1283 177 1397 205 orientis
1421 176 1512 204 medio
1537 175 1731 208 constituitur;

104 227 183 254 Jovis
194 225 308 254 Cancer.
323 224 450 253 Mercurii
465 224 557 259 Virgo.
572 221 684 251 Saturni
695 221 789 249 Libra.
804 221 897 249 Martis

105 271 305 307 Capricornus.
317 271 431 298 Veneris
442 269 546 297 Pisces.

418 337 495 366 CAP.
516 337 588 365 XVI.

331 384 371 411 De
386 383 457 410 luna:
471 383 565 418 ﬁguris
579 382 677 408 decem.

145 441 230 469 Lunae
254 447 366 476 quoque
383 439 484 475 ﬁguras
500 439 540 466 sic
562 438 674 465 habeto.
700 434 827 471 Synodus
850 442 898 462 seu

107 487 270 523 coniunctio
286 490 338 520 est,
356 494 418 514 cum
442 485 523 523 in_ea
545 488 623 519 parte
636 482 730 515 fuerit,
751 489 833 516 quam
857 481 898 507 sol

109 520 250 567 occupat:
281 530 431 565 Conceptio
465 520 528 557 dum
557 537 574 556 a
602 529 660 556 sole
686 527 719 555 ad
739 526 898 562 quindecim

108 582 204 612 partes
218 576 383 604 abscesserit
397 584 405 603 :
426 575 519 607 Ortus,
540 581 604 601 cum
619 572 776 609 μηνοειδής.
793 571 846 599 boc
859 575 901 598 est

108 622 222 655 falcata,
246 622 374 649 lunatave
396 621 518 649 secundo
535 619 703 654 apparuerit,
721 618 765 646 vel
788 624 850 645 cum
867 616 911 643 ad‘

112 675 161 695 sex
188 671 328 702 septemve
350 671 442 702 partes
465 666 646 698 abscesserit;
668 664 813 700 Διχότομοι
828 662 899 692 duas.

109 713 164 740 hoc
183 716 225 740 est
246 713 375 745 dividua,
398 720 460 740 cum
479 712 514 739 ad
539 711 685 746 nonaginta
703 718 710 737 :
734 708 902 745 ἁμφῑκυρτοι

109 759 182 792 dua,
200 759 253 786 hoc
266 763 308 787 est
321 759 449 794 utrinque
465 758 596 793 gibbosat,
616 765 678 784 cum
698 756 732 784 ad
748 754 842 790 viginti
857 761 904 781 su-

105 811 161 839 pra
177 809 287 832 centum
305 813 313 832 :
329 805 494 839 πλησιφαεῐς
509 804 562 832 hoc
587 807 630 831 est
649 802 835 838 plenilunares
854 808 903 828 seu

112 850 310 883 perluminosae
329 850 403 883 duae,
423 858 486 878 cum
501 850 535 877 ad
549 853 660 877 centum
675 846 874 883 quinquaginta
891 847 900 872 ἱ
918 849 939 876 Β

113 894 283 930 πανσέληνος
293 903 340 923 seu
352 895 533 930 plenilunium
546 895 705 929 integraque
721 894 794 920 luna:
805 892 901 924 facies,

110 947 176 967 cum
195 940 228 967 ad
245 945 355 968 centum
372 940 510 975 octoginta
525 945 617 975 partes
638 939 815 967 abscesserit.
830 939 902 966 Duas

112 990 206 1012 autem
223 985 354 1018 diximus,
369 986 423 1014 hoc
433 990 474 1016 est
485 993 567 1012 unam
581 993 641 1020 quae
654 988 770 1017 crescat,
785 984 899 1012 alteram

111 1039 175 1066 qua:
190 1031 311 1059 deﬁciat.
338 1032 461 1059 Duorum
487 1038 570 1067 porro
590 1031 698 1058 dierum
726 1034 755 1058 et
778 1030 901 1057 semissis

111 1077 203 1112 spatio
217 1077 359 1113 signorum
376 1078 592 1113 unumquodque
605 1078 676 1105 lunae
690 1077 838 1112 percurrit.

412 1146 489 1174 CAP.
513 1145 598 1174 XVII.

115 1189 155 1217 De
168 1193 266 1224 septem
280 1190 450 1225 planetarum
462 1191 533 1216 zonis
550 1194 574 1217 et
592 1197 679 1222 cursu,
694 1197 748 1217 una
768 1197 827 1217 cum
850 1191 900 1217 loci

150 1225 269 1253 Davidici
283 1225 384 1252 Psalm.
405 1225 473 1252 vut'
487 1233 494 1251 :
514 1225 618 1252 Lunam
636 1229 664 1252 et
686 1225 778 1253 stellas
795 1232 855 1260 qua}
872 1230 899 1253 tu

150 1261 280 1293 fundasti,
293 1260 476 1296 explicatione.

149 1315 189 1343 Ex
201 1316 258 1351 ipsa
274 1316 428 1344 ccelestium
441 1316 585 1352 globorum
601 1317 781 1345 universitate
794 1321 899 1352 septem

113 1361 238 1396 planetas
253 1369 314 1389 esse
335 1362 436 1389 aiunt:
459 1362 505 1396 qui
522 1367 598 1389 motu
622 1371 637 1389 a
664 1363 769 1390 cmlesti
789 1363 899 1390 diverso

113 1411 279 1434 moventur:
298 1414 352 1442 qua
369 1407 475 1435 ratione
492 1408 662 1442 planetarum
674 1416 784 1443 quoque
799 1416 898 1435 nomen

114 1452 207 1486 adepti
225 1457 301 1479 sunt.
315 1451 383 1478 Nam
401 1460 463 1479 cum
477 1453 576 1480 coelum
589 1453 622 1480 ab
633 1452 744 1480 Oriente
762 1453 795 1480 ad
817 1453 897 1481 Occi-

113 1497 225 1524 dentem
252 1501 417 1524 moveatur:
441 1498 481 1524 illi
511 1502 605 1526 contra
630 1498 665 1526 ab
687 1498 837 1527 Occidente
869 1500 896 1527 in

114 1543 256 1570 Orientem
270 1542 433 1577 rapiuntur;
448 1544 603 1579 caelumque
618 1545 687 1572 adeo
707 1546 796 1580 ipsum
818 1546 899 1581 rapi-

115 1588 231 1616 dissimo
259 1596 310 1616 suo
331 1595 406 1617 motu
432 1594 536 1624 septem
555 1591 679 1625 planetas
703 1591 897 1624 circumveliit,

114 1641 176 1668 quae
190 1633 233 1661 bis
254 1634 336 1670 vulgo
362 1636 519 1662 nominibus
545 1641 691 1664 censentur
708 1646 717 1665 :
736 1637 792 1670 Sol,
810 1637 898 1671 Luna,

114 1679 233 1713 Jupiter,
249 1679 412 1712 Mercurius,
426 1680 508 1713 Mars,
520 1680 622 1712 Venus,
636 1681 781 1710 Saturnus.
798 1682 827 1709 In
842 1682 899 1710 sin-

115 1725 186 1760 gulis
205 1730 295 1753 autem
316 1725 378 1754 cceli
393 1727 470 1754 zonis
484 1734 555 1753 unus
573 1727 672 1762 aliquis
692 1735 707 1755 e
721 1733 822 1762 septem
838 1727 899 1762 pla-

115 1771 188 1799 netis
199 1771 318 1798 volvitur
336 1780 342 1799 :
358 1772 385 1798 in
399 1772 488 1806 prima
502 1772 626 1807 quidem,
643 1780 704 1807 quat
717 1777 745 1800 et
761 1781 899 1808 suprema,

116 1817 271 1845 Saturnus:
288 1817 316 1844 in
331 1818 460 1848 secunda.
473 1815 601 1852 Jupiter:
618 1819 644 1846 in
658 1820 748 1853 tertia,
764 1819 854 1846 Mars:
872 1819 900 1846 iu

118 1868 226 1898 quarta,
242 1863 283 1890 sol
301 1871 308 1890 :
325 1863 353 1890 in
377 1863 483 1898 quinta,
498 1864 589 1891 Venus
607 1872 614 1891 :
639 1864 668 1891 in
692 1869 778 1895 sexta,
794 1865 901 1892 Mercu-

118 1910 194 1936 rius:
211 1910 238 1936 in
255 1909 381 1943 septima,
398 1916 458 1944 qua:
475 1909 598 1936 omnium
615 1917 724 1945 quoque
741 1910 834 1937 infima
847 1916 899 1944 est,

117 1955 191 1982 luna.
211 1954 363 1990 lrrequieto
385 1955 477 1990 itaque
500 1960 529 1983 et
558 1955 723 1983 indesinenti
748 1963 831 1983 cursu
854 1956 902 1985 de-

117 2005 244 2033 currunt,
254 2008 288 2028 eo
300 2001 441 2034 nimirum,
457 2009 538 2036 quem
553 2002 592 2029 eis
607 2003 701 2029 mundi
721 2003 816 2038 Opifex
830 2011 901 2038 prat-

119 2046 216 2078 ilnivit,
234 2052 262 2074 et
276 2050 358 2082 prout
372 2047 434 2074 illos
456 2047 591 2080 fundavit,
614 2052 644 2075 ut
665 2048 775 2076 divinus
788 2048 834 2076 ille
850 2049 902 2076 Da-

118 2092 194 2120 vides
209 2092 353 2125 exclamat,
366 2092 472 2119 Lunam
483 2096 507 2119 et
520 2093 623 2126 stellas,
638 2099 731 2129 quam
745 2095 879 2129 fundasti’
892 2105 899 2123 :

120 2145 153 2165 eo
167 2137 241 2165 enim
264 2138 338 2172 quod
363 2139 483 2173 fundasti
508 2138 586 2171 dixit,
614 2139 779 2167 soliditatem
805 2141 900 2175 utique

947 224 1022 259 justa
1048 226 1181 259 temperie
1198 224 1343 259 praeditum
1368 227 1420 256 est,
1449 222 1610 257 sanguinem
1639 225 1731 255 auget.

948 269 1029 296 calidi
1041 274 1069 297 et
1079 269 1186 298 humidi
1200 270 1352 304 particeps;
1373 269 1457 296 hiemi
1473 267 1593 302 denique
1608 270 1636 294 et
1645 265 1732 294 aestati

948 314 1070 342 medium
1095 315 1241 350 iuterjacet
1259 323 1266 341 :
1285 314 1331 341 illa
1358 313 1468 348 quidem
1485 312 1602 340 calidius
1626 316 1655 338 et
1680 311 1734 338 sic-

949 359 1018 392 cius,
1034 360 1085 387 bac
1097 368 1163 387 vero
1185 359 1322 394 frigidius.
1341 360 1378 387 Ea
1396 366 1479 393 porro
1502 358 1566 385 anni
1585 365 1649 392 pars
1664 364 1679 383 a
1692 356 1734 384 Vir

949 405 1051 432 cesimo
1072 405 1161 439 primo
1176 405 1220 432 die
1236 405 1325 432 Martii
1341 405 1374 431 ad
1391 404 1464 432 Junii
1476 403 1637 431 vicesimum
1651 409 1733 436 quar-

951 454 1017 478 tum.
1034 449 1138 477 Deinde
1153 450 1219 477 solis
1233 453 1295 476 ortu
1316 449 1427 484 paulum
1448 448 1577 479 exaltato,
1602 447 1637 474 ita
1661 445 1733 472 utin

950 495 1192 530 septentrionalem
1219 495 1326 530 plagam
1351 498 1457 529 vergat,
1479 494 1601 528 tropicus
1621 491 1734 519 aestivus

951 541 1085 573 succedit,
1109 549 1160 567 ver
1185 545 1213 568 ct
1229 545 1392 567 autumnum
1419 539 1526 566 medius
1551 538 1733 568 intersecans,

951 589 978 613 et
1002 586 1036 613 ab
1061 587 1110 614 illo
1137 587 1268 618 calorem,
1285 585 1319 613 ab
1342 586 1396 612 hoc
1417 585 1503 619 frigus
1522 583 1649 619 percipit,
1670 588 1734 609 nam

952 631 1058 659 calidus
1078 636 1106 659 et
1128 632 1222 660 siccus
1246 636 1299 665 est,
1319 631 1416 659 flavam
1446 630 1527 658 bilem
1553 633 1644 664 auget.
1670 627 1735 662 Ejus

951 685 1036 712 porro
1048 677 1183 705 maximus
1199 678 1258 705 dies
1273 678 1348 705 horis
1364 676 1534 712 quindecim,
1550 682 1604 702 nox
1618 674 1734 701 minima

952 730 1051 750 novem
1071 722 1200 750 horarum
1213 723 1371 750 interstitiis
1385 722 1548 750 absolvitur.
1562 720 1623 754 Ipse
1642 723 1734 745 autem

933 775 970 802 ,α
992 766 1067 794 Junii
1090 767 1220 795 vicesima
1248 772 1346 802 quarta
1373 767 1407 794 ad
1428 766 1585 793 vicesimam
1612 763 1735 799 quintam

955 812 1125 847 Septembris
1138 812 1276 847 procedit:
1293 818 1349 839 tum
1360 811 1459 839 deinde
1470 811 1522 839 sub
1538 809 1656 837 medium
1670 808 1736 835 solis

953 858 988 885 ad
1003 865 1054 885 nos
1066 858 1207 885 redeuntis
1220 861 1311 885 ortum
1329 857 1449 891 tropicus
1464 855 1631 883 autumnalis
1647 853 1736 880 vicem

951 903 1057 936 aestivo,
1071 907 1175 931 retenta
1193 903 1311 938 quadam
1335 902 1426 937 frigidi
1448 906 1476 930 et
1505 901 1597 933 calidi,
1615 900 1736 933 itemque

952 949 1019 977 sicci
1041 954 1072 989 et
1103 949 1210 977 humidi
1242 948 1442 980 moderatione,
1469 946 1622 982 rependit:
1653 949 1736 979 atque

950 995 1046 1023 aestivo
1060 995 1171 1031 quidem
1183 995 1356 1029 hibernoque
1375 993 1489 1028 tropicis
1501 991 1682 1023 intermediis,
1701 990 1736 1018 al)
1772 1021 1773 1024 η

953 1041 1000 1068 illo
1016 1042 1147 1074 calorem,
1164 1041 1198 1069 ab
1221 1042 1274 1069 hoc
1295 1040 1470 1076 [rigiditatem
1485 1043 1627 1067 mutuatur
1642 1046 1650 1064 :
1673 1044 1735 1064 nam

950 1085 1067 1122 frigidus
1080 1087 1209 1114 etsiccus
1224 1091 1277 1118 est,
1299 1090 1442 1120 atramque
1465 1084 1548 1112 bilem
1572 1087 1663 1118 auget.
1686 1082 1736 1109 Hic

951 1132 1019 1159 alter
1045 1132 1246 1168 aequinoctialis
1274 1132 1397 1166 tropicus
1421 1130 1528 1158 diurnis
1559 1128 1635 1155 horis
1665 1127 1737 1155 duo-

951 1179 1054 1212 decim,
1080 1177 1250 1212 totidemque
1281 1175 1425 1204 nocturnis
1454 1178 1573 1205 constat,
1611 1177 1692 1203 atque
1720 1179 1736 1198 a

951 1223 1123 1259 Septembris
1137 1223 1267 1250 vicesima
1283 1222 1381 1257 quinta
1405 1220 1438 1248 ad
1458 1218 1619 1248 Decembris
1639 1217 1737 1245 vicesi-

950 1279 1022 1299 mam
1039 1271 1162 1306 quintam
1182 1269 1364 1305 protrahitur.
1381 1268 1449 1296 Cum
1461 1274 1528 1294 vero
1543 1266 1584 1293 sol
1598 1265 1630 1292 ad
1647 1264 1731 1291 mini-

950 1325 1025 1345 mum
1046 1317 1224 1352 inﬂmumque
1239 1317 1292 1344 hoc
1303 1320 1345 1344 est
1365 1314 1548 1342 meridianum
1562 1316 1652 1340 ortum
1670 1318 1736 1346 pro-

950 1363 1044 1398 lapsus
1070 1368 1123 1395 est,
1153 1363 1260 1390 tandem
1291 1362 1413 1396 tropicus
1446 1359 1582 1387 hibernus
1607 1357 1735 1392 emergit,

950 1409 1065 1444 frigidus
1077 1409 1188 1444 quidem
1205 1408 1250 1436 ille
1263 1412 1291 1435 et
1306 1407 1446 1438 humidus,
1458 1406 1562 1440 quique
1577 1401 1732 1433 autumnali

949 1461 978 1483 et
992 1462 1078 1482 verno
1097 1454 1204 1482 medius
1229 1454 1384 1488 interiacet,
1403 1451 1477 1480 illius
1492 1452 1602 1487 quidem
1632 1449 1737 1484 frigidi-

911 1515 933 1545 α
952 1505 1046 1534 tatem,
1063 1500 1145 1535 hujus
1157 1506 1224 1526 vero
1240 1498 1359 1526 calorem
1373 1505 1407 1525 ex
1418 1504 1497 1532 aquo
1515 1495 1647 1523 referens.
1665 1494 1736 1521 Tro-

951 1547 1005 1582 pici
1030 1547 1112 1582 hujus
1136 1546 1196 1574 dies
1211 1546 1325 1573 minima
1340 1551 1440 1572 novem
1465 1544 1606 1573 horarum,
1626 1546 1736 1575 noxque

949 1594 1066 1620 maxima
1077 1592 1234 1628 quindecim
1249 1591 1338 1626 spatio
1346 1589 1486 1618 decurrit:
1503 1588 1628 1623 pituitam
1643 1589 1735 1620 auget,

949 1647 964 1666 a
979 1639 1193 1673 Decembrisque
1212 1637 1343 1666 vicesima
1361 1636 1457 1671 quinta
1475 1635 1508 1661 ad
1525 1633 1618 1664 Martii
1634 1631 1736 1660 vicesi-

952 1693 1024 1712 mam
1043 1685 1159 1720 primam
1175 1684 1343 1712 extenditur.
1362 1682 1506 1717 Sapienter
1523 1680 1596 1707 enim
1622 1679 1655 1706 ab
1675 1679 1735 1712 ipso

949 1731 1045 1758 mundi
1070 1731 1173 1766 Opifice
1193 1730 1334 1765 provisum
1349 1732 1409 1761 cst,
1434 1735 1468 1754 ne
1493 1726 1527 1752 ab
1544 1729 1667 1752 extremo
1692 1723 1735 1750 vel

950 1777 1041 1804 calore
1064 1776 1108 1804 vel
1134 1776 1246 1810 frigore.
1275 1775 1318 1803 vel
1335 1775 1471 1805 siccitate,
1491 1772 1535 1800 vel
1559 1771 1734 1803 humiditate,

951 1821 978 1848 in
990 1824 1139 1848 extremam
1155 1820 1356 1848 contrariarum
1372 1818 1534 1853 qualitatum
1551 1817 1670 1851 aliquam
1687 1816 1736 1843 de-

950 1867 1009 1899 lati,
1036 1867 1065 1894 in
1090 1867 1228 1902 graviores
1258 1866 1363 1901 aliquot
1385 1865 1497 1892 morbos
1520 1864 1732 1891 incurreremus.

951 1913 1018 1941 Nam
1043 1912 1194 1948 repentina:
1215 1913 1382 1940 mutationes
1399 1910 1560 1946 periculosas
1577 1914 1605 1937 et
1620 1909 1734 1936 lubrica:

950 1959 1032 1993 vulgo
1045 1959 1181 1986 feruntur.
1207 1957 1264 1986 Hoc
1285 1958 1378 1992 itaque
1404 1961 1484 1992 pacto
1502 1956 1541 1983 sol
1557 1955 1688 1989 tropicos,
1706 1958 1734 1981 ct

951 2011 1000 2039 per
1012 2012 1059 2032 eos
1075 2012 1189 2037 annum,
1207 2004 1267 2031 dies
1290 2003 1412 2037 denique
1439 2006 1590 2035 noctesque
1613 1999 1733 2034 digerit;

952 2050 1014 2078 illos
1023 2049 1134 2085 quidem
1152 2055 1213 2076 ortu
1230 2056 1280 2077 suo
1295 2055 1433 2082 supraque
1450 2052 1550 2075 terram
1565 2051 1670 2078 vectus,
1685 2045 1735 2071 has

952 2104 1018 2124 vero
1031 2103 1094 2124 cum
1108 2095 1288 2123 subterranea
1302 2096 1360 2122 loca
1377 2097 1508 2129 permeat,
1524 2093 1639 2127 aliisque
1651 2090 1734 2118 lumi-

952 2141 1077 2174 naribus,
1104 2141 1186 2175 lunae,
1213 2141 1336 2176 inquam,
1351 2145 1380 2168 et
1405 2139 1503 2172 stellis,
1527 2139 1661 2175 fulgorem
1682 2138 1734 2165 im-

119 2182 186 2209 nulli
219 2182 367 2209 obnoxiam
393 2183 549 2215 mutationi,
565 2183 689 2211 ordinem
716 2189 859 2218 praeterea,
871 2190 900 2213 et
915 2187 938 2216 D
951 2188 1044 2222 pertit.

119 2227 214 2263 εἱρμὸν
226 2235 275 2255 seu
293 2228 517 2256 consecutionem
537 2228 611 2256 illam
627 2228 774 2264 significat,
791 2238 874 2265 quam
885 2238 901 2258 a

119 2274 174 2301 Deo
189 2279 365 2309 acceperunt.
387 2275 451 2302 Illas
471 2275 546 2302 enim
569 2275 598 2303 in
613 2281 745 2311 tempora,
769 2277 797 2305 in
812 2277 900 2313 signa,

119 2324 146 2348 et
160 2320 188 2348 in
199 2327 286 2348 annos
298 2320 443 2355 disposuit.

411 2387 487 2415 CAP.
508 2387 601 2416 XVlll.

257 2445 298 2473 De
313 2450 426 2481 quatuor
437 2446 545 2481 tropicia
557 2446 611 2473 sive
626 2447 759 2475 solstitiis.

154 2503 380 2540 Quandoquidem
399 2504 515 2532 solstitia
531 2507 649 2539 quatuor
665 2512 714 2539 per
730 2503 814 2532 solem
831 2512 899 2532 con-

120 2550 281 2582 stituuntur,
298 2550 417 2585 primum
431 2549 544 2584 quidem
562 2558 689 2583 vernum,
709 2550 737 2577 in
754 2558 810 2585 quo
828 2551 901 2578 Deus

122 2595 248 2622 universa
276 2596 389 2629 creavit,
419 2596 498 2632 cujus
520 2595 632 2630 quidem
654 2596 692 2623 rei
715 2596 797 2623 ﬂores
817 2596 845 2625 in
867 2604 900 2624 eo

121 2640 270 2668 etiamnum
287 2644 459 2675 emergentes
470 2645 499 2668 et
513 2640 681 2675 pullulantes
700 2645 775 2669 certo
797 2641 900 2669 indicio

125 2691 186 2713 sunt
198 2704 206 2717 ,
226 2687 280 2714 alio
295 2687 407 2714 nomine
423 2687 572 2714 solstitium
584 2687 774 2722 tequinoctiale
787 2687 898 2719 dicitur,

125 2731 194 2766 quod
211 2736 286 2759 certe
302 2731 356 2760 diei
371 2732 499 2768 noctique
514 2731 659 2761 duodecim
675 2733 757 2762 horas
774 2740 807 2762 ex
820 2741 898 2769 aequo

165 2822 174 2837 '
186 2822 261 2850 Vers.
283 2822 309 2849 5.

1258 2253 1335 2281 CAP.
1355 2253 1427 2282 XlX.

1112 2308 1204 2344 Signa,
1222 2317 1319 2337 menses
1333 2314 1358 2336 et
1371 2309 1572 2345 προγνωστικά.

983 2365 1110 2394 Caelestis
1136 2374 1218 2401 porro
1231 2366 1306 2401 signa
1323 2373 1358 2394 ex
1378 2365 1463 2394 stellis
1485 2369 1513 2393 et
1537 2366 1595 2400 ipsa
1616 2365 1732 2393 conﬂata

948 2419 1019 2444 esse,
1037 2416 1169 2447 motuque
1184 2412 1245 2445 soli,
1265 2412 1347 2444 lunae,
1367 2416 1395 2439 et
1407 2412 1522 2446 reliquis
1537 2412 1660 2447 quinque
1674 2412 1733 2445 pla-

952 2458 1024 2486 netis
1045 2458 1185 2486 contrario
1207 2458 1312 2486 moveri
1337 2459 1424 2491 aiunt,
1440 2463 1534 2493 utpote
1550 2466 1610 2492 qua:
1626 2462 1731 2491 septem

954 2503 1005 2538 ipsi
1023 2504 1136 2538 planetae
1151 2508 1327 2538 percurrant.
1345 2504 1438 2538 Itaque
1461 2503 1502 2530 sol
1518 2502 1546 2530 in
1566 2509 1731 2536 unoquoque

950 2549 1028 2584 signo
1046 2557 1168 2577 mensem
1186 2550 1323 2585 integrum
1342 2550 1516 2581 immoratur,
1532 2547 1730 2580 duodecimque

950 2595 1092 2622 mensibus
1106 2596 1183 2630 signa
1197 2596 1309 2623 totidem
1323 2595 1473 2630 percurrit,
1488 2601 1604 2628 quorum
1619 2593 1730 2627 quidem

949 2646 1031 2677 atque
1043 2642 1179 2669 mensium
1191 2641 1244 2669 illis
1257 2640 1434 2676 peculiarium
1452 2641 1509 2667 haec
1520 2639 1631 2666 nomina
1642 2643 1706 2666 sunt
1721 2647 1729 2666 :

947 2688 1027 2714 Aries
1039 2687 1125 2715 Martii
1140 2686 1242 2715 mensis
1256 2686 1393 2714 vicesima.
1405 2686 1458 2718 die,
1483 2685 1588 2712 Taurus
1601 2683 1729 2711 vicesima

950 2734 1029 2762 tertia
1045 2734 1155 2770 Aprilis,
1168 2734 1275 2762 Gemini
1295 2734 1424 2762 vicesima
1443 2732 1523 2767 tertia
1535 2731 1610 2764 Maii,
1626 2730 1731 2759 Cancer
