1949 3073
234 147 302 178 1115

858 149 1007 179 ΝΙΟΕΤιΕ
1026 149 1233 180 CHONIATIE

1780 148 1856 180 lll6

234 203 363 230 vicesima
381 208 479 238 quarta
494 204 579 236 Junii,
596 203 652 231 Leo
670 203 799 231 vicesima
815 204 909 238 quinta
935 203 1011 235 Julii,
1027 206 1052 235 Α
1074 205 1167 237 vidua,
1182 210 1210 232 et
1224 205 1397 239 ἀμφίκυρτος
1410 203 1540 239 utrinque
1554 204 1669 240 gibbosa
1684 209 1713 232 et
1729 207 1861 239 repanda

233 250 315 285 Virgo
337 249 468 282 vicesima
492 250 591 284 quinta
625 250 753 285 Augusti,
778 250 859 277 Libra
882 250 1013 278 vicesima

232 295 328 329 quinta
363 294 552 329 Septembris,
584 295 716 331 Scorpius
753 296 882 324 vicesima
917 296 1014 330 quinta

231 340 367 372 Octobris,
383 339 545 375 Sagittarius
569 341 700 368 vicesima
719 341 815 376 quinta
837 341 1011 373 Novembris.

237 385 422 420 Capricornus
437 386 566 414 vicesima
583 388 678 421 quinta
695 387 864 419 Decembris,
877 387 1015 422 Aquarius

234 433 361 459 vicesima
375 432 519 465 jJanuarii,
552 433 644 460 Pisces
664 432 784 468 denique
810 433 939 463 vicesima
964 433 1016 460 Fc-

232 478 337 505 bruarii
355 479 440 505 solem
455 478 608 513 excipiunt.
630 478 752 514 Singulis
764 484 855 506 autem
874 479 1016 507 mensibus

232 523 295 550 luna
318 523 462 550 duodecim
491 523 600 551 Zodiaci
629 523 704 559 signa
729 524 876 559 percurrit,
902 529 933 552 ut
953 532 1015 560 quae

202 579 204 581 ·
232 569 311 603 longe
327 569 380 596 illis
397 569 511 596 iul'erior
536 573 564 596 et
583 570 746 597 citatissimo
771 570 829 605 ipsa
845 577 930 597 cursu
948 578 1017 605 prae-

235 615 403 641 tervehatur.
430 614 667 647 Quemadmodum
694 615 769 642 enim
795 615 818 643 si
842 616 946 643 circulo
959 616 1016 643 cir-

237 659 324 687 culum
352 660 466 691 inseras,
496 659 611 687 interior
636 659 774 686 exteriore
801 660 892 686 minor
917 659 1016 694 depre-

235 705 373 739 henditur,
396 706 433 733 ita
447 709 476 733 et
490 706 573 739 lunae,
591 709 720 740 tanquam
745 706 894 739 inferioris,
921 714 1017 737 rursus

236 751 322 777 multo
340 751 506 778 contractior
518 755 570 784 est,
588 753 752 786 citatiusquc
763 751 849 778 multo
859 751 1015 779 coniicitur.

236 795 290 823 lam
311 804 343 824 ex
358 801 496 824 astrorum
514 797 671 833 huiusmodi
692 801 754 825 ortu
776 801 804 824 et
833 805 945 829 occasu.
964 805 1014 825 ac-

235 841 356 869 cessibus
367 846 395 869 et
408 841 572 875 recessibus,
589 843 644 870 imo
666 843 750 871 etiam
774 842 1018 878 progressionibus

235 892 260 915 et
276 887 493 922 regressionibus
515 888 707 916 Chaldaeorum
733 893 762 917 et
783 889 958 921 Graecorum,
975 889 1018 915 in-

234 941 316 968 super
330 938 358 961 et
380 934 525 968 impiorum
551 935 750 970 astrologorum
777 935 816 971 (2)
843 935 889 962 alii
904 935 1017 970 quidem

235 987 281 1007 res
307 979 440 1007 humanas
467 980 522 1014 regi
547 986 574 1007 et
589 981 747 1015 gubernari,
763 981 809 1008 alii
826 989 902 1013 vero,
920 981 969 1015 qui
987 985 1017 1009 et

235 1023 426 1056 modestiores,
450 1024 655 1052 Christianismi
673 1021 790 1053 "scilicet
819 1031 954 1061 praetextu
981 1034 1016 1054 ex

235 1069 330 1097 iisdem
349 1071 504 1098 futurorum
519 1072 595 1107 signa
610 1072 671 1099 elici
682 1071 826 1100 alllrmant.
841 1073 919 1101 Unde
933 1073 1017 1101 etiam

235 1116 433 1152 Arietinorum.
450 1117 643 1150 Taurinorum,
658 1122 687 1146 et
702 1123 864 1146 caterorum
884 1119 910 1146 id
928 1127 1017 1154 genus

234 1162 343 1189 nomina
358 1162 458 1198 priscis
473 1164 644 1198 temporibus
665 1165 772 1191 ratione
789 1166 923 1199 cujusque
946 1165 1016 1199 signi

234 1206 337 1239 habita,
352 1215 407 1242 quo
420 1207 536 1242 quisque
560 1208 700 1243 perruptis
726 1209 778 1236 alvi
799 1215 929 1237 materna;
941 1210 1018 1238 clau—

233 1252 298 1280 stris
311 1251 395 1280 solem
407 1252 544 1288 obiectata
561 1253 685 1286 haberet,
697 1253 880 1282 inoleveruut.

545 1320 622 1349 CAP.
645 1321 704 1354 XX.

342 1377 379 1404 De
392 1377 529 1405 stellarum
545 1382 628 1409 motu.
651 1377 771 1414 Itemque
788 1379 820 1412 de
836 1380 910 1413 (una.

272 1432 386 1466 Quidam
399 1433 625 1468 philosophorum
641 1435 698 1462 haec
706 1443 814 1471 quoque
825 1436 858 1463 de
866 1437 951 1467 stellis
962 1442 1019 1465 tra-

236 1477 376 1504 diderunt.
393 1478 481 1513 Atque
504 1480 657 1508 inerrantes
673 1481 783 1514 quidem
800 1482 893 1509 stellas
915 1483 1020 1510 Aristo-

238 1524 305 1551 teles
319 1531 437 1558 eumque
453 1526 550 1557 seculi,
566 1526 637 1553 caelo
653 1526 747 1554 aliian
759 1534 831 1558 esse.
854 1532 882 1554 et
906 1528 942 1557 ita
956 1537 1055 1572 cumc

237 1570 284 1597 illo
310 1570 478 1598 circumvehi
505 1577 644 1604 asserunt,
675 1577 705 1599 ut
728 1572 763 1599 ab
790 1574 837 1601 illo
856 1574 950 1602 divelli
972 1583 1021 1603 ne-

237 1620 347 1650 queant.
360 1616 454 1650 Itaque
467 1625 529 1644 eum
542 1617 641 1644 coelum
656 1618 691 1645 ab
705 1622 766 1645 ortu
785 1619 817 1646 ad
840 1627 966 1648 occasum
982 1621 1021 1648 fe—

239 1667 325 1694 ratur,
342 1662 438 1689 eodem
456 1662 539 1690 etiam
558 1663 618 1690 illas
631 1671 693 1690 cum
706 1664 812 1695 caelesti
829 1672 944 1700 corpore
964 1673 1021 1699 Ino-

237 1710 293 1735 veri
307 1717 313 1736 :
328 1713 453 1736 errantes
466 1716 532 1737 vero
546 1709 639 1737 divina
656 1710 837 1739 moderatrice
850 1712 1021 1745 providentia

238 1755 378 1782 contrario
399 1759 486 1788 motu,
512 1756 627 1791 parique
647 1757 722 1784 velut
749 1757 914 1786 libramento
936 1759 1021 1786 obiir-

239 1806 325 1829 matas
350 1806 445 1828 contra
467 1802 538 1828 niti:
562 1810 597 1829 ne
609 1802 680 1829 forte
703 1803 981 1833 circumvectionibus
993 1812 1021 1834 et

237 1846 531 1874 circumvolutionibus
545 1847 662 1874 assiduis
676 1847 896 1883 confringantur,
917 1851 1021 1885 proprii

237 1892 424 1927 naturalisque
448 1896 538 1920 motus
561 1893 677 1926 ratione,
692 1901 748 1928 quo
770 1894 805 1921 ab
829 1895 979 1924 Occidente
993 1897 1030 1924 in‘

236 1939 375 1967 Orientem
393 1939 549 1974 rapiuntur,
569 1946 719 1974 rursusque
731 1940 766 1967 ab
777 1940 889 1972 Oriente
903 1943 930 1969 in
941 1942 1022 1970 Occi-

237 1986 347 2013 dentem
361 1993 414 2012 una
431 1992 494 2012 cuin
519 1985 590 2013 caelo
614 1986 796 2014 revelluntur.
820 1986 859 2014 Ex
880 1995 936 2022 quo
951 1988 1022 2023 ﬁeri,

239 2036 269 2060 ut
283 2031 322 2059 sol
338 2035 414 2059 motu
435 2031 546 2067 proprio
560 2039 635 2060 nunc
649 2031 685 2060 ad
703 2031 934 2068 Septentrionem.
948 2043 1022 2063 nunc

198 2070 203 2073 ’
237 2079 270 2107 ad
291 2079 432 2106 Meridiem
449 2086 563 2115 vergens
587 2084 705 2114 quatuor
720 2081 784 2108 anni
806 2085 928 2117 tempora
945 2091 1023 2110 com-

238 2126 310 2161 pleat
323 2135 329 2152 :
344 2126 390 2161 qui
407 2126 478 2153 idem
495 2134 558 2154 cum
569 2127 639 2154 melo
655 2127 689 2154 ab
706 2126 818 2155 Oriente
847 2128 873 2155 in
889 2127 1024 2157 Occiden-

239 2177 292 2198 tetn
312 2171 420 2198 delatus
436 2171 543 2198 dierum
568 2175 595 2198 et
615 2172 737 2199 noctium
761 2172 920 2201 discrimina
940 2176 1021 2209 parit.

1063 255 1115 278 est.
1130 249 1198 278 Nam
1214 250 1256 277 vel
1268 250 1381 277 dimidia
1395 250 1495 282 minus,
1513 250 1556 278 vel
1571 249 1695 282 dimidia,
1711 250 1754 278 vel
1767 251 1859 279 etiam

1065 296 1126 331 plus
1143 303 1226 332 quam
1242 296 1353 324 dimidia
1367 296 1410 323 sui
1428 300 1505 330 parte
1524 295 1707 327 illuminatur.

1371 363 1447 392 CAP.
1466 364 1539 393 XXI.

1390 421 1426 448 De
1440 429 1532 449 tutuo.

1102 477 1331 512 Philosophorum
1348 483 1477 513 praeterea
1494 477 1620 505 nonnulli
1632 485 1750 505 vacuum
1762 478 1860 513 quod-

1066 523 1129 551 dam
1145 525 1227 551 etiam
1252 523 1478 557 introduxerunt,
1499 523 1583 558 idque
1599 531 1715 558 corpore
1733 531 1859 558 prorsus

1068 569 1241 602 destitutum,
1265 569 1343 604 quasi
1365 569 1503 604 quoddam
1529 569 1612 596 chaos
1637 568 1779 595 inﬁnitum
1808 569 1862 596 de-

1067 619 1232 647 monstrant,
1252 615 1380 649 idemque
1400 619 1463 642 ante
1479 614 1612 641 mundum
1628 614 1714 641 fuisse
1733 618 1860 641 contenv

1067 660 1136 688 dunt
1153 669 1160 687 :
1176 661 1276 688 creatis
1302 660 1400 688 deinde
1419 660 1563 688 elementis
1587 660 1715 688 universa
1735 667 1859 694 corpora

1068 707 1173 734 ambitu
1190 711 1218 734 et
1235 707 1468 734 circumvectione
1481 706 1543 734 cteli
1560 706 1768 736 concluserunt,
1786 705 1860 732 nihil

1068 751 1187 780 interius
1206 753 1286 780 vacui
1306 753 1504 788 relinquentes.
1526 752 1605 787 Quod
1621 757 1711 780 autem
1730 752 1861 779 exterius

1068 802 1119 831 est,
1135 803 1216 833 atque
1229 798 1298 826 adeo
1311 802 1387 825 extra
1404 799 1489 834 ipsam
1502 798 1564 825 coeli
1579 797 1858 835 circumvectionem,

1066 844 1096 878 id
1111 845 1220 872 demum
1237 852 1317 872 omne
1332 852 1447 872 vacuum
1463 852 1533 876 esse,
1546 847 1574 871 et
1594 843 1745 877 inﬁnitum,
1763 850 1859 878 quan-

1069 895 1127 918 tum
1143 891 1205 926 quis
1219 891 1246 918 in
1262 890 1370 919 inﬁnito
1383 891 1445 918 loco
1463 889 1605 925 imaginari
1620 889 1716 925 possit.

1363 957 1439 986 CAP.
1460 957 1544 985 XXII.

1174 1013 1282 1050 Ecquod
1300 1013 1460 1042 eloquentum
1473 1015 1560 1050 primo
1576 1014 1746 1048 productum.

1104 1071 1144 1099 Ad
1171 1071 1230 1099 haac
1255 1071 1343 1098 Moses
1359 1071 1479 1105 quidem,
1495 1070 1539 1097 cui
1561 1077 1591 1098 se
1613 1068 1684 1097 Deus
1704 1070 1858 1098 videndum

1068 1118 1197 1154 praebuit,
1214 1118 1241 1145 in
1254 1122 1316 1145 ortu
1334 1117 1428 1145 mundi
1442 1117 1513 1144 cado
1529 1121 1557 1144 et
1570 1121 1650 1144 terra:
1665 1116 1771 1151 primas
1784 1117 1856 1144 assi-

1071 1168 1146 1199 gnat.
1162 1163 1321 1190 Graecorum
1335 1170 1401 1190 vero
1417 1163 1556 1197 sapientes
1569 1162 1620 1189 alia
1634 1162 1661 1188 iu
1680 1161 1780 1189 haeresi
1798 1162 1856 1189 l'ue-

1069 1213 1158 1236 runt:
1188 1216 1307 1243 quorum
1332 1207 1378 1235 alii
1401 1212 1502 1234 terram
1524 1207 1612 1242 primo
1635 1207 1705 1239 loco,
1721 1211 1854 1241 tanquam

1069 1255 1189 1282 caelestis
1199 1255 1275 1281 orbis
1288 1258 1414 1281 centrum
1427 1257 1563 1280 statuunt.
1580 1252 1813 1287 Quandoquidem
1829 1253 1856 1280 in

1070 1301 1158 1328 solido
1173 1300 1278 1327 circulo
1296 1303 1421 1326 centrum
1436 1298 1513 1333 prius
1525 1303 1552 1325 et
1567 1298 1712 1332 antiquius
1727 1304 1782 1326 est.
1803 1299 1856 1326 Alii

1074 1352 1141 1372 vero
1153 1344 1250 1371 mundi
1270 1343 1477 1372 universitatem
1493 1344 1520 1371 in
1540 1348 1660 1378 quatuor
1673 1344 1813 1374 elementa
1830 1349 1857 1372 et

1070 1391 1197 1426 quintum
1220 1398 1321 1425 corpus
1340 1390 1451 1417 caeleste
1470 1390 1596 1418 dividunt
1615 1398 1622 1416 :
1639 1390 1857 1418 elementorum-

1070 1446 1124 1473 que
1138 1438 1283 1470 tetradem,
1300 1445 1350 1466 seu
1373 1438 1593 1472 quaternionem,
1617 1438 1653 1466 ab
1668 1438 1729 1472 ipso
1751 1438 1858 1466 aethere

1072 1483 1175 1511 moveri
1205 1488 1359 1511 autumant.
1380 1483 1503 1510 [Etheris
1526 1491 1611 1518 porro
1635 1483 1856 1518 pulcherrimam

1072 1533 1178 1563 partem
1207 1529 1307 1556 ccelum
1330 1536 1403 1560 esse,
1433 1527 1506 1562 quod
1524 1527 1613 1561 primo
1638 1528 1720 1555 etiam
1745 1527 1810 1555 loco
1830 1528 1858 1554 in

1073 1582 1166 1602 rerum
1182 1578 1307 1602 naturam
1319 1574 1482 1609 productum
1496 1574 1676 1604 arbitrantur.
1691 1573 1859 1609 Quicunque

1071 1625 1163 1648 autem
1179 1620 1330 1656 ingenitum
1353 1627 1414 1647 esse
1428 1619 1561 1647 mundum
1577 1624 1767 1652 asseruerunt,
1786 1619 1858 1648 idem

1071 1674 1184 1702 quoque
1196 1675 1229 1694 ex
1240 1666 1440 1701 consequentia
1453 1665 1487 1693 dc
1499 1666 1556 1700 ipsa
1570 1666 1751 1694 universitate
1762 1673 1860 1693 sense-

1072 1718 1148 1742 runt.
1162 1714 1255 1742 Potior
1267 1721 1332 1740 vero
1345 1713 1481 1741 sententia
1496 1713 1564 1740 mihi
1577 1712 1696 1745 videtur,
1711 1717 1743 1740 ut
1753 1713 1854 1741 cadum

1073 1764 1202 1795 tanquam
1220 1767 1322 1794 corpus
1333 1759 1509 1794 praestantius
1527 1763 1556 1786 et
1577 1759 1711 1790 nobilius,
1728 1761 1858 1794 quodque

1072 1805 1177 1835 ambitu
1203 1812 1253 1832 suo
1276 1809 1372 1835 caetera
1397 1804 1607 1839 complectatur,
1633 1805 1723 1839 primo
1747 1813 1859 1840 quoque

1072 1851 1132 1878 loco
1147 1851 1309 1886 productum
1323 1850 1418 1878 tuerit.

1370 1918 1447 1946 CAP.
1467 1918 1564 1947 XXIII.

1060 1975 1112 2004 .De
1125 1974 1244 2010 cometis,
1255 1977 1279 2001 ct
1291 1972 1435 2012 fulgoribus
1448 1973 1514 2006 illis,
1526 1975 1570 2010 qui
1581 1974 1735 2011 διᾴτταντεε
1746 1975 1860 2012 ἀστέρες

1403 2010 1536 2037 dicuntur.

1109 2079 1143 2108 Ut
1157 2084 1248 2106 autem
1266 2078 1405 2114 perceptis
1419 2077 1473 2105 illis
1494 2084 1605 2112 quoque
1618 2077 1795 2113 passionibus
1811 2086 1859 2106 seu

1073 2126 1275 2158 aliectionibus,
1292 2125 1393 2160 quibus
1412 2124 1512 2152 calum
1535 2123 1604 2152 allici
1629 2124 1859 2160 philosophorum

1074 2176 1249 2201 monumenta
1266 2172 1388 2204 tradunt,
1406 2171 1554 2198 multarum
1576 2169 1639 2197 inde
1660 2178 1754 2202 rerum
1778 2179 1861 2205 expc-

238 2218 419 2245 lnerrautium
436 2225 521 2253 porro
540 2217 683 2245 stellarum
705 2218 808 2245 nullam
823 2227 895 2254 esse,
919 2221 1021 2248 nullam
1038 2210 1059 2236 θ
1075 2218 1210 2248 rientiam.
1225 2222 1307 2252 atque
1317 2224 1414 2244 eorum
1429 2216 1511 2243 etiam
1523 2223 1584 2250 quae
1595 2219 1659 2242 sunt
1672 2216 1859 2250 cognitionem

237 2271 347 2298 quoque
369 2264 532 2295 errantium,
557 2263 622 2290 luna
653 2263 935 2301 duntaxat'excepta,
963 2275 1024 2301 quae

236 2310 329 2336 lumen
356 2316 371 2335 a
395 2309 453 2336 sole
478 2313 640 2342 mutuetur:
669 2313 838 2344 quapropter
859 2311 942 2337 etiam
959 2319 1023 2346 pars

234 2354 297 2389 cius
332 2354 465 2381 illustrata
498 2354 584 2381 solem
614 2362 723 2389 semper
750 2355 895 2382 adversum
928 2357 1022 2384 habet.

237 2400 330 2434 Neque
344 2407 410 2427 vero
429 2407 548 2434 unquam
568 2400 635 2427 luna
658 2409 772 2436 prorsus
793 2401 906 2429 luminis
924 2409 1024 2437 expers

236 2451 289 2479 est,
307 2446 355 2474 sed
379 2446 539 2473 semilunari
563 2447 665 2474 lumine
684 2455 793 2482 semper
815 2448 920 2476 illucet.
939 2448 1022 2484 Igitur

237 2493 265 2520 in
285 2491 407 2527 synodis,
430 2499 479 2519 seu
501 2491 743 2526 coniunctionibus
768 2492 868 2527 gibbus
894 2493 953 2529 ejus
973 2493 1020 2520 ille

238 2538 319 2566 nobis
341 2537 466 2573 obiectus
490 2536 593 2564 lumine
616 2541 691 2564 caret
712 2543 828 2565 :vertex
852 2546 918 2566 vero
941 2546 1020 2574 supe—

238 2585 463 2617 rior,luminosus
489 2588 543 2611 est.
570 2583 601 2610 ln
629 2583 790 2618 plenilunils
813 2588 904 2612 autem
932 2590 1019 2612 totqu

236 2632 359 2667 eiusdem
372 2631 446 2667 quod
458 2631 485 2658 in
499 2638 550 2658 nos
558 2630 646 2666 vergit
658 2629 883 2665 hemisphaerium
894 2631 1022 2662 collucet.

239 2685 289 2705 uec
311 2677 439 2712 superius
467 2676 538 2704 lucis
562 2684 657 2704 exsors
669 2682 722 2704 est.
749 2676 798 2703 Illo
812 2684 878 2704 vero
900 2681 1024 2712 tempore

238 2723 312 2758 quod
326 2723 545 2758 coniunctionem
558 2726 586 2749 et
599 2722 780 2757 plenilunium
794 2722 946 2758 interiacet,
961 2730 1025 2757 pro-

240 2774 272 2796 ut.
291 2777 306 2796 a
334 2769 391 2796 sole
419 2768 518 2802 distat,
537 2767 682 2803 μηνοειδὴς
704 2768 807 2800 lunata,
824 2768 966 2803 διχότομος
985 2768 1024 2794 di-

1072 2264 1122 2291 tibi
1140 2270 1292 2298 compares.
1307 2266 1428 2290 cometas
1443 2261 1502 2289 lieri
1519 2261 1609 2292 aiunt.
1625 2269 1688 2289 cum
1704 2262 1860 2290 exhalatio-

1072 2311 1115 2338 nis
1132 2317 1196 2344 pars
1212 2309 1303 2344 aliqua
1318 2308 1513 2335 intiaunuatur.
1530 2307 1598 2335 Nam
1615 2307 1638 2334 si
1651 2308 1795 2335 concretio
1816 2308 1860 2340 illa

1070 2355 1181 2384 tenuior
1195 2355 1241 2386 sit,
1251 2353 1324 2389 quod
1338 2361 1482 2381 accensum
1496 2357 1538 2380 cst
1549 2353 1631 2381 celeri
1644 2361 1728 2380 cursu
1742 2354 1858 2388 rapitur.

1069 2401 1148 2434 isque
1167 2399 1259 2427 evadit
1279 2398 1326 2434 qui
1341 2399 1422 2433 vulgo
1437 2398 1554 2433 διᾴττων
1567 2397 1657 2432 ἀστὴρ
1674 2397 1791 2430 dicitur,
1809 2398 1859 2425 hoc

1069 2451 1111 2473 est
1137 2444 1214 2472 Stella
1241 2443 1381 2481 traiiciens
1417 2451 1478 2477 qua:
1504 2443 1573 2469 nihil
1599 2443 1672 2470 aliud
1698 2446 1751 2475 est,
1777 2451 1857 2478 quam

1076 2491 1146 2527 ignis
1158 2491 1292 2527 traiectio,
1308 2497 1356 2518 seu
1371 2489 1461 2524 fulgor
1472 2489 1591 2516 caelestis
1605 2489 1728 2516 emicans
1739 2498 1746 2516 :
1757 2488 1778 2515 si
1794 2497 1859 2516 vero

1075 2538 1195 2566 crassior
1210 2537 1325 2565 materia
1344 2536 1512 2568 subsederit,
1528 2535 1564 2562 ibi
1588 2535 1695 2563 scilicet
1715 2534 1859 2563 candentis

1072 2585 1144 2620 ignis
1161 2583 1266 2612 semina
1282 2583 1422 2615 iuventur,
1441 2585 1634 2616 cometamque
1657 2588 1706 2611 seu
1726 2581 1856 2608 crinitum

1071 2631 1180 2658 stellam
1193 2630 1350 2657 eli‘ormant.
1364 2628 1540 2657 Cometarum
1558 2635 1639 2662 porro
1658 2625 1754 2661 ﬁgurae
1765 2634 1855 2658 variae,

1073 2684 1124 2712 pro
1142 2676 1217 2703 varia
1236 2675 1357 2702 materiae
1376 2673 1602 2705 inﬂammatione.
1626 2673 1764 2700 feruntur.
1790 2672 1854 2700 Nam

1075 2723 1115 2749 vel
1134 2722 1190 2749 sola
1214 2721 1255 2748 sui
1272 2720 1446 2756 longitudine
1469 2719 1582 2746 materia
1599 2718 1768 2750 exardescit,
1786 2718 1855 2744 ttndc

1075 2771 1180 2795 comma
1196 2766 1337 2802 gignitur;
1345 2774 1427 2801 quem
1441 2765 1523 2800 vulgo
1537 2764 1640 2795 aoxiav.
1661 2763 1712 2791 hoc
1737 2767 1779 2790 est
1803 2768 1854 2790 tra-

279 2860 317 2894 (2)
330 2859 531 2894 El/moplu‘onas
546 2865 623 2887 vocat
639 2858 708 2887 infra
726 2858 773 2886 lib.
790 2866 825 2890 tv,
847 2865 870 2885 ς.
888 2857 931 2889 l2,
953 2857 1140 2891 imretiris'luc
1156 2861 1293 2887 acccusct,
