1949 3073
99 137 175 169 1-117

740 140 935 172 THESAURI
957 142 1032 172 LIB.
1054 142 1080 172 Ι.

1659 142 1726 172 1118

98 193 166 220 hem
182 192 289 228 igneam
302 196 416 220 vocant:
433 194 476 221 vel
496 175 669 229 longitudine
690 199 773 230 atque
793 195 887 222 latitu-
902 197 924 226 Α
939 200 993 224 tem
1009 201 1137 225 revocet:
1150 196 1380 232 quemadmodum
1399 195 1456 231 ipse
1469 202 1578 230 quoque
1610 195 1727 222 Davides

96 237 179 271 dine,
194 242 222 265 et
236 243 302 266 tunc
319 239 357 271 ﬂt,
372 239 420 274 qui
442 239 553 274 proprie
577 246 683 268 cometa
707 241 809 268 dicitur
823 250 829 268 :
845 241 889 268 vei

96 283 138 315 ab
153 283 277 311 inferiori
293 288 369 319 parte
384 285 507 319 quaedam
522 286 597 313 velut
612 286 744 314 micantes
764 287 890 314 scintillae

96 333 282 363 promuntur,
308 333 428 366 tuncque
449 330 560 358 demum
588 333 745 364 πωγωνίας,
770 332 823 360 hoc
846 335 890 360 est

101 374 238 402 barbatus
264 379 387 403 cometes
412 377 576 411 appellatur.
597 377 686 412 Atque
715 379 750 406 de
773 378 890 407 cometis

99 419 250 447 hactenus.

402 489 476 517 CAP.
494 490 589 518 XXIV.

105 544 146 571 De
160 545 262 580 pluvia,
277 547 345 579 nive,
361 547 504 581 grandine,
527 553 550 575 et
565 556 625 583 quis
645 556 676 575 ea:
702 556 797 583 vapore
809 548 887 582 ﬁunt.

141 600 232 635 Vapor
244 606 348 633 autem,
366 610 429 630 cum
451 604 487 630 sit
511 604 618 631 humidi
642 604 779 638 calidique
802 605 888 639 parti-

102 652 183 679 ceps,
195 645 362 680 simulatque
384 648 527 682 superiora
546 649 625 683 petit,
651 654 782 682 mutatur,
807 655 835 677 et
861 649 888 677 in

101 698 203 725 aquam
221 691 414 725 colliquescit:
433 698 460 720 et
484 694 618 728 siquidem
645 695 783 728 copiosior
809 695 890 729 paulo

101 735 272 771 densiorque
288 737 436 768 deferatur.
452 739 586 774 pluviam,
607 740 630 766 si
645 747 709 766 vero
723 741 820 772 rarior,
833 740 891 767 stil-

97 780 159 806 ‘lam
177 786 305 815 procreat
319 791 325 809 :
338 783 410 817 quod
427 783 449 810 si
464 789 632 816 concreScat,
645 785 672 812 in
691 785 795 818 nivem,
818 786 860 813 sin
874 794 889 812 a

104 827 258 855 mutatione
272 829 364 856 statim
381 830 523 857 concretio
536 829 594 862 fiat,
610 831 637 858 in
653 831 812 866 grandinem
826 840 889 860 eva-

103 871 158 899 dit.
172 873 260 908 Atque
274 874 331 902 hac
344 875 455 910 quidem
473 880 547 908 sunt,
564 885 625 911 qua:
649 885 734 912 vapor
757 878 784 904 in
806 869 903 913 supe-l

104 917 181 945 riore
190 919 263 947 aeris
278 920 387 955 regione
400 921 532 956 levigatus
540 921 622 949 eﬂicit
634 931 641 950 :
654 922 700 958 qui
711 923 733 949 si
750 923 888 956 deorsum,

103 971 154 990 seu
179 963 206 990 in
232 965 325 992 inﬂma
350 971 486 1002 terrasque
506 968 629 1002 proxima
644 973 721 1003 parte
747 969 820 996 acris
837 976 891 1003 [ιι-ω

104 1009 291 1038 crassitudine
313 1019 361 1039 seu
386 1012 521 1041 densitate
546 1014 664 1046 restitet,
681 1019 729 1041 ant
747 1015 774 1041 in
799 1023 888 1042 rorem

105 1059 240 1088 mutatur,
254 1057 342 1084 autin
365 1058 428 1093 gelu
451 1059 615 1086 concrescit.
638 1059 771 1087 Caeterum
799 1068 843 1087 ros
858 1068 891 1087 eo

106 1100 280 1134 potiSsimum
297 1107 430 1137 tempore,
442 1111 497 1138 quo
521 1105 620 1131 malum
645 1112 772 1131 serenum
796 1109 823 1131 et
846 1113 892 1132 su-

105 1146 173 1172 dum
190 1150 241 1179 est,
255 1151 337 1181 atque
354 1148 381 1175 in
393 1148 461 1176 locis
478 1149 594 1176 maxime
607 1149 780 1184 tepentibus:
794 1150 891 1184 pruina

106 1199 174 1218 vero
194 1192 222 1219 in
239 1192 427 1227 frigidioribus
445 1195 586 1228 coalescit,
604 1200 686 1230 atquc
709 1204 753 1223 ros
778 1196 889 1231 quidem

107 1244 171 1264 cum
194 1238 413 1267 nteridionalinm
437 1241 711 1276 ventorumzpruina
735 1249 810 1274 vero,
828 1249 890 1268 cum

110 1283 365 1317 septentrionalium
394 1285 474 1313 ﬂatus
501 1287 638 1320 prmvalet.
664 1287 772 1314 Grando
798 1293 890 1314 autem

108 1328 231 1363 partibus
248 1330 312 1356 anni
335 1331 525 1364 calidioribus,
547 1339 612 1359 vere
636 1332 766 1359 nimirum
791 1338 818 1360 et
841 1342 891 1360 au-

109 1378 214 1406 tumno,
233 1382 304 1409 saape
319 1375 402 1402 etiam
413 1380 507 1403 aestate
526 1377 729 1404 condensatur:
745 1383 890 1412 propterea

107 1419 180 1454 quod
201 1421 319 1447 calidum
341 1427 369 1448 et
395 1421 523 1457 frigidum
543 1422 580 1449 ita
609 1427 707 1450 natura
734 1428 890 1458 comparata

107 1470 182 1495 sunt.
198 1470 226 1492 ut
239 1473 267 1492 se
283 1470 379 1492 mutuo
393 1467 577 1501 comprimant
597 1471 625 1494 et
638 1473 803 1495 coerceant:
822 1469 891 1495 adeo

108 1511 139 1534 ut
155 1509 176 1533 si
194 1508 329 1535 exteriora
347 1509 422 1536 calor
437 1515 561 1544 occupet,
574 1511 602 1538 in
615 1511 792 1540 interioribus
803 1513 889 1548 frigus
905 1529 928 1559 ε

107 1552 262 1584 delitescat,
277 1559 306 1581 et
316 1560 421 1582 contra.
440 1555 533 1590 Itaque
551 1556 577 1583 in
599 1557 722 1592 partibus
745 1559 808 1585 anni
824 1559 892 1586 cali-

109 1597 234 1630 dioribus
249 1598 335 1634 frigus
350 1601 440 1628 calido
464 1601 638 1630 extrinsecus
651 1602 789 1638 objectum
811 1612 893 1641 gran-

108 1642 200 1670 dinem
215 1644 324 1671 conﬂat.

417 1714 491 1747 CAP.
507 1714 588 1743 XXV.

235 1770 272 1797 De
286 1771 362 1803 iride,
375 1771 481 1805 halone,
495 1773 613 1808 pareliis,
629 1778 655 1800 et
668 1775 785 1809 virgulis.

144 1825 221 1859 Quod
239 1826 272 1853 ad
287 1826 339 1853 irin
354 1827 482 1862 pertinet,
501 1829 547 1863 qui
564 1837 580 1856 a
597 1830 691 1858 multis
704 1838 785 1858 arcus
799 1832 893 1866 appel-

111 1871 192 1903 latur,
209 1872 327 1899 naturali
340 1872 451 1907 quidem
465 1874 618 1901 substantia
638 1875 752 1909 pradita
767 1883 822 1903 non
838 1882 891 1909 est,

111 1917 211 1952 quippe
219 1925 280 1952 quae
288 1918 465 1951 simulacrum
473 1919 704 1954 quoddaminane,
717 1921 892 1955 phantasma-

111 1969 164 1996 que
179 1963 224 1994 sit,
239 1963 312 1996 quod
328 1962 480 1990 videntium
497 1963 585 1991 oculis
601 1968 666 1992 tunc
678 1965 817 2000 objicitur,
829 1973 892 1993 cum

111 2006 174 2034 solis
190 2006 259 2034 radii
269 2008 347 2042 quasi
364 2008 511 2042 procidunt
519 2013 547 2036 et
555 2009 747 2045 reﬂectuntur,
758 2019 892 2046 arcusque

110 2049 177 2076 adeo
192 2051 312 2085 speciem
332 2059 389 2087 pne
410 2060 442 2080 se
464 2052 571 2082 ferunt.
594 2054 680 2083 Porro
698 2056 827 2090 quaelibet
842 2057 892 2085 iris

112 2095 208 2132 triplici
222 2096 315 2126 colore
328 2097 457 2127 distincta
479 2105 532 2129 est.
548 2101 613 2136 Ejus
629 2102 704 2129 enim
728 2110 795 2130 zona
820 2103 891 2130 inte-

112 2143 175 2175 rior,
194 2143 330 2178 punicea:
346 2145 478 2176 secunda.
496 2146 610 2173 viridis:
626 2147 707 2174 tertia
728 2148 844 2176 caerulea
864 2152 893 2176 et

941 243 1015 270 canit
1028 252 1034 268 2
1047 242 1098 275 Qui
1117 242 1224 277 despicit
1240 243 1267 268 in
1284 247 1395 274 terram,
1408 246 1433 268 et
1447 242 1561 268 concutit
1573 250 1640 268 eam.
1661 240 1726 267 Phi-

941 287 1049 322 losophi
1062 296 1126 315 vero
1146 295 1255 315 causam
1274 287 1382 314 illorum
1399 295 1413 314 a
1429 286 1518 313 ventis
1535 290 1673 320 repetunt,
1701 285 1724 311 si

940 332 1011 360 forte
1026 339 1116 359 cume
1138 336 1210 360 terra
1236 339 1344 359 sursum
1370 331 1506 362 feruntur,
1529 330 1679 364 contingat,
1695 333 1726 355 ut

940 378 1020 405 ﬂatus
1038 378 1138 413 aliquis
1154 378 1229 405 velut
1246 377 1398 405 extrinseca
1427 376 1551 410 quaedam
1575 375 1723 406 exhalatio,

939 424 1130 457 subterraneis
1151 423 1250 451 reﬂans
1269 431 1329 450 sese
1354 423 1491 450 meatibus
1514 422 1656 450 insinuet:
1672 428 1725 457 qua

940 470 1021 496 etiam
1038 469 1072 497 de
1089 477 1170 496 causa
1184 476 1279 496 serena
1299 472 1460 503 tempestate
1474 472 1556 495 terrae
1571 472 1661 494 motus
1677 475 1724 494 ae-

942 515 1045 544 cidere.
1063 521 1150 549 eaque
1167 513 1236 540 adeo
1261 513 1434 547 frequentius
1451 513 1509 540 loca
1529 512 1658 540 infestare
1680 519 1725 538 so-

940 559 1009 592 lent,
1037 559 1064 585 in
1095 559 1198 593 quibus
1228 566 1302 585 mare
1333 557 1455 592 rapidius
1488 557 1558 590 ﬂuit,
1592 557 1726 590 tellusque

941 605 1030 632 mollis
1065 610 1093 634 et
1129 605 1188 631 laxa
1225 603 1351 631 cavernis
1390 608 1418 630 ct
1453 603 1589 630 cuniculis
1626 606 1725 628 seatet.

941 652 1025 679 Porro
1040 651 1125 677 solem
1142 651 1230 684 ipsum
1254 653 1427 676 tcrraemotns
1455 654 1576 681 tempore
1603 647 1725 674 tenebri-

941 703 1036 724 cosum
1061 700 1088 722 ct
1115 695 1263 722 obscurum
1292 702 1353 721 esse
1380 694 1537 720 affirmant:
1555 692 1619 727 quia
1645 692 1726 718 nimi-

940 749 1000 768 rum
1032 746 1177 768 ventorum
1208 745 1274 767 tunc
1308 740 1335 766 in
1366 745 1465 766 terram
1496 746 1620 765 remeare
1647 737 1728 763 flatus

941 787 1048 822 incipit,
1068 795 1083 814 a
1107 795 1162 822 quo
1187 785 1317 822 liquidior
1341 793 1389 812 aer
1412 785 1523 812 interim
1549 788 1578 811 et
1604 784 1729 810 serenior

942 833 1069 862 efficitur.

1235 899 1311 927 CAP.
1327 898 1436 927 XXVII.

1265 955 1304 982 De
1315 957 1406 982 ventis.

975 1013 1221 1041 Verumenimvero
1236 1011 1270 1038 de
1284 1011 1374 1038 ventis
1391 1010 1462 1037 idem
1478 1015 1588 1044 quoque
1609 1007 1727 1035 Davides

942 1060 979 1087 ita
990 1061 1063 1087 canit
1077 1068 1082 1083 :
1097 1057 1147 1090 Qui
1161 1057 1248 1084 educit
1260 1060 1350 1083 ventos
1363 1055 1395 1085 de
1410 1054 1541 1081 thesauris
1558 1053 1623 1080 suis.
1641 1052 1727 1079 Prisci

941 1113 1006 1133 vero
1020 1104 1175 1140 philosophi
1191 1108 1287 1129 ventos
1303 1103 1329 1129 in
1353 1100 1513 1128 universum
1529 1104 1649 1134 quatuor
1667 1105 1728 1125 esse

941 1152 1087 1183 afﬁrmant,
1101 1150 1296 1180 Snbsolanum,
1312 1147 1479 1183 Zephyrum,
1495 1146 1607 1177 Notum,
1624 1148 1652 1172 et
1676 1144 1729 1172 Bo-

938 1206 1027 1231 vrcam,
1042 1205 1160 1233 quorum
1184 1196 1355 1223 Subsolanus
1385 1199 1413 1222 et
1438 1193 1581 1227 Zephyrus
1612 1199 1666 1218 non
1692 1190 1729 1217 ita

942 1244 1120 1271 vehementes
1133 1243 1199 1273 sint,
1216 1242 1302 1268 Notus
1321 1248 1387 1268 vero
1400 1245 1428 1268 et
1455 1240 1556 1266 Boreas
1578 1236 1727 1265 infestissi-

942 1297 1012 1316 mam
1029 1288 1201 1324 tyrannidem
1219 1291 1377 1314 exerceant.
1390 1285 1457 1319 Qute
1472 1292 1522 1313 cur
1537 1284 1613 1314 ﬂant,
1625 1282 1668 1309 bis
1685 1290 1729 1309 ra-

943 1335 1064 1363 tionibus
1078 1334 1247 1362 innituntur.
1271 1332 1344 1368 quod
1367 1332 1407 1360 sol
1437 1338 1488 1357 nec
1513 1328 1651 1358 australes
1678 1335 1730 1354 nec

942 1379 1171 1414 septentrionales
1186 1379 1279 1413 plagas
1291 1376 1451 1404 calefaciat:
1469 1375 1533 1410 quia
1552 1382 1602 1401 nec
1618 1374 1646 1401 in
1668 1380 1730 1400 arc-

943 1426 997 1452 tico
1014 1433 1064 1452 nec
1078 1425 1104 1451 in
1121 1423 1271 1450 antarclico
1290 1423 1351 1457 polo
1364 1429 1472 1455 semper
1501 1424 1627 1446 versatur
1645 1417 1730 1451 (unde

944 1470 984 1502 ﬂt,
1004 1474 1033 1496 ut
1051 1469 1156 1504 frigida:
1174 1476 1207 1496 ex
1218 1476 1297 1502 aequo
1310 1472 1338 1494 et
1354 1466 1473 1493 humida:
1492 1466 1559 1497 sint,
1580 1463 1730 1498 multisque

943 1516 1012 1543 adeo
1041 1515 1176 1542 imbribus
1205 1514 1326 1541 indidem
1353 1513 1466 1544 exortis,
1492 1511 1596 1538 multus
1619 1516 1730 1544 quoque

944 1569 1037 1596 vapor,
1061 1561 1139 1595 isque
1158 1561 1282 1587 fumosus
1309 1563 1494 1593 consequatur
1513 1566 1521 1585 :
1539 1564 1599 1591 quae
1622 1563 1667 1582 res
1702 1556 1728 1581 in

939 1615 1024 1636 causa
1041 1612 1094 1639 est,
1108 1613 1138 1634 ut
1152 1606 1252 1633 Boreas
1265 1609 1293 1633 et
1307 1605 1394 1632 Notus
1415 1609 1469 1631 tam
1495 1602 1657 1637 impetuosis
1680 1600 1730 1627 ﬂa-

948 1654 1022 1681 tibus
1036 1652 1182 1686 ferantur).
1201 1651 1303 1679 Contra
1330 1658 1396 1677 vero
1418 1657 1481 1678 cum
1505 1649 1533 1675 in
1558 1646 1728 1687 regionibus,

942 1706 1002 1733 quae
1017 1698 1058 1725 vel
1076 1698 1103 1724 in
1117 1697 1258 1724 Orientem
1284 1696 1327 1723 vel
1355 1695 1382 1722 in
1400 1694 1577 1722 Occidentem
1601 1695 1730 1726 vergunt,

941 1744 982 1770 sol
998 1743 1103 1770 crebris
1117 1743 1288 1770 anfractibus
1301 1745 1455 1773 moveatur,
1464 1737 1631 1771 multumibi
1644 1736 1731 1772 frigo-

943 1787 981 1816 ris
994 1787 1115 1816 suboriri
1135 1794 1190 1814 non
1212 1786 1289 1813 sinit.

1221 1849 1299 1878 CAP.
1326 1848 1445 1876 XXVIII.

1015 1908 1051 1935 De
1065 1907 1187 1943 fulmine,
1202 1907 1314 1939 turbine,
1337 1907 1447 1938 tonitru,
1462 1903 1589 1938 procella,
1608 1907 1658 1934 etc.

981 1963 1095 1990 Fulmen
1110 1970 1193 1997 porro
1209 1962 1312 1989 nullam
1326 1961 1354 1988 in
1367 1967 1396 1988 se
1417 1959 1659 1992 inﬂammationem
1680 1957 1730 1984 ha-

943 2010 999 2043 bet,
1017 2009 1117 2045 quippe
1133 2008 1206 2043 quod
1231 2015 1322 2036 acrem
1348 2006 1468 2041 ingenita
1497 2004 1549 2032 sibi
1569 2003 1680 2031 levitate
1702 2006 1730 2029 et

943 2056 1076 2083 tenuitate
1095 2054 1206 2082 referat.
1225 2053 1303 2081 Unde
1317 2052 1343 2079 id
1356 2052 1439 2079 etiam
1464 2050 1583 2078 nominis
1600 2048 1728 2075 sortitum

943 2105 995 2133 est,
1009 2105 1039 2128 ut
1051 2100 1086 2127 sit
1096 2099 1240 2135 κεραυνὸς,
1250 2098 1328 2133 quasi
1346 2096 1477 2132 εὑκραὴς,
1489 2098 1553 2130 quia
1568 2102 1624 2128 prae
1635 2094 1729 2120 levore

943 2153 994 2173 suo
1009 2145 1120 2172 minime
1135 2144 1243 2171 adurat.
1258 2144 1367 2170 Prester
1379 2148 1454 2171 vero,
1469 2140 1522 2167 hoc
1536 2143 1576 2166 est
1594 2138 1672 2165 turbo
1685 2145 1730 2164 ac-

112 2188 187 2222 quasi
200 2196 337 2224 purpurea
354 2194 406 2218 est.
421 2190 569 2226 Consurgit
583 2196 674 2220 autem
691 2200 726 2220 ex
749 2195 889 2229 imequali—
905 2189 926 2217 D
941 2198 1114 2222 census,cum
1123 2189 1236 2217 exnube
1243 2187 1423 2216 substantiam
1434 2185 1548 2212 materia
1559 2182 1729 2229 crassissima

113 2240 164 2262 tate
180 2240 207 2263 et
220 2235 452 2264 dissimulitndine
469 2237 594 2265 nubium.
607 2239 643 2266 At
657 2238 769 2267 balones
783 2247 831 2267 seu
844 2247 891 2267 co-

113 2288 184 2308 rona:
198 2289 314 2315 quarum
330 2282 448 2310 rotunda
465 2290 574 2317 semper
592 2283 690 2319 figura,
716 2292 767 2312 nec
790 2285 892 2312 iridum

112 2326 176 2354 orbe
190 2327 280 2354 minor
293 2332 419 2363 apparet,
440 2329 512 2356 circa
525 2329 618 2357 lunam
633 2337 704 2365 saepe
717 2335 811 2364 noctu,
822 2339 893 2366 saepe

111 2373 192 2400 etiam
207 2373 327 2401 interdiu
348 2375 568 2409 conspiciuntur.
593 2376 705 2403 Addunt
729 2377 892 2414 physiologi,

112 2418 212 2453 quique
231 2424 340 2447 natura;
355 2428 454 2448 arcana
469 2425 638 2454 scrutantur,
654 2427 681 2450 et
698 2423 826 2457 parelios,
843 2432 892 2452 seu

113 2464 176 2492 solis
191 2465 334 2500 imagines,
348 2470 375 2493 et
388 2466 513 2501 ρἀδους,
528 2467 580 2494 hoc
596 2471 640 2495 est
657 2469 794 2504 virgulas:
811 2475 894 2505 atque

115 2509 281 2545 hasquidem
302 2519 335 2539 ex
357 2512 471 2539 nubium
492 2512 679 2548 inaequalitate
695 2515 765 2547 fieri,
782 2516 893 2544 tricolo-

116 2563 222 2592 resque,
238 2562 268 2584 ut
283 2562 311 2585 et
326 2558 421 2589 iridas,
437 2565 498 2586 esse
517 2566 525 2589 :
546 2560 666 2594 parelios
687 2565 779 2589 autem
804 2562 893 2595 albos,

117 2605 144 2628 ut
157 2605 186 2628 et
201 2601 326 2633 halonas.
342 2606 479 2630 asserunt.

409 2670 485 2699 CAP.
503 2670 586 2699 XXVI

167 2724 316 2753 Christiana
336 2729 360 2753 et
377 2726 556 2762 philosophica
572 2732 736 2755 terrtemotus
751 2737 842 2756 causa.

146 2782 280 2809 Caeterum
297 2788 466 2811 termmotus
478 2791 492 2810 a
503 2783 560 2811 Deo
575 2784 636 2812 ideo
648 2784 706 2812 ﬂeri
721 2785 850 2819 dicimus,
864 2790 894 2812 ut

117 2827 270 2855 hominibus
287 2832 419 2857 terrorem
433 2829 558 2863 incutiat,
576 2834 603 2858 et
619 2830 651 2859 ad
666 2831 802 2859 saniorem
817 2839 895 2860 meu-

944 2241 1111 2266 constantem
1144 2235 1253 2265 habeat.
1281 2241 1396 2268 eamque
1427 2231 1555 2260 incendat
1582 2234 1610 2256 et
1624 2228 1732 2255 inﬂam-

944 2288 1009 2316 met,
1024 2283 1085 2310 inde
1103 2281 1143 2313 fit,
1160 2286 1190 2308 ut
1205 2279 1341 2308 incendiis
1352 2284 1380 2306 et
1394 2275 1655 2312 conﬂagrationibus
1671 2274 1731 2301 ido—

944 2336 1012 2356 neus
1019 2327 1127 2356 evadat.
1134 2328 1286 2354 Presterem
1295 2331 1386 2351 autem
1394 2327 1492 2351 ventus
1500 2322 1581 2349 etiam
1590 2318 1728 2354 praecedit,

943 2374 1022 2408 cujus
1040 2373 1078 2400 rei
1092 2376 1168 2399 certo
1187 2371 1214 2398 id
1232 2370 1334 2398 indicio
1360 2374 1411 2401 est.
1430 2367 1504 2403 quod
1523 2365 1636 2394 fulmine
1656 2365 1728 2400 jam-

941 2420 997 2456 jam
1011 2418 1175 2454 tangendum
1193 2421 1245 2448 est,
1261 2416 1326 2451 quia
1347 2415 1423 2450 prius
1447 2417 1529 2441 vento
1557 2410 1727 2438 concutitur.

944 2465 1080 2493 Presteris
1094 2464 1167 2491 enim
1183 2467 1283 2490 ventus
1301 2461 1393 2493 ferire,
1414 2460 1478 2496 quia
1501 2457 1679 2492 sulpltureus,
1701 2458 1729 2481 et

945 2515 1092 2539 conculere
1105 2509 1185 2537 solet.
1198 2509 1292 2544 Neque
1300 2515 1366 2535 vero
1379 2511 1477 2537 ventus
1492 2505 1536 2532 ille
1551 2507 1673 2538 prestera
1685 2507 1730 2527 so-

945 2557 1085 2585 lummodo
1102 2556 1240 2591 praecedit,
1263 2555 1309 2583 sed
1325 2553 1408 2582 etiam
1423 2552 1570 2579 comitatur
1589 2553 1617 2576 et
1632 2547 1729 2575 διώδε-

945 2604 1051 2639 quitur,
1063 2602 1260 2637 dispersosque
1275 2605 1303 2628 ct
1318 2600 1345 2628 in
1359 2598 1512 2628 levissimos
1521 2595 1600 2623 ﬂatus
1613 2592 1730 2619 diﬂ'usns

946 2651 1064 2682 tonitrus
1079 2654 1105 2677 et
1120 2649 1252 2684 fulgetras
1267 2648 1368 2675 excitat
1381 2656 1387 2672 :
1403 2650 1441 2678 et,
1460 2645 1482 2672 si
1498 2643 1608 2679 quidem
1623 2639 1730 2668 inﬂamv

946 2701 1045 2727 metur.
1060 2696 1103 2723 vel
1127 2695 1242 2727 fulmen,
1267 2694 1309 2721 vel
1336 2693 1438 2728 fulgur,
1462 2691 1504 2718 vel
1529 2686 1730 2726 presterazsin

945 2751 1034 2773 secus,
1052 2742 1180 2776 ὲκνεφίαν
1202 2745 1230 2768 et
1252 2739 1372 2774 τυφῶνα,
1397 2740 1450 2766 hoc
1469 2742 1511 2765 est
1537 2735 1684 2771 procellam
1702 2737 1730 2761 et

945 2787 1076 2815 vortit-em
1088 2787 1152 2814 ciet.
1167 2780 1322 2814 I’orrovhzec
1337 2785 1427 2813 omnia
1443 2785 1475 2812 ad
1489 2781 1732 2812 inﬂanunationetn

947 2837 974 2860 et
994 2832 1167 2862 adustioncm
1184 2831 1348 2860 referantur.
