1949 3073
273 205 275 208 ‹
533 190 609 219 CAP.
628 190 725 218 XXIX.

289 247 326 275 De
353 256 492 283 corporum
531 249 721 274 resurrectione
755 253 779 275 et
815 256 966 275 ammorum

521 283 732 310 immortalitate.

269 340 307 367 De
321 346 466 373 corporum
480 340 682 368 resurrectione
700 341 773 368 nulla
788 342 945 369 Graecorum
960 341 1019 376 pla-

233 385 299 414 cita.
314 384 348 412 de
362 384 447 411 animi
461 385 667 412 immortalitate
681 386 816 420 permulta
831 386 1016 420 reperiuntur.

234 428 274 455 Illi
290 428 363 456 enim
379 433 407 456 et
422 436 518 463 poenas
532 429 605 463 apud
624 429 726 456 inferos
739 437 788 463 pro
801 429 835 456 iis
851 437 910 464 quae
924 429 952 456 in
963 430 1019 456 vita

235 473 305 500 male
319 473 381 508 quis
395 473 520 508 gesserit,
531 480 560 502 et
575 473 712 508 λειμῶνας
724 475 899 509 ἀσφοδελοὺς,
912 475 965 502 hoc
978 479 1020 502 est

235 523 311 553 prata
334 519 485 553 asphodelo
507 520 634 551 virentia.
657 525 686 547 et
709 521 814 556 Elysios
835 529 946 555 campos
969 521 1021 549 Iin-

234 567 317 597 gunt:
329 564 431 598 quibus
449 564 487 591 illi
505 569 567 599 post
589 571 703 592 mortem
720 565 869 597 donentur,
884 566 931 600 qui
948 573 1021 600 pra-

234 608 308 635 clare
326 616 355 636 se
372 608 399 635 in
424 608 476 636 hac
501 609 556 636 vita
579 609 726 644 gesserint.
752 610 841 645 Atque
863 610 1020 638 Grtecornm

234 654 346 688 quidem
358 654 391 682 de
405 654 439 682 iis
454 663 514 689 qua:
528 660 592 683 sunt
609 655 634 682 in
649 663 740 683 rerum
752 661 850 684 natura
864 658 1017 690 sententiae,

234 700 324 734 quoad
342 708 376 727 ex
389 701 484 728 multis
493 709 595 736 paucas
604 709 731 730 sermone
750 711 913 738 percurrere
929 704 1018 738 licuit,

237 749 272 772 ita
289 752 319 772 se
336 745 448 773 habent.

532 803 608 832 CAP.
632 805 717 833 XXX.

448 859 487 886 De
497 860 630 888 Judaismi
649 864 809 891 auctoribus.

268 914 426 942 Judaismus
436 921 526 944 autem
537 917 571 944 ab
579 918 736 946 Abrahamo
747 920 891 954 originem,
902 921 1020 948 circum-

234 959 348 987 cisionis
364 960 531 994 interventu,
549 962 637 990 duxit.
658 965 742 992 Auxit
766 966 893 993 eumdem
919 967 1018 999 Moses,

234 1005 281 1040 qui
297 1006 429 1040 septimus
446 1007 481 1034 ab
495 1008 651 1036 Abrahamo
665 1009 787 1038 Judaicis
803 1011 887 1038 rebus
899 1012 1018 1046 praefuit,

234 1051 301 1086 legis
317 1051 460 1085 beneﬂcio,
477 1062 559 1089 quam
580 1063 594 1082 a
608 1055 664 1083 Deo
687 1056 714 1083 in
742 1056 806 1084 Sina
829 1063 923 1085 monte
940 1066 1015 1086 arce-

234 1101 322 1130 perat.
339 1097 453 1126 Ornavit
473 1106 568 1134 postea
583 1101 701 1129 Davides
717 1110 748 1130 ex
769 1103 843 1130 tribu
865 1104 1018 1139 Benjamin.

234 1141 279 1167 ubi
295 1141 415 1176 primum
435 1143 508 1171 Sauli
525 1147 670 1179 successit,
685 1155 804 1183 cumque
823 1149 879 1183 jam
897 1149 1019 1184 quadra-

233 1186 310 1220 ginta
323 1194 411 1215 annos
423 1188 525 1216 Iudaeis
540 1190 715 1226 imperasset,
734 1194 840 1221 virtute
864 1195 971 1222 scilicet
993 1200 1021 1222 et

233 1232 366 1266 sapientia
382 1235 555 1269 praecellens,
568 1237 670 1272 quippe
686 1238 732 1273 qui
749 1239 860 1266 numine
874 1240 968 1266 divino
980 1240 1020 1267 af-

233 1277 314 1305 ﬂatus
328 1284 409 1310 esset,
425 1288 536 1307 suorum
553 1283 683 1310 terminos
697 1284 830 1311 dilatavit.
852 1285 917 1319 Ejus
945 1286 1019 1313 enim

233 1331 344 1352 manum
362 1326 433 1353 Deus
451 1326 478 1353 in
494 1328 562 1355 mari
578 1329 712 1362 extendit,
727 1334 756 1358 et
771 1330 799 1357 in
816 1330 900 1358 ﬂuvio
922 1332 1019 1359 dexte-

233 1377 290 1397 ram
308 1371 377 1406 ejus.

529 1431 605 1459 CAP.
622 1432 718 1460 XXXI.

304 1484 445 1512 Itwreseou
459 1490 484 1513 et
499 1488 656 1515 seditionum
671 1488 846 1517 Iudaicarum
862 1492 945 1526 origo.

269 1540 337 1567 Cum
352 1548 418 1576 ergo
434 1549 468 1569 eo
490 1543 624 1571 claritatis
647 1544 791 1572 Iudaicum
811 1555 897 1581 genus
920 1556 1019 1576 excre-
1033 1518 1053 1547 Ο

233 1584 329 1617 visset,
346 1585 618 1622 Hierosolymamque
634 1589 751 1618 Davides
764 1598 792 1618 et
804 1592 933 1621 Salomon
949 1602 1018 1623 mo:-

233 1629 317 1656 nibus
328 1630 490 1664 ciuxissent,
508 1636 591 1667 atque
606 1636 751 1669 aggeribus
771 1637 829 1671 ipsa
845 1640 945 1667 muenia
964 1641 1019 1668 cir-

234 1677 469 1710 cumvallassent,
492 1679 623 1714 templum
645 1680 765 1714 denique
786 1684 875 1712 ubivis
896 1686 1019 1720 gentium

235 1722 393 1756 percelebre
409 1722 539 1750 Salomon
555 1724 728 1757 aedificasset,
743 1728 854 1761 quidam
872 1737 920 1756 sua
936 1729 1020 1757 Sione

235 1767 348 1796 minime
368 1769 501 1802 contenti,
524 1770 690 1798 Hebraicum
708 1773 854 1807 imperium
876 1776 1019 1810 propalam

236 1813 418 1842 seditionibus
432 1815 488 1843 suis
500 1816 693 1845 adulterarum
704 1827 711 1846 :
722 1823 752 1846 ut
765 1821 852 1855 major
867 1821 894 1848 in
910 1822 1019 1850 illorum

236 1867 294 1894 rep.
310 1862 482 1894 perturbatio
491 1863 589 1897 primis
604 1864 659 1892 illis
674 1866 844 1900 temporibus
857 1875 910 1894 non
924 1868 1019 1901 fuerit,

235 1906 335 1940 quibus
353 1907 486 1935 nimirum
499 1909 613 1937 Iudices
629 1910 756 1939 tribubus
772 1912 896 1942 Judaicis
905 1914 966 1950 jura
979 1915 1021 1943 di-

235 1951 346 1980 cebant.

526 2011 601 2040 CAP.
620 2013 729 2041 XXXII.

251 2052 395 2082 Duodecim
415 2055 530 2083 tribuum
550 2058 577 2083 in
592 2058 657 2084 duos
677 2059 789 2086 ducatus
808 2060 854 2087 sub
868 2060 1002 2088 Roboama

576 2093 677 2120 divitia.

271 2146 378 2174 Mortuo
392 2146 484 2182 itaque
507 2147 653 2176 Salomone
676 2149 821 2178 duodecim
842 2152 941 2185 tribus,
958 2161 1019 2188 quae

237 2192 318 2219 unius
333 2197 413 2219 antea
428 2193 544 2228 imperio
571 2194 747 2230 regebantur,
763 2196 790 2223 in
815 2197 886 2224 duos
902 2198 1020 2227 ducatus

235 2239 330 2266 divisae
342 2243 417 2266 sunt.
433 2239 502 2267 Cum
516 2240 590 2267 enim
605 2240 760 2268 Salomonis
776 2241 847 2269 [ilius
862 2243 1021 2272 Roboatnus

236 2291 344 2312 mortuo
354 2286 424 2319 patri
439 2287 466 2313 in
482 2287 628 2321 imperium
645 2288 822 2316 successisset
839 2289 963 2324 duraque
979 2298 1022 2318 sc—

220 2331 362 2359 'nioribus
376 2337 404 2359 ct
417 2340 525 2360 morosa
543 2341 674 2368 responsa
691 2333 781 2366 daret,
795 2334 842 2369 qui
861 2335 955 2370 populi
970 2344 1020 2364 no-

236 2378 310 2404 mine
325 2378 463 2412 supplices
487 2379 521 2405 ad
539 2379 615 2405 illum
634 2380 825 2414 confugerant,
841 2380 937 2408 divisae
956 2387 1021 2409 sunt

237 2423 335 2450 tribus.
347 2422 437 2457 Atque
451 2423 503 2450 sub
520 2425 586 2458 ejus,
597 2425 713 2458 itnperio
728 2426 826 2453 ultima
842 2427 955 2461 quidem
972 2419 1023 2454 tri-"

236 2470 288 2498 bus
304 2471 500 2505 perseveravit.
518 2471 650 2500 Undecim
665 2481 730 2500 vero
743 2474 856 2509 reliquae
870 2479 1021 2508 apostatam

234 2517 442 2548 Jcroboamum,
459 2516 505 2552 qui
525 2525 540 2544 e
556 2518 678 2545 Samaria
692 2519 719 2546 in
735 2519 856 2546 Judaeum
872 2521 1021 2553 invaserat,

236 2567 337 2590 secutae
355 2567 431 2591 sunt.
443 2562 533 2598 Atque
548 2563 586 2590 illi
602 2564 711 2598 quidem
735 2565 781 2599 qui
796 2565 951 2593 Salomonis
966 2566 1022 2593 lilio

237 2617 340 2637 morem
354 2617 449 2644 gerere
467 2602 661 2644 perrexerunt,
680 2610 777 2638 Iud-.12:
793 2611 840 2645 qui
856 2619 921 2638 vero
942 2612 1022 2639 Jero-

237 2655 365 2683 boamum
394 2655 489 2683 Nabati
521 2656 607 2683 tilium
639 2664 731 2692 regem
759 2657 812 2684 sibi
841 2663 1022 2690 creaverunt,

236 2699 346 2728 Israelis
365 2702 476 2729 nomine
499 2702 564 2729 dicti
597 2707 671 2730 sunt.
701 2703 838 2730 Caeterum
864 2704 1023 2731 Roboamus

238 2748 434 2782 septemdecim
450 2749 530 2776 annis
545 2748 638 2776 Israeli
655 2748 773 2783 praefuit.
787 2750 917 2776 nimirum
937 2758 1024 2785 usque

239 2793 271 2819 ad
287 2793 426 2820 Jecltonim
447 2798 579 2828 tempora,
601 2794 648 2829 qui
669 2801 697 2821 et
720 2794 847 2822 Sedecias
872 2795 1024 2830 appellatus

237 2843 290 2866 cst.
304 2839 489 2874 Temporibus
511 2845 602 2868 autem
618 2841 671 2868 illis
697 2841 742 2869 oui
767 2849 856 2873 legem
876 2845 1023 2870 utrumque

866 133 1016 164 NICETIE
1038 132 1241 164 CHONIATAE

1033 188 1056 216 A
1071 189 1292 221 interﬂuxcrunt.
1307 197 1322 216 ι
1337 198 1402 218 vero
1423 191 1470 218 Dei
1494 191 1570 218 cultu
1594 191 1758 220 aberrantes
1772 192 1870 221 Israe-

1790 133 1872 168 1120

1070 234 1126 261 lita.-
1142 234 1196 262 diis
1207 235 1312 263 'alienis
1327 243 1403 263 sacra
1419 237 1555 264 fecerunt.
1566 236 1634 265 Cum
1648 238 1771 272 primum
1785 240 1865 267 enim

1071 280 1224 308 conflatiles
1239 288 1309 308 auro
1329 289 1427 309 vaccas
1445 283 1550 317 ignavis
1571 287 1599 310 et
1621 282 1772 311 hebetibus
1792 284 1866 311 ado-

1070 324 1171 352 randas
1182 324 1365 353 .Ioroboamus
1383 328 1538 362 proposuit,
1561 335 1623 355 mox
1648 329 1733 356 etiam
1755 329 1786 357 in
1813 330 1867 358 ob-

1069 371 1160 398 scuris
1178 371 1245 398 locis
1268 376 1296 399 et
1321 372 1391 399 lucis
1409 373 1535 400 victimas
1556 374 1656 402 multas
1681 375 1866 409 obtulerunt,

1070 415 1234 451 Baalamquo
1253 421 1383 452 tanquam
1399 418 1486 445 Deum
1501 419 1593 447 colere
1609 427 1768 456 coeperunt.

1350 473 1427 502 CAP.
1450 474 1574 502 XXXIII.

1071 517 1227 553 Captivitat.
1241 518 1343 547 Esdru
1356 519 1489 553 Babylona
1503 521 1530 547 in
1538 520 1692 549 Samariam
1707 523 1867 551 idololatria

1294 555 1490 582 inhabitabilem
1509 557 1633 583 mittitur.

1109 607 1208 636 Verum
1222 609 1364 637 enimvero
1386 618 1448 637 cum
1464 611 1661 649 Hierosolymis
1682 618 1868 651 expugnatis,

1072 654 1229 689 temploque
1246 655 1360 683 incenso
1378 656 1632 686 Nabuchodonosor
1657 660 1747 688 vietor
1768 670 1868 698 popu-

1070 699 1138 731 lum,
1153 706 1285 735 regnante
1301 706 1366 729 tunc
1383 702 1525 738 .IechoniaI
1549 705 1686 739 captivum
1711 707 1764 734 sibi
1785 715 1867 736 man-

1071 745 1202 780 cipasset,
1216 746 1302 774 Judaei
1320 754 1370 781 per
1398 748 1501 784 legatos
1522 757 1536 776 a
1554 750 1769 786 Babyloniorum
1799 761 1867 789 rege

1071 796 1230 824 exorarunt,
1251 796 1281 819 ut
1298 800 1332 819 ex
1359 794 1417 820 suis
1439 794 1545 829 aliquot
1567 796 1595 823 in
1619 797 1803 826 Israeliticam
1821 807 1868 827 re-

1035 850 1058 878 Β
1073 838 1181 872 gionem
1203 838 1335 871 mitteret,
1352 847 1385 867 ne
1401 839 1472 868 forte
1497 841 1601 870 diutius
1630 843 1739 872 deserta
1762 849 1793 872 et
1815 852 1868 873 ne-

1072 884 1158 919 glecta
1172 884 1343 918 silvesceret,
1357 891 1439 921 atque
1455 886 1521 915 feris
1539 893 1643 916 tantum
1659 890 1775 918 latibula
1793 899 1868 927 prae-

1072 930 1160 957 beret.
1175 930 1222 958 Ille
1239 931 1331 966 itaque
1344 932 1467 966 gentium
1476 933 1529 960 sibi
1542 934 1715 963 subdilarum
1728 942 1865 971 quatuor.

1071 975 1202 1002 nimirum
1233 975 1377 1010 Cutltaaos,
1405 977 1550 1010 Cuddaeos,
1579 978 1806 1014 Sepharveraaos,
1835 987 1866 1010 et

1070 1019 1274 1055 Anegoganaeos
1287 1029 1320 1049 eo
1330 1022 1441 1049 colonos
1452 1022 1537 1051 misit.
1549 1023 1600 1057 Qui
1614 1024 1786 1061 simulatque
1799 1035 1867 1054 cunt

1072 1066 1235 1094 tutelaribus
1257 1066 1338 1094 idolis
1360 1067 1386 1094 in
1413 1067 1565 1096 Samariam
1589 1077 1791 1105 pervenerunt,
1810 1073 1865 1100 ibi-

1071 1111 1189 1145 demque
1210 1111 1260 1137 sibi
1275 1111 1371 1139 domos
1382 1118 1588 1148 exstruxerunt,
1607 1123 1621 1143 a
1638 1116 1705 1144 feris
1719 1117 1862 1153 absumpti

1070 1164 1143 1184 sunt.
1162 1158 1293 1190 Quocirca
1310 1166 1358 1193 per
1371 1159 1477 1194 legatos
1491 1160 1526 1187 ab
1541 1163 1715 1197 Assyriorum
1731 1172 1797 1199 rege
1813 1173 1862 1199 pe-

1071 1202 1184 1233 tierunt.
1203 1209 1251 1230 aut
1273 1203 1306 1230 ad
1334 1203 1453 1231 ferarum
1481 1205 1700 1235 internecionem
1723 1209 1860 1237 auxilium

1072 1249 1205 1280 mitteret,
1217 1254 1264 1277 aut
1279 1251 1385 1277 colonia
1402 1252 1537 1279 excedere
1554 1253 1609 1280 sibi
1623 1261 1686 1280 cum
1708 1254 1782 1282 bona
1802 1256 1863 1290 ejus

1070 1293 1151 1320 venia
1169 1295 1394 1328 permitteretur;
1411 1296 1595 1324 admiratione
1622 1298 1732 1326 interim
1752 1307 1863 1328 summa

1070 1340 1157 1373 ducti,
1179 1341 1226 1376 qui
1253 1341 1311 1368 fieri
1338 1343 1461 1376 potuerit
1484 1348 1515 1370 ut
1541 1344 1687 1379 quisquam
1715 1347 1862 1375 retroactis

1071 1386 1243 1422 temporibus
1258 1387 1407 1415 Samariam
1420 1389 1562 1417 incoleret.
1582 1390 1639 1418 Rex
1650 1399 1716 1427 ergo
1733 1392 1767 1419 iis
1784 1393 1820 1420 ad
1833 1401 1862 1421 se

1070 1427 1223 1467 accersitis,
1244 1435 1292 1469 qui
1317 1435 1389 1462 inter
1414 1434 1544 1463 Hebrtcos
1566 1436 1702 1464 excellere
1725 1438 1862 1465 videban-

1072 1484 1128 1510 tur,
1148 1479 1329 1515 interrogavit
1348 1481 1415 1515 quid
1441 1489 1532 1509 causa:
1553 1487 1638 1514 esset,
1661 1483 1734 1517 quod
1764 1483 1862 1511 Sama-

1072 1525 1112 1552 ria
1128 1530 1167 1553 tot
1181 1533 1195 1552 a
1210 1525 1278 1553 feris
1291 1525 1481 1558 iul‘estarctur,
1493 1531 1576 1562 atque
1590 1528 1661 1555 adeo
1675 1529 1862 1564 coloni.‘quos

1071 1571 1118 1598 illo
1136 1572 1260 1606 miserat,
1278 1578 1331 1599 tam
1357 1573 1457 1600 misere
1484 1574 1618 1607 perirent.
1643 1575 1861 1610 Responderunt

1070 1616 1177 1645 Hebraei
1189 1618 1228 1645 fas
1241 1626 1296 1645 non
1309 1626 1386 1650 esse.
1397 1624 1426 1645 ut
1442 1619 1518 1654 regio
1536 1620 1581 1646 illa
1596 1620 1754 1648 idololatris
1777 1617 1861 1650 cede.

1070 1668 1122 1696 ret,
1136 1664 1216 1698 cujus
1231 1664 1327 1691 incolae
1343 1665 1452 1699 pristini
1477 1666 1622 1694 Mosaicam
1648 1668 1737 1703 legem
1762 1669 1856 1696 obser—

1076 1709 1210 1736 vaverint.
1236 1709 1291 1737 Illis
1320 1709 1413 1744 itaque
1435 1719 1483 1738 rex
1505 1711 1642 1746 integrum
1669 1713 1745 1744 fecit.
1761 1719 1792 1740 ut
1808 1715 1857 1742 ali«

1071 1762 1152 1789 quem
1167 1754 1194 1781 in
1211 1754 1361 1782 Samariam
1376 1757 1517 1783 mitterent
1527 1777 1534 1787 .
1549 1758 1594 1792 qui
1607 1757 1689 1785 illusis
1707 1758 1744 1785 ibi
1769 1759 1856 1794 legem

1071 1803 1258 1837 proﬁteretur.
1280 1803 1348 1830 Illuc
1366 1811 1431 1839 ergo
1457 1805 1569 1839 quidatn
1588 1806 1729 1838 sacerdos,
1754 1807 1857 1835 Esdras

1071 1847 1194 1880 nomine,
1211 1856 1305 1875 secum
1327 1848 1395 1883 legis
1419 1850 1559 1884 exemplar
1585 1851 1755 1885 exscriptutn
1780 1851 1858 1879 dele-

1072 1901 1146 1926 rcns,
1161 1893 1272 1921 circiter
1287 1901 1392 1922 annum
1409 1902 1424 1922 a
1441 1895 1601 1930 captivitate
1624 1896 1812 1931 tricesimum,
1829 1896 1858 1926 se

1071 1940 1198 1967 contulit.

1353 1998 1428 2026 CAP.
1454 1999 1574 2027 XXXIV.

1287 2044 1520 2072 Samaritanorum
1536 2046 1650 2073 Ita'resis.

1107 2101 1194 2129 Porro
1210 2101 1385 2133 Samaritani,
1414 2102 1436 2129 si
1461 2103 1524 2137 quis
1549 2104 1759 2137 interpretetur,
1786 2105 1857 2133 idem

1073 2147 1147 2182 quod
1165 2147 1292 2174 custodes
1309 2147 1473 2181 signiﬁcant.
1485 2148 1573 2182 lquue
1589 2149 1658 2176 adeo
1673 2149 1754 2183 primi
1771 2152 1859 2178 exorti

1075 2197 1149 2224 sunt,
1162 2193 1209 2227 qui
1222 2192 1324 2220 Iudaeis
1342 2195 1519 2221 consentanei
1535 2199 1627 2221 essent
1639 2194 1666 2221 in
1684 2194 1728 2225 iis,
1742 2203 1803 2230 qua:
1827 2197 1860 2222 de

1073 2237 1128 2265 Deo
1143 2237 1215 2272 apud
1231 2237 1292 2265 illos
1306 2238 1549 2266 circumferuntur.
1572 2239 1666 2266 Solum
1682 2244 1774 2267 autem
1791 2241 1858 2268 Pen-

1074 2284 1232 2311 tatcucltum
1250 2284 1411 2312 admittunt.
1435 2285 1605 2312 Mortuorum
1627 2286 1856 2314 resurrectionem

1072 2330 1240 2365 improbant.
1256 2330 1389 2365 Spiritum
1415 2336 1539 2358 sanctum
1564 2331 1670 2358 nullum
1696 2332 1857 2360 admittunt.

1072 2376 1106 2403 Et
1120 2376 1244 2411 quamvis
1261 2375 1411 2404 idololatria:
1434 2384 1462 2404 re
1477 2384 1540 2403 vera
1552 2377 1616 2407 sint,
1640 2384 1746 2404 summa
1770 2382 1857 2405 tamen

1072 2417 1138 2455 illis,
1161 2430 1196 2449 ne
1218 2423 1285 2450 tales
1299 2423 1455 2453 videantur,
1478 2423 1569 2449 cautio
1593 2427 1647 2449 est.
1665 2423 1858 2458 Hierosolymis

1072 2469 1146 2496 enitn
1163 2477 1215 2495 una
1232 2476 1293 2496 cum
1308 2469 1414 2495 caeteris
1436 2468 1556 2495 Hebraeis
1571 2469 1684 2495 adorare
1707 2468 1855 2503 dedignati,

1073 2514 1100 2541 in
1117 2518 1209 2541 monte
1224 2513 1333 2540 Garizin
1352 2518 1379 2540 et
1395 2521 1473 2541 sacra
1491 2513 1605 2543 faciunt.
1622 2518 1650 2539 et
1666 2517 1756 2540 orant.
1776 2514 1815 2541 Eo
1831 2515 1855 2541 in

1072 2559 1133 2587 loco
1150 2564 1270 2594 quatuor
1285 2559 1439 2590 nationum,
1463 2566 1524 2593 quae
1549 2559 1590 2594 (ut
1610 2559 1665 2593 jam
1691 2559 1854 2593 monuimus)

1073 2606 1120 2633 illo
1140 2607 1275 2634 coloniam
1296 2608 1332 2633 ex‘
1351 2606 1462 2641 Assyria
1487 2605 1670 2635 deduxerant,
1695 2604 1767 2631 idola
1792 2605 1856 2633 dcli-

1075 2658 1180 2680 tescere
1199 2653 1276 2679 forun
1283 2657 1302 2680 ι.

1373 2699 1449 2726 CAP.
1464 2698 1571 2725 XXXV.

1075 2745 1105 2773 In
1118 2746 1210 2781 quibus
1223 2750 1339 2780 quatuor
1354 2745 1588 2781 Samaritanorum
1597 2747 1674 2769 secta
1688 2745 1851 2775 conveniunt,

1363 2781 1390 2807 in
1405 2780 1497 2814 quibus
1513 2787 1575 2806 non.

1111 2839 1150 2866 Ex
1167 2839 1209 2866 his
1226 2843 1316 2866 autem
1332 2837 1438 2871 Esseni,
1455 2836 1574 2870 Sebuxi,
1587 2835 1746 2868 Sorotltcni,
1763 2839 1790 2863 ct
1806 2834 1856 2862 Do-
