1949 3073
102 147 171 185 1121

736 147 934 178 TRESAURI
954 147 1031 179 LIB.
1051 147 1076 179 ῐ.

1655 149 1725 181 1122

98 207 187 236 slthei
211 207 239 234 in
258 205 420 242 quibusdam
435 205 571 242 dogmatis
584 206 774 237 consentanei,
789 206 815 232 in
827 213 889 240 qui.
906 211 927 236 Α
943 208 1065 231 mentum
1089 204 1147 238 ipso
1159 204 1281 239 pct'jurio
1296 204 1418 232 deterius
1440 205 1641 233 existimabant.
1659 206 1725 233 Om-

99 253 219 280 busdam
251 256 345 279 contra
373 252 540 279 dissentanei
568 255 764 288 provenerunt.
792 250 889 278 Esseni

99 298 178 325 enim
194 293 316 333 Augusto
334 305 428 325 mense
445 298 545 332 Azyma
560 297 598 332 (in
614 304 669 332 quo
685 304 748 324 cum
766 297 889 324 Sabumis

99 343 293 378 conveniunt),
309 343 496 378 Scenopcgian
509 350 586 375 vero,
597 350 660 370 cum
682 342 781 378 Azyma
791 341 889 373 Judaei,

99 389 286 416 Pentecosten
301 389 422 423 denique
436 388 464 415 in
479 392 613 415 autumno
627 388 776 415 celebrant.
791 389 826 415 At
839 388 889 415 Se-

101 434 175 461 buzei
187 437 283 462 eodem
296 435 349 462 ritu
370 442 425 469 quo
439 434 535 462 Esseni
552 438 580 462 et
595 434 742 461 Sorotheni
765 434 825 461 dies
847 434 889 461 fe-

100 486 163 508 stos
178 481 282 514 colunt,
300 488 315 507 a
340 480 478 508 Dosithcis
503 484 595 507 autem
612 481 789 508 dissentiunt.
805 481 891 508 Soro-

101 527 182 554 theni
199 531 228 554 ut
246 527 274 555 in
287 527 393 555 caeteris
412 535 474 554 cum
489 527 601 554 Essenis
613 532 640 554 et
652 527 775 554 Sebuaeis
789 535 891 554 conve-

101 574 191 605 niant,
208 573 335 601 eumdem
364 577 439 600 certe
461 573 544 599 ritum
567 573 594 600 in
614 573 691 600 festis
718 566 891 600 celebrandis

101 626 187 653 quem
212 618 337 645 Dosithei
363 618 520 645 observant.
553 618 696 646 Festorum
722 618 796 645 enim
820 619 891 645 cclc-

103 664 274 692 brandorum
291 664 344 691 illis
360 663 576 698 Sorothenisquc
592 668 620 690 et
636 664 774 692 Dositheis
792 664 890 692 eadem

104 718 167 745 qua:
180 710 286 737 caeteris
302 709 404 737 Iudaeis
427 710 497 736 ratio
525 714 578 737 est.
600 709 723 736 Dosithei
749 715 835 742 certe,
862 715 892 737 ut

105 755 339 782 resurrectionem
348 754 495 786 fateantur,
505 759 533 780 et
546 754 572 780 in
581 754 717 781 fcstorum
730 754 891 782 celebritate

103 801 270 829 Sorotbenis
285 800 464 828 consentanei
479 801 543 831 sint,
562 800 692 834 privatim
716 805 793 827 certe
819 801 892 835 apud

106 846 168 873 illos
182 846 305 880 plerique
320 845 354 872 ab
369 845 551 872 animatorum
570 853 629 876 esu,
646 853 696 872 nec
719 845 861 879 pauciores
876 853 890 872 a

107 892 212 927 nuptiis
226 896 289 926 post
304 891 406 918 liberos
419 891 503 930 semel
521 896 664 926 susceptos
676 892 826 922 abstinent.
840 900 891 919 nec

107 936 205 965 desunt
220 938 471 974 qui‘virginitatem
490 937 679 972 proﬁteantur.
703 938 787 973 Hujus
810 943 891 966 sectae

107 983 253 1010 Dositheus
262 987 356 1010 auctor
368 983 452 1009 fuisse
460 982 630 1016 perhibetur,
643 983 689 1017 qui
702 983 832 1010 llebrarus
843 991 890 1017 ge-

107 1035 186 1060 nere,
202 1027 390 1063 singularique
403 1028 532 1062 praeditus
543 1027 698 1054 eruditione
709 1034 772 1054 cum
789 1028 890 1054 frustra

107 1073 304 1106 contendisset,
329 1077 358 1100 ut
384 1073 412 1099 in
439 1073 472 1099 iis
492 1080 560 1107 quas
580 1072 759 1107 δευτερώσεις
785 1073 823 1099 illi
841 1080 891 1099 vo-

107 1124 180 1151 cant,
196 1119 299 1154 primas
322 1123 550 1153 consequeretur,
572 1118 607 1145 ad
635 1118 821 1145 Samaritanos
845 1119 892 1146 de-

106 1165 198 1198 scivit,
214 1170 297 1200 atque
313 1165 394 1200 hujus
410 1165 546 1192 haereseos
565 1170 662 1191 auctor
684 1165 744 1192 fuit.
761 1165 891 1192 Vcrumc-

101 1213 232 1239 'nimvero
247 1219 308 1239 cum
325 1211 411 1238 nimio
424 1211 608 1246 philosophiae
624 1218 718 1237 amore
735 1214 890 1242 teneretur,

107 1259 136 1286 in
155 1264 264 1286 antrum
279 1258 417 1293 quoddam
431 1257 558 1289 secessit,
578 1256 625 1284 ubi
639 1257 705 1283 dum
717 1256 830 1291 jejuniis
853 1261 892 1284 te-

101 1312 184 1332 mere
198 1305 270 1332 vires
286 1308 409 1332 attenuat
431 1308 460 1331 et
485 1303 615 1335 inllrmat,
635 1302 744 1330 tandem
771 1302 850 1337 panis
864 1306 892 1329 et

107 1359 186 1387 aquae
200 1351 316 1386 penuria
333 1351 459 1377 moritur.
477 1349 578 1376 Omnes
591 1349 683 1383 itaque
699 1348 890 1382 hujuscemodi

100 1399 193 1427 Vitam
207 1406 284 1426 suam
301 1398 337 1424 ita
354 1397 544 1430 instituerunt,
555 1400 588 1423 ut
609 1396 684 1423 circa
707 1403 752 1423 res
773 1395 892 1430 agendas

100 1444 190 1480 paulo
208 1443 368 1472 solertiores
382 1446 486 1470 essent.

392 1509 469 1536 CAP.
491 1508 611 1536 XXXVI.

337 1564 376 1592 De
395 1565 501 1593 Eueni;
520 1566 547 1593 in
568 1566 662 1601 specie.

141 1621 240 1649 Esseni
265 1621 379 1656 insuper
398 1629 492 1649 amore
508 1622 619 1650 virtutis
636 1629 652 1649 a
665 1621 780 1657 nuptiis,
802 1621 839 1649 ita
863 1626 894 1649 ut.

106 1669 156 1704 qui
173 1668 305 1700 maxime,
321 1667 510 1700 abstinebant,
526 1668 636 1696 divitias
655 1676 705 1703 pro
726 1669 813 1695 nihilo
839 1669 891 1696 du-

103 1715 218 1748 vcebant,
244 1722 298 1742 una
326 1714 445 1749 denique
468 1715 659 1742 vescebantur.
686 1714 795 1742 Privata
820 1715 893 1742 enim

109 1761 234 1795 publicos
247 1760 274 1787 in
290 1767 356 1787 usus
375 1760 594 1794 comportabant,
613 1764 692 1794 turpe
715 1760 766 1787 rati
784 1759 807 1787 si
832 1760 893 1794 quis

110 1806 234 1842 privatim
258 1805 323 1840 quid
351 1805 507 1836 divitiarum
534 1805 705 1840 possideret,
728 1805 800 1840 apud
824 1813 894 1840 quos

109 1852 214 1880 scilicet
229 1851 406 1878 fraternitatis
419 1850 530 1878 nomine
545 1851 615 1878 bona
632 1851 892 1885 commiscebantur,

109 1903 137 1926 et
162 1905 322 1925 communes
336 1898 370 1924 'in
388 1905 453 1924 usus
471 1897 714 1931 depromebantur.
733 1896 813 1931 Apud
830 1905 893 1924 eos-

105 1944 171 1971 dem
192 1943 326 1978 squaloris
350 1944 442 1970 studio
459 1949 524 1970 usus
545 1942 597 1970 olei
621 1942 713 1969 nullus
728 1946 788 1969 erat
803 1950 810 1969 :
825 1950 894 1970 can-

106 1990 191 2017 ‘didus
217 1990 271 2017 illis
294 1989 370 2016 color
394 1989 533 2016 arridebat
559 1997 567 2017 :
594 1993 696 2016 vestem
714 1992 766 2016 aut
788 1988 895 2016 calceos

112 2040 235 2063 recentes
268 2043 323 2062 non
357 2035 411 2063 nisi
435 2035 574 2070 prioribus
599 2034 706 2062 detritis
732 2034 893 2062 induebant.

109 2084 198 2112 Unum
223 2088 270 2111 aut
288 2083 371 2111 etiam
393 2083 507 2110 alterum
526 2083 553 2110 in
571 2090 716 2111 commune
734 2086 895 2118 procurato-

110 2136 166 2156 rem
189 2129 335 2155 babebant.
357 2128 454 2156 Nullus
468 2128 540 2155 inter
555 2127 617 2155 illos
639 2127 783 2162 emptioni,
803 2126 895 2154 nullus

110 2174 260 2202 venditioni
277 2175 364 2207 locus,
380 2175 428 2201 sed
442 2173 573 2209 expositis
591 2174 680 2208 egenti
694 2173 751 2201 suis
766 2172 894 2200 omnibus

907 877 1063 914 Btortores
1099 887 1173 922 ipsos
1207 887 1358 915 irridebant

941 258 989 277 nes
1008 250 1165 285 Scripturas
1180 251 1362 281 cvolvebant.
1390 259 1437 278 eas
1464 259 1529 278 vero
1554 253 1670 280 maxime
1691 261 1724 280 ex

939 296 1039 331 quibus
1058 300 1190 330 priet-cpta
1216 296 1249 323 ad
1266 297 1372 323 animos
1389 297 1468 324 bonis
1493 297 1615 325 moribus
1640 299 1724 325 infor—

940 341 1055 368 mandos
1076 341 1152 367 utilia
1170 341 1347 368 eiiccrcntur.
1368 342 1407 369 Ad
1422 350 1451 369 se
1474 343 1606 370 adeuntes
1625 345 1726 378 proba-

939 387 1026 419 bant,
1054 393 1156 421 eosque
1181 387 1289 414 tandem
1318 387 1489 415 fortitudinis
1515 393 1542 416 ct
1568 391 1727 416 constantia:

939 431 1091 466 specimine
1122 431 1244 459 celebres
1282 432 1308 459 in
1343 434 1510 461 Consortium
1539 434 1611 461 ultro
1644 443 1724 461 suum

941 477 1122 504 aseiscebanl.
1139 477 1168 504 ln
1182 478 1294 512 judiciis
1307 479 1471 506 exactissimi
1487 480 1563 514 juxta
1584 484 1612 507 ct
1631 480 1727 514 justis-

941 523 1012 550 simi.
1029 523 1057 549 ln
1073 524 1264 557 congressibus
1275 528 1302 550 et
1319 525 1462 559 colloquiis
1477 526 1578 552 mutuis
1593 533 1726 561 exspuere

942 569 996 595 illis
1014 569 1107 604 religio
1125 574 1195 596 erat.
1219 570 1248 596 In
1265 570 1359 604 primis
1375 576 1464 598 autem
1491 572 1562 598 mala
1582 572 1726 599 obfirmato

942 614 1033 640 animo
1047 613 1126 640 nihili
1143 613 1299 646 faciebant,
1322 619 1404 649 atque
1419 615 1530 642 dolores
1543 616 1652 650 quidem
1668 625 1726 643 me-

942 659 1123 686 ditationibus
1136 659 1314 694 superabant.
1335 660 1409 688 Mors
1427 661 1480 687 illis
1494 669 1554 695 qua:
1567 669 1629 688 cum
1646 663 1726 689 laude

941 709 969 732 et
986 705 1072 740 gloria
1086 706 1223 738 obiretur,
1249 706 1454 735 immortalitate
1476 708 1533 742 ipsa
1549 708 1641 742 potior
1656 714 1726 735 erat.

943 752 1033 782 Quare
1052 750 1130 777 multi
1155 751 1177 777 si
1195 751 1306 786 quando
1330 758 1441 787 propter
1458 753 1544 788 legem
1568 754 1659 789 ﬂagris
1674 763 1728 782 caa-

943 795 1073 822 derentur
1095 804 1101 822 :
1121 804 1208 831 neque
1226 797 1333 823 lorariis
1355 797 1603 825 adblandiebanlur
1615 818 1622 830 ,
1639 807 1728 834 neque

943 841 1186 877 lacrymabantur:
1208 842 1263 868 into
1282 850 1346 869 vero
1368 848 1395 870 et
1412 844 1526 871 verbera
1543 844 1681 877 ridebant,
1701 852 1729 872 et

1386 898 1392 916 :
1418 890 1524 916 animas
1565 890 1728 924 profundere

942 934 1040 968 parati,
1056 941 1088 961 ac
1105 933 1128 960 si
1145 934 1235 960 denuo
1249 934 1358 961 easdem
1381 935 1518 969 recepturi
1534 939 1634 962 essent.
1650 935 1727 970 Apud

943 979 1017 1014 ipsos
1036 980 1109 1006 enim
1129 979 1273 1007 obfirmata
1290 981 1347 1007 haec
1367 981 1460 1015 opinio
1478 981 1647 1013 invaluerat,
1669 989 1729 1008 cor-

942 1032 1008 1059 pora
1025 1025 1135 1059 quidem
1150 1026 1320 1061 corruptioni
1338 1026 1455 1053 obnoxia
1469 1034 1545 1059 esse,
1563 1027 1729 1061 perituram-

942 1079 996 1106 que
1021 1072 1163 1098 materiam
1188 1080 1241 1107 qua
1266 1077 1392 1099 constant
1414 1080 1422 1099 :
1447 1073 1553 1100 animas
1577 1078 1668 1100 autem
1700 1074 1727 1100 in

942 1125 1029 1144 a‘vum
1046 1119 1244 1153 sempiternum
1269 1127 1429 1153 permanere
1442 1140 1450 1152 ,
1465 1128 1525 1154 qua:
1544 1125 1618 1147 certe
1635 1121 1728 1147 nescio

943 1171 997 1198 quo
1030 1168 1134 1191 natura
1162 1165 1318 1197 lenocinio,
1351 1165 1487 1199 quibusve
1520 1166 1656 1193 illecebris
1693 1166 1728 1193 ab

941 1209 1044 1236 aethere
1067 1209 1213 1244 purissimo
1233 1210 1356 1244 divulsus,
1381 1215 1464 1246 atque
1486 1211 1513 1239 in
1538 1219 1652 1246 corpora
1679 1213 1729 1239 de-

943 1255 1050 1288 missae,
1076 1256 1130 1283 illis
1164 1261 1291 1291 tanquam
1327 1259 1485 1285 carceribus
1513 1262 1727 1289 coercerentur,

943 1301 1053 1328 tandem
1075 1310 1141 1329 vero
1159 1303 1266 1329 carneis
1294 1303 1368 1330 hisce
1392 1304 1509 1331 vinculis
1527 1304 1676 1336 exsoluta,
1701 1308 1730 1331 et

942 1347 1021 1382 quasi
1048 1347 1179 1375 diuturna
1212 1348 1344 1376 Servitute
1368 1349 1511 1381 liberata),
1544 1355 1608 1377 tunc
1634 1351 1729 1385 utique

943 1393 1104 1427 gauderent,
1121 1394 1188 1421 etin
1202 1394 1318 1421 sublime
1334 1395 1483 1422 ferrentur.
1496 1396 1585 1430 Atque
1599 1400 1628 1422 ut
1642 1395 1729 1422 bono-

943 1446 1004 1466 rum
1029 1438 1139 1473 quidem
1154 1439 1251 1467 animae
1267 1441 1331 1475 (qua
1345 1440 1371 1467 in
1387 1449 1415 1468 re
1430 1441 1530 1469 Graecis
1542 1441 1728 1475 consentiunt)

943 1491 1050 1511 amoena
1067 1484 1190 1518 quaedam
1214 1485 1274 1512 loca
1299 1493 1380 1520 supra
1403 1486 1541 1514 Oceanum
1567 1487 1729 1519 incolerent,

946 1537 1005 1564 quae
1022 1537 1109 1564 neque
1125 1530 1268 1563 imbribus,
1284 1539 1373 1566 neque
1387 1532 1508 1564 nivibus,
1522 1540 1611 1567 neque
1630 1533 1730 1559 calori-

945 1575 997 1602 bus
1022 1575 1229 1608 infestarentur,
1255 1577 1301 1604 sed
1330 1578 1429 1611 quibus
1464 1578 1498 1605 ab
1522 1578 1630 1606 Oceano
1661 1578 1730 1606 levis

943 1628 1008 1648 aura
1024 1621 1133 1657 zephyri
1148 1622 1282 1657 aspir-aret
1302 1631 1309 1650 :
1323 1623 1458 1650 malorum
1474 1631 1539 1651 vero
1562 1624 1597 1651 ad
1613 1625 1731 1651 tenebri-

943 1675 1006 1695 cosa
1021 1672 1050 1695 et
1061 1668 1185 1702 hyberno
1203 1669 1306 1704 frigore
1329 1670 1445 1704 rigentia
1458 1689 1467 1702 ,
1485 1670 1607 1704 denique
1629 1671 1730 1705 suppli-

943 1714 994 1741 ciis
1013 1721 1094 1741 omne
1107 1722 1194 1749 genus
1205 1723 1345 1750 nunquam
1368 1715 1499 1743 desituris
1514 1717 1647 1743 scatentia
1670 1716 1729 1743 loca

941 1760 1184 1794 protruderentur.
1216 1760 1250 1787 Et
1275 1761 1342 1787 mihi
1370 1762 1481 1795 quidem
1516 1760 1602 1789 Gracci
1631 1762 1727 1789 eodem

944 1806 1059 1833 consilio
1082 1807 1201 1833 fcrtibus
1232 1807 1298 1833 viris
1316 1808 1410 1841 (quos
1432 1808 1530 1835 heroas
1550 1812 1577 1835 et
1594 1808 1730 1836 semideos

943 1849 983 1877 illi
1013 1855 1130 1887 vocant)
1157 1851 1505 1882 Fortunatorum'insulas
1542 1859 1728 1888 consecrasse,

944 1895 1091 1930 impiorum
1114 1902 1210 1937 contra
1229 1899 1334 1926 animas
1348 1899 1419 1927 Orco
1436 1900 1517 1935 (quas
1532 1901 1728 1928 sceleratorum

944 1941 1024 1969 sedes
1036 1942 1097 1978 est)
1112 1943 1249 1972 addixisse
1262 1945 1401 1978 videntur,
1418 1946 1463 1972 ubi
1483 1946 1566 1973 etiam
1584 1947 1726 1982 Sisyphos,

945 1986 1083 2020 Tantalos,
1099 1988 1217 2021 lxionas,
1231 1994 1260 2017 et
1277 1989 1371 2025 Tityos
1388 1990 1519 2025 quosdam
1535 1993 1641 2019 meritis
1659 1993 1728 2020 allici

943 2033 1034 2068 poenis
1053 2034 1081 2060 in
1093 2033 1192 2062 fabulis
1205 2040 1257 2063 est.
1272 2036 1394 2064 Primum
1407 2037 1500 2072 itaque
1519 2045 1655 2072 perennes
1669 2039 1730 2066 ani-

945 2086 1003 2106 mas
1016 2086 1076 2107 esse
1087 2086 1260 2115 supponunt,
1277 2082 1377 2110 deinde
1395 2084 1430 2111 ad
1451 2085 1583 2112 virtutum
1598 2093 1728 2119 persecu-

946 2124 1048 2151 tionem
1073 2125 1257 2161 vitiorumque
1281 2127 1370 2163 fugam
1396 2128 1556 2157 hominibus
1584 2137 1730 2158 concessas

945 2169 1096 2203 afﬁrmant,
1117 2177 1260 2206 propterea
1287 2173 1360 2208 quod
1376 2173 1428 2201 viri
1454 2174 1530 2208 boni,
1552 2176 1674 2209 quandiu
1690 2176 1730 2202 vi-

111 2221 226 2256 qumbe;
244 2219 271 2247 id
296 2220 331 2247 ab
350 2220 396 2247 ίιιο
415 2219 536 2247 vicissim
560 2219 728 2254 recipiet)“,
744 2218 816 2254 quod
839 2218 893 2245 sibi
907 2228 933 2258 ι)
946 2219 1012 2241 vunt
1025 2234 1032 2247 ,
1048 2215 1175 2243 meliores
1191 2217 1312 2244 evadunt
1324 2237 1331 2250 ,
1346 2223 1421 2245 certa
1444 2225 1492 2254 spe
1509 2219 1620 2246 adducti
1634 2238 1642 2251 ,
1666 2219 1727 2246 fore

110 2267 221 2299 deerat,
239 2267 295 2293 imo
311 2273 377 2293 vero
390 2266 486 2294 alienis
501 2265 539 2292 uti
557 2265 660 2299 absque
680 2269 774 2292 mutua
791 2264 895 2300 gratiﬁ-

111 2314 217 2340 catiOne
242 2315 379 2347 poterant.
406 2311 477 2339 Ante
501 2311 567 2338 solis
591 2315 683 2338 ortum
710 2318 817 2338 summa
840 2310 895 2338 illis

111 2359 201 2386 cautio
215 2363 285 2390 erat,
307 2365 343 2384 ne
358 2357 466 2392 profani
481 2357 548 2391 quid
566 2356 717 2383 cll‘utircnt.
736 2356 777 2383 Ad
798 2356 894 2383 horam

112 2413 195 2440 usque
220 2405 343 2440 quintam
383 2404 578 2439 operabantur.
607 2403 711 2430 Deinde
746 2404 775 2430 in
808 2410 894 2430 unum

111 2453 319 2484 conveniebant,
346 2451 463 2486 Iotisque
489 2451 585 2486 frigida
609 2450 737 2477 manibus
760 2449 788 2477 in
804 2457 896 2476 coena-

111 2499 171 2527 culo
184 2497 410 2526 convivabantur.
431 2497 545 2523 Promus
557 2503 652 2532 panes,
666 2503 771 2531 coquus
789 2502 822 2522 ex
839 2502 894 2522 uno

111 2549 138 2573 et
153 2545 249 2573 eodem
270 2543 363 2571 edulio
377 2543 523 2575 ferculum,
546 2549 686 2578 praeunle
707 2541 838 2578 precibus
852 2549 895 2568 sa-

112 2590 221 2619 cerdote
231 2609 238 2622 ,
254 2589 374 2625 Isingulis
386 2589 388 2592 ’
398 2588 564 2624 apponebat.
580 2587 640 2615 Non
665 2588 786 2615 clamore
801 2586 873 2613 ades
884 2606 892 2619 ,

112 2645 165 2665 non
192 2637 310 2664 tumultu
340 2635 590 2663 confundebantur.
615 2635 734 2662 Alternis
767 2634 839 2661 inter
864 2641 894 2660 se

113 2690 214 2719 perque
228 2683 303 2710 vices
316 2682 555 2717 colloquebantur.
570 2681 625 2709 Sua
638 2689 703 2709 vero
715 2681 818 2728 absque
830 2688 894 2715 pro—

111 2734 266 2758 curatorum
283 2736 395 2756 assensu
410 2733 439 2756 et
452 2728 596 2763 praesentia
611 2728 715 2755 nemini
730 2727 893 2763 erogabant.

111 2775 157 2802 Ira:
173 2779 202 2801 ut
217 2774 316 2809 promi,
332 2773 370 2801 ita
384 2774 621 2801 excandescentia:
634 2773 715 2800 condi
731 2772 892 2807 aequissimi.

112 2819 185 2847 Fidei
197 2820 332 2847 doctores.
356 2819 435 2846 Pacis
455 2819 584 2845 ministri.
607 2817 745 2853 Quidquid
768 2818 893 2845 dixerant

112 2865 221 2902 majoris
243 2872 324 2901 quam
350 2864 542 2901 jusjurandum
564 2865 693 2899 ponderis
721 2869 788 2893 crat.
814 2864 894 2892 Jura-

946 2264 976 2287 ut
991 2265 1052 2295 post
1066 2261 1170 2289 obitum
1186 2263 1214 2289 in
1229 2263 1332 2291 honore
1348 2264 1520 2299 habeantur,
1531 2266 1729 2294 sceleratorum

944 2312 1041 2334 contra
1054 2307 1170 2337 allectus
1185 2309 1222 2336 ita
1238 2314 1314 2337 metu
1328 2311 1532 2346 praepediantur
1542 2331 1550 2344 ,
1562 2317 1592 2339 ut
1620 2312 1728 2340 etiamsi

945 2351 972 2379 in
989 2352 1044 2380 vita
1065 2353 1184 2387 lateant,
1208 2360 1271 2389 post
1286 2360 1403 2384 mortem
1427 2360 1519 2385 tamen
1547 2362 1653 2386 certum
1675 2358 1729 2386 sibi

944 2399 1057 2427 exitium
1070 2407 1238 2436 exspectent.

1221 2492 1298 2521 CAP.
1318 2493 1450 2522 XXXVII.

1076 2561 1228 2589 Judworum
1242 2562 1270 2589 in
1288 2567 1387 2597 septem
1399 2566 1482 2589 sectas
1495 2562 1596 2589 divisio.

978 2629 1018 2656 Ex
1041 2628 1197 2664 huiusmodi
1219 2628 1385 2656 Essenorum
1400 2627 1507 2656 vivendi
1533 2633 1604 2660 ritu,
1624 2627 1652 2654 ni
1668 2634 1728 2654 mea

944 2683 987 2702 me
1000 2675 1070 2702 fallit
1090 2674 1204 2709 opinio,
1221 2678 1358 2701 nostrates
1381 2673 1502 2700 Nazaraei
1526 2674 1655 2708 pleraque
1680 2680 1729 2700 sua

945 2722 1071 2749 instituta
1089 2722 1335 2756 deprompserunt,
1354 2721 1478 2755 quamvis
1494 2724 1522 2746 et
1540 2720 1584 2747 illa
1606 2724 1729 2754 tempore

944 2768 1145 2795 interciderint.
1163 2768 1298 2795 Caeterum
1323 2766 1432 2794 tandem
1449 2765 1608 2793 Judaismus
1630 2765 1657 2792 in
1680 2764 1729 2791 Sa-

944 2816 1062 2849 ducmos,
1089 2815 1216 2847 Scribas,
1259 2814 1429 2846 Pbariswos,
1461 2811 1730 2847 Hemcrobaptistas,

943 2862 1099 2896 Nazarams,
1113 2861 1227 2895 Essaeos,
1243 2865 1270 2889 et
1286 2860 1456 2889 Herodianos
1472 2859 1576 2889 divisus
1590 2863 1642 2887 est.
