1949 3073
255 163 323 196 “‘23

524 220 601 249 CAP.
623 220 766 249 XXXVIII.

541 278 580 305 De
602 278 747 306 Saduca'is.

285 335 320 362 Et
345 334 537 362 Dositheorum
564 340 639 364 certe
671 336 747 364 velut
782 337 887 364 avulsio
914 337 1038 372 quaedam

250 381 467 415 fragmentumve
485 381 609 409 Saducrei
623 387 696 409 sunt.
714 382 837 410 Saducaei
853 387 945 410 autem
960 383 1037 417 quasi

245 426 312 460 justi
329 426 471 454 dicuntur.
489 427 578 454 Sadoc
598 428 672 455 enim
688 428 810 455 Hebraeis
826 429 918 463 justus
937 434 989 456 est.
1004 428 1037 455 Hi

247 479 330 505 porro
347 477 518 499 mortuorum
542 473 774 500 resurrectionem
791 473 960 508 improbant,
985 483 1036 502 an-

246 517 320 552 gelos
342 526 396 545 non
412 518 572 551 admittunt,
590 518 723 554 Spiritum
746 524 871 547 sanctum
897 519 1034 555 ignorant,

245 563 275 590 In
291 564 397 592 caeteris
409 564 539 592 omnibus
555 572 617 591 cum
634 565 774 593 Dositheis
786 566 963 594 conveniunt.

526 620 603 649 CAP.
623 620 746 648 XXXIX.

554 676 594 703 De
616 675 722 704 Scribis.

279 729 383 766 Scribat
401 736 493 760 autem
518 732 586 768 legis
611 733 789 768 seutepmat,
805 733 858 762 hoc
874 738 915 761 est
932 742 1033 762 secun-

243 777 314 805 darii
327 778 554 812 denominantur,
569 780 626 808 sive
639 780 678 807 illi
699 781 745 815 qui
762 781 925 808 traditiones
943 785 971 808 et
985 789 1035 809 ca:-

243 824 379 852 remonias
392 825 426 852 ad
443 825 528 860 legem
542 826 720 861 adjiciebant.
735 826 876 862 Siquidem
893 827 1033 855 seniorum

241 869 406 898 traditiones
437 871 616 907 δευτερώσεις
641 872 860 907 appellabantur.
888 873 931 906 Ili,
947 878 976 900 ut
1002 874 1031 901 in

240 917 349 944 exteris
366 924 428 943 cum
451 916 608 944 Judaaorum
624 918 706 952 vulgo
721 918 919 951 convenirent,
936 926 1030 954 super-

240 961 303 990 ﬂuis
324 967 413 990 tamen
435 964 529 990 nescio
544 964 645 998 quibus
662 963 902 992 observationibus
918 964 1029 998 addicti,

241 1015 349 1040 urceos,
362 1008 471 1043 pocula,
487 1009 595 1044 patinas
606 1029 613 1042 ,
631 1014 659 1037 et
674 1014 773 1037 cmtera
798 1010 823 1038 id
845 1019 932 1046 genus
956 1019 1031 1039 men-

240 1053 306 1080 salia
331 1061 406 1086 vasa,
431 1062 579 1089 pugnoque
603 1053 676 1083 facto
696 1063 760 1084 snas
784 1056 906 1091 ipsorum
932 1064 1031 1085 manus

239 1099 391 1127 curiosiore
404 1101 598 1135 superstitione
612 1101 770 1129 abluebant.
784 1102 899 1129 Vascula
918 1102 1030 1138 insuper

239 1148 302 1171 ante
319 1146 534 1181 perpurgahant,
558 1154 640 1181 quam
661 1147 738 1174 cibos
761 1155 794 1174 ex
813 1147 866 1175 illis
890 1153 1030 1183 caperent.

241 1192 399 1220 Dalmaticia
413 1214 420 1226 ,
437 1202 498 1229 quae
515 1202 589 1222 nunc
608 1195 716 1222 colobia
730 1195 860 1222 dicuntur
871 1216 877 1227 ,
895 1204 1031 1231 purpura-

239 1245 293 1271 que
308 1244 504 1276 praetexuntur,
524 1240 631 1274 induti,
655 1241 825 1276 phylacteria
840 1250 889 1269 sua
909 1247 1029 1270 ostenta-

239 1283 315 1317 bant,
341 1285 438 1313 breves
456 1286 586 1313 nimirum
612 1287 750 1319 cartulas,
773 1287 875 1322 quibus
897 1288 1029 1324 inscripta

238 1328 283 1356 lex
302 1336 376 1363 erat,
392 1338 460 1365 quas
476 1331 514 1358 illi
533 1332 662 1366 pretiosis
685 1331 780 1359 fasciis
799 1337 911 1361 ornatas
923 1353 930 1366 ,
948 1341 1029 1361 auro-

238 1381 292 1408 que
304 1374 460 1407 distinetas,
476 1380 604 1412 tanquam
623 1377 781 1404 Judzeorum
793 1378 918 1413 magistri
931 1399 939 1412 ,
955 1379 1028 1406 defe-

238 1420 348 1448 rebant.
376 1421 506 1449 Fimbriae
527 1427 658 1457 praeterea
691 1423 726 1450 ab
759 1423 868 1451 illorum
907 1425 1028 1452 vestibus

237 1466 489 1500 promittebantur,
503 1473 677 1504 quatuorque
700 1469 777 1497 stola:
798 1470 957 1497 eorumdcm
976 1471 1027 1498 alis

237 1511 314 1537 aurei
339 1513 473 1547 corymbi,
496 1513 631 1540 malorum
656 1514 819 1548 punicorum
835 1515 1025 1547 similitudine,

237 1556 307 1583 aﬂixi
321 1562 409 1591 erant,
428 1566 483 1592 quo
505 1563 628 1594 tempore
650 1559 759 1587 illorum
777 1561 914 1597 quispiam
938 1564 1026 1590 conti-

238 1602 341 1634 nebat,
358 1607 406 1629 aut
423 1604 608 1639 virginitatem
624 1606 781 1633 exercebat.

553 1662 630 1690 CAP.
653 1662 709 1690 XL.

528 1720 568 1748 De
582 1721 735 1750 Phariam].

271 1775 306 1802 At
329 1775 459 1803 Pharisaﬁ
484 1777 560 1804 cultu
583 1778 722 1812 religionis
744 1781 883 1808 exteriore
909 1781 1023 1810 Scribas

235 1820 315 1856 longe
341 1823 528 1856 superabant,
544 1831 661 1858 quorum
687 1822 733 1852 alii
760 1825 866 1853 tabulas
889 1827 941 1855 silui
964 1828 1025 1855 lati-

236 1865 330 1892 tudine
343 1866 506 1900 bipalmares
532 1868 713 1904 subjiciebant
725 1889 732 1902 ,
749 1874 780 1897 ut
799 1871 821 1898 si
841 1872 951 1906 quando
972 1874 1024 1901 sub

237 1915 348 1938 noctem
363 1919 458 1939 somno
470 1912 536 1940 victi
552 1913 581 1940 in
594 1914 782 1948 pavimentum
799 1918 1022 1951 procumberent.

236 1955 383 1984 confestim
405 1958 588 1993 ex-pergefaeti
617 1959 724 1988 Numen
756 1968 945 1996 precarentur.
970 1965 1024 1994 Alii

234 2001 358 2029 calculos
372 2006 421 2030 ant
437 2003 535 2038 spinas
548 2004 600 2032 sibi
614 2005 837 2040 substernebant,
851 2008 897 2035 alii
912 2009 944 2036 ad
959 2017 1024 2044 pra:-

233 2048 341 2075 ﬁnitum
363 2052 471 2084 tempus
490 2049 518 2076 ln
538 2050 694 2085 virginitate
711 2051 865 2087 degebant,
880 2059 963 2088 atque
986 2057 1023 2084 ita

231 2093 278 2120 alii
297 2093 331 2120 ad
351 2094 500 2128 decimum,
515 2095 561 2123 alii
576 2096 609 2123 ad
631 2101 770 2130 octavum,
783 2098 828 2126 alii
842 2099 875 2126 ad
893 2104 1022 2135 quartum

233 2146 322 2173 usque
344 2147 446 2167 annum
465 2142 680 2176 perseverabant
694 2163 702 2176 ,
719 2143 806 2171 donec
823 2145 850 2171 in
866 2147 971 2173 somnis
989 2147 1023 2174 ad

232 2185 347 2212 Veneris
370 2186 443 2214 furta
469 2187 688 2215 stimularentur.
713 2188 758 2216 Bis
781 2189 808 2216 in
828 2190 965 2225 Sabbato,
981 2200 1023 2220 se-

881 166 1029 197 NICETE
1047 169 1251 200 CIIONIATA!

1057 230 1078 255 Α
1095 223 1327 252 immortalitatem
1344 225 1509 259 tribuerent,
1528 226 1659 254 bonorum
1678 231 1753 255 certe
1774 232 1882 256 tantum

1817 170 1889 203 ιιΞί

1090 270 1195 298 animas
1222 271 1248 298 in
1273 271 1325 299 alia
1355 273 1471 299 transire
1494 281 1625 307 corpora,
1653 274 1788 302 malorum
1814 283 1882 303 vero

1089 317 1199 344 a‘ternis
1212 317 1301 345 addici
1322 318 1466 353 suppliciis
1481 319 1627 348 docebant.

1397 386 1474 414 CAP.
1493 387 1562 415 XLI.

1324 432 1362 459 De
1385 433 1632 470 llemerobaptislia.

1123 489 1368 524 Hemerobaptistae
1383 491 1411 518 in
1431 491 1484 520 hoc
1500 492 1634 520 duntaxat
1646 501 1662 521 a
1676 494 1826 524 Pharisaais
1851 503 1879 525 et

1087 532 1192 561 Scribis
1208 533 1383 568 differebant,-
1397 537 1471 571 quod
1487 537 1544 564 ﬁeri
1559 546 1613 566 non
1637 546 1718 574 posse
1739 540 1878 573 dicerent,

1087 582 1118 605 ut
1139 579 1284 614 quisquam
1317 582 1409 610 salvus
1432 584 1581 616 evaderet.
1609 586 1661 613 nisi
1687 587 1733 622 qui
1758 587 1879 623 singulis

1086 622 1186 652 diebus
1204 632 1282 652 sacro
1298 626 1462 662 baptismate
1477 629 1638 664 ﬁngeretur.

1392 693 1468 724 CAP.
1487 696 1568 724 XLII.

1369 740 1408 770 De
1431 743 1581 771 Nazarazis.

1120 794 1262 830 Nazaraei,
1282 798 1329 833 qui
1361 799 1402 835 (si
1426 800 1552 827 vocabuli
1577 801 1631 829 vim
1659 802 1875 838 interpreteris)

1084 840 1166 868 iidem
1183 847 1247 870 sunt
1259 844 1306 878 qui
1319 849 1347 872 et
1362 846 1543 879 ἀφηνιασταὶ,
1559 847 1585 874 id
1600 853 1653 880 est,
1679 849 1809 883 rebelles,
1828 859 1875 886 pa-

1085 888 1218 916 triarchas
1233 897 1339 922 omnes,
1358 899 1475 926 quorum
1493 892 1519 919 in
1538 893 1633 921 Bibliis
1650 893 1778 922 Mosaicis
1794 903 1871 923 men-

1084 932 1121 960 tio
1139 933 1190 966 fit,
1215 934 1373 971 llIosemque
1393 937 1461 965 adeo
1479 938 1569 972 ipsum
1595 939 1742 974 recipiunt.
1769 940 1873 968 Penta-

1083 979 1213 1007 teuchum
1228 989 1294 1009 vero
1310 982 1485 1017 improbant,
1500 989 1583 1019 atque
1604 985 1684 1012 aliam
1700 985 1768 1012 Mosi
1780 986 1870 1021 legem

1081 1024 1172 1051 datam
1194 1025 1279 1054 fuisse
1299 1028 1486 1061 contendunt,
1505 1037 1560 1065 quo
1582 1030 1612 1057 fit
1637 1034 1668 1058 ut
1689 1031 1724 1058 ab
1740 1031 1872 1059 animatis

1081 1069 1209 1097 omnibus
1233 1071 1406 1105 abstineant.
1431 1074 1569 1109 nullisque
1598 1075 1723 1103 cruentis
1747 1076 1871 1104 victimis

1081 1113 1109 1141 in
1125 1115 1269 1144 sacriﬁciis
1287 1122 1411 1145 utantur.

1100 1168 1113 1174 “
1376 1173 1454 1202 CAP.
1481 1175 1573 1203 XLIII.

1079 1215 1118 1243 De
1137 1216 1250 1259 ELsswis,
1269 1223 1293 1245 et
1312 1219 1392 1247 Elxai
1404 1221 1631 1259 pseudopropheta
1642 1245 1649 1256 ,
1666 1229 1690 1251 et
1708 1225 1766 1259 ejus
1783 1225 1868 1259 fratre

1150 1252 1234 1279 leuca
1250 1262 1309 1281 cum
1324 1252 1456 1283 sororibus
1473 1257 1497 1283 Μ
1503 1252 1579 1284 Izrtho
1598 1263 1623 1285 et
1639 1252 1797 1287 Manliana:

1114 1308 1196 1335 Εεεωί
1221 1314 1320 1337 cuncta
1345 1318 1379 1338 ex
1406 1311 1474 1346 legis
1489 1314 1648 1349 praescripto
1672 1321 1813 1350 gerentes,
1840 1322 1869 1344 ut

1078 1361 1160 1388 supra
1177 1355 1244 1387 dixi,
1261 1356 1322 1384 aliis
1336 1365 1447 1393 quoque
1469 1364 1569 1393 praeter
1581 1360 1668 1395 legem
1684 1361 1797 1397 scriptis
1810 1368 1869 1395 ule-

1078 1399 1188 1428 bantur.
1214 1401 1422 1436 Abjectissimos
1456 1404 1484 1431 id
1519 1406 1639 1438 nominis
1661 1412 1689 1434 et
1718 1408 1868 1437 vilissimos

1077 1446 1222 1481 signiﬁcat.
1254 1448 1311 1476 Illis
1349 1449 1424 1476 Elxai
1456 1451 1569 1486 quidam
1604 1453 1867 1489 pseudopropheta,

1078 1497 1225 1524 rerumque
1238 1492 1414 1520 laudabilium
1432 1500 1588 1530 corruptor,
1602 1496 1710 1532 Trajani
1726 1499 1868 1527 Romano-

1079 1542 1139 1561 rum
1168 1536 1341 1571 imperatoris
1366 1541 1536 1575 temporibus
1566 1549 1596 1570 se
1628 1544 1790 1580 conjunxit,
1819 1547 1867 1581 qui

1207 1567 1214 1571 .
1423 1567 1432 1575 ι
1462 1567 1465 1568 ν
1485 1567 1534 1568 κη
1567 1567 1594 1570 τ’
1631 1567 1790 1580 -ννο-π---ι
1819 1567 1866 1581 *ι’--

1040 1567 1062 1598 c
1078 1581 1178 1610 Christi
1191 1583 1217 1611 in
1229 1592 1311 1612 carne
1321 1586 1468 1614 adventum
1481 1588 1608 1623 negabat,
1622 1591 1866 1628 virginitatemque

1076 1632 1104 1654 et
1125 1630 1322 1658 continentiam
1339 1632 1492 1661 detestatus
1506 1633 1540 1662 ad
1563 1635 1674 1670 nuptias
1696 1637 1865 1665 exhortaba-

1077 1678 1131 1701 tur.
1154 1674 1230 1703 Elxai
1250 1676 1314 1704 huic
1338 1677 1450 1706 fratrem
1472 1679 1556 1708 fuisse
1578 1681 1664 1714 aiunt,
1688 1683 1735 1717 qui
1763 1683 1865 1711 [emus

1075 1718 1216 1746 diceretur
1228 1740 1235 1753 ,
1253 1726 1424 1757 posteaque,
1449 1726 1539 1759 magni
1563 1726 1667 1753 scilicet
1688 1726 1864 1755 Constantini

1077 1766 1256 1800 temporibus,
1275 1775 1327 1795 una
1342 1776 1405 1796 cum
1417 1769 1525 1798 duabus
1541 1771 1685 1799 sororibus
1701 1773 1862 1805 innotuerit,

1074 1817 1136 1844 qua
1152 1812 1250 1839 eodem
1277 1821 1332 1848 quo
1356 1814 1402 1842 ille
1424 1822 1524 1850 genere
1549 1821 1688 1852 prognata
1713 1817 1863 1851 ferrentur,

1075 1855 1182 1884 Martho
1207 1857 1314 1886 scilicet
1337 1864 1366 1887 et
1388 1860 1541 1894 Marthana,
1557 1862 1660 1897 quibus
1676 1870 1772 1891 errore
1793 1864 1863 1891 deli-

1074 1901 1134 1929 buti
1161 1903 1306 1938 homines,
1328 1909 1456 1941 tanquam
1478 1906 1583 1934 deabus
1610 1915 1626 1934 a
1652 1908 1748 1936 divino
1778 1909 1859 1937 Elxai

1074 1949 1178 1977 semine
1204 1951 1364 1986 prognatis,
1394 1952 1517 1980 divinum
1548 1953 1652 1981 cultum
1683 1954 1860 1983 exhiberem.

1074 1995 1209 2024 Caeterum
1232 1997 1308 2024 Elxai
1335 1999 1485 2032 potentiam
1512 2000 1648 2026 occultam
1675 2003 1704 2027 et
1732 2008 1862 2029 arcanam

1073 2041 1219 2076 signiﬁcat.
1236 2042 1268 2070 El
1289 2045 1362 2070 enim
1381 2043 1502 2072 Hebraeis
1518 2045 1640 2079 potentia
1652 2064 1661 2078 ,
1682 2045 1734 2072 Xai
1751 2046 1860 2074 occulta

1074 2087 1187 2116 dicitur.

1367 2135 1444 2163 CAP.
1470 2136 1562 2165 XLIV.

1352 2180 1390 2207 De
1409 2180 1581 2210 Herodianit.

230 2228 323 2255 cunda
337 2228 469 2257 nimirum
481 2233 509 2258 et
528 2231 623 2266 Quinta
641 2231 707 2259 feria
718 2252 725 2265 ,
740 2233 911 2269 jejunabant.
937 2234 1022 2264 Porro
1038 2239 1061 2267 ι)
1110 2231 1256 2261 Πετοάίτιηί
1272 2233 1305 2261 ab
1325 2233 1432 2262 HerOde
1449 2234 1588 2272 Anlipall'i
1615 2236 1670 2265 111ἐο
1687 2246 1790 2267 nomen
1813 2247 1861 2268 aC-

233 2273 437 2302 Pharisaaorum
449 2280 549 2304 nomen
567 2277 673 2312 indepti
694 2284 775 2312 sunt,
797 2284 826 2307 ut
838 2281 883 2314 qui
899 2282 932 2308 ab
948 2283 1018 2316 aliis,

232 2327 289 2354 prae
323 2320 512 2356 hujuscemodi
547 2323 727 2359 philosophiae
758 2326 868 2359 studio,
902 2328 1020 2364 sejuncli

220 2368 334 2392 essent.
350 2365 418 2392 Nam
438 2366 542 2394 Phares
558 2367 680 2396 Hebraeis
694 2369 769 2396 idem
783 2374 842 2402 est,
859 2370 904 2405 qui
920 2370 1021 2399 Graecis

231 2411 431 2446 ἀφωρισμένος,
455 2415 483 2439 et
505 2412 610 2441 Latinis
633 2420 802 2450 segregatus.
821 2415 862 2443 Illi
890 2421 1021 2451 praeterea

231 2460 404 2484 mortuorum
426 2459 675 2492 resurrectionem,
699 2462 810 2496 angelos
837 2467 865 2489 et
887 2462 1019 2497 Spiritum

231 2508 370 2537 sanctum,
383 2510 478 2533 contra
492 2506 688 2534 Saducaeorum
697 2508 1021 2543 dOgma,confitebantur.

233 2550 317 2577 Iidem
334 2550 389 2578 fato
402 2557 430 2579 et
443 2553 618 2580 astronomiae.
627 2553 732 2581 'intenti
756 2561 772 2581 a
788 2555 907 2589 gravidis
924 2556 1022 2591 conju-

231 2596 311 2630 gibus
334 2597 524 2630 abstinebant,
545 2606 600 2633 quo
628 2598 701 2626 facto
719 2607 748 2627 se
770 2607 825 2626 non
845 2600 1021 2628 fruendarum

231 2641 414 2676 voluptatum,
434 2642 482 2670 sed
503 2643 653 2671 liberorum
673 2644 911 2679 suscipiendorum
934 2647 1022 2682 gratia

233 2694 332 2714 uxores
360 2688 470 2716 duxisse
496 2690 695 2724 significabant.
723 2690 824 2718 Balnea
855 2692 926 2726 apud
960 2691 1023 2720 illos

232 2731 341 2759 feminis
376 2733 490 2767 velatis,
515 2734 746 2769 quemadmodum
763 2741 791 2763 et
813 2737 881 2764 viris
891 2736 1022 2772 subligari

233 2778 405 2811 praecinctis,
433 2779 675 2814 permittebantur.
706 2781 741 2809 Ut
770 2782 869 2810 animis
893 2783 1023 2810 omnibus

268 2863 278 2878 '
290 2862 346 2891 Gen
370 2873 441 2898 xux,
457 2868 500 2894 I0.

1071 2283 1214 2314 ceperunt.
1245 2280 1390 2315 Antipater
1419 2282 1493 2309 enim
1526 2283 1696 2312 Ascalonites
1714 2292 1730 2312 a
1756 2285 1861 2314 Judzeis

1072 2329 1168 2359 captus
1190 2330 1218 2352 et
1238 2326 1373 2355 abductus
1393 2327 1530 2356 Herodem
1548 2329 1625 2357 illum
1645 2331 1786 2366 suscepit,
1813 2333 1860 2367 qui

1072 2370 1175 2398 Christi
1191 2372 1360 2406 temporibus
1374 2381 1475 2409 pueros
1497 2375 1643 2404 interfecit.
1660 2377 1784 2405 Tandem
1808 2379 1860 2406 De—

1074 2417 1174 2443 metrio
1195 2416 1407 2447 familiarissime
1427 2421 1608 2456 conjunctus,
1632 2422 1764 2457 Judaeque
1796 2431 1859 2458 pro-

1073 2465 1185 2488 curator
1199 2461 1324 2496 eﬂ‘ectus,
1338 2464 1458 2499 seipsum
1473 2474 1534 2493 cum
1550 2466 1657 2495 Herode
1669 2467 1727 2496 ﬁlio
1741 2468 1858 2496 circum-

1075 2506 1221 2534 cidendum
1240 2509 1357 2537 curavit.
1384 2510 1433 2537 Hic
1447 2511 1569 2540 Herodes
1584 2516 1677 2547 postea
1700 2521 1763 2542 cum
1787 2515 1858 2543 Julio

1074 2550 1190 2586 Caesari,
1208 2553 1344 2588 Antonio,
1360 2560 1389 2584 et
1402 2557 1525 2593 Augusto
1546 2559 1727 2593 innotuisset,
1748 2561 1855 2589 Iudaeo-

1074 2606 1135 2626 rum
1149 2607 1232 2634 regno
1245 2601 1389 2635 praefectus
1410 2609 1462 2632 est.
1475 2604 1603 2632 Nonnulli
1618 2613 1684 2641 ergo
1703 2607 1781 2634 illum
1797 2615 1858 2635 esse

1070 2643 1209 2673 Christum
1233 2647 1456 2682 arbitrabantur,
1479 2650 1574 2678 Jacobi
1597 2652 1703 2680 scilicet
1728 2653 1856 2682 vaticinio

1071 2691 1300 2733 adductinquod
1328 2694 1365 2722 ita
1381 2697 1474 2723 canit:
1490 2696 1549 2724 Non
1570 2698 1671 2732 deﬁciet
1691 2699 1745 2726 dus
1777 2708 1856 2733 neque

1071 2740 1191 2774 princeps
1207 2728 1240 2767 Ite
1258 2740 1357 2774 femore
1369 2742 1437 2775 eius,
1453 2743 1534 2770 donec
1550 2745 1636 2771 veniat
1652 2747 1694 2772 cui
1715 2748 1856 2781 repositum

1072 2787 1110 2810 eu
1121 2783 1142 2817 ⁷,
1158 2783 1262 2813 idcirco
1280 2785 1428 2815 Herodiani
1441 2788 1629 2818 nominantur.
