  <div class='ocr_page' id='page_1' title='image "/cluster/home/n/w/nwhite01/storage/ocr_20150623/139/njp.32101077773131/580.png"; bbox 0 0 1949 3073; ppageno 0'>
   <div class='ocr_carea' id='block_1_1' title="bbox 103 137 182 172">
    <p class='ocr_par' dir='ltr' id='par_1_1' title="bbox 103 137 182 172">
     <span class='ocr_line' id='line_1_1' title="bbox 103 137 182 172; baseline 0.051 -4"><span class='ocrx_word' id='word_1_1' title='bbox 103 137 182 172; x_wconf 67' lang='lat'><strong>1125</strong></span> 
     </span>
    </p>
   </div>
   <div class='ocr_carea' id='block_1_2' title="bbox 122 191 589 222">
    <p class='ocr_par' dir='ltr' id='par_1_2' title="bbox 122 191 589 222">
     <span class='ocr_line' id='line_1_2' title="bbox 122 191 589 222; baseline -0.004 0"><span class='ocrx_word' id='word_1_2' title='bbox 122 199 124 202; x_wconf 79' lang='lat'><em>‘</em></span> <span class='ocrx_word' id='word_1_3' title='bbox 408 194 484 222; x_wconf 84' lang='lat' dir='ltr'><strong>CAP.</strong></span> <span class='ocrx_word' id='word_1_4' title='bbox 508 191 589 221; x_wconf 77' lang='lat' dir='ltr'><strong>XLV.</strong></span> 
     </span>
    </p>
   </div>
   <div class='ocr_carea' id='block_1_3' title="bbox 335 261 673 298">
    <p class='ocr_par' dir='ltr' id='par_1_3' title="bbox 335 261 673 298">
     <span class='ocr_line' id='line_1_3' title="bbox 335 261 673 298; baseline -0.006 -8"><span class='ocrx_word' id='word_1_5' title='bbox 335 262 409 290; x_wconf 76' lang='lat' dir='ltr'><strong>Libri</strong></span> <span class='ocrx_word' id='word_1_6' title='bbox 431 264 511 298; x_wconf 81' lang='lat' dir='ltr'><strong>primi</strong></span> <span class='ocrx_word' id='word_1_7' title='bbox 534 261 673 298; x_wconf 73' lang='lat' dir='ltr'><strong>Epilogus.</strong></span> 
     </span>
    </p>
   </div>
   <div class='ocr_carea' id='block_1_4' title="bbox 142 327 897 365">
    <p class='ocr_par' dir='ltr' id='par_1_4' title="bbox 142 327 897 365">
     <span class='ocr_line' id='line_1_4' title="bbox 142 327 897 365; baseline -0.003 -8"><span class='ocrx_word' id='word_1_8' title='bbox 142 329 234 365; x_wconf 75' lang='lat' dir='ltr'><strong>Atque</strong></span> <span class='ocrx_word' id='word_1_9' title='bbox 248 329 293 356; x_wconf 64' lang='lat' dir='ltr'><strong>hae</strong></span> <span class='ocrx_word' id='word_1_10' title='bbox 303 327 415 364; x_wconf 79' lang='lat' dir='ltr'><strong>quidem</strong></span> <span class='ocrx_word' id='word_1_11' title='bbox 440 333 504 356; x_wconf 90' lang='lat' dir='ltr'><strong>sunt</strong></span> <span class='ocrx_word' id='word_1_12' title='bbox 525 328 645 356; x_wconf 71' lang='lat' dir='ltr'><strong>haereses</strong></span> <span class='ocrx_word' id='word_1_13' title='bbox 668 335 730 362; x_wconf 71' lang='lat' dir='ltr'><strong>quae</strong></span> <span class='ocrx_word' id='word_1_14' title='bbox 750 327 852 355; x_wconf 79' lang='lat' dir='ltr'><strong>Christi</strong></span> <span class='ocrx_word' id='word_1_15' title='bbox 870 327 897 355; x_wconf 92' lang='lat' dir='ltr'><strong>in</strong></span> 
     </span>
    </p>
   </div>
   <div class='ocr_carea' id='block_1_5' title="bbox 102 374 899 409">
    <p class='ocr_par' dir='ltr' id='par_1_5' title="bbox 102 374 899 409">
     <span class='ocr_line' id='line_1_5' title="bbox 102 374 899 409; baseline -0.003 -8"><span class='ocrx_word' id='word_1_16' title='bbox 102 381 193 401; x_wconf 88' lang='lat' dir='ltr'><strong>carne</strong></span> <span class='ocrx_word' id='word_1_17' title='bbox 210 374 358 402; x_wconf 80' lang='lat' dir='ltr'><strong>adventum</strong></span> <span class='ocrx_word' id='word_1_18' title='bbox 378 377 596 409; x_wconf 58' lang='lat' dir='ltr'><strong>praecesserunt,</strong></span> <span class='ocrx_word' id='word_1_19' title='bbox 619 380 671 400; x_wconf 91' lang='lat' dir='ltr'><strong>nec</strong></span> <span class='ocrx_word' id='word_1_20' title='bbox 687 376 778 400; x_wconf 86' lang='lat' dir='ltr'><strong>tamen</strong></span> <span class='ocrx_word' id='word_1_21' title='bbox 802 379 899 400; x_wconf 87' lang='lat' dir='ltr'><strong>omnes</strong></span> 
     </span>
    </p>
   </div>
   <div class='ocr_carea' id='block_1_6' title="bbox 102 416 899 455">
    <p class='ocr_par' dir='ltr' id='par_1_6' title="bbox 102 416 899 455">
     <span class='ocr_line' id='line_1_6' title="bbox 102 416 899 455; baseline -0.003 -8"><span class='ocrx_word' id='word_1_22' title='bbox 102 416 269 455; x_wconf 71' lang='lat' dir='ltr'><strong>Improbata:</strong></span> <span class='ocrx_word' id='word_1_23' title='bbox 286 424 361 452; x_wconf 85' lang='lat' dir='ltr'><strong>sunt,</strong></span> <span class='ocrx_word' id='word_1_24' title='bbox 379 424 422 448; x_wconf 87' lang='lat' dir='ltr'><strong>ast</strong></span> <span class='ocrx_word' id='word_1_25' title='bbox 437 419 491 447; x_wconf 68' lang='lat' dir='ltr'><strong>illae</strong></span> <span class='ocrx_word' id='word_1_26' title='bbox 507 423 623 451; x_wconf 79' lang='lat' dir='ltr'><strong>tantum,</strong></span> <span class='ocrx_word' id='word_1_27' title='bbox 636 426 697 453; x_wconf 64' lang='lat' dir='ltr'><strong>quae</strong></span> <span class='ocrx_word' id='word_1_28' title='bbox 714 418 796 446; x_wconf 82' lang='lat' dir='ltr'><strong>Musis</strong></span> <span class='ocrx_word' id='word_1_29' title='bbox 811 418 899 452; x_wconf 73' lang='lat' dir='ltr'><strong>legem</strong></span> 
     </span>
    </p>
   </div>
   <div class='ocr_carea' id='block_1_7' title="bbox 101 465 899 502">
    <p class='ocr_par' dir='ltr' id='par_1_7' title="bbox 101 465 899 502">
     <span class='ocr_line' id='line_1_7' title="bbox 101 465 899 502; baseline 0.001 -10"><span class='ocrx_word' id='word_1_30' title='bbox 101 466 416 502; x_wconf 87' lang='lat' dir='ltr'><strong>antiquabantejusque</strong></span> <span class='ocrx_word' id='word_1_31' title='bbox 431 466 540 501; x_wconf 78' lang='lat' dir='ltr'><strong>placitis</strong></span> <span class='ocrx_word' id='word_1_32' title='bbox 560 465 789 493; x_wconf 71' lang='lat' dir='ltr'><strong>adversabantur.</strong></span> <span class='ocrx_word' id='word_1_33' title='bbox 813 465 899 493; x_wconf 88' lang='lat' dir='ltr'><strong>Porro</strong></span> 
     </span>
    </p>
   </div>
   <div class='ocr_carea' id='block_1_8' title="bbox 102 512 898 546">
    <p class='ocr_par' dir='ltr' id='par_1_8' title="bbox 102 512 898 546">
     <span class='ocr_line' id='line_1_8' title="bbox 102 512 898 546; baseline 0.001 -7"><span class='ocrx_word' id='word_1_34' title='bbox 102 512 314 546; x_wconf 76' lang='lat' dir='ltr'><strong>Pharisaeorum</strong></span> <span class='ocrx_word' id='word_1_35' title='bbox 341 517 369 540; x_wconf 87' lang='lat' dir='ltr'><strong>et</strong></span> <span class='ocrx_word' id='word_1_36' title='bbox 393 512 552 540; x_wconf 84' lang='lat' dir='ltr'><strong>Scribarum</strong></span> <span class='ocrx_word' id='word_1_37' title='bbox 575 512 756 545; x_wconf 91' lang='lat' dir='ltr'><strong>traditiones,</strong></span> <span class='ocrx_word' id='word_1_38' title='bbox 780 512 803 541; x_wconf 90' lang='lat' dir='ltr'><strong>si</strong></span> <span class='ocrx_word' id='word_1_39' title='bbox 835 520 898 540; x_wconf 91' lang='lat' dir='ltr'><strong>cum</strong></span> 
     </span>
    </p>
   </div>
   <div class='ocr_carea' id='block_1_9' title="bbox 102 557 900 594">
    <p class='ocr_par' dir='ltr' id='par_1_9' title="bbox 102 557 900 594">
     <span class='ocr_line' id='line_1_9' title="bbox 102 557 900 594; baseline 0.001 -10"><span class='ocrx_word' id='word_1_40' title='bbox 102 557 177 592; x_wconf 69' lang='lat' dir='ltr'><strong>legis</strong></span> <span class='ocrx_word' id='word_1_41' title='bbox 194 558 314 584; x_wconf 87' lang='lat' dir='ltr'><strong>oraculis</strong></span> <span class='ocrx_word' id='word_1_42' title='bbox 337 557 560 588; x_wconf 89' lang='lat' dir='ltr'><strong>observarentur.</strong></span> <span class='ocrx_word' id='word_1_43' title='bbox 583 558 654 585; x_wconf 90' lang='lat' dir='ltr'><strong>nihil</strong></span> <span class='ocrx_word' id='word_1_44' title='bbox 679 558 831 594; x_wconf 75' lang='lat' dir='ltr'><strong>prmjudicii</strong></span> <span class='ocrx_word' id='word_1_45' title='bbox 853 566 900 594; x_wconf 86' lang='lat' dir='ltr'><strong>pa-</strong></span> 
     </span>
    </p>
   </div>
   <div class='ocr_carea' id='block_1_10' title="bbox 103 602 899 642">
    <p class='ocr_par' dir='ltr' id='par_1_10' title="bbox 103 602 899 642">
     <span class='ocr_line' id='line_1_10' title="bbox 103 602 899 642; baseline 0.001 -13"><span class='ocrx_word' id='word_1_46' title='bbox 103 603 227 630; x_wconf 85' lang='lat' dir='ltr'><strong>riebant.</strong></span> <span class='ocrx_word' id='word_1_47' title='bbox 245 602 313 629; x_wconf 87' lang='lat' dir='ltr'><strong>Nam</strong></span> <span class='ocrx_word' id='word_1_48' title='bbox 327 602 395 637; x_wconf 90' lang='lat' dir='ltr'><strong>quid</strong></span> <span class='ocrx_word' id='word_1_49' title='bbox 409 603 511 638; x_wconf 86' lang='lat' dir='ltr'><strong>alioqui</strong></span> <span class='ocrx_word' id='word_1_50' title='bbox 526 602 685 630; x_wconf 91' lang='lat' dir='ltr'><strong>detrimenti</strong></span> <span class='ocrx_word' id='word_1_51' title='bbox 705 610 739 629; x_wconf 79' lang='lat' dir='ltr'><strong>ex</strong></span> <span class='ocrx_word' id='word_1_52' title='bbox 753 610 899 642; x_wconf 90' lang='lat' dir='ltr'><strong>urceorum</strong></span> 
     </span>
    </p>
   </div>
   <div class='ocr_carea' id='block_1_11' title="bbox 104 648 898 683">
    <p class='ocr_par' dir='ltr' id='par_1_11' title="bbox 104 648 898 683">
     <span class='ocr_line' id='line_1_11' title="bbox 104 648 898 683; baseline 0.003 -9"><span class='ocrx_word' id='word_1_53' title='bbox 104 648 264 683; x_wconf 85' lang='lat' dir='ltr'><strong>baptismis,</strong></span> <span class='ocrx_word' id='word_1_54' title='bbox 280 656 411 676; x_wconf 89' lang='lat' dir='ltr'><strong>manuum</strong></span> <span class='ocrx_word' id='word_1_55' title='bbox 422 649 611 677; x_wconf 88' lang='lat' dir='ltr'><strong>ablutionibus</strong></span> <span class='ocrx_word' id='word_1_56' title='bbox 621 669 628 682; x_wconf 91' lang='lat'><strong>,</strong></span> <span class='ocrx_word' id='word_1_57' title='bbox 647 649 898 677; x_wconf 88' lang='lat' dir='ltr'><strong>tintinnabulorum</strong></span> 
     </span>
    </p>
   </div>
   <div class='ocr_carea' id='block_1_12' title="bbox 103 693 898 731">
    <p class='ocr_par' dir='ltr' id='par_1_12' title="bbox 103 693 898 731">
     <span class='ocr_line' id='line_1_12' title="bbox 103 693 898 731; baseline 0.003 -11"><span class='ocrx_word' id='word_1_58' title='bbox 103 693 202 720; x_wconf 87' lang='lat' dir='ltr'><strong>sonitu</strong></span> <span class='ocrx_word' id='word_1_59' title='bbox 217 713 224 726; x_wconf 86' lang='lat'><strong>,</strong></span> <span class='ocrx_word' id='word_1_60' title='bbox 252 694 449 729; x_wconf 81' lang='lat' dir='ltr'><strong>corymbor‘um</strong></span> <span class='ocrx_word' id='word_1_61' title='bbox 474 702 620 722; x_wconf 80' lang='lat' dir='ltr'><strong>aureorum</strong></span> <span class='ocrx_word' id='word_1_62' title='bbox 659 694 898 731; x_wconf 82' lang='lat' dir='ltr'><strong>appensionibus,</strong></span> 
     </span>
    </p>
   </div>
   <div class='ocr_carea' id='block_1_13' title="bbox 105 738 900 774">
    <p class='ocr_par' dir='ltr' id='par_1_13' title="bbox 105 738 900 774">
     <span class='ocr_line' id='line_1_13' title="bbox 105 738 900 774; baseline 0.001 -10"><span class='ocrx_word' id='word_1_63' title='bbox 105 738 266 774; x_wconf 84' lang='lat' dir='ltr'><strong>tabullsque</strong></span> <span class='ocrx_word' id='word_1_64' title='bbox 290 738 488 774; x_wconf 85' lang='lat' dir='ltr'><strong>bipalmaribus</strong></span> <span class='ocrx_word' id='word_1_65' title='bbox 520 739 553 766; x_wconf 93' lang='lat' dir='ltr'><strong>ad</strong></span> <span class='ocrx_word' id='word_1_66' title='bbox 577 747 706 767; x_wconf 85' lang='lat' dir='ltr'><strong>somnum</strong></span> <span class='ocrx_word' id='word_1_67' title='bbox 735 739 900 774; x_wconf 78' lang='lat' dir='ltr'><strong>capiendum</strong></span> 
     </span>
    </p>
   </div>
   <div class='ocr_carea' id='block_1_14' title="bbox 103 783 901 820">
    <p class='ocr_par' dir='ltr' id='par_1_14' title="bbox 103 783 901 820">
     <span class='ocr_line' id='line_1_14' title="bbox 103 783 901 820; baseline 0.004 -10"><span class='ocrx_word' id='word_1_68' title='bbox 103 783 276 817; x_wconf 83' lang='lat' dir='ltr'><strong>substratis,</strong></span> <span class='ocrx_word' id='word_1_69' title='bbox 309 784 477 820; x_wconf 84' lang='lat' dir='ltr'><strong>ejuscemodi</strong></span> <span class='ocrx_word' id='word_1_70' title='bbox 512 785 738 813; x_wconf 78' lang='lat' dir='ltr'><strong>Observationum</strong></span> <span class='ocrx_word' id='word_1_71' title='bbox 776 784 901 813; x_wconf 82' lang='lat' dir='ltr'><strong>studioso</strong></span> 
     </span>
    </p>
   </div>
   <div class='ocr_carea' id='block_1_15' title="bbox 104 829 900 867">
    <p class='ocr_par' dir='ltr' id='par_1_15' title="bbox 104 829 900 867">
     <span class='ocr_line' id='line_1_15' title="bbox 104 829 900 867; baseline 0.003 -11"><span class='ocrx_word' id='word_1_72' title='bbox 104 829 223 857; x_wconf 82' lang='lat' dir='ltr'><strong>conﬂari</strong></span> <span class='ocrx_word' id='word_1_73' title='bbox 255 831 411 865; x_wconf 81' lang='lat' dir='ltr'><strong>potuisset?</strong></span> <span class='ocrx_word' id='word_1_74' title='bbox 438 831 513 859; x_wconf 89' lang='lat' dir='ltr'><strong>Idem</strong></span> <span class='ocrx_word' id='word_1_75' title='bbox 536 831 571 859; x_wconf 84' lang='lat' dir='ltr'><strong>de</strong></span> <span class='ocrx_word' id='word_1_76' title='bbox 594 831 699 867; x_wconf 88' lang='lat' dir='ltr'><strong>jejunio</strong></span> <span class='ocrx_word' id='word_1_77' title='bbox 720 831 900 867; x_wconf 86' lang='lat' dir='ltr'><strong>jodicandum</strong></span> 
     </span>
    </p>
   </div>
   <div class='ocr_carea' id='block_1_16' title="bbox 105 877 898 912">
    <p class='ocr_par' dir='ltr' id='par_1_16' title="bbox 105 877 898 912">
     <span class='ocr_line' id='line_1_16' title="bbox 105 877 898 912; baseline 0.001 -9"><span class='ocrx_word' id='word_1_78' title='bbox 105 881 172 908; x_wconf 87' lang='lat' dir='ltr'><strong>est,</strong></span> <span class='ocrx_word' id='word_1_79' title='bbox 195 881 225 903; x_wconf 89' lang='lat' dir='ltr'><strong>et-</strong></span> <span class='ocrx_word' id='word_1_80' title='bbox 245 877 351 904; x_wconf 61' lang='lat' dir='ltr'><strong>caeteris</strong></span> <span class='ocrx_word' id='word_1_81' title='bbox 376 877 478 912; x_wconf 86' lang='lat' dir='ltr'><strong>quibus</strong></span> <span class='ocrx_word' id='word_1_82' title='bbox 504 877 659 905; x_wconf 72' lang='lat' dir='ltr'><strong>Phariszeus</strong></span> <span class='ocrx_word' id='word_1_83' title='bbox 679 877 875 912; x_wconf 76' lang='lat' dir='ltr'><strong>designabatur</strong></span> <span class='ocrx_word' id='word_1_84' title='bbox 889 897 898 910; x_wconf 92' lang='lat'><strong>,</strong></span> 
     </span>
    </p>
   </div>
   <div class='ocr_carea' id='block_1_17' title="bbox 107 921 900 958">
    <p class='ocr_par' dir='ltr' id='par_1_17' title="bbox 107 921 900 958">
     <span class='ocr_line' id='line_1_17' title="bbox 107 921 900 958; baseline 0.004 -11"><span class='ocrx_word' id='word_1_85' title='bbox 107 925 194 955; x_wconf 83' lang='lat' dir='ltr'><strong>atque</strong></span> <span class='ocrx_word' id='word_1_86' title='bbox 208 921 303 948; x_wconf 83' lang='lat' dir='ltr'><strong>Scriba</strong></span> <span class='ocrx_word' id='word_1_87' title='bbox 325 922 367 949; x_wconf 87' lang='lat' dir='ltr'><strong>vel</strong></span> <span class='ocrx_word' id='word_1_88' title='bbox 384 923 479 957; x_wconf 86' lang='lat' dir='ltr'><strong>procul</strong></span> <span class='ocrx_word' id='word_1_89' title='bbox 503 927 669 958; x_wconf 88' lang='lat' dir='ltr'><strong>conspectus</strong></span> <span class='ocrx_word' id='word_1_90' title='bbox 691 923 900 955; x_wconf 80' lang='lat' dir='ltr'><strong>innotescebat,</strong></span> 
     </span>
    </p>
   </div>
   <div class='ocr_carea' id='block_1_18' title="bbox 106 964 899 1003">
    <p class='ocr_par' dir='ltr' id='par_1_18' title="bbox 106 964 899 1003">
     <span class='ocr_line' id='line_1_18' title="bbox 106 964 899 1003; baseline 0.005 -12"><span class='ocrx_word' id='word_1_91' title='bbox 106 964 211 999; x_wconf 87' lang='lat' dir='ltr'><strong>quibus</strong></span> <span class='ocrx_word' id='word_1_92' title='bbox 229 965 362 994; x_wconf 81' lang='lat' dir='ltr'><strong>hactenus</strong></span> <span class='ocrx_word' id='word_1_93' title='bbox 382 967 493 1002; x_wconf 77' lang='lat' dir='ltr'><strong>ignotus</strong></span> <span class='ocrx_word' id='word_1_94' title='bbox 518 967 625 995; x_wconf 82' lang='lat' dir='ltr'><strong>fuisset.</strong></span> <span class='ocrx_word' id='word_1_95' title='bbox 650 968 728 1001; x_wconf 86' lang='lat' dir='ltr'><strong>Quod</strong></span> <span class='ocrx_word' id='word_1_96' title='bbox 754 974 899 1003; x_wconf 78' lang='lat' dir='ltr'><strong>superest,</strong></span> 
     </span>
    </p>
   </div>
   <div class='ocr_carea' id='block_1_19' title="bbox 107 1012 899 1049">
    <p class='ocr_par' dir='ltr' id='par_1_19' title="bbox 107 1012 899 1049">
     <span class='ocr_line' id='line_1_19' title="bbox 107 1012 899 1049; baseline 0.008 -13"><span class='ocrx_word' id='word_1_97' title='bbox 107 1017 176 1037; x_wconf 76' lang='lat' dir='ltr'><strong>Vcl‘a</strong></span> <span class='ocrx_word' id='word_1_98' title='bbox 191 1018 251 1038; x_wconf 87' lang='lat' dir='ltr'><strong>esse</strong></span> <span class='ocrx_word' id='word_1_99' title='bbox 265 1019 326 1046; x_wconf 72' lang='lat' dir='ltr'><strong>quae</strong></span> <span class='ocrx_word' id='word_1_100' title='bbox 338 1012 411 1044; x_wconf 83' lang='lat' dir='ltr'><strong>dico,</strong></span> <span class='ocrx_word' id='word_1_101' title='bbox 429 1012 557 1041; x_wconf 89' lang='lat' dir='ltr'><strong>Christus</strong></span> <span class='ocrx_word' id='word_1_102' title='bbox 571 1013 630 1048; x_wconf 90' lang='lat' dir='ltr'><strong>ipse</strong></span> <span class='ocrx_word' id='word_1_103' title='bbox 640 1032 648 1046; x_wconf 88' lang='lat'><strong>,</strong></span> <span class='ocrx_word' id='word_1_104' title='bbox 665 1014 710 1049; x_wconf 81' lang='lat' dir='ltr'><strong>qui</strong></span> <span class='ocrx_word' id='word_1_105' title='bbox 726 1015 828 1042; x_wconf 89' lang='lat' dir='ltr'><strong>veritas</strong></span> <span class='ocrx_word' id='word_1_106' title='bbox 841 1014 899 1049; x_wconf 88' lang='lat' dir='ltr'><strong>ipsa</strong></span> 
     </span>
    </p>
   </div>
   <div class='ocr_carea' id='block_1_20' title="bbox 106 1057 901 1095">
    <p class='ocr_par' dir='ltr' id='par_1_20' title="bbox 106 1057 901 1095">
     <span class='ocr_line' id='line_1_20' title="bbox 106 1057 901 1095; baseline 0.006 -13"><span class='ocrx_word' id='word_1_107' title='bbox 106 1061 161 1089; x_wconf 85' lang='lat' dir='ltr'><strong>est,</strong></span> <span class='ocrx_word' id='word_1_108' title='bbox 180 1057 223 1084; x_wconf 87' lang='lat' dir='ltr'><strong>his</strong></span> <span class='ocrx_word' id='word_1_109' title='bbox 237 1057 330 1085; x_wconf 86' lang='lat' dir='ltr'><strong>verbis</strong></span> <span class='ocrx_word' id='word_1_110' title='bbox 350 1058 429 1093; x_wconf 89' lang='lat' dir='ltr'><strong>plane</strong></span> <span class='ocrx_word' id='word_1_111' title='bbox 444 1060 534 1095; x_wconf 77' lang='lat' dir='ltr'><strong>arguit</strong></span> <span class='ocrx_word' id='word_1_112' title='bbox 550 1068 558 1087; x_wconf 84' lang='lat' dir='ltr'><em>z</em></span> <span class='ocrx_word' id='word_1_113' title='bbox 575 1060 640 1087; x_wconf 79' lang='lat' dir='ltr'><strong>Dico</strong></span> <span class='ocrx_word' id='word_1_114' title='bbox 654 1060 725 1087; x_wconf 86' lang='lat' dir='ltr'><strong>enim</strong></span> <span class='ocrx_word' id='word_1_115' title='bbox 742 1060 828 1093; x_wconf 77' lang='lat' dir='ltr'><strong>vobis,</strong></span> <span class='ocrx_word' id='word_1_116' title='bbox 850 1060 901 1087; x_wconf 83' lang='lat' dir='ltr'><strong>nisi</strong></span> 
     </span>
    </p>
   </div>
   <div class='ocr_carea' id='block_1_21' title="bbox 112 1104 899 1142">
    <p class='ocr_par' dir='ltr' id='par_1_21' title="bbox 112 1104 899 1142">
     <span class='ocr_line' id='line_1_21' title="bbox 112 1104 899 1142; baseline 0.008 -14"><span class='ocrx_word' id='word_1_117' title='bbox 112 1104 369 1137; x_wconf 75' lang='lat' dir='ltr'><strong>auperabundaverit</strong></span> <span class='ocrx_word' id='word_1_118' title='bbox 386 1106 494 1141; x_wconf 74' lang='lat' dir='ltr'><strong>justitia</strong></span> <span class='ocrx_word' id='word_1_119' title='bbox 525 1110 612 1134; x_wconf 74' lang='lat' dir='ltr'><strong>vestra</strong></span> <span class='ocrx_word' id='word_1_120' title='bbox 636 1107 696 1141; x_wconf 78' lang='lat' dir='ltr'><strong>plus</strong></span> <span class='ocrx_word' id='word_1_121' title='bbox 725 1115 804 1142; x_wconf 83' lang='lat' dir='ltr'><strong>quam</strong></span> <span class='ocrx_word' id='word_1_122' title='bbox 827 1106 899 1134; x_wconf 81' lang='lat' dir='ltr'><strong>Scri-</strong></span> 
     </span>
    </p>
   </div>
   <div class='ocr_carea' id='block_1_22' title="bbox 108 1146 900 1186">
    <p class='ocr_par' dir='ltr' id='par_1_22' title="bbox 108 1146 900 1186">
     <span class='ocr_line' id='line_1_22' title="bbox 108 1146 900 1186; baseline 0.006 -13"><span class='ocrx_word' id='word_1_123' title='bbox 108 1146 204 1175; x_wconf 70' lang='lat' dir='ltr'><strong>barum</strong></span> <span class='ocrx_word' id='word_1_124' title='bbox 227 1152 252 1175; x_wconf 80' lang='lat' dir='ltr'><strong>et</strong></span> <span class='ocrx_word' id='word_1_125' title='bbox 271 1149 486 1183; x_wconf 74' lang='lat' dir='ltr'><strong>Phariaworum,</strong></span> <span class='ocrx_word' id='word_1_126' title='bbox 508 1159 561 1178; x_wconf 80' lang='lat' dir='ltr'><strong>non</strong></span> <span class='ocrx_word' id='word_1_127' title='bbox 580 1151 712 1178; x_wconf 66' lang='lat' dir='ltr'><strong>innabilis</strong></span> <span class='ocrx_word' id='word_1_128' title='bbox 735 1152 763 1178; x_wconf 82' lang='lat' dir='ltr'><strong>in</strong></span> <span class='ocrx_word' id='word_1_129' title='bbox 790 1159 900 1186; x_wconf 82' lang='lat' dir='ltr'><strong>regnum</strong></span> 
     </span>
    </p>
   </div>
   <div class='ocr_carea' id='block_1_23' title="bbox 107 1192 896 1232">
    <p class='ocr_par' dir='ltr' id='par_1_23' title="bbox 107 1192 896 1232">
     <span class='ocr_line' id='line_1_23' title="bbox 107 1192 896 1232; baseline 0.006 -14"><span class='ocrx_word' id='word_1_130' title='bbox 107 1192 235 1221; x_wconf 74' lang='lat' dir='ltr'><strong>caelorum</strong></span> <span class='ocrx_word' id='word_1_131' title='bbox 251 1194 284 1222; x_wconf 77' lang='lat'><strong>&quot;.</strong></span> <span class='ocrx_word' id='word_1_132' title='bbox 302 1195 493 1231; x_wconf 82' lang='lat' dir='ltr'><strong>Hypocriticus</strong></span> <span class='ocrx_word' id='word_1_133' title='bbox 507 1204 589 1232; x_wconf 92' lang='lat' dir='ltr'><strong>porro</strong></span> <span class='ocrx_word' id='word_1_134' title='bbox 604 1197 782 1225; x_wconf 87' lang='lat' dir='ltr'><strong>traditionum</strong></span> <span class='ocrx_word' id='word_1_135' title='bbox 797 1197 896 1229; x_wconf 90' lang='lat' dir='ltr'><strong>cultus,</strong></span> 
     </span>
    </p>
   </div>
   <div class='ocr_carea' id='block_1_24' title="bbox 109 1238 898 1278">
    <p class='ocr_par' dir='ltr' id='par_1_24' title="bbox 109 1238 898 1278">
     <span class='ocr_line' id='line_1_24' title="bbox 109 1238 898 1278; baseline 0.006 -14"><span class='ocrx_word' id='word_1_136' title='bbox 109 1238 264 1272; x_wconf 89' lang='lat' dir='ltr'><strong>primorum</strong></span> <span class='ocrx_word' id='word_1_137' title='bbox 278 1242 456 1270; x_wconf 85' lang='lat' dir='ltr'><strong>accubituum</strong></span> <span class='ocrx_word' id='word_1_138' title='bbox 471 1250 557 1276; x_wconf 87' lang='lat' dir='ltr'><strong>amor,</strong></span> <span class='ocrx_word' id='word_1_139' title='bbox 571 1243 666 1278; x_wconf 69' lang='lat' dir='ltr'><strong>prima:</strong></span> <span class='ocrx_word' id='word_1_140' title='bbox 679 1243 753 1271; x_wconf 86' lang='lat' dir='ltr'><strong>sedis</strong></span> <span class='ocrx_word' id='word_1_141' title='bbox 773 1242 898 1276; x_wconf 84' lang='lat' dir='ltr'><strong>ambitio,</strong></span> 
     </span>
    </p>
   </div>
   <div class='ocr_carea' id='block_1_25' title="bbox 146 1296 683 1335">
    <p class='ocr_par' dir='ltr' id='par_1_25' title="bbox 146 1296 683 1335">
     <span class='ocr_line' id='line_1_25' title="bbox 146 1296 683 1335; baseline 0.009 -11"><span class='ocrx_word' id='word_1_142' title='bbox 146 1296 169 1314; x_wconf 79' lang='grc'><strong>⁸⁵</strong></span> <span class='ocrx_word' id='word_1_143' title='bbox 182 1297 278 1327; x_wconf 78' lang='lat' dir='ltr'><strong>Matth.</strong></span> <span class='ocrx_word' id='word_1_144' title='bbox 293 1308 318 1333; x_wconf 88' lang='lat' dir='ltr'><strong>v,</strong></span> <span class='ocrx_word' id='word_1_145' title='bbox 332 1300 377 1328; x_wconf 71' lang='lat'><strong>20.</strong></span> <span class='ocrx_word' id='word_1_146' title='bbox 415 1301 426 1317; x_wconf 87' lang='grc'>⁶</span> <span class='ocrx_word' id='word_1_147' title='bbox 437 1301 532 1329; x_wconf 74' lang='lat' dir='ltr'><strong>Matth.</strong></span> <span class='ocrx_word' id='word_1_148' title='bbox 546 1310 623 1335; x_wconf 65' lang='grc' dir='ltr'>χχιιι,</span> <span class='ocrx_word' id='word_1_149' title='bbox 641 1302 683 1329; x_wconf 78' lang='grc'><strong>15.</strong></span> 
     </span>
    </p>
   </div>
   <div class='ocr_carea' id='block_1_26' title="bbox 117 1372 159 1380">
    <p class='ocr_par' dir='ltr' id='par_1_26' title="bbox 117 1372 159 1380">
     <span class='ocr_line' id='line_1_26' title="bbox 117 1372 159 1380; baseline -0.024 0"><span class='ocrx_word' id='word_1_150' title='bbox 117 1372 159 1380; x_wconf 63' lang='grc' dir='ltr'><strong>οι.</strong></span> 
     </span>
    </p>
   </div>
   <div class='ocr_carea' id='block_1_27' title="bbox 161 1372 474 1385">
    <p class='ocr_par' dir='ltr' id='par_1_27' title="bbox 161 1372 474 1385">
     <span class='ocr_line' id='line_1_27' title="bbox 161 1372 474 1385; baseline 0 -5"><span class='ocrx_word' id='word_1_151' title='bbox 161 1372 474 1385; x_wconf 77' lang='lat'><strong>__.._____</strong></span> 
     </span>
    </p>
   </div>
   <div class='ocr_carea' id='block_1_28' title="bbox 475 1377 584 1385">
    <p class='ocr_par' dir='ltr' id='par_1_28' title="bbox 475 1377 584 1385">
     <span class='ocr_line' id='line_1_28' title="bbox 475 1377 584 1385; baseline 0 0"><span class='ocrx_word' id='word_1_152' title='bbox 475 1377 584 1385; x_wconf 54' lang='grc' dir='ltr'><strong>ν.-</strong></span> 
     </span>
    </p>
   </div>
   <div class='ocr_carea' id='block_1_29' title="bbox 745 134 1101 170">
    <p class='ocr_par' dir='ltr' id='par_1_29' title="bbox 745 134 1101 170">
     <span class='ocr_line' id='line_1_29' title="bbox 745 134 1101 170; baseline 0 -5"><span class='ocrx_word' id='word_1_153' title='bbox 745 134 1042 170; x_wconf 68' lang='lat' dir='ltr'><strong>THESAURLLIB.</strong></span> <span class='ocrx_word' id='word_1_154' title='bbox 1061 134 1101 165; x_wconf 88' lang='grc' dir='ltr'><strong>Π.</strong></span> 
     </span>
    </p>
   </div>
   <div class='ocr_carea' id='block_1_30' title="bbox 913 186 1737 225">
    <p class='ocr_par' dir='ltr' id='par_1_30' title="bbox 913 186 1737 225">
     <span class='ocr_line' id='line_1_30' title="bbox 913 186 1737 225; baseline -0.006 -7"><span class='ocrx_word' id='word_1_155' title='bbox 913 194 935 222; x_wconf 74' lang='grc' dir='ltr'>Α</span> <span class='ocrx_word' id='word_1_156' title='bbox 950 197 1046 225; x_wconf 83' lang='lat' dir='ltr'><strong>preces</strong></span> <span class='ocrx_word' id='word_1_157' title='bbox 1062 189 1161 217; x_wconf 86' lang='lat' dir='ltr'><strong>mediis</strong></span> <span class='ocrx_word' id='word_1_158' title='bbox 1176 188 1203 216; x_wconf 94' lang='lat' dir='ltr'><strong>in</strong></span> <span class='ocrx_word' id='word_1_159' title='bbox 1218 188 1316 225; x_wconf 82' lang='lat' dir='ltr'><strong>plateis</strong></span> <span class='ocrx_word' id='word_1_160' title='bbox 1327 188 1393 215; x_wconf 67' lang='lat' dir='ltr'><strong>fusa</strong></span> <span class='ocrx_word' id='word_1_161' title='bbox 1404 207 1412 220; x_wconf 93' lang='lat'><strong>,</strong></span> <span class='ocrx_word' id='word_1_162' title='bbox 1427 186 1599 223; x_wconf 82' lang='lat' dir='ltr'><strong>privatorum</strong></span> <span class='ocrx_word' id='word_1_163' title='bbox 1617 186 1737 221; x_wconf 82' lang='lat' dir='ltr'><strong>denique</strong></span> 
     </span>
    </p>
   </div>
   <div class='ocr_carea' id='block_1_31' title="bbox 1675 126 1741 160">
    <p class='ocr_par' dir='ltr' id='par_1_31' title="bbox 1675 126 1741 160">
     <span class='ocr_line' id='line_1_31' title="bbox 1675 126 1741 160; baseline 0.061 -3"><span class='ocrx_word' id='word_1_164' title='bbox 1675 126 1741 160; x_wconf 70' lang='lat'><strong>1226</strong></span> 
     </span>
    </p>
   </div>
   <div class='ocr_carea' id='block_1_32' title="bbox 948 231 1738 269">
    <p class='ocr_par' dir='ltr' id='par_1_32' title="bbox 948 231 1738 269">
     <span class='ocr_line' id='line_1_32' title="bbox 948 231 1738 269; baseline -0.006 -7"><span class='ocrx_word' id='word_1_165' title='bbox 948 235 1140 262; x_wconf 80' lang='lat' dir='ltr'><strong>mandatorum</strong></span> <span class='ocrx_word' id='word_1_166' title='bbox 1163 241 1220 269; x_wconf 82' lang='lat' dir='ltr'><strong>prae</strong></span> <span class='ocrx_word' id='word_1_167' title='bbox 1245 233 1347 262; x_wconf 84' lang='lat' dir='ltr'><strong>divinis</strong></span> <span class='ocrx_word' id='word_1_168' title='bbox 1372 232 1529 260; x_wconf 85' lang='lat' dir='ltr'><strong>observatio</strong></span> <span class='ocrx_word' id='word_1_169' title='bbox 1542 251 1550 264; x_wconf 91' lang='lat'><strong>,</strong></span> <span class='ocrx_word' id='word_1_170' title='bbox 1569 236 1652 266; x_wconf 87' lang='lat' dir='ltr'><strong>atque</strong></span> <span class='ocrx_word' id='word_1_171' title='bbox 1669 231 1738 258; x_wconf 88' lang='lat' dir='ltr'><strong>adeo</strong></span> 
     </span>
    </p>
   </div>
   <div class='ocr_carea' id='block_1_33' title="bbox 949 277 1739 315">
    <p class='ocr_par' dir='ltr' id='par_1_33' title="bbox 949 277 1739 315">
     <span class='ocr_line' id='line_1_33' title="bbox 949 277 1739 315; baseline -0.005 -7"><span class='ocrx_word' id='word_1_172' title='bbox 949 280 1188 308; x_wconf 83' lang='lat' dir='ltr'><strong>accuratissimum</strong></span> <span class='ocrx_word' id='word_1_173' title='bbox 1216 280 1373 315; x_wconf 73' lang='lat' dir='ltr'><strong>dogmatum</strong></span> <span class='ocrx_word' id='word_1_174' title='bbox 1392 285 1504 306; x_wconf 91' lang='lat' dir='ltr'><strong>suorum</strong></span> <span class='ocrx_word' id='word_1_175' title='bbox 1526 285 1581 312; x_wconf 63' lang='lat' dir='ltr'><strong>prie</strong></span> <span class='ocrx_word' id='word_1_176' title='bbox 1599 277 1647 304; x_wconf 90' lang='lat' dir='ltr'><strong>Dei</strong></span> <span class='ocrx_word' id='word_1_177' title='bbox 1669 285 1739 312; x_wconf 71' lang='lat' dir='ltr'><strong>pra:-</strong></span> 
     </span>
    </p>
   </div>
   <div class='ocr_carea' id='block_1_34' title="bbox 949 322 1738 360">
    <p class='ocr_par' dir='ltr' id='par_1_34' title="bbox 949 322 1738 360">
     <span class='ocr_line' id='line_1_34' title="bbox 949 322 1738 360; baseline -0.006 -7"><span class='ocrx_word' id='word_1_178' title='bbox 949 325 1037 360; x_wconf 85' lang='lat' dir='ltr'><strong>ceptis</strong></span> <span class='ocrx_word' id='word_1_179' title='bbox 1053 324 1185 357; x_wconf 83' lang='lat' dir='ltr'><strong>studium,</strong></span> <span class='ocrx_word' id='word_1_180' title='bbox 1199 329 1350 351; x_wconf 80' lang='lat' dir='ltr'><strong>extremam</strong></span> <span class='ocrx_word' id='word_1_181' title='bbox 1364 322 1548 358; x_wconf 89' lang='lat' dir='ltr'><strong>proculdubio</strong></span> <span class='ocrx_word' id='word_1_182' title='bbox 1562 322 1662 349; x_wconf 87' lang='lat' dir='ltr'><strong>animis</strong></span> <span class='ocrx_word' id='word_1_183' title='bbox 1686 322 1738 349; x_wconf 60' lang='lat' dir='ltr'><strong>ho.</strong></span> 
     </span>
    </p>
   </div>
   <div class='ocr_carea' id='block_1_35' title="bbox 949 367 1740 405">
    <p class='ocr_par' dir='ltr' id='par_1_35' title="bbox 949 367 1740 405">
     <span class='ocr_line' id='line_1_35' title="bbox 949 367 1740 405; baseline -0.005 -7"><span class='ocrx_word' id='word_1_184' title='bbox 949 371 1053 398; x_wconf 87' lang='lat' dir='ltr'><strong>minum</strong></span> <span class='ocrx_word' id='word_1_185' title='bbox 1075 370 1226 405; x_wconf 88' lang='lat' dir='ltr'><strong>perniciem</strong></span> <span class='ocrx_word' id='word_1_186' title='bbox 1251 369 1420 404; x_wconf 83' lang='lat' dir='ltr'><strong>exitiumque</strong></span> <span class='ocrx_word' id='word_1_187' title='bbox 1450 367 1571 396; x_wconf 76' lang='lat' dir='ltr'><strong>afferunt-</strong></span> <span class='ocrx_word' id='word_1_188' title='bbox 1591 376 1600 394; x_wconf 92' lang='lat'><strong>:</strong></span> <span class='ocrx_word' id='word_1_189' title='bbox 1620 371 1650 394; x_wconf 93' lang='lat' dir='ltr'><strong>ut</strong></span> <span class='ocrx_word' id='word_1_190' title='bbox 1673 367 1740 394; x_wconf 87' lang='lat' dir='ltr'><strong>satis</strong></span> 
     </span>
    </p>
   </div>
   <div class='ocr_carea' id='block_1_36' title="bbox 949 412 1739 450">
    <p class='ocr_par' dir='ltr' id='par_1_36' title="bbox 949 412 1739 450">
     <span class='ocr_line' id='line_1_36' title="bbox 949 412 1739 450; baseline -0.006 -6"><span class='ocrx_word' id='word_1_191' title='bbox 949 417 1007 444; x_wconf 71' lang='lat' dir='ltr'><strong>haec</strong></span> <span class='ocrx_word' id='word_1_192' title='bbox 1023 422 1162 450; x_wconf 86' lang='lat' dir='ltr'><strong>superque</strong></span> <span class='ocrx_word' id='word_1_193' title='bbox 1176 413 1365 448; x_wconf 84' lang='lat' dir='ltr'><strong>Theanthropi</strong></span> <span class='ocrx_word' id='word_1_194' title='bbox 1377 414 1460 441; x_wconf 87' lang='lat' dir='ltr'><strong>verba</strong></span> <span class='ocrx_word' id='word_1_195' title='bbox 1477 413 1615 440; x_wconf 86' lang='lat' dir='ltr'><strong>indicant:</strong></span> <span class='ocrx_word' id='word_1_196' title='bbox 1635 412 1679 440; x_wconf 69' lang='lat' dir='ltr'><strong>Va:</strong></span> <span class='ocrx_word' id='word_1_197' title='bbox 1694 421 1739 439; x_wconf 89' lang='grc' dir='ltr'><strong>υο-</strong></span> 
     </span>
    </p>
   </div>
   <div class='ocr_carea' id='block_1_37' title="bbox 949 459 1739 496">
    <p class='ocr_par' dir='ltr' id='par_1_37' title="bbox 949 459 1739 496">
     <span class='ocr_line' id='line_1_37' title="bbox 949 459 1739 496; baseline -0.005 -7"><span class='ocrx_word' id='word_1_198' title='bbox 949 463 997 496; x_wconf 71' lang='grc' dir='ltr'><strong>ωε,</strong></span> <span class='ocrx_word' id='word_1_199' title='bbox 1020 461 1153 488; x_wconf 71' lang='lat' dir='ltr'><strong>Phariswi</strong></span> <span class='ocrx_word' id='word_1_200' title='bbox 1171 461 1335 496; x_wconf 65' lang='lat' dir='ltr'><strong>hypocrita,</strong></span> <span class='ocrx_word' id='word_1_201' title='bbox 1363 460 1426 495; x_wconf 83' lang='lat' dir='ltr'><strong>quia</strong></span> <span class='ocrx_word' id='word_1_202' title='bbox 1450 459 1584 486; x_wconf 79' lang='lat' dir='ltr'><strong>mundatis</strong></span> <span class='ocrx_word' id='word_1_203' title='bbox 1607 459 1739 485; x_wconf 69' lang='lat' dir='ltr'><strong>exteriora</strong></span> 
     </span>
    </p>
   </div>
   <div class='ocr_carea' id='block_1_38' title="bbox 949 504 1741 543">
    <p class='ocr_par' dir='ltr' id='par_1_38' title="bbox 949 504 1741 543">
     <span class='ocr_line' id='line_1_38' title="bbox 949 504 1741 543; baseline -0.006 -8"><span class='ocrx_word' id='word_1_204' title='bbox 949 507 1039 535; x_wconf 67' lang='grc' dir='ltr'><strong><em>διιΙὶάὲ</em></strong></span> <span class='ocrx_word' id='word_1_205' title='bbox 1063 512 1089 535; x_wconf 81' lang='lat' dir='ltr'><strong>et</strong></span> <span class='ocrx_word' id='word_1_206' title='bbox 1116 507 1265 543; x_wconf 73' lang='lat' dir='ltr'><strong>paropsidt&#39;s</strong></span> <span class='ocrx_word' id='word_1_207' title='bbox 1279 527 1287 539; x_wconf 91' lang='lat'><strong>,</strong></span> <span class='ocrx_word' id='word_1_208' title='bbox 1308 506 1437 533; x_wconf 80' lang='lat' dir='ltr'><strong>interiora</strong></span> <span class='ocrx_word' id='word_1_209' title='bbox 1461 509 1552 532; x_wconf 82' lang='lat' dir='ltr'><strong>autem</strong></span> <span class='ocrx_word' id='word_1_210' title='bbox 1577 504 1655 540; x_wconf 81' lang='lat' dir='ltr'><strong>plena</strong></span> <span class='ocrx_word' id='word_1_211' title='bbox 1679 508 1741 530; x_wconf 70' lang='lat' dir='ltr'><strong>sunt</strong></span> 
     </span>
    </p>
   </div>
   <div class='ocr_carea' id='block_1_39' title="bbox 950 549 1742 589">
    <p class='ocr_par' dir='ltr' id='par_1_39' title="bbox 950 549 1742 589">
     <span class='ocr_line' id='line_1_39' title="bbox 950 549 1742 589; baseline -0.005 -9"><span class='ocrx_word' id='word_1_212' title='bbox 950 554 1047 589; x_wconf 83' lang='lat' dir='ltr'><strong>rapina</strong></span> <span class='ocrx_word' id='word_1_213' title='bbox 1063 558 1087 580; x_wconf 84' lang='lat' dir='ltr'><strong>et</strong></span> <span class='ocrx_word' id='word_1_214' title='bbox 1100 553 1245 589; x_wconf 82' lang='lat' dir='ltr'><strong>injustitia.</strong></span> <span class='ocrx_word' id='word_1_215' title='bbox 1263 553 1343 585; x_wconf 90' lang='lat' dir='ltr'><strong>ltem,</strong></span> <span class='ocrx_word' id='word_1_216' title='bbox 1359 551 1404 579; x_wconf 69' lang='lat' dir='ltr'><strong>Vn:</strong></span> <span class='ocrx_word' id='word_1_217' title='bbox 1417 551 1500 583; x_wconf 76' lang='lat' dir='ltr'><strong>vobis,</strong></span> <span class='ocrx_word' id='word_1_218' title='bbox 1513 550 1611 578; x_wconf 70' lang='lat' dir='ltr'><strong>Scribat</strong></span> <span class='ocrx_word' id='word_1_219' title='bbox 1628 554 1653 576; x_wconf 85' lang='lat' dir='ltr'><strong>et</strong></span> <span class='ocrx_word' id='word_1_220' title='bbox 1672 549 1742 576; x_wconf 87' lang='lat' dir='ltr'><strong>Pha-</strong></span> 
     </span>
    </p>
   </div>
   <div class='ocr_carea' id='block_1_40' title="bbox 949 595 1740 634">
    <p class='ocr_par' dir='ltr' id='par_1_40' title="bbox 949 595 1740 634">
     <span class='ocr_line' id='line_1_40' title="bbox 949 595 1740 634; baseline -0.009 -7"><span class='ocrx_word' id='word_1_221' title='bbox 949 600 1020 626; x_wconf 76' lang='lat' dir='ltr'><strong>ristei</strong></span> <span class='ocrx_word' id='word_1_222' title='bbox 1032 599 1185 634; x_wconf 68' lang='lat' dir='ltr'><strong>hypocrita,</strong></span> <span class='ocrx_word' id='word_1_223' title='bbox 1199 599 1263 634; x_wconf 83' lang='lat' dir='ltr'><strong>quia</strong></span> <span class='ocrx_word' id='word_1_224' title='bbox 1281 597 1419 624; x_wconf 70' lang='lat' dir='ltr'><strong>decimatis</strong></span> <span class='ocrx_word' id='word_1_225' title='bbox 1440 597 1586 628; x_wconf 74' lang='lat' dir='ltr'><strong>mentitam,</strong></span> <span class='ocrx_word' id='word_1_226' title='bbox 1602 595 1740 625; x_wconf 83' lang='lat' dir='ltr'><strong>anethum,</strong></span> 
     </span>
    </p>
   </div>
   <div class='ocr_carea' id='block_1_41' title="bbox 950 641 1741 681">
    <p class='ocr_par' dir='ltr' id='par_1_41' title="bbox 950 641 1741 681">
     <span class='ocr_line' id='line_1_41' title="bbox 950 641 1741 681; baseline -0.009 -8"><span class='ocrx_word' id='word_1_227' title='bbox 950 649 976 674; x_wconf 78' lang='lat' dir='ltr'><strong>et</strong></span> <span class='ocrx_word' id='word_1_228' title='bbox 995 646 1128 681; x_wconf 82' lang='lat' dir='ltr'><strong>cyminum</strong></span> <span class='ocrx_word' id='word_1_229' title='bbox 1144 652 1153 672; x_wconf 91' lang='lat'><em>:</em></span> <span class='ocrx_word' id='word_1_230' title='bbox 1169 650 1193 671; x_wconf 85' lang='lat' dir='ltr'><strong>et</strong></span> <span class='ocrx_word' id='word_1_231' title='bbox 1215 644 1358 679; x_wconf 71' lang='lat' dir='ltr'><strong>reliquistis</strong></span> <span class='ocrx_word' id='word_1_232' title='bbox 1371 651 1430 679; x_wconf 69' lang='lat' dir='ltr'><strong>qua:</strong></span> <span class='ocrx_word' id='word_1_233' title='bbox 1445 643 1571 678; x_wconf 84' lang='lat' dir='ltr'><strong>grauiora</strong></span> <span class='ocrx_word' id='word_1_234' title='bbox 1589 646 1651 668; x_wconf 75' lang='lat' dir='ltr'><strong>sunt</strong></span> <span class='ocrx_word' id='word_1_235' title='bbox 1666 641 1741 675; x_wconf 77' lang='lat' dir='ltr'><strong>legis,</strong></span> 
     </span>
    </p>
   </div>
   <div class='ocr_carea' id='block_1_42' title="bbox 947 687 1742 726">
    <p class='ocr_par' dir='ltr' id='par_1_42' title="bbox 947 687 1742 726">
     <span class='ocr_line' id='line_1_42' title="bbox 947 687 1742 726; baseline -0.006 -8"><span class='ocrx_word' id='word_1_236' title='bbox 947 692 1088 726; x_wconf 79' lang='lat' dir='ltr'><strong>judicium,</strong></span> <span class='ocrx_word' id='word_1_237' title='bbox 1108 696 1133 718; x_wconf 77' lang='lat' dir='ltr'><strong>et</strong></span> <span class='ocrx_word' id='word_1_238' title='bbox 1147 690 1373 723; x_wconf 72' lang='lat' dir='ltr'><strong>misericordiam,</strong></span> <span class='ocrx_word' id='word_1_239' title='bbox 1393 694 1417 717; x_wconf 84' lang='lat' dir='ltr'><strong>et</strong></span> <span class='ocrx_word' id='word_1_240' title='bbox 1439 689 1529 720; x_wconf 78' lang='lat' dir='ltr'><strong>ﬁdem.</strong></span> <span class='ocrx_word' id='word_1_241' title='bbox 1551 688 1612 715; x_wconf 62' lang='lat' dir='ltr'><strong>Hec</strong></span> <span class='ocrx_word' id='word_1_242' title='bbox 1626 687 1742 722; x_wconf 83' lang='lat' dir='ltr'><strong>oportuit</strong></span> 
     </span>
    </p>
   </div>
   <div class='ocr_carea' id='block_1_43' title="bbox 951 732 1742 772">
    <p class='ocr_par' dir='ltr' id='par_1_43' title="bbox 951 732 1742 772">
     <span class='ocr_line' id='line_1_43' title="bbox 951 732 1742 772; baseline -0.01 -7"><span class='ocrx_word' id='word_1_243' title='bbox 951 737 1048 772; x_wconf 80' lang='lat' dir='ltr'><strong>facere.</strong></span> <span class='ocrx_word' id='word_1_244' title='bbox 1068 740 1093 763; x_wconf 80' lang='lat' dir='ltr'><strong>et</strong></span> <span class='ocrx_word' id='word_1_245' title='bbox 1123 736 1172 764; x_wconf 82' lang='lat' dir='ltr'><strong>illa</strong></span> <span class='ocrx_word' id='word_1_246' title='bbox 1194 743 1246 763; x_wconf 85' lang='lat' dir='ltr'><strong>non</strong></span> <span class='ocrx_word' id='word_1_247' title='bbox 1277 733 1399 762; x_wconf 70' lang='lat' dir='ltr'><strong>omittere</strong></span> <span class='ocrx_word' id='word_1_248' title='bbox 1414 734 1434 761; x_wconf 83' lang='grc'><strong>⁸.</strong></span> <span class='ocrx_word' id='word_1_249' title='bbox 1458 734 1548 768; x_wconf 85' lang='lat' dir='ltr'><strong>Atque</strong></span> <span class='ocrx_word' id='word_1_250' title='bbox 1572 732 1631 759; x_wconf 71' lang='lat' dir='ltr'><strong>haec</strong></span> <span class='ocrx_word' id='word_1_251' title='bbox 1658 736 1742 763; x_wconf 89' lang='lat' dir='ltr'><strong>sunt,</strong></span> 
     </span>
    </p>
   </div>
   <div class='ocr_carea' id='block_1_44' title="bbox 951 777 1742 818">
    <p class='ocr_par' dir='ltr' id='par_1_44' title="bbox 951 777 1742 818">
     <span class='ocr_line' id='line_1_44' title="bbox 951 777 1742 818; baseline -0.009 -8"><span class='ocrx_word' id='word_1_252' title='bbox 951 784 1073 818; x_wconf 85' lang='lat' dir='ltr'><strong>inquam,</strong></span> <span class='ocrx_word' id='word_1_253' title='bbox 1088 782 1117 810; x_wconf 94' lang='lat' dir='ltr'><strong>in</strong></span> <span class='ocrx_word' id='word_1_254' title='bbox 1138 781 1240 817; x_wconf 91' lang='lat' dir='ltr'><strong>quibus</strong></span> <span class='ocrx_word' id='word_1_255' title='bbox 1256 785 1320 808; x_wconf 84' lang='lat' dir='ltr'><strong>ante</strong></span> <span class='ocrx_word' id='word_1_256' title='bbox 1334 779 1437 807; x_wconf 87' lang='lat' dir='ltr'><strong>Christi</strong></span> <span class='ocrx_word' id='word_1_257' title='bbox 1454 779 1482 806; x_wconf 94' lang='lat' dir='ltr'><strong>in</strong></span> <span class='ocrx_word' id='word_1_258' title='bbox 1496 785 1578 806; x_wconf 84' lang='lat' dir='ltr'><strong>carne</strong></span> <span class='ocrx_word' id='word_1_259' title='bbox 1594 777 1742 805; x_wconf 83' lang='lat' dir='ltr'><strong>adventum</strong></span> 
     </span>
    </p>
   </div>
   <div class='ocr_carea' id='block_1_45' title="bbox 951 826 1742 864">
    <p class='ocr_par' dir='ltr' id='par_1_45' title="bbox 951 826 1742 864">
     <span class='ocr_line' id='line_1_45' title="bbox 951 826 1742 864; baseline -0.01 -8"><span class='ocrx_word' id='word_1_260' title='bbox 951 837 966 856; x_wconf 88' lang='lat' dir='ltr'><strong>a</strong></span> <span class='ocrx_word' id='word_1_261' title='bbox 981 829 1040 864; x_wconf 78' lang='lat' dir='ltr'><strong>lege</strong></span> <span class='ocrx_word' id='word_1_262' title='bbox 1054 828 1147 855; x_wconf 85' lang='lat' dir='ltr'><strong>divina</strong></span> <span class='ocrx_word' id='word_1_263' title='bbox 1162 828 1317 854; x_wconf 88' lang='lat' dir='ltr'><strong>aberratum</strong></span> <span class='ocrx_word' id='word_1_264' title='bbox 1334 829 1388 858; x_wconf 84' lang='lat' dir='ltr'><strong>est,</strong></span> <span class='ocrx_word' id='word_1_265' title='bbox 1418 826 1548 852; x_wconf 80' lang='lat' dir='ltr'><strong>caeterum</strong></span> <span class='ocrx_word' id='word_1_266' title='bbox 1564 828 1742 858; x_wconf 83' lang='lat' dir='ltr'><strong>posteaquam</strong></span> 
     </span>
    </p>
   </div>
   <div class='ocr_carea' id='block_1_46' title="bbox 951 869 1743 910">
    <p class='ocr_par' dir='ltr' id='par_1_46' title="bbox 951 869 1743 910">
     <span class='ocr_line' id='line_1_46' title="bbox 951 869 1743 910; baseline -0.01 -7"><span class='ocrx_word' id='word_1_267' title='bbox 951 876 997 903; x_wconf 91' lang='lat' dir='ltr'><strong>ille</strong></span> <span class='ocrx_word' id='word_1_268' title='bbox 1012 876 1112 910; x_wconf 78' lang='lat' dir='ltr'><strong>corpus</strong></span> <span class='ocrx_word' id='word_1_269' title='bbox 1134 874 1285 901; x_wconf 87' lang='lat' dir='ltr'><strong>humanum</strong></span> <span class='ocrx_word' id='word_1_270' title='bbox 1308 871 1476 906; x_wconf 84' lang='lat' dir='ltr'><strong>assumpsit,</strong></span> <span class='ocrx_word' id='word_1_271' title='bbox 1502 878 1518 897; x_wconf 88' lang='lat' dir='ltr'><strong>a</strong></span> <span class='ocrx_word' id='word_1_272' title='bbox 1543 869 1661 896; x_wconf 89' lang='lat' dir='ltr'><strong>mortuis</strong></span> <span class='ocrx_word' id='word_1_273' title='bbox 1682 876 1743 896; x_wconf 88' lang='lat' dir='ltr'><strong>sur-</strong></span> 
     </span>
    </p>
   </div>
   <div class='ocr_carea' id='block_1_47' title="bbox 950 914 1740 953">
    <p class='ocr_par' dir='ltr' id='par_1_47' title="bbox 950 914 1740 953">
     <span class='ocr_line' id='line_1_47' title="bbox 950 914 1740 953; baseline -0.01 -5"><span class='ocrx_word' id='word_1_274' title='bbox 950 921 1031 953; x_wconf 82' lang='lat' dir='ltr'><strong>rexit,</strong></span> <span class='ocrx_word' id='word_1_275' title='bbox 1048 922 1075 947; x_wconf 90' lang='lat' dir='ltr'><strong>in</strong></span> <span class='ocrx_word' id='word_1_276' title='bbox 1096 919 1180 947; x_wconf 76' lang='lat' dir='ltr'><strong>ctelos</strong></span> <span class='ocrx_word' id='word_1_277' title='bbox 1196 918 1341 951; x_wconf 87' lang='lat' dir='ltr'><strong>ascendit,</strong></span> <span class='ocrx_word' id='word_1_278' title='bbox 1358 916 1475 952; x_wconf 86' lang='lat' dir='ltr'><strong>apostoli</strong></span> <span class='ocrx_word' id='word_1_279' title='bbox 1492 915 1612 950; x_wconf 87' lang='lat' dir='ltr'><strong>denique</strong></span> <span class='ocrx_word' id='word_1_280' title='bbox 1630 921 1680 949; x_wconf 90' lang='lat' dir='ltr'><strong>per</strong></span> <span class='ocrx_word' id='word_1_281' title='bbox 1693 914 1740 940; x_wconf 89' lang='lat' dir='ltr'><strong>ho-</strong></span> 
     </span>
    </p>
   </div>
   <div class='ocr_carea' id='block_1_48' title="bbox 950 960 1742 1000">
    <p class='ocr_par' dir='ltr' id='par_1_48' title="bbox 950 960 1742 1000">
     <span class='ocr_line' id='line_1_48' title="bbox 950 960 1742 1000; baseline -0.01 -6"><span class='ocrx_word' id='word_1_282' title='bbox 950 967 1056 994; x_wconf 90' lang='lat' dir='ltr'><strong>minum</strong></span> <span class='ocrx_word' id='word_1_283' title='bbox 1069 966 1196 993; x_wconf 86' lang='lat' dir='ltr'><strong>nationes</strong></span> <span class='ocrx_word' id='word_1_284' title='bbox 1208 964 1326 1000; x_wconf 86' lang='lat' dir='ltr'><strong>dispersi</strong></span> <span class='ocrx_word' id='word_1_285' title='bbox 1340 968 1415 996; x_wconf 85' lang='lat' dir='ltr'><strong>sunt,</strong></span> <span class='ocrx_word' id='word_1_286' title='bbox 1432 962 1584 990; x_wconf 79' lang='lat' dir='ltr'><strong>innumerae</strong></span> <span class='ocrx_word' id='word_1_287' title='bbox 1597 960 1742 996; x_wconf 78' lang='lat' dir='ltr'><strong>opiniones</strong></span> 
     </span>
    </p>
   </div>
   <div class='ocr_carea' id='block_1_49' title="bbox 951 1004 1743 1046">
    <p class='ocr_par' dir='ltr' id='par_1_49' title="bbox 951 1004 1743 1046">
     <span class='ocr_line' id='line_1_49' title="bbox 951 1004 1743 1046; baseline -0.01 -6"><span class='ocrx_word' id='word_1_288' title='bbox 951 1013 984 1040; x_wconf 87' lang='lat' dir='ltr'><strong>ab</strong></span> <span class='ocrx_word' id='word_1_289' title='bbox 999 1005 1159 1040; x_wconf 69' lang='lat' dir='ltr'><strong>orthodoxa:</strong></span> <span class='ocrx_word' id='word_1_290' title='bbox 1175 1011 1238 1038; x_wconf 86' lang='lat' dir='ltr'><strong>ﬁdei</strong></span> <span class='ocrx_word' id='word_1_291' title='bbox 1255 1010 1346 1046; x_wconf 72' lang='lat' dir='ltr'><strong>regula</strong></span> <span class='ocrx_word' id='word_1_292' title='bbox 1362 1009 1494 1042; x_wconf 64' lang='lat' dir='ltr'><strong>diversae,</strong></span> <span class='ocrx_word' id='word_1_293' title='bbox 1510 1007 1603 1035; x_wconf 86' lang='lat' dir='ltr'><strong>studio</strong></span> <span class='ocrx_word' id='word_1_294' title='bbox 1618 1007 1677 1042; x_wconf 87' lang='lat' dir='ltr'><strong>ejus</strong></span> <span class='ocrx_word' id='word_1_295' title='bbox 1696 1004 1743 1040; x_wconf 87' lang='lat' dir='ltr'><strong>qui</strong></span> 
     </span>
    </p>
   </div>
   <div class='ocr_carea' id='block_1_50' title="bbox 951 1051 1742 1088">
    <p class='ocr_par' dir='ltr' id='par_1_50' title="bbox 951 1051 1742 1088">
     <span class='ocr_line' id='line_1_50' title="bbox 951 1051 1742 1088; baseline -0.009 -3"><span class='ocrx_word' id='word_1_296' title='bbox 951 1058 1055 1085; x_wconf 81' lang='lat' dir='ltr'><strong>zizania</strong></span> <span class='ocrx_word' id='word_1_297' title='bbox 1084 1057 1266 1084; x_wconf 79' lang='lat' dir='ltr'><strong>disSeminare</strong></span> <span class='ocrx_word' id='word_1_298' title='bbox 1294 1056 1381 1088; x_wconf 64' lang='lat' dir='ltr'><strong>Solet,</strong></span> <span class='ocrx_word' id='word_1_299' title='bbox 1410 1058 1513 1082; x_wconf 59' lang='lat' dir='ltr'><strong>exortae</strong></span> <span class='ocrx_word' id='word_1_300' title='bbox 1537 1057 1614 1081; x_wconf 90' lang='lat' dir='ltr'><strong>sunt.</strong></span> <span class='ocrx_word' id='word_1_301' title='bbox 1647 1051 1742 1087; x_wconf 69' lang='lat' dir='ltr'><strong>Operae</strong></span> 
     </span>
    </p>
   </div>
   <div class='ocr_carea' id='block_1_51' title="bbox 953 1098 1742 1138">
    <p class='ocr_par' dir='ltr' id='par_1_51' title="bbox 953 1098 1742 1138">
     <span class='ocr_line' id='line_1_51' title="bbox 953 1098 1742 1138; baseline -0.011 -6"><span class='ocrx_word' id='word_1_302' title='bbox 953 1109 1044 1132; x_wconf 84' lang='lat' dir='ltr'><strong>autem</strong></span> <span class='ocrx_word' id='word_1_303' title='bbox 1057 1103 1174 1138; x_wconf 86' lang='lat' dir='ltr'><strong>pretium</strong></span> <span class='ocrx_word' id='word_1_304' title='bbox 1194 1109 1238 1130; x_wconf 89' lang='lat' dir='ltr'><strong>me</strong></span> <span class='ocrx_word' id='word_1_305' title='bbox 1253 1102 1391 1129; x_wconf 82' lang='lat' dir='ltr'><strong>facturum</strong></span> <span class='ocrx_word' id='word_1_306' title='bbox 1412 1101 1557 1132; x_wconf 83' lang='lat' dir='ltr'><strong>existimo,</strong></span> <span class='ocrx_word' id='word_1_307' title='bbox 1573 1099 1596 1126; x_wconf 87' lang='lat' dir='ltr'><strong>si</strong></span> <span class='ocrx_word' id='word_1_308' title='bbox 1623 1098 1742 1133; x_wconf 84' lang='lat' dir='ltr'><strong>primum</strong></span> 
     </span>
    </p>
   </div>
   <div class='ocr_carea' id='block_1_52' title="bbox 953 1144 1741 1180">
    <p class='ocr_par' dir='ltr' id='par_1_52' title="bbox 953 1144 1741 1180">
     <span class='ocr_line' id='line_1_52' title="bbox 953 1144 1741 1180; baseline -0.01 -3"><span class='ocrx_word' id='word_1_309' title='bbox 953 1150 987 1177; x_wconf 91' lang='lat' dir='ltr'><strong>de</strong></span> <span class='ocrx_word' id='word_1_310' title='bbox 1004 1154 1099 1177; x_wconf 89' lang='lat' dir='ltr'><strong>sancta</strong></span> <span class='ocrx_word' id='word_1_311' title='bbox 1117 1149 1252 1176; x_wconf 83' lang='lat' dir='ltr'><strong>Trinitate</strong></span> <span class='ocrx_word' id='word_1_312' title='bbox 1266 1148 1410 1180; x_wconf 82' lang='lat' dir='ltr'><strong>disseram,</strong></span> <span class='ocrx_word' id='word_1_313' title='bbox 1434 1151 1492 1174; x_wconf 89' lang='lat' dir='ltr'><strong>tum</strong></span> <span class='ocrx_word' id='word_1_314' title='bbox 1509 1144 1608 1173; x_wconf 87' lang='lat' dir='ltr'><strong>deinde</strong></span> <span class='ocrx_word' id='word_1_315' title='bbox 1627 1144 1741 1170; x_wconf 76' lang='lat' dir='ltr'><strong>haereses</strong></span> 
     </span>
    </p>
   </div>
   <div class='ocr_carea' id='block_1_53' title="bbox 953 1190 1741 1231">
    <p class='ocr_par' dir='ltr' id='par_1_53' title="bbox 953 1190 1741 1231">
     <span class='ocr_line' id='line_1_53' title="bbox 953 1190 1741 1231; baseline -0.009 -8"><span class='ocrx_word' id='word_1_316' title='bbox 953 1196 1026 1231; x_wconf 84' lang='lat' dir='ltr'><strong>ipsas</strong></span> <span class='ocrx_word' id='word_1_317' title='bbox 1040 1198 1169 1227; x_wconf 66' lang='lat' dir='ltr'><strong>alteram,</strong></span> <span class='ocrx_word' id='word_1_318' title='bbox 1186 1202 1239 1222; x_wconf 90' lang='lat' dir='ltr'><strong>una</strong></span> <span class='ocrx_word' id='word_1_319' title='bbox 1255 1202 1317 1221; x_wconf 87' lang='lat' dir='ltr'><strong>cum</strong></span> <span class='ocrx_word' id='word_1_320' title='bbox 1332 1190 1366 1221; x_wconf 88' lang='lat' dir='ltr'><strong>iis</strong></span> <span class='ocrx_word' id='word_1_321' title='bbox 1378 1200 1439 1228; x_wconf 78' lang='lat' dir='ltr'><strong>qua:</strong></span> <span class='ocrx_word' id='word_1_322' title='bbox 1454 1192 1586 1220; x_wconf 87' lang='lat' dir='ltr'><strong>adversus</strong></span> <span class='ocrx_word' id='word_1_323' title='bbox 1600 1190 1660 1218; x_wconf 85' lang='lat' dir='ltr'><strong>illas</strong></span> <span class='ocrx_word' id='word_1_324' title='bbox 1671 1197 1686 1217; x_wconf 90' lang='lat' dir='ltr'><strong>a</strong></span> <span class='ocrx_word' id='word_1_325' title='bbox 1699 1195 1741 1216; x_wconf 84' lang='lat' dir='ltr'><strong>me</strong></span> 
     </span>
    </p>
   </div>
   <div class='ocr_carea' id='block_1_54' title="bbox 954 1242 1666 1277">
    <p class='ocr_par' dir='ltr' id='par_1_54' title="bbox 954 1242 1666 1277">
     <span class='ocr_line' id='line_1_54' title="bbox 954 1242 1666 1277; baseline -0.01 -7"><span class='ocrx_word' id='word_1_326' title='bbox 954 1242 1111 1277; x_wconf 74' lang='lat' dir='ltr'><strong>cc‘msc‘rip’ta</strong></span> <span class='ocrx_word' id='word_1_327' title='bbox 1129 1247 1204 1269; x_wconf 86' lang='lat' dir='ltr'><strong>sunt.</strong></span> <span class='ocrx_word' id='word_1_328' title='bbox 1663 1243 1666 1246; x_wconf 77' lang='grc'><strong>’</strong></span> 
     </span>
    </p>
   </div>
   <div class='ocr_carea' id='block_1_55' title="bbox 456 1463 1408 1544">
    <p class='ocr_par' dir='ltr' id='par_1_55' title="bbox 456 1463 1408 1544">
     <span class='ocr_line' id='line_1_55' title="bbox 456 1463 1408 1544; baseline 0.004 -4"><span class='ocrx_word' id='word_1_329' title='bbox 456 1464 833 1541; x_wconf 69' lang='grc' dir='ltr'><strong>ΝΙΟΕΤλίΕ</strong></span> <span class='ocrx_word' id='word_1_330' title='bbox 891 1463 1408 1544; x_wconf 71' lang='grc' dir='ltr'><strong>ΟΗΟΝΙΑΤιίΕ</strong></span> 
     </span>
    </p>
   </div>
   <div class='ocr_carea' id='block_1_56' title="bbox 363 1605 1494 1666">
    <p class='ocr_par' dir='ltr' id='par_1_56' title="bbox 363 1605 1494 1666">
     <span class='ocr_line' id='line_1_56' title="bbox 363 1605 1494 1666; baseline 0.004 -5"><span class='ocrx_word' id='word_1_331' title='bbox 363 1606 723 1664; x_wconf 82' lang='lat' dir='ltr'><strong>THESAURI</strong></span> <span class='ocrx_word' id='word_1_332' title='bbox 777 1605 1246 1664; x_wconf 67' lang='lat' dir='ltr'><strong>ORTHODOX/E</strong></span> <span class='ocrx_word' id='word_1_333' title='bbox 1299 1606 1494 1666; x_wconf 84' lang='lat' dir='ltr'><strong>FIDEI</strong></span> 
     </span>
    </p>
   </div>
   <div class='ocr_carea' id='block_1_57' title="bbox 658 1719 1200 1772">
    <p class='ocr_par' dir='ltr' id='par_1_57' title="bbox 658 1719 1200 1772">
     <span class='ocr_line' id='line_1_57' title="bbox 658 1719 1200 1772; baseline 0.002 -3"><span class='ocrx_word' id='word_1_334' title='bbox 658 1723 837 1770; x_wconf 83' lang='lat' dir='ltr'><strong>LIBER</strong></span> <span class='ocrx_word' id='word_1_335' title='bbox 874 1719 1200 1772; x_wconf 81' lang='lat' dir='ltr'><strong>SECUNDUS.</strong></span> 
     </span>
    </p>
   </div>
   <div class='ocr_carea' id='block_1_58' title="bbox 527 1822 1320 1861">
    <p class='ocr_par' dir='ltr' id='par_1_58' title="bbox 527 1822 1320 1861">
     <span class='ocr_line' id='line_1_58' title="bbox 527 1822 1320 1861; baseline 0.003 -8"><span class='ocrx_word' id='word_1_336' title='bbox 527 1822 575 1853; x_wconf 89' lang='lat' dir='ltr'><strong>De</strong></span> <span class='ocrx_word' id='word_1_337' title='bbox 596 1825 705 1853; x_wconf 79' lang='lat' dir='ltr'><strong>sancta</strong></span> <span class='ocrx_word' id='word_1_338' title='bbox 721 1822 890 1860; x_wconf 82' lang='lat' dir='ltr'><strong>Trinitate,</strong></span> <span class='ocrx_word' id='word_1_339' title='bbox 907 1822 1043 1861; x_wconf 80' lang='lat' dir='ltr'><strong>Angelis</strong></span> <span class='ocrx_word' id='word_1_340' title='bbox 1066 1827 1099 1855; x_wconf 83' lang='lat' dir='ltr'><strong>et</strong></span> <span class='ocrx_word' id='word_1_341' title='bbox 1117 1822 1320 1855; x_wconf 87' lang='lat' dir='ltr'><strong>hominibus.</strong></span> 
     </span>
    </p>
   </div>
   <div class='ocr_carea' id='block_1_59' title="bbox 438 1983 566 2013">
    <p class='ocr_par' dir='ltr' id='par_1_59' title="bbox 438 1983 566 2013">
     <span class='ocr_line' id='line_1_59' title="bbox 438 1983 566 2013; baseline 0 -1"><span class='ocrx_word' id='word_1_342' title='bbox 438 1983 515 2012; x_wconf 86' lang='lat' dir='ltr'><strong>CAP.</strong></span> <span class='ocrx_word' id='word_1_343' title='bbox 544 1984 566 2013; x_wconf 83' lang='lat' dir='ltr'><strong>l.</strong></span> 
     </span>
    </p>
   </div>
   <div class='ocr_carea' id='block_1_60' title="bbox 151 2030 866 2071">
    <p class='ocr_par' dir='ltr' id='par_1_60' title="bbox 151 2030 866 2071">
     <span class='ocr_line' id='line_1_60' title="bbox 151 2030 866 2071; baseline 0.001 -13"><span class='ocrx_word' id='word_1_344' title='bbox 151 2031 224 2066; x_wconf 75' lang='lat' dir='ltr'><strong>Quod</strong></span> <span class='ocrx_word' id='word_1_345' title='bbox 243 2030 370 2059; x_wconf 76' lang='lat' dir='ltr'><strong>diuinitas</strong></span> <span class='ocrx_word' id='word_1_346' title='bbox 388 2030 578 2071; x_wconf 67' lang='lat' dir='ltr'><strong>triahypostala</strong></span> <span class='ocrx_word' id='word_1_347' title='bbox 598 2031 648 2064; x_wconf 71' lang='lat' dir='ltr'><strong>ait,</strong></span> <span class='ocrx_word' id='word_1_348' title='bbox 664 2031 712 2058; x_wconf 81' lang='lat' dir='ltr'><strong>hoc</strong></span> <span class='ocrx_word' id='word_1_349' title='bbox 726 2035 763 2058; x_wconf 69' lang='lat' dir='ltr'><strong>est</strong></span> <span class='ocrx_word' id='word_1_350' title='bbox 784 2031 866 2060; x_wconf 72' lang='lat' dir='ltr'><strong>tribus</strong></span> 
     </span>
    </p>
   </div>
   <div class='ocr_carea' id='block_1_61' title="bbox 385 2070 628 2101">
    <p class='ocr_par' dir='ltr' id='par_1_61' title="bbox 385 2070 628 2101">
     <span class='ocr_line' id='line_1_61' title="bbox 385 2070 628 2101; baseline 0 -8"><span class='ocrx_word' id='word_1_351' title='bbox 385 2070 504 2101; x_wconf 75' lang='lat' dir='ltr'><strong>personis</strong></span> <span class='ocrx_word' id='word_1_352' title='bbox 519 2070 628 2094; x_wconf 75' lang='grc' dir='ltr'><strong>σοηιιει.</strong></span> 
     </span>
    </p>
   </div>
   <div class='ocr_carea' id='block_1_62' title="bbox 149 2123 900 2159">
    <p class='ocr_par' dir='ltr' id='par_1_62' title="bbox 149 2123 900 2159">
     <span class='ocr_line' id='line_1_62' title="bbox 149 2123 900 2159; baseline 0.003 -7"><span class='ocrx_word' id='word_1_353' title='bbox 149 2124 215 2153; x_wconf 81' lang='lat' dir='ltr'><strong>inde</strong></span> <span class='ocrx_word' id='word_1_354' title='bbox 239 2125 314 2152; x_wconf 76' lang='lat' dir='ltr'><strong>certe</strong></span> <span class='ocrx_word' id='word_1_355' title='bbox 338 2123 448 2151; x_wconf 81' lang='lat' dir='ltr'><strong>dicendi</strong></span> <span class='ocrx_word' id='word_1_356' title='bbox 466 2124 628 2159; x_wconf 72' lang='lat' dir='ltr'><strong>prmludium</strong></span> <span class='ocrx_word' id='word_1_357' title='bbox 650 2124 803 2158; x_wconf 85' lang='lat' dir='ltr'><strong>faciemus.</strong></span> <span class='ocrx_word' id='word_1_358' title='bbox 825 2126 900 2154; x_wconf 87' lang='lat' dir='ltr'><strong>unde</strong></span> 
     </span>
    </p>
   </div>
   <div class='ocr_carea' id='block_1_63' title="bbox 116 2169 896 2205">
    <p class='ocr_par' dir='ltr' id='par_1_63' title="bbox 116 2169 896 2205">
     <span class='ocr_line' id='line_1_63' title="bbox 116 2169 896 2205; baseline 0.001 -7"><span class='ocrx_word' id='word_1_359' title='bbox 116 2171 293 2198; x_wconf 87' lang='lat' dir='ltr'><strong>dubitationis</strong></span> <span class='ocrx_word' id='word_1_360' title='bbox 306 2169 478 2197; x_wconf 85' lang='lat' dir='ltr'><strong>occasionem</strong></span> <span class='ocrx_word' id='word_1_361' title='bbox 492 2170 632 2205; x_wconf 86' lang='lat' dir='ltr'><strong>plerisque</strong></span> <span class='ocrx_word' id='word_1_362' title='bbox 649 2170 791 2198; x_wconf 87' lang='lat' dir='ltr'><strong>subortam</strong></span> <span class='ocrx_word' id='word_1_363' title='bbox 805 2171 896 2204; x_wconf 88' lang='lat' dir='ltr'><strong>video,</strong></span> 
     </span>
    </p>
   </div>
   <div class='ocr_carea' id='block_1_64' title="bbox 118 2214 899 2251">
    <p class='ocr_par' dir='ltr' id='par_1_64' title="bbox 118 2214 899 2251">
     <span class='ocr_line' id='line_1_64' title="bbox 118 2214 899 2251; baseline -0.001 -7"><span class='ocrx_word' id='word_1_364' title='bbox 118 2216 244 2244; x_wconf 92' lang='lat' dir='ltr'><strong>nimirum</strong></span> <span class='ocrx_word' id='word_1_365' title='bbox 264 2215 329 2251; x_wconf 87' lang='lat' dir='ltr'><strong>quid</strong></span> <span class='ocrx_word' id='word_1_366' title='bbox 348 2215 504 2248; x_wconf 83' lang='lat' dir='ltr'><strong>obstiterit,</strong></span> <span class='ocrx_word' id='word_1_367' title='bbox 523 2214 671 2249; x_wconf 61' lang='lat' dir='ltr'><strong>quiiminus</strong></span> <span class='ocrx_word' id='word_1_368' title='bbox 690 2222 720 2243; x_wconf 87' lang='lat' dir='ltr'><strong>se</strong></span> <span class='ocrx_word' id='word_1_369' title='bbox 737 2220 836 2243; x_wconf 83' lang='lat' dir='ltr'><strong>natura</strong></span> <span class='ocrx_word' id='word_1_370' title='bbox 853 2216 899 2244; x_wconf 86' lang='lat' dir='ltr'><strong>illa</strong></span> 
     </span>
    </p>
   </div>
   <div class='ocr_carea' id='block_1_65' title="bbox 117 2260 901 2290">
    <p class='ocr_par' dir='ltr' id='par_1_65' title="bbox 117 2260 901 2290">
     <span class='ocr_line' id='line_1_65' title="bbox 117 2260 901 2290; baseline 0.003 -2"><span class='ocrx_word' id='word_1_371' title='bbox 117 2268 206 2288; x_wconf 91' lang='lat' dir='ltr'><strong>rerum</strong></span> <span class='ocrx_word' id='word_1_372' title='bbox 231 2260 355 2288; x_wconf 86' lang='lat' dir='ltr'><strong>omnium</strong></span> <span class='ocrx_word' id='word_1_373' title='bbox 375 2260 534 2288; x_wconf 76' lang='lat' dir='ltr'><strong>fabricatria</strong></span> <span class='ocrx_word' id='word_1_374' title='bbox 548 2261 582 2288; x_wconf 89' lang='lat' dir='ltr'><strong>ab</strong></span> <span class='ocrx_word' id='word_1_375' title='bbox 595 2260 675 2288; x_wconf 89' lang='lat' dir='ltr'><strong>initio</strong></span> <span class='ocrx_word' id='word_1_376' title='bbox 691 2261 790 2289; x_wconf 84' lang='lat' dir='ltr'><strong>trinam</strong></span> <span class='ocrx_word' id='word_1_377' title='bbox 807 2267 901 2290; x_wconf 85' lang='lat' dir='ltr'><strong>osten-</strong></span> 
     </span>
    </p>
   </div>
   <div class='ocr_carea' id='block_1_66' title="bbox 117 2306 900 2342">
    <p class='ocr_par' dir='ltr' id='par_1_66' title="bbox 117 2306 900 2342">
     <span class='ocr_line' id='line_1_66' title="bbox 117 2306 900 2342; baseline 0.003 -8"><span class='ocrx_word' id='word_1_378' title='bbox 117 2307 203 2339; x_wconf 71' lang='lat' dir='ltr'><strong>derit,</strong></span> <span class='ocrx_word' id='word_1_379' title='bbox 229 2306 278 2334; x_wconf 86' lang='lat' dir='ltr'><strong>sed</strong></span> <span class='ocrx_word' id='word_1_380' title='bbox 299 2310 357 2334; x_wconf 86' lang='lat' dir='ltr'><strong>tum‘</strong></span> <span class='ocrx_word' id='word_1_381' title='bbox 369 2306 493 2340; x_wconf 67' lang='lat' dir='ltr'><strong>demam,</strong></span> <span class='ocrx_word' id='word_1_382' title='bbox 509 2306 619 2342; x_wconf 87' lang='lat' dir='ltr'><strong>quando</strong></span> <span class='ocrx_word' id='word_1_383' title='bbox 631 2314 647 2334; x_wconf 87' lang='lat' dir='ltr'><strong>a</strong></span> <span class='ocrx_word' id='word_1_384' title='bbox 663 2307 755 2336; x_wconf 74' lang='lat' dir='ltr'><strong>Verbo</strong></span> <span class='ocrx_word' id='word_1_385' title='bbox 768 2315 832 2335; x_wconf 84' lang='lat' dir='ltr'><strong>caro</strong></span> <span class='ocrx_word' id='word_1_386' title='bbox 856 2316 900 2336; x_wconf 86' lang='lat' dir='ltr'><strong>as-</strong></span> 
     </span>
    </p>
   </div>
   <div class='ocr_carea' id='block_1_67' title="bbox 117 2351 900 2387">
    <p class='ocr_par' dir='ltr' id='par_1_67' title="bbox 117 2351 900 2387">
     <span class='ocr_line' id='line_1_67' title="bbox 117 2351 900 2387; baseline 0.003 -9"><span class='ocrx_word' id='word_1_387' title='bbox 117 2354 223 2386; x_wconf 78' lang='lat' dir='ltr'><strong>sumpta</strong></span> <span class='ocrx_word' id='word_1_388' title='bbox 237 2356 296 2384; x_wconf 82' lang='lat' dir='ltr'><strong>est,</strong></span> <span class='ocrx_word' id='word_1_389' title='bbox 319 2351 438 2386; x_wconf 83' lang='lat' dir='ltr'><strong>idipsum</strong></span> <span class='ocrx_word' id='word_1_390' title='bbox 453 2351 507 2378; x_wconf 90' lang='lat' dir='ltr'><strong>sibi</strong></span> <span class='ocrx_word' id='word_1_391' title='bbox 530 2351 637 2386; x_wconf 88' lang='lat' dir='ltr'><strong>placere</strong></span> <span class='ocrx_word' id='word_1_392' title='bbox 658 2353 834 2387; x_wconf 85' lang='lat' dir='ltr'><strong>perspicuum</strong></span> <span class='ocrx_word' id='word_1_393' title='bbox 857 2353 900 2381; x_wconf 82' lang='lat' dir='ltr'><strong>fe-</strong></span> 
     </span>
    </p>
   </div>
   <div class='ocr_carea' id='block_1_68' title="bbox 118 2396 900 2434">
    <p class='ocr_par' dir='ltr' id='par_1_68' title="bbox 118 2396 900 2434">
     <span class='ocr_line' id='line_1_68' title="bbox 118 2396 900 2434; baseline 0.001 -9"><span class='ocrx_word' id='word_1_394' title='bbox 118 2397 193 2425; x_wconf 85' lang='lat' dir='ltr'><strong>cerit.</strong></span> <span class='ocrx_word' id='word_1_395' title='bbox 220 2396 430 2432; x_wconf 78' lang='lat' dir='ltr'><strong>Respondemus</strong></span> <span class='ocrx_word' id='word_1_396' title='bbox 455 2397 548 2432; x_wconf 87' lang='lat' dir='ltr'><strong>itaque</strong></span> <span class='ocrx_word' id='word_1_397' title='bbox 572 2399 747 2433; x_wconf 86' lang='lat' dir='ltr'><strong>perapposite</strong></span> <span class='ocrx_word' id='word_1_398' title='bbox 786 2398 814 2426; x_wconf 84' lang='lat' dir='ltr'><strong>id</strong></span> <span class='ocrx_word' id='word_1_399' title='bbox 849 2406 900 2434; x_wconf 88' lang='lat' dir='ltr'><strong>pro</strong></span> 
     </span>
    </p>
   </div>
   <div class='ocr_carea' id='block_1_69' title="bbox 117 2443 897 2479">
    <p class='ocr_par' dir='ltr' id='par_1_69' title="bbox 117 2443 897 2479">
     <span class='ocr_line' id='line_1_69' title="bbox 117 2443 897 2479; baseline 0.004 -9"><span class='ocrx_word' id='word_1_400' title='bbox 117 2443 213 2470; x_wconf 76' lang='lat' dir='ltr'><strong>divinae</strong></span> <span class='ocrx_word' id='word_1_401' title='bbox 234 2443 443 2478; x_wconf 65' lang='lat' dir='ltr'><strong>magniﬁcentiae</strong></span> <span class='ocrx_word' id='word_1_402' title='bbox 463 2443 596 2479; x_wconf 73' lang='lat' dir='ltr'><strong>dignitate</strong></span> <span class='ocrx_word' id='word_1_403' title='bbox 619 2443 722 2472; x_wconf 76' lang='lat' dir='ltr'><strong>factum</strong></span> <span class='ocrx_word' id='word_1_404' title='bbox 738 2444 775 2472; x_wconf 87' lang='lat' dir='ltr'><strong>ita</strong></span> <span class='ocrx_word' id='word_1_405' title='bbox 802 2445 897 2473; x_wconf 77' lang='lat' dir='ltr'><strong>fuisse.</strong></span> 
     </span>
    </p>
   </div>
   <div class='ocr_carea' id='block_1_70' title="bbox 117 2489 900 2524">
    <p class='ocr_par' dir='ltr' id='par_1_70' title="bbox 117 2489 900 2524">
     <span class='ocr_line' id='line_1_70' title="bbox 117 2489 900 2524; baseline 0.003 -8"><span class='ocrx_word' id='word_1_406' title='bbox 117 2490 161 2517; x_wconf 80' lang='lat' dir='ltr'><strong>Illa</strong></span> <span class='ocrx_word' id='word_1_407' title='bbox 174 2489 248 2517; x_wconf 91' lang='lat' dir='ltr'><strong>enim</strong></span> <span class='ocrx_word' id='word_1_408' title='bbox 264 2496 326 2517; x_wconf 89' lang='lat' dir='ltr'><strong>cum</strong></span> <span class='ocrx_word' id='word_1_409' title='bbox 340 2489 466 2517; x_wconf 88' lang='lat' dir='ltr'><strong>homines</strong></span> <span class='ocrx_word' id='word_1_410' title='bbox 479 2498 493 2517; x_wconf 85' lang='lat' dir='ltr'><strong>a</strong></span> <span class='ocrx_word' id='word_1_411' title='bbox 507 2491 677 2524; x_wconf 87' lang='lat' dir='ltr'><strong>monarchia,</strong></span> <span class='ocrx_word' id='word_1_412' title='bbox 692 2498 741 2518; x_wconf 86' lang='lat' dir='ltr'><strong>seu</strong></span> <span class='ocrx_word' id='word_1_413' title='bbox 755 2491 802 2518; x_wconf 88' lang='lat' dir='ltr'><strong>Dei</strong></span> <span class='ocrx_word' id='word_1_414' title='bbox 817 2490 900 2519; x_wconf 87' lang='lat' dir='ltr'><strong>unius</strong></span> 
     </span>
    </p>
   </div>
   <div class='ocr_carea' id='block_1_71' title="bbox 118 2535 898 2572">
    <p class='ocr_par' dir='ltr' id='par_1_71' title="bbox 118 2535 898 2572">
     <span class='ocr_line' id='line_1_71' title="bbox 118 2535 898 2572; baseline 0.001 -9"><span class='ocrx_word' id='word_1_415' title='bbox 118 2536 190 2563; x_wconf 89' lang='lat' dir='ltr'><strong>cultu</strong></span> <span class='ocrx_word' id='word_1_416' title='bbox 202 2535 307 2563; x_wconf 79' lang='lat' dir='ltr'><strong>alienos</strong></span> <span class='ocrx_word' id='word_1_417' title='bbox 317 2539 345 2563; x_wconf 93' lang='lat' dir='ltr'><strong>et</strong></span> <span class='ocrx_word' id='word_1_418' title='bbox 359 2535 394 2563; x_wconf 87' lang='lat' dir='ltr'><strong>ad</strong></span> <span class='ocrx_word' id='word_1_419' title='bbox 411 2535 525 2564; x_wconf 86' lang='lat' dir='ltr'><strong>deorum</strong></span> <span class='ocrx_word' id='word_1_420' title='bbox 538 2537 722 2571; x_wconf 81' lang='lat' dir='ltr'><strong>piuralitatem</strong></span> <span class='ocrx_word' id='word_1_421' title='bbox 736 2542 898 2572; x_wconf 79' lang='lat' dir='ltr'><strong>propensos,</strong></span> 
     </span>
    </p>
   </div>
   <div class='ocr_carea' id='block_1_72' title="bbox 119 2582 900 2617">
    <p class='ocr_par' dir='ltr' id='par_1_72' title="bbox 119 2582 900 2617">
     <span class='ocr_line' id='line_1_72' title="bbox 119 2582 900 2617; baseline 0.003 -9"><span class='ocrx_word' id='word_1_422' title='bbox 119 2585 302 2609; x_wconf 88' lang='lat' dir='ltr'><strong>creaturarum</strong></span> <span class='ocrx_word' id='word_1_423' title='bbox 315 2582 407 2616; x_wconf 86' lang='lat' dir='ltr'><strong>potius</strong></span> <span class='ocrx_word' id='word_1_424' title='bbox 419 2589 501 2617; x_wconf 84' lang='lat' dir='ltr'><strong>quam</strong></span> <span class='ocrx_word' id='word_1_425' title='bbox 513 2582 650 2610; x_wconf 86' lang='lat' dir='ltr'><strong>Creatoris</strong></span> <span class='ocrx_word' id='word_1_426' title='bbox 669 2583 755 2610; x_wconf 91' lang='lat' dir='ltr'><strong>cultui</strong></span> <span class='ocrx_word' id='word_1_427' title='bbox 775 2582 900 2610; x_wconf 87' lang='lat' dir='ltr'><strong>addictos</strong></span> 
     </span>
    </p>
   </div>
   <div class='ocr_carea' id='block_1_73' title="bbox 119 2627 899 2664">
    <p class='ocr_par' dir='ltr' id='par_1_73' title="bbox 119 2627 899 2664">
     <span class='ocr_line' id='line_1_73' title="bbox 119 2627 899 2664; baseline 0.003 -10"><span class='ocrx_word' id='word_1_428' title='bbox 119 2631 176 2654; x_wconf 81' lang='lat' dir='ltr'><strong>esse</strong></span> <span class='ocrx_word' id='word_1_429' title='bbox 190 2627 315 2660; x_wconf 87' lang='lat' dir='ltr'><strong>videret,</strong></span> <span class='ocrx_word' id='word_1_430' title='bbox 329 2632 395 2655; x_wconf 89' lang='lat' dir='ltr'><strong>tunc</strong></span> <span class='ocrx_word' id='word_1_431' title='bbox 415 2628 546 2662; x_wconf 88' lang='lat' dir='ltr'><strong>temporis</strong></span> <span class='ocrx_word' id='word_1_432' title='bbox 569 2635 598 2656; x_wconf 85' lang='lat' dir='ltr'><strong>se</strong></span> <span class='ocrx_word' id='word_1_433' title='bbox 613 2628 696 2664; x_wconf 73' lang='lat' dir='ltr'><strong>vulgo</strong></span> <span class='ocrx_word' id='word_1_434' title='bbox 709 2628 825 2661; x_wconf 77' lang='lat' dir='ltr'><strong>celavit,</strong></span> <span class='ocrx_word' id='word_1_435' title='bbox 847 2636 899 2656; x_wconf 90' lang='lat' dir='ltr'><strong>nec</strong></span> 
     </span>
    </p>
   </div>
   <div class='ocr_carea' id='block_1_74' title="bbox 118 2672 898 2709">
    <p class='ocr_par' dir='ltr' id='par_1_74' title="bbox 118 2672 898 2709">
     <span class='ocr_line' id='line_1_74' title="bbox 118 2672 898 2709; baseline 0.005 -10"><span class='ocrx_word' id='word_1_436' title='bbox 118 2673 247 2700; x_wconf 84' lang='lat' dir='ltr'><strong>unitatem</strong></span> <span class='ocrx_word' id='word_1_437' title='bbox 269 2672 344 2700; x_wconf 90' lang='lat' dir='ltr'><strong>illam</strong></span> <span class='ocrx_word' id='word_1_438' title='bbox 369 2681 431 2709; x_wconf 65' lang='lat' dir='ltr'><strong>quae</strong></span> <span class='ocrx_word' id='word_1_439' title='bbox 451 2674 579 2701; x_wconf 88' lang='lat' dir='ltr'><strong>Trinitati</strong></span> <span class='ocrx_word' id='word_1_440' title='bbox 603 2680 785 2709; x_wconf 82' lang='lat' dir='ltr'><strong>personarum</strong></span> <span class='ocrx_word' id='word_1_441' title='bbox 806 2675 898 2708; x_wconf 86' lang='lat' dir='ltr'><strong>inest,</strong></span> 
     </span>
    </p>
   </div>
   <div class='ocr_carea' id='block_1_75' title="bbox 118 2718 900 2754">
    <p class='ocr_par' dir='ltr' id='par_1_75' title="bbox 118 2718 900 2754">
     <span class='ocr_line' id='line_1_75' title="bbox 118 2718 900 2754; baseline 0.004 -9"><span class='ocrx_word' id='word_1_442' title='bbox 118 2718 203 2746; x_wconf 84' lang='lat' dir='ltr'><strong>cuivis</strong></span> <span class='ocrx_word' id='word_1_443' title='bbox 230 2719 403 2754; x_wconf 80' lang='lat' dir='ltr'><strong>perspicuam</strong></span> <span class='ocrx_word' id='word_1_444' title='bbox 428 2723 457 2746; x_wconf 90' lang='lat' dir='ltr'><strong>et</strong></span> <span class='ocrx_word' id='word_1_445' title='bbox 479 2720 652 2754; x_wconf 79' lang='lat' dir='ltr'><strong>explanatam</strong></span> <span class='ocrx_word' id='word_1_446' title='bbox 673 2728 735 2748; x_wconf 83' lang='lat' dir='ltr'><strong>esse</strong></span> <span class='ocrx_word' id='word_1_447' title='bbox 757 2720 845 2748; x_wconf 86' lang='lat' dir='ltr'><strong>voluit</strong></span> <span class='ocrx_word' id='word_1_448' title='bbox 869 2727 900 2748; x_wconf 85' lang='lat' dir='ltr'><strong>ut</strong></span> 
     </span>
    </p>
   </div>
   <div class='ocr_carea' id='block_1_76' title="bbox 120 2763 900 2802">
    <p class='ocr_par' dir='ltr' id='par_1_76' title="bbox 120 2763 900 2802">
     <span class='ocr_line' id='line_1_76' title="bbox 120 2763 900 2802; baseline 0.004 -11"><span class='ocrx_word' id='word_1_449' title='bbox 120 2763 259 2791; x_wconf 63' lang='lat' dir='ltr'><strong>imbecilla</strong></span> <span class='ocrx_word' id='word_1_450' title='bbox 283 2772 474 2800; x_wconf 80' lang='lat' dir='ltr'><strong>perversurum</strong></span> <span class='ocrx_word' id='word_1_451' title='bbox 499 2766 649 2801; x_wconf 74' lang='lat' dir='ltr'><strong>cognitioni</strong></span> <span class='ocrx_word' id='word_1_452' title='bbox 681 2771 828 2802; x_wconf 83' lang='lat' dir='ltr'><strong>parceret,</strong></span> <span class='ocrx_word' id='word_1_453' title='bbox 853 2767 900 2802; x_wconf 93' lang='lat' dir='ltr'><strong>qui</strong></span> 
     </span>
    </p>
   </div>
   <div class='ocr_carea' id='block_1_77' title="bbox 119 2810 898 2848">
    <p class='ocr_par' dir='ltr' id='par_1_77' title="bbox 119 2810 898 2848">
     <span class='ocr_line' id='line_1_77' title="bbox 119 2810 898 2848; baseline 0.005 -12"><span class='ocrx_word' id='word_1_454' title='bbox 119 2817 180 2837; x_wconf 85' lang='lat' dir='ltr'><strong>sane</strong></span> <span class='ocrx_word' id='word_1_455' title='bbox 202 2810 243 2837; x_wconf 88' lang='lat' dir='ltr'><strong>vel</strong></span> <span class='ocrx_word' id='word_1_456' title='bbox 268 2811 351 2838; x_wconf 86' lang='lat' dir='ltr'><strong>nullis</strong></span> <span class='ocrx_word' id='word_1_457' title='bbox 376 2811 565 2846; x_wconf 84' lang='lat' dir='ltr'><strong>hujuscemodi</strong></span> <span class='ocrx_word' id='word_1_458' title='bbox 591 2812 741 2847; x_wconf 88' lang='lat' dir='ltr'><strong>prop0sitis</strong></span> <span class='ocrx_word' id='word_1_459' title='bbox 754 2813 898 2848; x_wconf 79' lang='lat' dir='ltr'><strong>exemplis,</strong></span> 
     </span>
    </p>
   </div>
   <div class='ocr_carea' id='block_1_78' title="bbox 122 2856 902 2893">
    <p class='ocr_par' dir='ltr' id='par_1_78' title="bbox 122 2856 902 2893">
     <span class='ocr_line' id='line_1_78' title="bbox 122 2856 902 2893; baseline 0.006 -10"><span class='ocrx_word' id='word_1_460' title='bbox 122 2856 184 2885; x_wconf 86' lang='lat' dir='ltr'><strong>alias</strong></span> <span class='ocrx_word' id='word_1_461' title='bbox 199 2856 344 2892; x_wconf 73' lang='grc' dir='ltr'><strong>ἀναρχίαν,</strong></span> <span class='ocrx_word' id='word_1_462' title='bbox 359 2857 410 2886; x_wconf 91' lang='lat' dir='ltr'><strong>hoc</strong></span> <span class='ocrx_word' id='word_1_463' title='bbox 422 2863 463 2886; x_wconf 89' lang='lat' dir='ltr'><strong>est</strong></span> <span class='ocrx_word' id='word_1_464' title='bbox 478 2858 584 2886; x_wconf 88' lang='lat' dir='ltr'><strong>nullum</strong></span> <span class='ocrx_word' id='word_1_465' title='bbox 602 2866 715 2892; x_wconf 85' lang='lat' dir='ltr'><strong>prorsus</strong></span> <span class='ocrx_word' id='word_1_466' title='bbox 730 2859 834 2893; x_wconf 87' lang='lat' dir='ltr'><strong>Deum,</strong></span> <span class='ocrx_word' id='word_1_467' title='bbox 858 2867 902 2888; x_wconf 87' lang='lat' dir='ltr'><strong>re-</strong></span> 
     </span>
    </p>
   </div>
   <div class='ocr_carea' id='block_1_79' title="bbox 912 1984 1736 2022">
    <p class='ocr_par' dir='ltr' id='par_1_79' title="bbox 912 1984 1736 2022">
     <span class='ocr_line' id='line_1_79' title="bbox 912 1984 1736 2022; baseline 0.005 -10"><span class='ocrx_word' id='word_1_468' title='bbox 912 1988 934 2018; x_wconf 85' lang='lat' dir='ltr'><strong>c</strong></span> <span class='ocrx_word' id='word_1_469' title='bbox 953 1984 1131 2018; x_wconf 86' lang='lat' dir='ltr'><strong>verebantur,</strong></span> <span class='ocrx_word' id='word_1_470' title='bbox 1150 1985 1218 2013; x_wconf 84' lang='lat' dir='ltr'><strong>alias</strong></span> <span class='ocrx_word' id='word_1_471' title='bbox 1241 1986 1275 2021; x_wconf 82' lang='grc' dir='ltr'><strong>τῇ</strong></span> <span class='ocrx_word' id='word_1_472' title='bbox 1297 1985 1450 2022; x_wconf 79' lang='grc' dir='ltr'><strong>μοναρχίᾳ,</strong></span> <span class='ocrx_word' id='word_1_473' title='bbox 1464 1986 1517 2014; x_wconf 73' lang='lat' dir='ltr'><strong>huc</strong></span> <span class='ocrx_word' id='word_1_474' title='bbox 1540 1991 1583 2015; x_wconf 89' lang='lat' dir='ltr'><strong>est</strong></span> <span class='ocrx_word' id='word_1_475' title='bbox 1598 1987 1681 2015; x_wconf 93' lang='lat' dir='ltr'><strong>unius</strong></span> <span class='ocrx_word' id='word_1_476' title='bbox 1697 1988 1736 2016; x_wconf 86' lang='lat' dir='ltr'><strong>De</strong></span> 
     </span>
    </p>
   </div>
   <div class='ocr_carea' id='block_1_80' title="bbox 951 2030 1737 2068">
    <p class='ocr_par' dir='ltr' id='par_1_80' title="bbox 951 2030 1737 2068">
     <span class='ocr_line' id='line_1_80' title="bbox 951 2030 1737 2068; baseline 0.005 -11"><span class='ocrx_word' id='word_1_477' title='bbox 951 2030 1049 2063; x_wconf 81' lang='lat' dir='ltr'><strong>cultui,</strong></span> <span class='ocrx_word' id='word_1_478' title='bbox 1060 2031 1176 2058; x_wconf 89' lang='lat' dir='ltr'><strong>deorum</strong></span> <span class='ocrx_word' id='word_1_479' title='bbox 1192 2032 1378 2067; x_wconf 86' lang='lat' dir='ltr'><strong>pluralitatem</strong></span> <span class='ocrx_word' id='word_1_480' title='bbox 1399 2032 1590 2068; x_wconf 75' lang='lat' dir='ltr'><strong>praeferebant.</strong></span> <span class='ocrx_word' id='word_1_481' title='bbox 1604 2032 1737 2061; x_wconf 66' lang='lat' dir='ltr'><strong>Caeterum</strong></span> 
     </span>
    </p>
   </div>
   <div class='ocr_carea' id='block_1_81' title="bbox 951 2077 1736 2111">
    <p class='ocr_par' dir='ltr' id='par_1_81' title="bbox 951 2077 1736 2111">
     <span class='ocr_line' id='line_1_81' title="bbox 951 2077 1736 2111; baseline 0.004 -8"><span class='ocrx_word' id='word_1_482' title='bbox 951 2077 1025 2111; x_wconf 88' lang='lat' dir='ltr'><strong>apud</strong></span> <span class='ocrx_word' id='word_1_483' title='bbox 1047 2077 1103 2104; x_wconf 90' lang='lat' dir='ltr'><strong>Deo</strong></span> <span class='ocrx_word' id='word_1_484' title='bbox 1116 2078 1292 2106; x_wconf 82' lang='lat' dir='ltr'><strong>oharissimos</strong></span> <span class='ocrx_word' id='word_1_485' title='bbox 1310 2079 1405 2106; x_wconf 84' lang='lat' dir='ltr'><strong>Patres</strong></span> <span class='ocrx_word' id='word_1_486' title='bbox 1420 2079 1523 2106; x_wconf 83' lang='lat' dir='ltr'><strong>unitate</strong></span> <span class='ocrx_word' id='word_1_487' title='bbox 1549 2086 1598 2106; x_wconf 85' lang='lat' dir='ltr'><strong>sua</strong></span> <span class='ocrx_word' id='word_1_488' title='bbox 1619 2079 1736 2107; x_wconf 80' lang='lat' dir='ltr'><strong>Trinitas</strong></span> 
     </span>
    </p>
   </div>
   <div class='ocr_carea' id='block_1_82' title="bbox 951 2123 1735 2159">
    <p class='ocr_par' dir='ltr' id='par_1_82' title="bbox 951 2123 1735 2159">
     <span class='ocr_line' id='line_1_82' title="bbox 951 2123 1735 2159; baseline 0.001 -9"><span class='ocrx_word' id='word_1_489' title='bbox 951 2130 1007 2150; x_wconf 92' lang='lat' dir='ltr'><strong>non</strong></span> <span class='ocrx_word' id='word_1_490' title='bbox 1037 2123 1145 2156; x_wconf 83' lang='lat' dir='ltr'><strong>caruit,</strong></span> <span class='ocrx_word' id='word_1_491' title='bbox 1173 2123 1228 2150; x_wconf 89' lang='lat' dir='ltr'><strong>imo</strong></span> <span class='ocrx_word' id='word_1_492' title='bbox 1251 2131 1318 2151; x_wconf 84' lang='lat' dir='ltr'><strong>vero</strong></span> <span class='ocrx_word' id='word_1_493' title='bbox 1341 2124 1514 2152; x_wconf 73' lang='lat' dir='ltr'><strong>Abrahamus</strong></span> <span class='ocrx_word' id='word_1_494' title='bbox 1535 2130 1591 2159; x_wconf 91' lang='lat' dir='ltr'><strong>quo</strong></span> <span class='ocrx_word' id='word_1_495' title='bbox 1618 2128 1735 2159; x_wconf 67' lang='lat' dir='ltr'><strong>tempore</strong></span> 
     </span>
    </p>
   </div>
   <div class='ocr_carea' id='block_1_83' title="bbox 951 2169 1737 2204">
    <p class='ocr_par' dir='ltr' id='par_1_83' title="bbox 951 2169 1737 2204">
     <span class='ocr_line' id='line_1_83' title="bbox 951 2169 1737 2204; baseline 0 -8"><span class='ocrx_word' id='word_1_496' title='bbox 951 2169 1064 2204; x_wconf 76' lang='lat' dir='ltr'><strong>angelos</strong></span> <span class='ocrx_word' id='word_1_497' title='bbox 1087 2169 1207 2204; x_wconf 83' lang='lat' dir='ltr'><strong>hospitio</strong></span> <span class='ocrx_word' id='word_1_498' title='bbox 1228 2169 1347 2204; x_wconf 79' lang='lat' dir='ltr'><strong>excepit,</strong></span> <span class='ocrx_word' id='word_1_499' title='bbox 1370 2170 1516 2198; x_wconf 85' lang='lat' dir='ltr'><strong>obscurius</strong></span> <span class='ocrx_word' id='word_1_500' title='bbox 1534 2169 1610 2198; x_wconf 81' lang='lat' dir='ltr'><strong>illam</strong></span> <span class='ocrx_word' id='word_1_501' title='bbox 1635 2170 1737 2204; x_wconf 74' lang='lat' dir='ltr'><strong>tacitus</strong></span> 
     </span>
    </p>
   </div>
   <div class='ocr_carea' id='block_1_84' title="bbox 951 2215 1736 2252">
    <p class='ocr_par' dir='ltr' id='par_1_84' title="bbox 951 2215 1736 2252">
     <span class='ocr_line' id='line_1_84' title="bbox 951 2215 1736 2252; baseline 0.001 -9"><span class='ocrx_word' id='word_1_502' title='bbox 951 2220 1045 2243; x_wconf 83' lang='lat' dir='ltr'><strong>secum</strong></span> <span class='ocrx_word' id='word_1_503' title='bbox 1064 2215 1218 2250; x_wconf 81' lang='lat' dir='ltr'><strong>reputavit,</strong></span> <span class='ocrx_word' id='word_1_504' title='bbox 1234 2216 1390 2251; x_wconf 83' lang='lat' dir='ltr'><strong>expressius</strong></span> <span class='ocrx_word' id='word_1_505' title='bbox 1403 2221 1493 2244; x_wconf 83' lang='lat' dir='ltr'><strong>autem</strong></span> <span class='ocrx_word' id='word_1_506' title='bbox 1509 2217 1647 2252; x_wconf 79' lang='lat' dir='ltr'><strong>specimen</strong></span> <span class='ocrx_word' id='word_1_507' title='bbox 1664 2216 1736 2244; x_wconf 87' lang='lat' dir='ltr'><strong>illius</strong></span> 
     </span>
    </p>
   </div>
   <div class='ocr_carea' id='block_1_85' title="bbox 950 2261 1737 2298">
    <p class='ocr_par' dir='ltr' id='par_1_85' title="bbox 950 2261 1737 2298">
     <span class='ocr_line' id='line_1_85' title="bbox 950 2261 1737 2298; baseline 0.001 -10"><span class='ocrx_word' id='word_1_508' title='bbox 950 2261 1047 2294; x_wconf 84' lang='lat' dir='ltr'><strong>edidit,</strong></span> <span class='ocrx_word' id='word_1_509' title='bbox 1066 2269 1128 2289; x_wconf 90' lang='lat' dir='ltr'><strong>cum</strong></span> <span class='ocrx_word' id='word_1_510' title='bbox 1158 2262 1246 2289; x_wconf 83' lang='lat' dir='ltr'><strong>tilium</strong></span> <span class='ocrx_word' id='word_1_511' title='bbox 1270 2262 1393 2290; x_wconf 87' lang='lat' dir='ltr'><strong>lsaacum</strong></span> <span class='ocrx_word' id='word_1_512' title='bbox 1413 2263 1556 2298; x_wconf 86' lang='lat' dir='ltr'><strong>supposito</strong></span> <span class='ocrx_word' id='word_1_513' title='bbox 1575 2263 1681 2295; x_wconf 78' lang='lat' dir='ltr'><strong>ariete,</strong></span> <span class='ocrx_word' id='word_1_514' title='bbox 1698 2269 1737 2289; x_wconf 78' lang='grc' dir='ltr'><strong>νι-</strong></span> 
     </span>
    </p>
   </div>
   <div class='ocr_carea' id='block_1_86' title="bbox 951 2308 1736 2344">
    <p class='ocr_par' dir='ltr' id='par_1_86' title="bbox 951 2308 1736 2344">
     <span class='ocr_line' id='line_1_86' title="bbox 951 2308 1736 2344; baseline 0.001 -10"><span class='ocrx_word' id='word_1_515' title='bbox 951 2312 1061 2335; x_wconf 86' lang='lat' dir='ltr'><strong>ventem</strong></span> <span class='ocrx_word' id='word_1_516' title='bbox 1080 2308 1242 2336; x_wconf 83' lang='lat' dir='ltr'><strong>esacrilicio</strong></span> <span class='ocrx_word' id='word_1_517' title='bbox 1261 2309 1376 2343; x_wconf 84' lang='lat' dir='ltr'><strong>recepit.</strong></span> <span class='ocrx_word' id='word_1_518' title='bbox 1394 2308 1437 2336; x_wconf 68' lang='lat' dir='ltr'><strong>Ex</strong></span> <span class='ocrx_word' id='word_1_519' title='bbox 1457 2309 1492 2337; x_wconf 86' lang='lat' dir='ltr'><strong>iis</strong></span> <span class='ocrx_word' id='word_1_520' title='bbox 1507 2309 1581 2337; x_wconf 88' lang='lat' dir='ltr'><strong>enim</strong></span> <span class='ocrx_word' id='word_1_521' title='bbox 1597 2316 1658 2344; x_wconf 75' lang='lat' dir='ltr'><strong>quae</strong></span> <span class='ocrx_word' id='word_1_522' title='bbox 1671 2313 1736 2336; x_wconf 83' lang='lat' dir='ltr'><strong>tunc</strong></span> 
     </span>
    </p>
   </div>
   <div class='ocr_carea' id='block_1_87' title="bbox 951 2351 1735 2387">
    <p class='ocr_par' dir='ltr' id='par_1_87' title="bbox 951 2351 1735 2387">
     <span class='ocr_line' id='line_1_87' title="bbox 951 2351 1735 2387; baseline 0.001 -7"><span class='ocrx_word' id='word_1_523' title='bbox 951 2352 1031 2386; x_wconf 88' lang='lat' dir='ltr'><strong>vidit,</strong></span> <span class='ocrx_word' id='word_1_524' title='bbox 1043 2351 1126 2380; x_wconf 77' lang='lat' dir='ltr'><strong>Verbi</strong></span> <span class='ocrx_word' id='word_1_525' title='bbox 1141 2353 1361 2381; x_wconf 81' lang='lat' dir='ltr'><strong>incarnationem</strong></span> <span class='ocrx_word' id='word_1_526' title='bbox 1377 2354 1511 2381; x_wconf 85' lang='lat' dir='ltr'><strong>ariolatus</strong></span> <span class='ocrx_word' id='word_1_527' title='bbox 1524 2358 1582 2387; x_wconf 82' lang='lat' dir='ltr'><strong>est,</strong></span> <span class='ocrx_word' id='word_1_528' title='bbox 1599 2354 1735 2381; x_wconf 77' lang='lat' dir='ltr'><strong>iuturum~</strong></span> 
     </span>
    </p>
   </div>
   <div class='ocr_carea' id='block_1_88' title="bbox 951 2398 1735 2435">
    <p class='ocr_par' dir='ltr' id='par_1_88' title="bbox 951 2398 1735 2435">
     <span class='ocr_line' id='line_1_88' title="bbox 951 2398 1735 2435; baseline 0 -9"><span class='ocrx_word' id='word_1_529' title='bbox 951 2405 1006 2434; x_wconf 85' lang='lat' dir='ltr'><strong>que</strong></span> <span class='ocrx_word' id='word_1_530' title='bbox 1019 2399 1098 2431; x_wconf 88' lang='lat' dir='ltr'><strong>adeo,</strong></span> <span class='ocrx_word' id='word_1_531' title='bbox 1120 2404 1151 2426; x_wconf 90' lang='lat' dir='ltr'><strong>ut</strong></span> <span class='ocrx_word' id='word_1_532' title='bbox 1164 2398 1294 2426; x_wconf 81' lang='lat' dir='ltr'><strong>divinitas</strong></span> <span class='ocrx_word' id='word_1_533' title='bbox 1306 2399 1419 2427; x_wconf 87' lang='lat' dir='ltr'><strong>minime</strong></span> <span class='ocrx_word' id='word_1_534' title='bbox 1431 2403 1570 2435; x_wconf 80' lang='lat' dir='ltr'><strong>pateretur</strong></span> <span class='ocrx_word' id='word_1_535' title='bbox 1583 2420 1591 2431; x_wconf 83' lang='lat'><strong>,</strong></span> <span class='ocrx_word' id='word_1_536' title='bbox 1609 2399 1657 2427; x_wconf 84' lang='lat' dir='ltr'><strong>sed</strong></span> <span class='ocrx_word' id='word_1_537' title='bbox 1674 2407 1735 2427; x_wconf 80' lang='lat' dir='ltr'><strong>caro</strong></span> 
     </span>
    </p>
   </div>
   <div class='ocr_carea' id='block_1_89' title="bbox 950 2444 1734 2479">
    <p class='ocr_par' dir='ltr' id='par_1_89' title="bbox 950 2444 1734 2479">
     <span class='ocr_line' id='line_1_89' title="bbox 950 2444 1734 2479; baseline -0.004 -6"><span class='ocrx_word' id='word_1_538' title='bbox 950 2445 1019 2477; x_wconf 84' lang='lat' dir='ltr'><strong>sola,</strong></span> <span class='ocrx_word' id='word_1_539' title='bbox 1044 2451 1127 2479; x_wconf 88' lang='lat' dir='ltr'><strong>quam</strong></span> <span class='ocrx_word' id='word_1_540' title='bbox 1152 2444 1180 2471; x_wconf 92' lang='lat' dir='ltr'><strong>in</strong></span> <span class='ocrx_word' id='word_1_541' title='bbox 1205 2445 1300 2472; x_wconf 92' lang='lat' dir='ltr'><strong>mundi</strong></span> <span class='ocrx_word' id='word_1_542' title='bbox 1322 2446 1407 2472; x_wconf 90' lang='lat' dir='ltr'><strong>totius</strong></span> <span class='ocrx_word' id='word_1_543' title='bbox 1426 2445 1611 2479; x_wconf 80' lang='lat' dir='ltr'><strong>expiationem</strong></span> <span class='ocrx_word' id='word_1_544' title='bbox 1633 2452 1734 2471; x_wconf 82' lang='lat' dir='ltr'><strong>assmu-</strong></span> 
     </span>
    </p>
   </div>
   <div class='ocr_carea' id='block_1_90' title="bbox 950 2489 1734 2525">
    <p class='ocr_par' dir='ltr' id='par_1_90' title="bbox 950 2489 1734 2525">
     <span class='ocr_line' id='line_1_90' title="bbox 950 2489 1734 2525; baseline -0.004 -7"><span class='ocrx_word' id='word_1_545' title='bbox 950 2495 1049 2525; x_wconf 86' lang='lat' dir='ltr'><strong>pturus</strong></span> <span class='ocrx_word' id='word_1_546' title='bbox 1059 2494 1142 2518; x_wconf 84' lang='lat' dir='ltr'><strong>esset.</strong></span> <span class='ocrx_word' id='word_1_547' title='bbox 1157 2489 1243 2518; x_wconf 86' lang='lat' dir='ltr'><strong>Porro</strong></span> <span class='ocrx_word' id='word_1_548' title='bbox 1255 2490 1333 2522; x_wconf 77' lang='lat' dir='ltr'><strong>Mosi,</strong></span> <span class='ocrx_word' id='word_1_549' title='bbox 1344 2490 1409 2518; x_wconf 88' lang='lat' dir='ltr'><strong>dum</strong></span> <span class='ocrx_word' id='word_1_550' title='bbox 1424 2490 1451 2517; x_wconf 92' lang='lat' dir='ltr'><strong>in</strong></span> <span class='ocrx_word' id='word_1_551' title='bbox 1463 2493 1555 2517; x_wconf 88' lang='lat' dir='ltr'><strong>monte</strong></span> <span class='ocrx_word' id='word_1_552' title='bbox 1567 2489 1734 2522; x_wconf 85' lang='lat' dir='ltr'><strong>obambulat,</strong></span> 
     </span>
    </p>
   </div>
   <div class='ocr_carea' id='block_1_91' title="bbox 950 2534 1734 2571">
    <p class='ocr_par' dir='ltr' id='par_1_91' title="bbox 950 2534 1734 2571">
     <span class='ocr_line' id='line_1_91' title="bbox 950 2534 1734 2571; baseline -0.003 -8"><span class='ocrx_word' id='word_1_553' title='bbox 950 2543 1021 2564; x_wconf 90' lang='lat' dir='ltr'><strong>nova</strong></span> <span class='ocrx_word' id='word_1_554' title='bbox 1038 2536 1085 2563; x_wconf 88' lang='lat' dir='ltr'><strong>illa</strong></span> <span class='ocrx_word' id='word_1_555' title='bbox 1100 2536 1169 2563; x_wconf 90' lang='lat' dir='ltr'><strong>visio</strong></span> <span class='ocrx_word' id='word_1_556' title='bbox 1187 2536 1293 2571; x_wconf 79' lang='lat' dir='ltr'><strong>objecta</strong></span> <span class='ocrx_word' id='word_1_557' title='bbox 1311 2540 1362 2564; x_wconf 85' lang='lat' dir='ltr'><strong>est.</strong></span> <span class='ocrx_word' id='word_1_558' title='bbox 1386 2536 1419 2563; x_wconf 86' lang='lat' dir='ltr'><strong>Et</strong></span> <span class='ocrx_word' id='word_1_559' title='bbox 1441 2535 1560 2563; x_wconf 84' lang='lat' dir='ltr'><strong>Jacobus</strong></span> <span class='ocrx_word' id='word_1_560' title='bbox 1575 2535 1638 2561; x_wconf 85' lang='lat' dir='ltr'><strong>ﬁliis</strong></span> <span class='ocrx_word' id='word_1_561' title='bbox 1653 2534 1734 2562; x_wconf 83' lang='lat' dir='ltr'><strong>bene-</strong></span> 
     </span>
    </p>
   </div>
   <div class='ocr_carea' id='block_1_92' title="bbox 950 2580 1738 2615">
    <p class='ocr_par' dir='ltr' id='par_1_92' title="bbox 950 2580 1738 2615">
     <span class='ocr_line' id='line_1_92' title="bbox 950 2580 1738 2615; baseline -0.003 -6"><span class='ocrx_word' id='word_1_562' title='bbox 950 2582 1046 2610; x_wconf 88' lang='lat' dir='ltr'><strong>dicens</strong></span> <span class='ocrx_word' id='word_1_563' title='bbox 1061 2582 1227 2610; x_wconf 87' lang='lat' dir='ltr'><strong>vaticinatus</strong></span> <span class='ocrx_word' id='word_1_564' title='bbox 1246 2587 1288 2609; x_wconf 90' lang='lat' dir='ltr'><strong>est</strong></span> <span class='ocrx_word' id='word_1_565' title='bbox 1303 2582 1425 2609; x_wconf 78' lang='lat' dir='ltr'><strong>futurum</strong></span> <span class='ocrx_word' id='word_1_566' title='bbox 1436 2600 1443 2613; x_wconf 95' lang='lat'><strong>,</strong></span> <span class='ocrx_word' id='word_1_567' title='bbox 1459 2586 1490 2608; x_wconf 89' lang='lat' dir='ltr'><strong>ut</strong></span> <span class='ocrx_word' id='word_1_568' title='bbox 1509 2581 1532 2608; x_wconf 88' lang='lat' dir='ltr'><strong>is</strong></span> <span class='ocrx_word' id='word_1_569' title='bbox 1546 2580 1658 2615; x_wconf 89' lang='lat' dir='ltr'><strong>quicum</strong></span> <span class='ocrx_word' id='word_1_570' title='bbox 1681 2581 1738 2608; x_wconf 88' lang='lat' dir='ltr'><strong>col-</strong></span> 
     </span>
    </p>
   </div>
   <div class='ocr_carea' id='block_1_93' title="bbox 951 2625 1738 2661">
    <p class='ocr_par' dir='ltr' id='par_1_93' title="bbox 951 2625 1738 2661">
     <span class='ocr_line' id='line_1_93' title="bbox 951 2625 1738 2661; baseline -0.004 -7"><span class='ocrx_word' id='word_1_571' title='bbox 951 2627 1071 2655; x_wconf 87' lang='lat' dir='ltr'><strong>luctatus</strong></span> <span class='ocrx_word' id='word_1_572' title='bbox 1093 2631 1174 2655; x_wconf 88' lang='lat' dir='ltr'><strong>nocte</strong></span> <span class='ocrx_word' id='word_1_573' title='bbox 1193 2627 1301 2661; x_wconf 80' lang='lat' dir='ltr'><strong>fuerat,</strong></span> <span class='ocrx_word' id='word_1_574' title='bbox 1329 2626 1487 2654; x_wconf 86' lang='lat' dir='ltr'><strong>hominibus</strong></span> <span class='ocrx_word' id='word_1_575' title='bbox 1512 2625 1738 2661; x_wconf 68' lang='lat' dir='ltr'><strong>coniungeretur,</strong></span> 
     </span>
    </p>
   </div>
   <div class='ocr_carea' id='block_1_94' title="bbox 915 2664 1738 2708">
    <p class='ocr_par' dir='ltr' id='par_1_94' title="bbox 915 2664 1738 2708">
     <span class='ocr_line' id='line_1_94' title="bbox 915 2664 1738 2708; baseline -0.002 -7"><span class='ocrx_word' id='word_1_576' title='bbox 915 2664 937 2693; x_wconf 74' lang='grc' dir='ltr'><strong>θ</strong></span> <span class='ocrx_word' id='word_1_577' title='bbox 953 2677 981 2702; x_wconf 90' lang='lat' dir='ltr'><strong>et</strong></span> <span class='ocrx_word' id='word_1_578' title='bbox 996 2673 1081 2701; x_wconf 86' lang='lat' dir='ltr'><strong>veluti</strong></span> <span class='ocrx_word' id='word_1_579' title='bbox 1104 2674 1211 2701; x_wconf 88' lang='lat' dir='ltr'><strong>catulus</strong></span> <span class='ocrx_word' id='word_1_580' title='bbox 1225 2673 1312 2700; x_wconf 84' lang='lat' dir='ltr'><strong>leonis</strong></span> <span class='ocrx_word' id='word_1_581' title='bbox 1334 2681 1349 2700; x_wconf 89' lang='lat' dir='ltr'><strong>a</strong></span> <span class='ocrx_word' id='word_1_582' title='bbox 1363 2680 1459 2701; x_wconf 86' lang='lat' dir='ltr'><strong>somno</strong></span> <span class='ocrx_word' id='word_1_583' title='bbox 1478 2677 1645 2708; x_wconf 66' lang='lat' dir='ltr'><strong>reSurgeret.</strong></span> <span class='ocrx_word' id='word_1_584' title='bbox 1660 2671 1738 2704; x_wconf 84' lang='lat' dir='ltr'><strong>Quis-</strong></span> 
     </span>
    </p>
   </div>
   <div class='ocr_carea' id='block_1_95' title="bbox 948 2718 1736 2756">
    <p class='ocr_par' dir='ltr' id='par_1_95' title="bbox 948 2718 1736 2756">
     <span class='ocr_line' id='line_1_95' title="bbox 948 2718 1736 2756; baseline -0.005 -8"><span class='ocrx_word' id='word_1_585' title='bbox 948 2720 1012 2755; x_wconf 86' lang='lat' dir='ltr'><strong>quis</strong></span> <span class='ocrx_word' id='word_1_586' title='bbox 1026 2719 1147 2756; x_wconf 84' lang='lat' dir='ltr'><strong>denique</strong></span> <span class='ocrx_word' id='word_1_587' title='bbox 1168 2719 1262 2747; x_wconf 91' lang='lat' dir='ltr'><strong>divino</strong></span> <span class='ocrx_word' id='word_1_588' title='bbox 1274 2719 1326 2746; x_wconf 78' lang='lat' dir='ltr'><strong>fuit</strong></span> <span class='ocrx_word' id='word_1_589' title='bbox 1337 2719 1445 2746; x_wconf 84' lang='lat' dir='ltr'><strong>amatus</strong></span> <span class='ocrx_word' id='word_1_590' title='bbox 1456 2718 1582 2751; x_wconf 89' lang='lat' dir='ltr'><strong>numine,</strong></span> <span class='ocrx_word' id='word_1_591' title='bbox 1603 2723 1736 2753; x_wconf 86' lang='lat' dir='ltr'><strong>quantum</strong></span> 
     </span>
    </p>
   </div>
   <div class='ocr_carea' id='block_1_96' title="bbox 949 2764 1737 2802">
    <p class='ocr_par' dir='ltr' id='par_1_96' title="bbox 949 2764 1737 2802">
     <span class='ocr_line' id='line_1_96' title="bbox 949 2764 1737 2802; baseline -0.001 -9"><span class='ocrx_word' id='word_1_592' title='bbox 949 2767 1002 2795; x_wconf 88' lang='lat' dir='ltr'><strong>hoc</strong></span> <span class='ocrx_word' id='word_1_593' title='bbox 1019 2767 1061 2795; x_wconf 89' lang='lat' dir='ltr'><strong>vel</strong></span> <span class='ocrx_word' id='word_1_594' title='bbox 1077 2767 1123 2794; x_wconf 92' lang='lat' dir='ltr'><strong>illo</strong></span> <span class='ocrx_word' id='word_1_595' title='bbox 1133 2771 1213 2802; x_wconf 87' lang='lat' dir='ltr'><strong>pacto</strong></span> <span class='ocrx_word' id='word_1_596' title='bbox 1225 2766 1325 2793; x_wconf 89' lang='lat' dir='ltr'><strong>mentis</strong></span> <span class='ocrx_word' id='word_1_597' title='bbox 1341 2766 1437 2794; x_wconf 89' lang='lat' dir='ltr'><strong>oculos</strong></span> <span class='ocrx_word' id='word_1_598' title='bbox 1451 2765 1618 2794; x_wconf 89' lang='lat' dir='ltr'><strong>contendere</strong></span> <span class='ocrx_word' id='word_1_599' title='bbox 1648 2764 1737 2800; x_wconf 89' lang='lat' dir='ltr'><strong>potuit</strong></span> 
     </span>
    </p>
   </div>
   <div class='ocr_carea' id='block_1_97' title="bbox 950 2812 1732 2848">
    <p class='ocr_par' dir='ltr' id='par_1_97' title="bbox 950 2812 1732 2848">
     <span class='ocr_line' id='line_1_97' title="bbox 950 2812 1732 2848; baseline -0.001 -8"><span class='ocrx_word' id='word_1_600' title='bbox 950 2813 1095 2841; x_wconf 87' lang='lat' dir='ltr'><strong>Trinitatis</strong></span> <span class='ocrx_word' id='word_1_601' title='bbox 1123 2813 1306 2848; x_wconf 79' lang='lat' dir='ltr'><strong>cognitionem</strong></span> <span class='ocrx_word' id='word_1_602' title='bbox 1336 2813 1465 2848; x_wconf 76' lang='lat' dir='ltr'><strong>tanquam</strong></span> <span class='ocrx_word' id='word_1_603' title='bbox 1485 2812 1514 2840; x_wconf 84' lang='lat' dir='ltr'><strong>in</strong></span> <span class='ocrx_word' id='word_1_604' title='bbox 1534 2812 1646 2847; x_wconf 88' lang='lat' dir='ltr'><strong>speculo</strong></span> <span class='ocrx_word' id='word_1_605' title='bbox 1667 2819 1732 2839; x_wconf 89' lang='lat' dir='ltr'><strong>con-</strong></span> 
     </span>
    </p>
   </div>
   <div class='ocr_carea' id='block_1_98' title="bbox 953 2857 1736 2895">
    <p class='ocr_par' dir='ltr' id='par_1_98' title="bbox 953 2857 1736 2895">
     <span class='ocr_line' id='line_1_98' title="bbox 953 2857 1736 2895; baseline -0.008 -7"><span class='ocrx_word' id='word_1_606' title='bbox 953 2861 1100 2895; x_wconf 83' lang='lat' dir='ltr'><strong>templatus</strong></span> <span class='ocrx_word' id='word_1_607' title='bbox 1116 2863 1167 2888; x_wconf 82' lang='lat' dir='ltr'><strong>est.</strong></span> <span class='ocrx_word' id='word_1_608' title='bbox 1181 2858 1290 2894; x_wconf 81' lang='lat' dir='ltr'><strong>Alioqui</strong></span> <span class='ocrx_word' id='word_1_609' title='bbox 1305 2858 1347 2887; x_wconf 89' lang='lat' dir='ltr'><strong>vel</strong></span> <span class='ocrx_word' id='word_1_610' title='bbox 1371 2858 1430 2894; x_wconf 86' lang='lat' dir='ltr'><strong>ipsa</strong></span> <span class='ocrx_word' id='word_1_611' title='bbox 1449 2857 1482 2886; x_wconf 88' lang='lat' dir='ltr'><strong>de</strong></span> <span class='ocrx_word' id='word_1_612' title='bbox 1497 2857 1553 2885; x_wconf 87' lang='lat' dir='ltr'><strong>Deo</strong></span> <span class='ocrx_word' id='word_1_613' title='bbox 1570 2857 1651 2885; x_wconf 82' lang='lat' dir='ltr'><strong>Patre</strong></span> <span class='ocrx_word' id='word_1_614' title='bbox 1672 2863 1736 2883; x_wconf 73' lang='lat' dir='ltr'><strong>con~</strong></span> 
     </span>
    </p>
   </div>
  </div>
