1949 3073
219 149 287 182 1127

831 145 981 176 NICET/E
1000 143 1208 174 CHONIATA‘.’

1774 143 1853 176 119.8

215 213 295 244 cepta
320 207 396 235 notio
409 226 417 240 ,
437 205 499 234 Filii
524 211 634 240 quoque
657 208 686 231 et
705 202 827 238 Spiritus
853 201 1001 230 essentiam
1015 202 1041 232 Δ
1055 206 1155 236 potest,
1174 208 1228 236 qua
1245 208 1289 228 res
1304 200 1482 235 expetendas,
1505 204 1534 228 et
1544 207 1609 228 suos
1624 199 1742 228 euectus
1758 207 1851 228 causa

214 256 413 281 commonstrat
438 255 467 279 et
489 249 643 277 conﬁrmat.
664 248 732 275 Nam
760 248 822 275 Filii
851 247 934 274 Pater
960 252 1002 274 est

217 305 245 327 et
258 299 345 326 Patris
359 297 456 329 Filius,
469 303 571 330 eosque
590 302 643 321 una
656 298 685 321 et
700 295 794 321 eadem
809 297 907 320 natura
919 292 1003 319 eﬂ'or-

217 348 284 372 mat.
307 343 427 378 Spiritus
448 341 543 368 itidem
565 340 680 368 alterius
707 338 860 374 cuiuspiam
888 338 1003 372 spiritus

216 395 278 422 est,
293 390 353 425 ejus
368 388 497 416 nimirum
515 387 593 422 cujus
616 389 644 413 et
663 385 774 412 dicitur.
800 385 836 411 lis
859 384 951 418 itaque
967 384 1003 411 de

216 437 308 465 causis
336 435 563 470 Trishypostata,
591 432 645 459 hoc
667 435 729 464 est,
761 430 848 457 tribus
873 433 1004 457 constans

215 481 342 518 personis
356 480 490 508 Divinitas
514 479 606 506 animo
627 485 660 505 ex
681 477 813 512 symbolis
828 476 946 511 primum
969 475 1003 502 ab

216 528 271 555 illis
282 531 414 561 concepta
424 529 476 557 est,
491 524 538 559 qui
552 531 643 551 rerum
660 522 817 550 divinarum
832 521 1002 556 praescientia

216 574 376 601 claruerunt
396 579 402 596 :
421 571 507 605 palam
524 577 589 597 vero
606 573 634 596 et
648 568 793 603 perspicue
811 573 868 594 tum
881 566 1002 599 demum,

217 626 280 646 cum
297 625 332 645 ex
346 616 489 644 Trinitatis
511 615 637 651 personis
651 621 706 642 una
722 613 865 641 nobiscum
878 612 906 640 in
921 619 1003 639 carne

216 668 324 692 versata
345 667 398 690 est.

545 718 621 746 CAP.
644 717 678 746 ll.

218 778 273 806 Cur
295 778 433 806 Trinitatis
456 777 610 813 mysterium
647 774 794 813 ministerio
820 772 895 813 verbi
920 773 1004 807 potius

340 821 420 848 quam
440 811 551 839 hominis
565 811 712 846 eujuspiam
726 811 879 836 innotuerit.

254 869 390 895 Creterum
415 868 505 895 Verbo
532 866 656 894 muneris
691 865 719 893 id
744 864 938 897 conveniebat,
973 867 1004 890 ut

219 913 361 942 Trinitatis
372 914 534 950 mysterium
550 912 654 940 mundo
669 911 847 947 patefaceret,
862 914 891 938 ut
913 910 1004 937 homi-

218 969 268 988 nes
282 969 296 988 a
315 961 371 988 Deo
386 969 419 988 ea
448 967 510 995 quas
525 959 572 987 Dei
587 964 650 986 sunt
676 957 778 989 edocti,
803 956 877 984 haud
892 955 1004 983 dubiam

218 1007 253 1034 de
269 1007 303 1034 iis
312 1007 471 1041 opinionem
484 1005 673 1040 conciperent.
686 1003 755 1031 Nam
768 1003 791 1030 si
810 1010 825 1029 a
843 1001 1000 1029 mortalium

219 1053 313 1088 aliquo
347 1052 478 1080 traditum
507 1051 615 1083 fuisset,
649 1057 792 1084 nunquam
818 1048 844 1074 id
875 1045 1006 1082 ponderis

219 1098 292 1133 apud
317 1105 410 1125 rerum
439 1097 596 1124 divinarum
630 1095 771 1122 studiosos
798 1093 950 1124 habuisset,
976 1095 1006 1118 ut

220 1146 303 1174 facile
336 1145 544 1181 suspiciendum
573 1143 736 1171 videretur:
771 1139 1005 1176 quemadmodum

219 1193 295 1220 verbi
319 1193 415 1227 gratia,
439 1191 566 1219 Mosaicis
591 1189 701 1224 scriptis
735 1187 896 1215 usuvenisse
926 1193 1006 1222 syco-

221 1239 329 1274 phantte
344 1238 480 1266 atiirmare
510 1236 569 1264 ausi
583 1241 649 1263 sunt
675 1236 725 1270 (3),
740 1241 859 1269 quorum
872 1233 926 1260 alia
947 1232 1008 1267 qui-

220 1286 283 1311 dem
301 1284 381 1310 abeo
395 1282 562 1318 legislatore,
584 1280 638 1307 alia
653 1287 720 1307 vero
740 1287 755 1306 a
768 1279 842 1306 Mose
856 1277 1006 1313 populique

220 1329 376 1357 senioribus
391 1327 563 1363 promulgata
577 1326 717 1354 dixerunt.
732 1325 822 1360 Atque
847 1324 932 1359 hujus
955 1331 1005 1358 po-

222 1376 349 1404 sterioris
363 1375 503 1410 opinionis
518 1381 594 1410 ergo,
634 1381 669 1400 ne
684 1372 754 1408 legis
781 1371 893 1406 quidem
909 1370 1009 1398 divinae

223 1423 328 1450 cultum
345 1421 504 1457 hujusmodi
533 1419 644 1454 scriptis
669 1418 865 1446 exhibuerunt.
891 1417 959 1444 Nam
985 1417 1008 1443 si

222 1466 482 1503 posteaquam'ipse
509 1466 635 1494 Christus
665 1464 830 1499 theologiam
856 1463 930 1490 illam
943 1470 1009 1497 pro-

222 1514 314 1541 fessus
344 1518 397 1544 est,
415 1519 476 1547 qua:
503 1517 532 1539 et
556 1512 583 1538 in
597 1511 703 1538 unitate
732 1509 898 1542 Divinitatis,
924 1511 954 1536 et
977 1508 1005 1535 in

223 1559 346 1587 trinitate
373 1565 552 1593 personarum
585 1556 726 1590 elucescit,
765 1555 903 1588 nonnulli,
934 1555 1010 1582 velut

223 1605 383 1632 adulterina:
397 1603 521 1638 quaedam
535 1602 667 1631 daemonis
684 1606 813 1634 monetae,
827 1601 918 1628 exorti
932 1605 1007 1633 sunt,

223 1651 271 1686 qui
290 1650 339 1677 Dei
362 1650 531 1685 maiestatem
565 1648 641 1675 nullo
671 1647 752 1674 modo
775 1647 897 1678 reveriti,
922 1653 938 1673 a
956 1646 1010 1673 ﬁde

224 1695 389 1723 diverticula
418 1694 687 1724 subintroducerent,
717 1700 732 1720 a
758 1692 868 1727 quibus,
899 1698 1008 1726 quaeso,

223 1740 318 1768 verbis
333 1740 386 1767 sibi
403 1744 603 1774 temperassent
616 1738 754 1770 hotnines,
774 1737 797 1765 si
821 1737 1010 1765 abstrusarum

225 1794 328 1820 rerum,
342 1786 460 1813 necdum
476 1793 492 1812 a
513 1792 652 1821 quoquam
675 1788 853 1811 tractatarum
883 1783 1011 1810 doctores

227 1832 344 1860 inissent
354 1831 365 1858 τ

540 1887 617 1915 CAP.
648 1887 695 1915 Ill.

227 1943 383 1972 Incarnatio
395 1943 492 1972 Christi
504 1944 675 1970 certissimum
691 1943 787 1970 diuina:
814 1951 878 1978 erga
894 1951 940 1970 nos
952 1950 1012 1978 pro—

455 1979 575 2006 videntia
587 1983 782 2014 argumentum.

219 2059 221 2063 Α
261 2036 310 2065 Dei
332 2044 416 2072 porro
452 2036 605 2072 majestatis
636 2035 897 2064 excellentissimum
931 2043 1011 2070 opus,

228 2083 409 2119 ejusdemque
442 2082 623 2118 providentia
651 2090 717 2118 erga
744 2090 794 2110 nos
820 2087 1012 2118 argumentum

225 2128 445 2156 eﬂicacissimum
473 2128 536 2155 inde
551 2127 682 2161 innotuit,
709 2128 782 2163 quod
796 2128 882 2156 Filius
897 2135 1009 2156 carnem

227 2174 415 2210 assumpserit,
449 2177 477 2201 et
500 2181 587 2211 usque
616 2173 651 2201 ad
680 2178 796 2201 mortem
828 2174 920 2201 crucis
953 2181 1013 2201 sese

227 2219 422 2248 exinaniverit.
436 2219 505 2247 Cum
515 2220 588 2247 enim
612 2218 657 2246 ille
670 2219 719 2246 Dei
733 2219 822 2254 imago
834 2219 1014 2247 immutabilis

228 2271 257 2294 et
267 2266 401 2293 naturalis
419 2270 503 2299 esset,
519 2272 625 2300 nosque
651 2265 780 2300 imaginis
803 2265 878 2292 illius
905 2265 1015 2299 divinae,

229 2312 264 2340 ad
282 2320 363 2348 quam
381 2312 519 2340 ell'ormati
545 2312 688 2340 fueramus
715 2312 902 2339 characterem
920 2319 1017 2339 corru-

229 2359 377 2395 pisscmus,
387 2358 460 2386 idem
471 2358 517 2386 ille
524 2359 572 2393 qui
587 2363 617 2386 ut
627 2358 656 2385 in
665 2365 758 2385 rerum
774 2362 872 2385 natura
882 2365 1015 2391 essemus,

228 2405 371 2439 eﬂ'ecerat,
383 2409 516 2432 creaturae
530 2412 585 2432 suae
607 2405 836 2432 restaurationem
852 2405 880 2432 in
895 2411 924 2431 se
940 2411 1018 2432 rece-

229 2451 280 2488 pit,
295 2455 377 2486 atque
392 2451 461 2478 adeo
476 2451 658 2477 ὲνυπόστατον
687 2450 767 2483 illud,
785 2451 839 2478 hoc
854 2455 907 2483 est,
923 2459 972 2486 per
986 2459 1017 2479 se

230 2498 385 2527 subsistens
413 2497 463 2525 Dei
483 2497 615 2529 Verbum,
638 2498 717 2525 Patre
735 2498 872 2532 propriam
902 2498 1016 2533 gloriam

229 2553 286 2572 non
314 2549 444 2579 exuente,
477 2544 650 2572 incarnatum
662 2544 690 2571 in
714 2545 796 2571 terris
819 2545 957 2579 apparuit,
987 2549 1013 2572 et

230 2599 278 2619 eos
298 2591 347 2626 qui
362 2599 378 2618 a
394 2591 501 2618 ratione
514 2585 694 2622 deﬂexerant,
708 2589 742 2617 ad
753 2591 917 2625 brutamque
930 2591 1014 2618 vitam

230 2638 412 2670 diverterant,
443 2637 535 2664 denuo
557 2636 591 2663 ad
608 2636 724 2663 rationis
740 2641 768 2663 et
798 2637 956 2665 intellectus
972 2637 1014 2664 di-

231 2686 361 2718 gnitatem
380 2683 528 2711 revocavit.
542 2682 622 2710 Pater
632 2687 722 2709 autem
732 2682 832 2710 ordine
846 2683 954 2716 Filium,
971 2683 1016 2710 Fi-

235 2730 346 2765 liusque
374 2729 508 2765 Spiritum
534 2728 691 2764 praecedere
711 2728 807 2756 eadem
833 2730 940 2758 ratione
960 2730 1014 2758 dici

1053 246 1194 281 praecedit,
1211 245 1258 281 qui
1271 250 1365 272 tamen
1383 245 1501 272 diversa:
1525 249 1640 277 naturae,
1656 244 1850 279 posteriores-

1052 299 1106 327 que
1121 297 1244 327 tempore
1257 299 1312 318 non
1331 291 1396 325 sint,
1412 291 1460 318 sed
1477 295 1579 318 aeterna
1599 290 1694 325 potius
1723 294 1848 318 coaeter-

1052 328 1151 364 norum
1180 336 1328 364 ctfeetnum
1355 343 1437 364 causa
1458 336 1506 369 sit,
1520 335 1646 372 ejusdem
1666 335 1850 366 substantiae.

1054 383 1112 410 sola
1159 382 1328 417 proprietate
1370 382 1492 416 dempta,
1537 381 1690 417 particeps.
1733 381 1852 408 Primus

1053 429 1128 457 enim
1158 434 1246 464 pater,
1263 428 1401 456 secundus
1431 428 1568 463 genitura,
1586 428 1683 455 tertius
1701 427 1850 462 processio

1054 475 1166 503 dicitur.

1380 519 1457 548 CAP.
1471 520 1516 548 IV.

1054 576 1120 604 Cum
1142 575 1275 603 Divinitas
1300 576 1442 611 ineffabilia
1452 576 1486 611 sit
1510 579 1535 602 et
1559 575 1847 611 incomprehensibilis,

1088 611 1134 646 qui
1154 612 1195 644 ﬁt,
1218 616 1245 638 ut
1268 619 1284 638 a
1304 609 1408 638 Christo
1430 612 1458 638 in
1474 610 1596 644 Patrem,
1613 610 1638 637 F
1640 609 1715 638 ilium
1732 615 1756 637 et
1782 609 1851 646 Spi-

1091 647 1172 673 ritum
1189 646 1322 673 dividatur
1335 646 1348 672 .’

1091 702 1170 736 Quod
1202 703 1225 730 si
1244 710 1302 730 rem
1319 703 1405 738 ipsam
1433 702 1518 730 altius
1536 707 1620 738 atque
1646 703 1852 730 convenienter

1035 747 1112 776 ‘Deo
1136 748 1333 783 disquiramus,
1366 753 1464 777 natura
1493 749 1586 776 divina
1608 748 1683 776 omni
1708 756 1743 776 ex
1766 752 1850 782 parte

1056 793 1205 822 ineﬂabilis
1232 799 1285 827 est,
1301 799 1329 822 et
1350 794 1649 829 incomprehensibilis,
1660 801 1712 821 nec
1724 793 1751 820 id
1768 792 1850 827 quod

1056 847 1086 867 re
1102 840 1160 874 ipsa
1181 844 1223 867 est
1249 845 1297 868 aut
1315 840 1435 867 humana
1459 840 1520 875 capi
1538 840 1644 867 ratione
1659 846 1691 866 ac
1715 839 1851 870 revelari,

1055 892 1102 913 aut
1113 886 1239 913 oratione
1266 886 1320 913 ulla
1336 885 1455 920 exprimi
1472 890 1575 920 potest.
1592 885 1627 912 Et
1639 885 1769 920 quamvis
1785 883 1850 911 Tri-

1055 933 1181 967 nitatem,
1210 933 1338 968 quamvis
1367 933 1515 965 unitatem,
1538 933 1665 967 quamvis
1690 932 1802 958 Patrem
1820 934 1852 957 et

1056 979 1167 1011 Filium,
1181 982 1209 1006 et
1224 979 1369 1014 Spiritum,
1385 978 1511 1014 quamvis
1521 978 1642 1013 dentque
1662 977 1847 1005 Divinitatem

1056 1025 1129 1052 illam
1145 1024 1462 1059 incomprehensibilem,
1481 1029 1508 1052 et
1527 1029 1653 1051 naturam
1672 1023 1847 1051 ineffabilem

1057 1070 1099 1098 vel
1114 1071 1205 1098 animo
1220 1071 1422 1105 concipiamus,
1439 1071 1482 1098 vel
1495 1070 1603 1098 ratione
1617 1070 1847 1105 pronuntiemus,

1057 1116 1103 1144 illa
1118 1124 1175 1144 non
1195 1116 1228 1144 iis
1238 1117 1331 1149 rebus,
1351 1117 1399 1144 sed
1415 1124 1498 1151 supra
1512 1124 1559 1144 eas
1579 1116 1716 1144 consistit.
1737 1115 1781 1142 Ex
1790 1123 1850 1150 quo

1058 1163 1099 1195 lit,
1116 1167 1145 1190 ut
1169 1163 1270 1190 divinae
1301 1168 1408 1190 natura:
1433 1170 1524 1197 neque
1554 1163 1630 1197 prior
1649 1162 1729 1189 locus
1755 1169 1851 1196 neque

1058 1206 1199 1244 posterior»
1219 1209 1425 1237 accommodari
1442 1209 1586 1237 commode
1605 1208 1703 1243 possit,
1718 1207 1767 1235 sed
1787 1215 1851 1234 om-

1058 1256 1134 1282 nium
1167 1263 1313 1290 supremus
1351 1256 1493 1287 duntaxat,
1523 1259 1619 1289 utpote
1645 1262 1706 1289 quae
1734 1262 1848 1281 omnem

1057 1308 1204 1329 numerum
1227 1305 1253 1329 et
1270 1302 1406 1329 unitatum
1419 1301 1648 1335 excogitationem
1672 1300 1794 1333 excedit,
1825 1301 1849 1327 si

1059 1347 1155 1374 saltem
1171 1354 1304 1374 numerus
1318 1352 1346 1374 et
1358 1348 1449 1374 unitas
1460 1348 1532 1374 circa
1544 1347 1715 1374 substantias
1732 1354 1850 1374 versen-

1060 1398 1116 1426 tur,
1131 1393 1203 1421 Deus
1224 1397 1316 1420 autem
1336 1401 1418 1428 supra
1440 1393 1622 1421 substantiam
1647 1393 1695 1420 sit.
1715 1392 1849 1420 Senator

1061 1444 1150 1466 tamen
1165 1444 1269 1472 noster,
1287 1443 1318 1466 ut
1342 1439 1502 1466 nominibus
1518 1443 1546 1467 et
1565 1439 1648 1466 rebus
1660 1439 1740 1466 nobis
1765 1439 1848 1466 fami-

1059 1485 1174 1513 liaribus
1194 1486 1227 1513 ad
1238 1493 1270 1514 ea
1282 1493 1333 1513 nos
1346 1486 1508 1518 deduceret,
1535 1494 1597 1522 quae
1613 1493 1696 1521 supra
1718 1490 1849 1513 naturam

1023 1538 1045 1570 α
1062 1531 1152 1567 posita
1171 1537 1245 1565 sunt,
1271 1531 1429 1566 divinisque
1453 1531 1523 1559 adeo
1547 1531 1687 1567 mysteriis
1709 1531 1850 1565 initiaret,

1060 1578 1186 1605 oratione
1209 1585 1258 1605 sua
1274 1577 1347 1605 Patri
1367 1578 1499 1613 primum,
1523 1577 1593 1605 Filio
1618 1578 1746 1610 alterum,
1782 1578 1848 1613 Spi-

1061 1624 1184 1659 ritttique
1196 1629 1292 1651 sancto
1311 1625 1424 1652 tertium
1453 1625 1544 1652 locum
1560 1624 1697 1658 attribuit,
1727 1631 1792 1651 cum
1807 1625 1848 1651 sic

1061 1670 1214 1705 discipulos
1247 1678 1313 1698 suos
1336 1671 1510 1706 alloquitur:
1537 1671 1636 1698 Euam
1652 1671 1741 1698 docete
1758 1678 1849 1697 omnes

1061 1721 1160 1752 gentes,
1177 1716 1341 1752 baptizautes
1350 1725 1395 1744 eos
1413 1717 1441 1744 in
1461 1718 1566 1744 nomine
1579 1717 1681 1751 Patris,
1697 1721 1721 1744 et
1737 1715 1813 1749 Filii,
1823 1721 1848 1743 et

1060 1761 1174 1798 Spiritus
1188 1763 1273 1790 sancti
1287 1763 1306 1790 '.

1021 875 1040 902 Β

1393 1808 1468 1836 CAP.
1490 1809 1523 1836 V.

1025 1885 1027 1889 ι
1061 1865 1271 1893 Consentaneum
1284 1865 1374 1900 fuisse,
1390 1870 1419 1892 ut
1431 1865 1479 1892 Dei
1497 1864 1582 1891 Filius
1606 1864 1719 1891 hominis
1741 1872 1845 1900 quoque

1062 1928 1064 1930 τ
1098 1900 1180 1927 Filius
1205 1900 1348 1931 diceretur,
1370 1899 1480 1935 ﬁerique
1502 1908 1554 1926 non
1573 1901 1686 1934 potuisse
1713 1903 1743 1926 ut
1765 1900 1807 1926 vel
1818 1899 1848 1925 ab

1097 1936 1202 1962 homine
1219 1937 1345 1967 Immone,
1358 1935 1397 1962 vel
1407 1937 1439 1961 ab
1458 1935 1552 1970 angelo
1566 1940 1727 1962 servaretur.

1099 1992 1157 2019 Hoc
1174 1997 1268 2020 autem
1282 1999 1371 2027 neque
1382 1992 1457 2019 Patri
1477 2000 1493 2019 a
1508 1996 1606 2019 natura
1624 1991 1849 2026 insitum,neque

1063 2038 1158 2066 divino
1188 2039 1255 2066 item
1287 2038 1405 2074 Spiritui
1427 2043 1646 2067 consentaneum
1668 2043 1740 2071 erat,
1766 2043 1797 2065 ut
1820 2038 1848 2065 in

1064 2090 1140 2113 terra
1171 2084 1322 2118 videretur,
1351 2090 1380 2112 et
1411 2085 1556 2112 nobiscum
1587 2084 1771 2112 coalesceret.
1799 2083 1847 2117 Qui

1064 2130 1139 2158 enim
1164 2130 1225 2158 ﬁeri
1249 2135 1354 2170 posset.
1381 2134 1413 2157 ut
1446 2131 1495 2165 qui
1528 2130 1615 2158 nullis
1654 2137 1710 2157 non
1742 2130 1849 2157 saeculis

1065 2177 1176 2204 insitam
1218 2176 1271 2204 sibi
1312 2177 1506 2211 paternitatem
1542 2176 1722 2212 praedicabat,
1766 2176 1849 2203 Filius

1066 2222 1188 2250 hominis
1200 2222 1328 2250 audiret?
1344 2223 1386 2250 vel
1402 2223 1485 2250 etiam
1501 2222 1626 2257 Spiritus
1646 2222 1691 2249 ille
1708 2221 1848 2256 coadjutor
1884 2218 1886 2221 ’

1065 2273 1094 2296 et
1117 2268 1268 2303 perfector,
1295 2275 1450 2303 eorumque
1480 2268 1668 2299 conllrmator,
1685 2273 1747 2302 quae
1767 2266 1851 2293 Filius

1066 2321 1100 2341 ex
1122 2313 1210 2341 nihilo
1229 2313 1263 2341 ad
1290 2313 1317 2340 id
1333 2315 1406 2348 quod
1422 2318 1465 2341 est
1483 2314 1511 2341 in
1539 2320 1637 2340 rerum
1656 2316 1757 2339 natura
1787 2320 1850 2347 pro-

1066 2361 1156 2393 duxit,
1189 2365 1271 2396 prout
1300 2360 1425 2396 plerique
1443 2360 1553 2395 scriptis
1577 2361 1636 2388 suis
1662 2364 1849 2391 asseruerunt,

1066 2407 1121 2434 imo
1140 2407 1183 2434 vel
1199 2406 1257 2442 ipse
1270 2406 1402 2434 Servator
1416 2407 1445 2433 in
1458 2406 1626 2442 Evangeliis,
1642 2405 1670 2433 in
1693 2405 1796 2440 quibus
1817 2404 1850 2432 de

1065 2453 1170 2488 Spiritu
1182 2457 1276 2480 sancto
1290 2452 1432 2481 disserens
1442 2452 1594 2487 discipulos
1610 2452 1653 2479 bis
1677 2451 1772 2479 verbis
1783 2451 1850 2479 allo-

1065 2500 1179 2534 quitur:
1194 2499 1351 2526 Paraclettu
1377 2504 1467 2526 autem
1490 2498 1605 2533 Spiritus
1630 2503 1749 2530 sanctus,
1776 2504 1850 2532 quem

1065 2547 1150 2573 mittet
1171 2546 1252 2573 Pater
1267 2546 1295 2573 in
1307 2546 1411 2572 nomine
1425 2553 1492 2578 mea,
1509 2544 1555 2572 ille
1569 2552 1613 2571 vos
1629 2545 1728 2571 docebit
1752 2543 1849 2575 omnia,

1066 2597 1090 2620 et
1105 2597 1225 2628 suggeret
1244 2593 1313 2620 vobis
1332 2599 1491 2627 quiscunque
1506 2592 1561 2619 dixi
1578 2590 1648 2618 vobis
1659 2591 1681 2617 ⁸.
1697 2591 1775 2622 ltem,
1789 2589 1850 2616 Cum

1067 2644 1157 2668 autem
1172 2640 1270 2666 venerit
1285 2639 1452 2671 Paracletus,
1468 2646 1546 2673 quem
1577 2645 1623 2672 ego
1640 2637 1746 2664 mittam
1772 2635 1848 2666 vobis,

1065 2686 1181 2722 Spiritus
1207 2685 1336 2718 veritatis,
1367 2686 1412 2719 qui
1430 2693 1446 2711 a
1466 2683 1548 2711 Patre
1573 2683 1703 2718 procedit,
1721 2682 1766 2709 ille
1782 2681 1849 2708 testi-

1066 2733 1181 2760 monium
1198 2731 1263 2761 feret
1286 2731 1318 2758 de
1337 2739 1378 2759 me
1390 2733 1412 2758 '.
1429 2730 1482 2759 Sed
1500 2730 1553 2758 hoc
1571 2737 1586 2757 ι
1614 2729 1720 2757 ratione
1735 2734 1790 2755 non
1805 2727 1850 2754 ab-

1030 2205 1051 2232 ι)

264 2798 273 2813 ⁷
294 2798 390 2826 Matth.
406 2806 501 2832 nvnt,
519 2800 562 2826 l9.
599 2799 609 2815 '
624 2798 703 2827 Joan.
721 2807 775 2833 xw,
787 2800 833 2828 26.
871 2801 971 2830 ’Joan.
986 2810 1033 2836 xv,
1052 2803 1098 2830 26.

269 2862 307 2888 tat
323 2863 486 2892 Ptolemaeus
504 2866 530 2893 in
545 2867 640 2895 primis
652 2867 717 2895 infr.
735 2867 783 2896 lib.
799 2877 825 2896 tv
850 2877 874 2898 c.
892 2868 918 2896 5.
