1949 3073
118 138 192 170 1129

752 133 949 166 THESAURI
970 133 1043 164 LlB.
1064 133 1109 164 II.

1670 133 1734 165 11ῆο

114 193 261 225 horrebat,
281 197 311 220 ut
323 191 369 228 qui
386 191 433 219 Dei
453 188 538 218 Filius
552 195 637 223 esset,
656 189 778 217 hominis
792 197 902 225 quoque
917 194 940 220 Α
956 190 1089 216 unitatem
1124 188 1343 224 supernaturalis
1361 189 1421 225 ejus
1439 187 1676 224 impartibilitatis,
1693 196 1738 215 ra-

113 240 204 268 Filius
221 239 367 270 evaderet;
381 242 409 265 et
433 236 662 272 quemadmodum
676 236 762 263 vitam
783 236 905 263 homini-

115 286 172 313 bus
201 286 317 320 largitus
342 289 412 316 erat,
426 284 464 312 ita
491 283 571 311 nobis
584 290 694 318 quoque
714 289 769 309 non
798 287 904 309 tantum

113 331 211 363 vitam,
238 330 286 358 sed
303 331 401 357 bonam
422 329 505 356 etiam
523 329 607 356 vitam
625 327 748 354 adventu
775 333 827 354 suo
845 326 902 353 lar-

113 378 235 413 giretur.
253 377 336 404 salvis
350 366 483 403 ambabus
501 375 628 402 naturis:
657 373 760 406 divina,
781 373 903 407 inquam,

115 431 180 458 qua:
194 423 288 450 eadem
304 423 392 457 prima
417 427 471 454 est,
501 425 529 449 et
548 420 669 448 hominis
695 423 804 454 captum
826 422 903 455 tran-

114 468 248 502 scendit;
268 476 376 495 necnon
395 468 524 500 humana,
553 473 635 500 quam
661 469 775 500 propter
797 471 848 492 nos
871 464 904 491 ad

115 520 228 549 tempus
258 514 369 549 speciali
390 513 507 548 quadam
538 511 706 546 proprietate
744 509 903 544 assumpsit.

114 559 270 587 Praesertim
299 559 362 594 quia
379 558 499 586 hominis
517 558 596 592 culpa
626 557 729 584 factum
747 556 848 588 fuerat,
875 559 905 582 ut

114 606 200 632 homo
216 605 304 632 salute
322 604 528 636 excluderetur,
557 603 601 630 cui
619 602 819 636 consequentia:
835 601 902 629 nihil

115 651 236 678 Mosaica
262 651 317 684 lex,
333 650 402 677 nihil
430 649 598 685 prophetica:
619 648 813 684 praedictiones
840 655 905 682 pro-

113 697 196 724 desse
220 701 379 731 potuerant,
403 695 471 722 nihil
492 695 611 730 denique
636 694 796 729 angelorum
828 694 903 729 quis-

112 743 187 777 piam
214 741 294 769 nobis
313 741 365 768 hac
391 741 420 768 in
432 748 462 768 re
489 740 614 775 proferre
635 747 716 774 posse
739 739 901 767 videretur:

112 788 224 815 tametsi
252 787 305 814 hoc
330 787 386 814 Deo
408 793 490 820 supra
514 785 625 813 modum
651 785 802 817 arrisisset,
829 784 903 819 quod

114 831 201 858 rebus
216 831 362 857 hominum
387 829 536 864 deploratis
565 836 686 864 praesens
709 829 861 856 remedium
876 833 904 856 et

114 876 150 902 ad
166 876 382 912 recuperandam
399 878 517 903 salutem
531 875 749 903 eﬂicacissimum
778 875 900 902 atl'erret.

114 922 168 956 Qui
183 922 257 949 enim
277 921 337 949 fieri
363 921 509 956 potuisset,
528 925 558 947 ut
584 920 701 955 simplex
726 921 821 954 homo,
849 928 903 948 nec

115 968 199 995 ullius
214 967 368 995 divinitatis
393 967 541 1002 particeps,
565 974 649 993 unam
668 966 848 1001 eamdemque
873 965 903 992 in

115 1014 198 1041 tidem
236 1019 331 1049 gentes
358 1016 549 1048 congregaret,
582 1012 690 1047 illisque
732 1011 904 1040 caeremoniis

118 1061 200 1087 tinem
228 1060 394 1094 imponeret,
422 1059 524 1094 quibus
552 1058 596 1085 lex
616 1057 752 1085 obnoxios
778 1065 828 1085 nos
845 1057 902 1085 etii-

115 1105 233 1132 ciebat?
252 1105 292 1132 vel
313 1105 396 1132 etiam
411 1104 507 1132 eadem
529 1107 665 1138 potestate
695 1103 734 1130 uti
745 1103 901 1138 [potuisset,

115 1157 169 1183 qua
177 1149 304 1176 Christus
311 1149 408 1182 utitur,
419 1149 463 1176 his
472 1148 562 1176 verbis
574 1157 581 1175 :
596 1147 650 1175 Lex
663 1148 769 1183 quidem
780 1149 828 1181 ait,
841 1147 903 1174 Non

114 1195 282 1222 mazchaberis
291 1202 300 1221 .'
308 1203 354 1229 ego
367 1198 466 1227 autem,
477 1192 516 1220 Ne
526 1194 661 1221 mulierem
670 1194 772 1230 quidem
783 1195 902 1229 aspicies,

115 1241 151 1268 ad
168 1241 403 1276 concupiscendam
417 1249 477 1268 eam
491 1240 525 1273 ‘°,
552 1245 581 1268 et
596 1248 656 1275 quae
681 1246 847 1276 sequuntur,
870 1248 903 1268 eo

115 1285 226 1320 quidem
240 1293 322 1313 sensu
337 1285 509 1321 accipienda,
526 1290 557 1313 ut
572 1285 605 1313 ad
616 1286 683 1321 legis
694 1286 902 1321 perfectionem,

115 1340 170 1359 non
186 1337 278 1359 autem
296 1333 330 1360 ad
355 1332 572 1360 destructionem
589 1332 662 1359 dicta
690 1336 719 1359 et
740 1332 839 1359 tradita
861 1331 904 1359 in—

117 1377 287 1413 telligantur.
317 1377 372 1404 Sed
398 1384 432 1404 ne
451 1377 587 1403 malorum
614 1376 726 1411 quidem
754 1376 903 1411 spirituum

115 1423 189 1451 vires
205 1423 344 1451 infirmare
368 1423 502 1458 potuisset
518 1423 641 1457 angelus,
668 1422 820 1457 praesertim
839 1430 903 1450 cum

119 1471 264 1504 Scriptura
293 1477 343 1497 nos
367 1473 487 1502 moneat,
518 1468 678 1496 Michaelem
709 1468 902 1504 archangelum

117 1524 180 1543 cum
207 1515 317 1542 diabolo
344 1515 456 1550 quidem
485 1521 569 1548 super
594 1514 677 1541 Mosis
694 1521 811 1550 corpore
841 1522 905 1542 con-

117 1561 248 1593 tendisse,
267 1568 300 1587 eo
316 1566 407 1588 tamen
432 1561 555 1589 audaciae,
574 1568 747 1596 nequaquam
770 1561 901 1593 evasisse,

117 1611 148 1634 ut
164 1607 239 1634 illum
255 1611 385 1642 tanquam
409 1608 600 1643 blasphemum
626 1607 832 1638 condemnaret.
854 1607 903 1635 sed

118 1653 162 1680 his
178 1644 311 1680 duntaxat
338 1654 430 1681 verbis
453 1662 532 1682 usum
558 1661 618 1681 esse
635 1662 643 1682 ε
659 1655 778 1689 Increpet
797 1658 821 1680 te
847 1653 902 1681 Do-

115 1699 213 1725 minus.
234 1698 305 1731 Quin
320 1703 347 1725 et
366 1698 454 1734 angeli
468 1699 495 1726 in
510 1699 622 1734 angelos
635 1699 792 1734 insurgunt,
807 1707 903 1734 quem-

117 1743 271 1770 admodum
294 1744 338 1771 vir
361 1744 408 1771 ille
423 1744 624 1772 desideriorum
657 1750 684 1772 et
705 1745 901 1780 prophetarum

114 1789 372 1824 perspicacissimus
409 1790 504 1818 Daniel
536 1793 594 1818 suis
620 1791 732 1825 scriptis
771 1791 899 1825 explicat.

114 1835 247 1868 Quocirca
264 1839 347 1870 prout
372 1836 529 1870 oportebat,
542 1836 580 1864 ita
611 1837 694 1864 etiam
716 1842 808 1865 creata
836 1841 901 1864 sunt

114 1884 216 1915 omnia,
230 1889 321 1912 creata
337 1892 403 1912 vero
420 1890 449 1912 et
467 1885 538 1912 facta
563 1889 628 1912 sunt
651 1885 688 1912 ita
708 1889 738 1912 ut
756 1889 783 1912 et
798 1885 901 1913 mundo

114 1929 266 1963 salutifera,
301 1938 352 1958 nec
383 1930 438 1958 Deo
465 1930 577 1966 indigna
602 1935 704 1958 essent.
732 1931 822 1966 Atque
842 1932 900 1959 haec

113 1975 255 2008 hactenus,
279 1976 388 2007 etiamsi
404 1976 472 2004 citra
498 1984 607 2004 omnem
623 1978 756 2004 orationis
772 1982 900 2005 ornatum

114 2021 186 2048 dicta
199 2022 264 2049 sint.
277 2022 335 2049 Jam
348 2024 474 2057 quaedam
503 2022 614 2057 scriptis
637 2022 792 2050 mandanda
806 2031 901 2059 super-

115 2073 187 2100 sunt,
206 2076 239 2095 ex
253 2068 358 2103 quibus
367 2068 535 2096 sanctissimi
554 2068 651 2095 Patres
674 2072 701 2095 et
717 2068 837 2104 theologi
850 2077 900 2097 nos

115 2114 278 2147 docuerunt,
293 2115 424 2149 quidnam
441 2115 474 2142 de
484 2108 741 2150 supersubstantiali
763 2115 900 2144 Trinitate

115 2160 286 2187 sentiendum
302 2161 348 2188 sit.

436 2230 512 2258 CAP.
527 2231 574 2260 Vl.

113 2283 144 2310 Β.
160 2283 458 2322 DiartysiiAreopagita',
468 2295 501 2314 ea:
509 2296 567 2322 cap.
579 2287 608 2320 2,
617 2287 732 2315 Deum‘ta
744 2293 768 2315 et
778 2288 900 2316 distincta

148 2320 288 2355 theologia,
299 2321 330 2347 de
351 2320 440 2354 Patre,
450 2329 474 2349 et
484 2320 552 2351 Filio
563 2328 587 2349 et
595 2323 695 2358 Spiritu
710 2328 802 2351 sancta
816 2323 865 2359 (4).

150 2376 257 2404 Patrem
284 2379 394 2412 quidem
410 2379 515 2408 fontem
537 2380 691 2408 divinitatis
703 2388 776 2414 esse,
802 2381 899 2408 Filium

117 2427 211 2450 autem
233 2430 260 2451 et
285 2425 417 2460 Spiritum
442 2427 570 2462 Deigena‘.
586 2427 740 2455 divinitatis
764 2427 899 2462 germina,

113 2473 143 2495 ut
158 2469 194 2495 ita
207 2469 307 2501 dicam,
322 2471 456 2499 divinitus
473 2473 637 2507 pullulantia
651 2477 679 2500 et
705 2473 783 2508 quasi
802 2472 894 2505 tiores,

113 2515 442 2551 supersubstantialiaque
471 2518 585 2551 lumina,
615 2519 701 2546 sacris
723 2526 756 2546 ex
779 2518 900 2546 oraculis

113 2559 284 2593 accepimus;
302 2566 330 2587 at
345 2569 465 2595 quonam
484 2562 509 2590 id
537 2563 646 2591 tandem
665 2568 747 2598 pacto
774 2563 832 2596 tiat,
846 2571 898 2591 nec

114 2603 238 2631 oratione
256 2606 414 2640 quisquam,
434 2615 485 2635 nec
497 2609 637 2636 intellectu
652 2610 784 2645 consequi
796 2615 897 2646 potest.

116 2646 190 2677 Item.
209 2651 324 2684 proinde
336 2653 363 2678 in
376 2654 450 2680 omni
467 2654 526 2681 fere
538 2655 691 2690 theologica
708 2657 896 2691 disputatione

116 2699 228 2719 summal
245 2696 398 2725 Divinitatis
415 2706 506 2726 sacras
518 2700 613 2727 laudes
630 2701 778 2734 intuemur,
798 2703 898 2737 partim

116 2738 236 2774 quidem,
256 2739 319 2774 quia
351 2744 442 2772 unitas
467 2746 501 2772 Sil.
517 2752 628 2782 propter
645 2748 847 2783 simplicitatem
871 2753 899 2775 et

101 2787 122 2807 ⁸
149 2795 170 2810 ίο
183 2795 280 2822 Matth.
297 2804 311 2822 v
323 2797 368 2829 es,
381 2797 426 2825 29.

149 2841 186 2877 (4)
210 2842 275 2870 Vide
289 2841 449 2878 Patroloyiw
466 2843 564 2872 σνιῑιιγε
585 2850 651 2874 tom.
669 2847 713 2882 lli,
729 2848 782 2876 col.
797 2848 859 2877 671.

236 2887 372 2920 ΡΑτιιυι,
392 2890 450 2919 (in.
481 2888 640 2922 CXXXIX.

957 235 1032 262 tione
1059 237 1138 272 cujus
1167 240 1296 270 tanquam
1312 235 1420 262 unitica:
1446 235 1585 269 potentiae,
1614 234 1735 263 unimur.

955 281 1131 316 dividuisque
1160 282 1247 308 nostri
1275 281 1492 314 diversitatibus,
1519 288 1601 315 supra
1641 280 1736 307 mundi

955 325 1038 360 hujus
1064 326 1262 359 conditionem,
1297 326 1478 361 complicatis,
1516 325 1544 351 in
1572 324 1737 352 Deiformem

955 370 1111 403 monadem,
1132 378 1248 405 eamque
1277 371 1413 398 unitatem
1429 371 1595 406 colligimur,
1618 378 1678 404 qua:
1692 371 1736 396 di-

955 417 1048 444 vinam
1068 417 1142 443 illam
1162 417 1286 443 imitetur
1303 426 1309 443 :
1326 417 1425 451 partim
1441 425 1516 449 vero,
1530 417 1594 451 quia
1613 416 1735 444 Trinitas

955 462 1001 494 sit,
1020 462 1102 489 trium
1130 462 1238 489 illarum
1273 469 1454 496 personarum
1485 462 1603 495 ratione,
1624 470 1684 496 qure
1701 470 1734 489 ex

955 507 1125 535 fecunditate
1150 507 1407 542 supersubstantiali
1433 508 1602 540 elucescunt.
1629 517 1663 536 ex
1686 517 1739 543 qua

955 554 1075 581 caelestis
1091 554 1182 581 omnis
1193 553 1294 581 familia
1310 558 1338 581 et
1349 558 1422 581 estet
1438 553 1643 581 denominatur.
1658 555 1737 587 Item,

955 599 1091 626 Divinitas
1104 599 1160 632 illa,
1176 606 1236 634 qua).
1251 607 1345 626 rerum
1362 599 1484 626 omnium
1501 607 1612 634 praeses,
1633 604 1660 626 et
1677 600 1739 626 uui-

956 648 997 672 tas
1011 649 1037 671 et
1055 644 1175 671 Trinitas
1192 644 1294 671 celebri
1314 644 1425 671 nomine
1439 644 1552 677 dicitur,
1575 651 1628 671 non
1649 652 1681 671 ca
1699 650 1742 671 est

955 691 1046 718 unitas
1059 695 1086 717 et
1099 690 1230 723 Trinitas,
1248 698 1307 725 qua:
1322 690 1365 718 vel
1379 690 1469 724 nobis,
1486 690 1529 717 vel
1551 690 1596 717 alii
1613 691 1739 725 cuiquam

954 744 1050 764 eorum
1070 744 1130 771 quae
1154 741 1219 764 sunt
1238 736 1402 770 innotescat,
1432 736 1481 764 sed
1501 741 1531 764 ut
1552 737 1637 771 ipsius
1653 738 1741 764 unita-

956 787 1009 809 tem
1026 782 1131 810 unitate
1151 782 1225 809 omni
1256 782 1437 817 superiorem,
1468 781 1672 817 Deigenamque
1700 782 1727 809 fc

956 828 1126 856 cunditatem
1155 835 1220 855 vere
1246 828 1400 860 laudemus,
1427 827 1502 854 illam
1527 828 1599 854 trina
1629 832 1658 854 et
1687 834 1740 853 una

956 874 1113 901 Divinitatis
1141 874 1325 909 appellatione
1357 873 1586 900 denominamus:
1616 877 1678 900 cum
1702 877 1743 899 ta-

954 927 1017 947 men
1042 920 1134 947 omnia
1157 920 1267 947 nomina
1296 919 1484 952 transcendat,
1504 924 1532 947 et
1558 926 1652 946 eorum
1682 926 1743 953 qua:

954 969 1018 993 sunt
1039 965 1186 993 essentiam
1223 969 1380 1001 exsuperet.
1405 965 1484 993 Nulla
1516 972 1601 1001 porro
1639 965 1740 995 unitas.

954 1015 1003 1038 aut
1032 1011 1165 1045 Trinitas,
1188 1016 1236 1039 aut
1251 1011 1342 1039 nullus
1357 1019 1488 1039 numerus
1501 1015 1549 1038 aut
1573 1012 1676 1043 unitas,
1694 1017 1743 1038 aut

954 1057 1119 1090 fecunditas,
1133 1057 1239 1085 nullum
1255 1057 1374 1092 denique
1391 1057 1465 1085 aliud
1487 1065 1520 1084 ex
1534 1057 1568 1085 iis
1582 1066 1642 1093 quae
1665 1063 1741 1090 sunt,

954 1102 1028 1137 quod
1048 1103 1159 1138 quidem
1174 1102 1324 1138 cognitioni
1343 1103 1520 1138 scientiaeque
1542 1108 1645 1139 pateat,
1661 1111 1741 1131 arca-

954 1157 1020 1176 num
1034 1149 1101 1176 illud
1116 1149 1192 1177 nulla
1217 1150 1343 1177 oratione
1367 1150 1499 1185 nulloque
1529 1150 1670 1178 intellectu
1692 1158 1741 1178 ex-

954 1195 1092 1232 plicabile,
1110 1201 1235 1231 relegere
1265 1200 1367 1230 potest,
1381 1196 1456 1231 quod
1472 1196 1499 1223 in
1519 1203 1551 1224 ea
1565 1204 1648 1232 super
1666 1196 1741 1224 Divi-

954 1241 1041 1268 nitate
1059 1241 1142 1274 inest,
1159 1249 1219 1276 quae
1243 1241 1397 1269 substantia
1418 1249 1467 1268 sua
1488 1242 1590 1269 nullam
1604 1250 1659 1269 non
1675 1243 1743 1270 sub:

953 1287 1082 1315 stantiam
1096 1287 1191 1315 multis
1221 1288 1378 1323 parasangis
1405 1292 1564 1323 exsuperat.
1589 1288 1649 1323 lpsa
1676 1297 1743 1316 vero

954 1341 1043 1368 neque
1069 1333 1126 1361 ullo
1142 1334 1265 1367 nomine,
1291 1341 1382 1370 neque
1404 1334 1460 1362 ulla
1480 1335 1597 1368 ratione,
1617 1339 1664 1362 aut
1680 1343 1743 1363 ora-

955 1380 1029 1408 tione
1044 1380 1169 1415 ἐιμι-ἱῐηί
1190 1386 1289 1416 potest,
1302 1381 1349 1408 sed
1366 1381 1394 1409 in
1410 1381 1476 1417 ipsis
1500 1382 1643 1417 adytorum
1660 1390 1744 1418 pene—

954 1426 1080 1460 tralibus,
1093 1426 1172 1462 quasi
1184 1427 1218 1455 de
1227 1427 1317 1455 medio
1331 1428 1437 1455 sublata
1451 1427 1599 1456 delitescit.

1238 1478 1243 1483 ’·
1272 1483 1348 1512 CAP.
1365 1470 1442 1512 vn."

917 1533 940 1564 ο
955 1525 1049 1562 Magni
1070 1527 1164 1555 Basilii
1183 1536 1214 1554 ea:
1237 1528 1350 1564 epistola
1379 1529 1414 1555 ad
1439 1529 1594 1564 Gregorium
1620 1529 1741 1564 fratrem,

989 1571 1050 1600 quia
1069 1564 1100 1589 de
1127 1564 1246 1591 essentia:
1271 1568 1296 1590 et
1327 1565 1494 1599 hypostaseos
1517 1565 1665 1600 differentia
1698 1566 1741 1592 in-

988 1599 1115 1626 scribitur
1125 1599 1176 1633 (5).

988 1644 1152 1680 Quicunque
1172 1645 1200 1673 in
1224 1649 1318 1674 sancta
1335 1637 1471 1674 Trinitate
1502 1647 1611 1674 Patrem
1636 1647 1743 1674 intelle-

953 1694 998 1717 ctu
1017 1690 1184 1725 assequitur,
1202 1698 1256 1718 una
1278 1691 1373 1718 eadem
1390 1699 1473 1727 opera
1490 1696 1519 1719 et
1543 1692 1631 1726 ipsum
1648 1700 1697 1727 per
1712 1700 1742 1719 se

954 1735 1064 1764 Patrem
1083 1736 1222 1771 intelligit,
1238 1741 1266 1764 et
1292 1736 1391 1764 Filium
1424 1737 1590 1772 cogitatione
1614 1746 1734 1773 compre-

952 1779 1059 1808 hendit.
1073 1780 1124 1813 Qui
1139 1786 1230 1808 autem
1254 1781 1353 1808 Filium
1369 1785 1454 1814 tenet,
1474 1781 1606 1816 Spiritum
1631 1790 1742 1817 quoque

953 1825 1158 1859 complectitur,
1177 1829 1205 1852 et
1230 1831 1432 1860 consequenter
1452 1825 1563 1860 quidem
1589 1826 1742 1853 secundum

952 1870 1090 1903 ordinem,
1127 1871 1273 1906 conjuncte
1307 1878 1374 1898 vero
1408 1871 1560 1899 secundum
1603 1876 1741 1905 naturam,

953 1916 1035 1943 trium
1064 1916 1091 1944 in
1110 1917 1200 1952 seipso
1223 1917 1364 1944 confusam
1399 1921 1428 1945 et
1458 1917 1630 1945 cammistam
1659 1917 1740 1945 [idem

952 1963 1097 1998 expressit.
1139 1962 1273 1998 Spiritum
1324 1963 1390 1991 item
1429 1964 1517 1991 solum
1566 1966 1613 1999 qui
1653 1965 1740 1997 dixit,

953 2008 1110 2044 hujusmodi
1139 2008 1312 2036 confessione
1344 2016 1408 2036 eum
1445 2017 1565 2045 quoque,
1599 2011 1677 2046 cujus
1713 2017 1741 2039 et

953 2054 1072 2090 Spiritus
1087 2058 1139 2088 est,
1153 2061 1253 2090 nempe
1278 2055 1429 2087 Christum,
1444 2061 1472 2083 et
1483 2063 1547 2083 eum
1560 2064 1592 2084 ex
1609 2065 1663 2092 quo
1677 2065 1741 2092 pro-

951 2100 1036 2132 cedit,
1052 2108 1152 2135 nempe
1168 2100 1266 2133 Deum,
1284 2104 1314 2128 ut
1329 2101 1480 2136 Apostolus
1502 2102 1551 2134 ait,
1580 2103 1740 2138 complexus

951 2150 1004 2173 est.
1025 2145 1262 2179 Quemadmodum
1276 2151 1368 2175 autem
1382 2147 1410 2174 in
1422 2148 1590 2183 catena,-qui
1606 2149 1739 2176 annulum

918 2200 1041 2230 bunum
1077 2191 1196 2227 attingit,
1225 2193 1399 2220 simuletiam
1429 2193 1546 2221 alterum
1579 2201 1735 2222 extremum

953 2238 1078 2271 attrahit,
1094 2238 1131 2266 ita
1144 2240 1303 2274 quicunque
1320 2239 1453 2275 Spiritum
1470 2240 1564 2273 traxit,
1584 2245 1615 2268 ut
1642 2249 1739 2270 auctor

952 2291 995 2314 est
1010 2287 1153 2322 propheta,
1185 2287 1208 2314 is
1229 2295 1296 2314 vero
1308 2295 1358 2322 per
1374 2287 1464 2322 ipsum
1495 2288 1557 2315 Filii
1582 2297 1694 2325 quoque
1711 2297 1739 2318 rt

954 2332 1044 2360 Patris
1057 2340 1171 2367 compos
1188 2332 1277 2361 factus
1291 2338 1343 2361 est.
1358 2333 1437 2366 Quod
1454 2334 1478 2361 si
1494 2334 1555 2369 quis
1583 2337 1741 2370 apprehen-

954 2379 1012 2411 dat,
1029 2379 1063 2406 ab
1079 2383 1197 2414 utroque
1212 2380 1334 2415 ejusdem
1348 2379 1444 2411 latere,
1459 2380 1511 2408 hoc
1534 2381 1645 2416 quidem
1668 2383 1740 2418 ejus-

953 2425 1015 2452 dem
1031 2425 1150 2457 Patrem,
1168 2425 1215 2451 illo
1233 2433 1296 2453 vero
1311 2426 1453 2461 proprium
1465 2427 1589 2462 ejusdem
1606 2427 1740 2462 Spiritum

951 2470 1047 2498 eadem
1062 2470 1113 2498 hac
1125 2471 1286 2498 inductione
1302 2471 1354 2498 sibi
1371 2471 1573 2500 conciliaverit.
1593 2473 1650 2500 Nec
1666 2473 1740 2500 enim

953 2517 1011 2544 ﬁeri
1029 2516 1141 2551 poterit,
1156 2521 1186 2543 ut
1204 2517 1226 2544 is
1241 2524 1256 2543 a
1284 2517 1364 2544 Patre
1382 2523 1538 2552 separetur,
1566 2518 1613 2552 qui
1629 2525 1740 2553 semper

953 2563 981 2590 in
1002 2563 1082 2590 Patre
1113 2567 1215 2596 manet,
1237 2568 1285 2590 aut
1309 2571 1324 2590 a
1339 2571 1451 2598 proprio
1484 2572 1606 2599 unquam
1633 2564 1738 2600 Spiritu

953 2608 1135 2643 disjungatur,
1152 2607 1200 2643 qui
1213 2608 1306 2634 omnia
1321 2608 1349 2634 in
1365 2608 1425 2643 ipso
1441 2609 1507 2643 agit.
1525 2609 1643 2637 Proinde
1660 2610 1734 2636 nulla

952 2661 1063 2688 prorsus
1076 2654 1172 2694 gectio
1196 2657 1244 2680 aut
1269 2653 1369 2680 divisio
1391 2655 1539 2689 excogitari
1559 2659 1661 2690 potest,
1685 2663 1738 2690 qua

950 2699 997 2726 vel
1008 2699 1088 2726 Pater
1106 2699 1165 2726 sine
1182 2698 1261 2730 Filio,
1283 2699 1325 2726 vel
1345 2698 1431 2727 Filius
1445 2699 1507 2727 sine
1532 2700 1637 2735 Spiritu
1657 2700 1737 2728 intel-

951 2746 1063 2781 ligatur.
1079 2745 1137 2772 lmo
1156 2752 1223 2772 vero
1247 2752 1279 2772 ea
1298 2745 1327 2772 in
1341 2745 1375 2772 iis
1399 2746 1560 2781 conjunctio
1590 2751 1618 2774 et
1638 2746 1738 2775 divisio

990 2846 1028 2882 (5)
1040 2846 1108 2875 Vide
1128 2849 1193 2874 tom.
1210 2846 1320 2882 xxxu,
1333 2849 1384 2877 col.
1398 2850 1460 2879 33L
1710 2846 1727 2860 “

1541 2897 1580 2929 36
