1949 3073
247 131 313 163 1121

873 137 1021 168 ΝΙΟΕΤΑΕ
1040 137 1244 170 CHONIAT/E

1795 146 1868 181 “:12

244 194 297 219 est.
314 197 374 222 qua:
390 190 461 216 nulla
476 190 600 217 oratione
625 190 769 225 explicari,
790 191 922 227 nulloque
948 184 1029 221 intel-
1045 197 1067 225 Α
1083 194 1111 220 lii
1152 194 1276 223 fuerunt.
1296 195 1342 224 Sic
1356 203 1422 233 ergo
1453 184 1491 226 de
1509 197 1589 232 Filio,
1607 199 1646 227 sic
1674 200 1743 230 etde
1765 202 1870 238 Spiritu

198 239 202 243 “
243 233 316 259 lcctu
330 235 525 268 comprehendi
557 240 638 268 queat
659 244 664 260 :
681 243 743 262 eum
772 237 924 271 praesertim
939 245 1030 273 neque

245 278 426 311 liypostascon
443 279 596 305 ditl'crentia
617 279 828 308 coutinuitatem
848 287 955 311 natura:
970 284 1028 312 dis-

246 322 346 354 traliat,
373 331 423 350 nec
441 325 566 350 essentia:
581 325 738 360 conjunctio
755 328 948 362 proprietatem
967 337 1030 364 per-

243 376 382 401 sonorum,
410 370 487 404 quasi
512 371 641 399 fatiscens
669 377 696 399 et
719 372 856 406 perﬂuens
880 375 1027 402 ell‘uudat:

247 415 284 442 ita
304 420 333 442 ut
349 417 466 443 inhabili
486 417 602 451 quadam
616 419 724 445 ratione
738 419 766 446 in
783 419 825 447 his
840 425 867 447 et
880 422 1026 456 conjuncta

244 462 396 493 distinctio,
420 467 447 489 et
463 463 593 490 distincta
614 465 772 500 coniunctio
788 465 976 500 dignoscatur.
990 467 1026 495 Ut

240 511 331 534 autem
348 507 429 543 hujus
441 508 480 535 rei
498 508 657 536 obscuritati
687 510 800 537 luminis
813 511 916 546 aliquid
946 519 1025 539 acce-

241 553 298 585 dat,
327 558 375 580 aut
404 554 494 588 potius
516 555 616 581 veritas
643 554 833 587 adumbretur,
870 556 1026 583 multicolor

241 599 285 625 ille
310 599 428 626 caelestis
463 607 554 630 arcus.
575 608 655 635 quem
680 601 778 636 vulgus
811 602 867 629 lriu
888 603 1019 637 appellat,

240 645 357 679 exempli
369 646 455 680 gratia
470 652 649 681 proponatur.
662 647 787 674 Omnium
806 649 880 675 enim
898 649 1022 676 colorum

239 691 299 724 ejus
314 691 474 724 splendores
486 697 513 719 et
529 693 650 720 distincti
663 693 801 725 videntur,
820 695 884 729 quia
911 696 1022 724 eminus

239 736 342 768 lucent,
388 741 415 764 et
441 739 589 773 conjuncti,
617 740 679 774 quia
708 740 865 767 mistionum
893 742 1024 770 terminos

239 789 293 808 non
321 782 454 815 videmus,
476 785 577 819 quibus
607 786 729 812 colorum
752 787 899 815 varietates
927 788 1024 815 distin-

238 833 360 862 guuntur
374 837 381 856 :
400 835 427 856 ut
445 830 602 857 discernere
617 832 729 860 omnino
749 841 869 868 nequeas
885 838 1022 868 quatenus

239 874 433 906 extendantur,
450 880 498 902 aut
518 875 590 903 unde
606 876 715 904 initium
734 865 827 909 ducat,
851 865 901 905 veli
913 879 1021 912 rutilus,
1039 865 1059 895 Β

237 919 280 945 vel
308 919 511 953 smaragilinus,
538 920 578 946 vel
595 922 708 954 glaucus
738 921 851 949 luminis
883 923 1023 957 splendor.

237 964 294 997 Quo
306 965 416 999 quidem
429 970 533 992 natura:
549 967 675 1001 exemplo
689 975 738 994 nos
760 969 830 995 ratio
851 974 955 1001 monet,
987 977 1023 998 ne

236 1010 365 1037 novitatis
383 1011 449 1038 vitio
471 1011 627 1040 laboremus
645 1012 683 1048 (6)
707 1013 734 1039 in
753 1013 910 1048 dogmatum
938 1015 1023 1043 ratio-

237 1055 318 1082 nibus
335 1057 523 1091 exquirendis,
549 1057 572 1084 si
600 1058 711 1092 quando
734 1058 872 1087 dillieilem
903 1060 1022 1095 aliquem

236 1104 338 1131 nodum
357 1105 536 1140 disquii‘endo
553 1107 638 1138 nacti,
653 1106 680 1134 in
695 1113 784 1134 utram
805 1108 886 1135 nobis
913 1114 1020 1143 partem

242 1150 430 1178 inclinandum
486 1151 544 1185 sit,
587 1152 790 1180 addubitamus.
841 1153 1024 1186 Quemadmo-

235 1195 301 1222 dum
329 1196 402 1223 enim
419 1204 452 1223 ea
473 1205 533 1231 quae
550 1198 601 1225 sub
624 1203 764 1232 aspectum
794 1199 898 1226 cadunt
925 1200 1018 1233 qualia

237 1241 294 1267 sint
324 1241 455 1276 cxpcriri,
492 1249 573 1276 quam
622 1242 656 1270 iis
685 1247 787 1270 temere
824 1243 1017 1272 contradicere

234 1291 360 1320 praestat,
395 1287 432 1314 ita
466 1288 548 1314 etiam
578 1288 604 1314 in
633 1288 769 1322 dogmatis
798 1288 863 1322 illis,
898 1297 959 1324 qua:
986 1290 1021 1318 de

236 1332 319 1359 rebus
331 1332 425 1359 arduis
447 1333 639 1365 instituuntur,
665 1334 703 1360 illi
720 1333 880 1368 cognitioni.
902 1341 962 1368 quae
978 1343 1022 1362 ra-

236 1377 460 1405 tiocinationibus
470 1383 654 1414 comparatur,
668 1379 735 1407 fides
745 1380 886 1407 antecellat
901 1385 1020 1415 oportet.

539 1436 614 1464 CAP.
637 1437 694 1465 Vlll
703 1458 710 1465 .

231 1493 323 1529 Magni
345 1494 462 1528 Gregorii
479 1494 600 1529 T/tcologt'
622 1495 653 1522 de
669 1495 759 1526 Patre,
774 1500 799 1522 et
821 1494 900 1527 Filio,
912 1499 936 1521 et
958 1494 1020 1529 Spi-

272 1533 324 1568 ritu
345 1530 586 1568 sanyto,_distinclp
610 1529 689 1568 sintut
712 1534 735 1556 et
761 1530 1018 1568 ςονξλιμῃεια-ρίυἱηὶ-
1031 1537 1054 1568 c

267 1565 328 1591 tatis
345 1565 424 1591 ratio.
449 1564 491 1590 Ea;
506 1565 625 1591 oratione
648 1566 734 1599 prima
756 1565 787 1591 de
800 1564 870 1591 Filio
885 1565 935 1600 (7).

268 1620 324 1648 Nos
363 1624 454 1647 autem
487 1620 570 1646 unius
598 1620 647 1647 Dei
680 1620 863 1655 principatum
888 1621 1015 1649 colimus.

231 1667 431 1702 Principatum,
447 1666 630 1701 inquam,non
644 1673 698 1693 una
707 1666 945 1702 circumscriptum
955 1675 1017 1702 per-

229 1721 298 1741 sona
314 1713 385 1748 (lieri
401 1712 473 1740 enim
486 1716 590 1747 potest,
601 1717 629 1739 ut
641 1719 725 1752 unum
739 1720 754 1739 a
769 1713 860 1747 seipso
872 1713 1013 1745 dissideat,

231 1763 257 1786 et
278 1759 304 1786 iu
324 1759 410 1785 multa
427 1758 535 1793 evadat)
549 1758 597 1793 qui
612 1758 710 1792 aequali
736 1763 844 1785 natura:
870 1757 1014 1793 dignitate.

227 1805 325 1832 eodem
345 1804 429 1831 a‘nimi
449 1811 597 1834 consensu,
628 1803 724 1831 eadem
753 1803 885 1836 motione,
910 1808 939 1831 et
956 1812 1016 1831 om-

227 1851 373 1886 niuquuaa
389 1850 424 1877 ab
436 1858 491 1877 uno
504 1849 603 1883 ﬂuunt,
621 1848 649 1876 in
666 1857 748 1876 uuutn
760 1857 897 1877 concursu
910 1850 1014 1877 consti-

228 1902 323 1925 tuatur
345 1897 428 1932 (quod
459 1896 570 1932 quidem
591 1896 620 1923 in
651 1900 750 1923 natura
782 1900 924 1930 procreata
952 1895 1012 1923 ﬁeri

226 1943 304 1970 nullo
321 1950 433 1977 prorsus
448 1942 530 1969 modo
550 1942 650 1978 potest)
670 1943 708 1969 ita
723 1946 753 1969 ut
767 1942 874 1969 etiamsi
897 1949 1013 1969 numero

226 1989 349 2020 differat,
378 1989 505 2016 essentia!
537 1992 627 2015 tamen
658 1988 763 2015 ratione
786 1995 840 2014 non
862 1986 1011 2014 dividatur.

226 2035 332 2062 Idcirco
357 2035 449 2062 unitas
477 2033 511 2061 ab
529 2033 608 2061 initio
636 2033 662 2060 in
689 2033 828 2060 biuarium
850 2041 1013 2061 excresceus

218 2081 253 2108 -iu
270 2082 392 2108 ternario
414 2081 594 2115 conquiescit.
615 2079 649 2107 Et
671 2079 820 2107 iIOC‘lIObiS
844 2085 886 2106 est
913 2079 1007 2111 Pater,

225 2133 253 2155 et
269 2128 363 2158 Filius,
381 2131 409 2154 et
437 2127 558 2161 Spiritus
570 2131 692 2154 sanctus.
715 2127 762 2153 llle
776 2126 890 2161 quidem
904 2125 1012 2162 genitor

223 2178 252 2200 et
277 2173 393 2200 emissor
418 2173 502 2207 (quod
518 2173 585 2199 citra
599 2172 738 2204 allectum,
757 2176 875 2207 tempus,
897 2177 926 2200 et
950 2179 1012 2199 cor-

224 2228 274 2254 pus
288 2219 435 2254 intelligo),
456 2220 553 2247 liorum
572 2227 638 2246 vero
649 2219 764 2246 alterum
788 2219 925 2254 genitura,
942 2218 1010 2245 alte-

226 2273 288 2292 rum
318 2269 410 2292 autem
433 2264 546 2291 emissio
563 2263 676 2291 dicitur.
706 2264 814 2299 Alioqui
836 2263 931 2291 nescio
956 2272 1011 2299 quo

223 2311 268 2338 illa
297 2311 407 2337 nomine
441 2310 556 2337 dicenda
584 2311 647 2342 sint,
679 2317 741 2337 cum
765 2310 844 2337 abiis
866 2317 927 2346 quae
959 2310 1010 2337 sub

223 2361 363 2391 aspectant
379 2356 482 2383 cadunt
495 2356 633 2383 abstracta
648 2356 761 2383 fuerint.
780 2356 814 2383 Et
834 2357 914 2391 paulo
928 2360 1008 2391 post:

224 2403 360 2437 Quocirca
382 2403 486 2430 nostris
504 2410 554 2430 nos
567 2403 594 2429 in
611 2402 712 2429 ﬁnibus
722 2403 908 2434 continentes,
923 2411 1008 2430 unum

221 2450 387 2483 ingenitum,
406 2449 524 2477 alterum
548 2450 682 2484 genitum,
709 2449 820 2475 tertium
845 2456 861 2475 a
882 2448 963 2475 Patre
982 2453 1010 2476 et

221 2495 290 2523 Filio
334 2495 490 2531 procedens
531 2494 744 2527 introducimus,
778 2494 1009 2529 quemadmodum

220 2542 277 2576 ipse
303 2538 376 2568 Deus
399 2546 427 2580 et
453 2540 572 2568 Verbum
602 2545 717 2567 testatur
741 2540 854 2567 alicubi.
892 2540 1009 2573 Quando

218 2588 314 2624 igitur,
333 2587 444 2623 objiciat
465 2586 613 2621 quispiam,
630 2585 657 2612 lii
670 2593 730 2612 esse
741 2591 887 2620 coeperunt
901 2586 1011 2612 ?Nimi—

218 2643 279 2662 rum
295 2639 441 2668 antequam
461 2633 514 2659 ulla
534 2632 667 2666 temporis
682 2632 839 2658 observatio
867 2631 957 2664 ﬁeret,
980 2636 1008 2658 et

216 2682 240 2709 si
260 2681 325 2716 quid
341 2679 500 2715 juveniliter
520 2677 721 2705 enuntiandum
739 2682 793 2708 est,
805 2677 1008 2711 quapdoPatcr

218 2729 289 2761 ipse.
304 2726 419 2759 Quando
442 2729 534 2752 autem
551 2723 632 2751 Pater
650 2731 705 2750 non
730 2723 801 2749 fuit?
815 2722 930 2755 Quando
955 2731 1006 2750 nec

254 2783 346 2821 (G)p.i1
369 2782 560 2821 κμνοπαθείν.
589 2782 740 2821 interpres
754 2781 897 2821 Euthymii
921 2781 1007 2809 habet

218 2825 251 2845 ne
259 2816 364 2875 pugna
382 2819 541 2851 laboremus,
558 2824 587 2845 ut
601 2817 700 2852 legisse
717 2818 843 2845 videatur
861 2816 900 2852 μὴ
929 2825 1007 2844 κενο-

218 2857 256 2874 ποι
275 2855 324 2875 εἰν.

218 2855 324 2878 παυείν.

1082 245 1177 267 sancto
1203 241 1377 270 sentiendum
1399 247 1451 270 est.
1477 244 1599 272 Rursum
1628 245 1799 282 interrogato
1815 257 1868 282 me,

1081 291 1111 313 ut
1126 294 1234 313 rursum
1257 295 1366 322 quoque
1380 288 1429 315 tibi
1442 290 1635 324 respondeam.
1652 292 1768 325 Quando
1781 294 1870 322 Filius

1080 332 1190 366 genitus
1207 333 1269 360 est?
1289 334 1424 362 Nimirum
1443 336 1554 370 quando
1574 337 1655 365 Pater
1678 340 1789 373 genitus
1814 349 1869 368 non

1084 383 1138 405 est.
1160 379 1277 411 Quando
1297 379 1421 415 denique
1439 381 1558 416 Spiritus
1574 385 1732 418 processit?
1751 386 1870 419 Quando

1079 422 1209 449 nimirum
1246 423 1331 451 Filius
1355 433 1407 452 non
1436 427 1580 461 processit.
1607 427 1660 455 Sed
1691 431 1800 464 genitus
1827 436 1871 458 est

1079 467 1156 495 nullo
1170 473 1302 504 tempore,
1314 478 1452 506 supraque
1466 481 1549 507 quam
1562 474 1625 508 quis
1639 475 1747 502 ratione
1762 484 1865 504 conse-

1078 514 1125 547 qui
1139 516 1236 548 possit.
1249 516 1281 543 Et
1293 516 1315 543 si
1333 524 1415 551 supra
1433 522 1541 553 tempus
1562 520 1630 547 nihil
1646 522 1797 556 quidquam
1812 528 1870 550 sta-

1079 564 1156 587 tuere
1173 568 1329 595 possumus,
1346 564 1498 597 quamlibet
1515 567 1694 600 temporalem
1728 569 1870 602 signiﬁca-

1078 604 1181 632 tionem
1206 608 1443 643 subterfugiamus
1468 612 1542 645 (nam
1564 620 1644 639 voces
1662 613 1714 646 bas,
1745 617 1867 649 quando,

1078 653 1169 682 antea,
1191 656 1282 684 postea
1309 657 1337 679 et
1356 654 1387 680 ab
1403 655 1487 687 initio,
1511 657 1642 690 temporis
1665 664 1794 693 expertes
1812 669 1867 687 non

1078 695 1153 729 sunt)
1187 696 1294 724 etiamsi
1323 698 1364 725 vel
1405 701 1523 728 maxime
1551 702 1718 736 adnitamur,
1754 707 1867 740 vimque

1077 741 1169 769 verbis
1184 743 1353 776 auferamus,
1375 745 1426 772 nisi
1460 747 1523 781 quia
1547 749 1666 782 spatium
1683 750 1763 783 illud,
1791 753 1865 786 quod

1076 787 1173 814 cadent
1200 796 1262 816 cum
1291 791 1468 825 sempiternis
1500 793 1645 823 duratione
1671 797 1865 832 protenditur,

1076 833 1207 868 nulloque
1225 840 1299 863 motu
1315 842 1361 864 aut
1376 839 1443 866 solis
1457 847 1539 867 cursu
1551 841 1693 875 dividitur,
1711 848 1757 871 aut
1771 852 1835 872 men
1851 859 1863 864 -

1075 879 1196 906 surabile
1212 883 1342 916 temporis
1356 883 1440 911 instar
1458 891 1509 918 est,
1523 887 1653 914 saeculum
1665 890 1837 923 appellamus
1855 898 1864 916 :

1074 924 1132 952 Jam
1146 925 1168 952 si
1187 928 1316 954 coaeterni
1334 929 1399 962 sint,
1415 930 1534 965 inquies,
1553 933 1598 966 qui
1627 935 1666 966 lit,
1687 938 1716 960 ut
1734 936 1865 969 principii

1073 971 1155 998 etiam
1174 980 1227 999 una
1246 981 1307 1000 cum
1328 974 1410 1002 Patre
1422 983 1477 1003 non
1492 978 1548 1004 sint
1565 979 1716 1013 expertes?
1734 980 1805 1012 Quia
1824 981 1867 1008 ni-

1073 1017 1173 1044 mirum
1194 1026 1227 1045 ex
1247 1019 1294 1046 illo
1310 1025 1385 1052 sunt,
1401 1024 1526 1056 quamvis
1543 1029 1605 1058 post
1620 1025 1697 1051 illum
1713 1034 1768 1053 non
1793 1028 1862 1055 sint.

1075 1062 1154 1094 Quod
1170 1064 1242 1090 enim
1261 1065 1398 1100 principio
1411 1072 1496 1100 caret,
1511 1067 1583 1094 idem
1606 1073 1635 1096 et
1650 1074 1786 1097 aeternum
1808 1076 1862 1102 est.

1072 1108 1146 1143 quod
1178 1116 1244 1137 vero
1271 1115 1404 1139 :eternum
1421 1117 1473 1146 est,
1503 1121 1560 1140 non
1584 1115 1697 1143 omnino
1724 1117 1865 1151 principio

1072 1157 1157 1184 caret,
1179 1154 1301 1188 quandiu
1319 1156 1416 1183 saltem
1447 1157 1480 1184 ad
1505 1159 1671 1194 principium
1699 1168 1792 1191 suam.
1807 1162 1859 1189 lioc

1071 1203 1114 1225 est
1130 1197 1254 1232 Patrem,
1274 1200 1421 1228 referatur.
1449 1201 1537 1231 Filius
1552 1211 1617 1238 ergo
1641 1210 1668 1232 et
1694 1205 1826 1240 Spiritus,
1838 1206 1863 1233 si

1072 1243 1105 1270 ad
1119 1251 1231 1272 causam
1248 1245 1290 1272 sui
1304 1251 1483 1279 revocentur,
1500 1248 1629 1283 principii
1645 1257 1775 1284 expertes
1801 1260 1858 1278 non

1072 1293 1154 1323 sunt,
1169 1291 1287 1325 (constat
1303 1297 1392 1319 tamen
1409 1301 1519 1320 causam
1538 1302 1593 1321 non
1614 1297 1727 1322 omnino
1743 1297 1777 1323 iis
1790 1297 1864 1324 anti-

1071 1335 1197 1370 quiorem
1212 1344 1282 1368 esse,
1301 1345 1419 1372 quarunt
1431 1347 1514 1367 causa
1527 1345 1578 1368 est.
1596 1341 1650 1369 Nec
1669 1342 1744 1369 ciiim
1772 1343 1861 1370 solem

1070 1381 1132 1408 luce
1155 1383 1342 1417 antiquiorem
1367 1385 1468 1412 dixeris
1485 1395 1491 1413 :
1511 1387 1566 1420 )ac
1593 1388 1616 1414 si
1642 1388 1779 1422 temporis
1809 1388 1862 1415 ha-

1071 1428 1170 1455 beatur
1189 1429 1270 1462 ratio,
1294 1430 1354 1457 sine
1377 1432 1515 1466 principio
1531 1437 1619 1459 sunt:
1652 1434 1805 1468 quamlibet
1832 1441 1861 1462 tu

1071 1474 1271 1509 simpliciorum
1284 1476 1391 1517 animos
1404 1478 1550 1513 prmstigiis
1565 1478 1620 1505 tuis
1635 1479 1859 1513 perterrefacias.

1070 1520 1127 1548 Nec
1138 1521 1212 1548 enim
1234 1522 1350 1557 tempori
1377 1524 1574 1559 subjiciuntur,
1589 1532 1605 1552 a
1627 1526 1727 1560 quibus
1750 1531 1861 1561 tempus

1070 1566 1160 1602 ipsum
1176 1567 1324 1603 dependet.

1365 1655 1369 1657 _
1392 1626 1468 1654 CAP.
1485 1627 1532 1654 lx.

1130 1670 1268 1705 Ejusdem,
1290 1679 1322 1698 ea;
1343 1673 1463 1698 oratione
1484 1672 1520 1698 De
1543 1671 1665 1706 dogmate
1684 1677 1708 1700 et
1727 1678 1800 1701 statu

1346 1707 1525 1741 episcoporum
1537 1708 1584 1742 t8).

1103 1761 1142 1788 Ita
1165 1762 1248 1797 igitur
1276 1762 1396 1795 Patrem,
1410 1768 1439 1791 et
1469 1763 1579 1796 Filium,
1597 1770 1624 1791 et
1649 1764 1782 1799 Spiritum
1793 1773 1859 1793 san-

1067 1810 1141 1834 ctum
1167 1807 1323 1840 adoramus,
1346 1813 1376 1834 ut
1390 1808 1489 1840 divisis,
1509 1809 1724 1844 proprietatibus
1747 1810 1856 1838 Divini-

1068 1857 1151 1880 tatem
1182 1853 1267 1888 ipsam
1291 1855 1498 1889 conjungamus,
1531 1855 1587 1882 Nec
1607 1863 1672 1883 vero
1704 1857 1732 1884 in
1769 1865 1855 1884 unum

1067 1899 1120 1926 tria
1136 1899 1333 1932 contrahimus,
1354 1908 1388 1927 ne
1410 1900 1521 1928 Sabellii
1539 1902 1636 1928 morbo
1658 1902 1854 1936 corripiamur,

1065 1951 1117 1971 nec
1130 1949 1225 1971 contra
1254 1952 1340 1971 unum
1354 1945 1382 1972 in
1406 1945 1468 1977 tria,
1499 1945 1608 1973 diversa
1636 1946 1746 1980 quidem
1766 1947 1812 1974 illa
1828 1951 1857 1973 et

1065 1990 1154 2017 aliena
1179 1990 1345 2023 diducimus,
1370 1998 1405 2018 ne
1430 1999 1492 2018 curn
1512 1991 1577 2018 Ario
1603 1992 1781 2020 insaniamus.
1800 1992 1857 2020 Cur

1064 2036 1149 2067 enim,
1165 2043 1267 2070 quaeso,
1294 2036 1392 2070 plantae
1418 2035 1446 2062 iu
1463 2036 1576 2063 alteram
1603 2042 1707 2072 partem
1731 2039 1855 2072 vergenti

1063 2086 1092 2109 et
1113 2089 1227 2116 prorsus
1254 2081 1402 2108 incurvalze
1435 2082 1556 2117 similes,
1578 2083 1603 2109 vi
1631 2084 1802 2110 contrariam
1826 2085 1854 2112 in

1064 2132 1169 2162 partem
1199 2127 1430 2163 distorqueamus,
1457 2133 1486 2156 et
1511 2125 1717 2163 perversitatem
1743 2137 1856 2163 perver-

1066 2173 1146 2200 sitate
1175 2173 1363 2208 corrigamus,
1400 2181 1431 2200 ac
1457 2181 1512 2200 non
1544 2174 1635 2208 potius
1666 2174 1698 2201 ad
1730 2175 1853 2202 medium

1066 2221 1226 2254 aspirantes,
1244 2220 1315 2246 intra
1330 2220 1428 2247 divinm
1442 2220 1552 2255 pietatis
1565 2219 1633 2247 ﬁnes
1644 2220 1831 2248 consistamus
1841 2220 1854 2246 τ

1065 2265 1261 2292 Mediocritatis
1278 2273 1359 2300 porro
1381 2265 1494 2292 nomine
1509 2265 1652 2293 veritatem
1671 2266 1756 2298 ipsam
1772 2265 1855 2291 intel—

1063 2311 1128 2346 ligo,
1145 2311 1178 2338 ad
1194 2318 1275 2345 quam
1298 2311 1322 2338 si
1348 2311 1544 2345 spectabimus,
1570 2318 1625 2337 non
1639 2309 1852 2338 aberrabimus:

1063 2357 1092 2385 id
1109 2361 1202 2384 autem
1226 2356 1282 2390 ﬂet,
1311 2356 1333 2383 si
1358 2363 1409 2383 nec
1436 2356 1569 2391 improba:
1597 2356 1637 2383 illi
1657 2357 1851 2388 contractioni,

1063 2411 1115 2431 nec
1140 2412 1172 2431 ea
1193 2403 1272 2438 longe
1297 2402 1452 2430 absurdiori
1480 2402 1609 2429 divisioni
1632 2402 1851 2429 subscribamus.

1060 2449 1100 2477 Ita
1116 2454 1146 2477 ut
1160 2456 1249 2484 neque
1278 2447 1509 2475 nomina-verbis
1537 2448 1564 2474 in
1595 2455 1678 2474 unam
1709 2452 1853 2474 contracta

1061 2503 1205 2530 personant
1227 2494 1388 2529 multiplicis
1412 2493 1564 2521 divinitatis
1582 2498 1668 2525 metu,
1686 2493 1758 2519 nuda
1774 2493 1854 2528 ttoth

1060 2542 1260 2576 relinquamus,
1282 2541 1346 2567 dum
1377 2539 1505 2566 eumdem
1534 2539 1641 2566 Patrem
1656 2544 1684 2566 et
1701 2539 1802 2565 Filium
1825 2543 1853 2565 ct

1061 2586 1194 2621 Spiritum
1221 2591 1348 2614 sanctutn
1379 2586 1591 2617 existimamus,
1622 2592 1673 2612 nec
1704 2585 1798 2619 potius
1826 2585 1853 2610 in

1061 2640 1146 2660 unum
1168 2634 1259 2660 omnia
1275 2631 1400 2665 conﬂari,
1418 2639 1499 2666 quam
1519 2638 1615 2658 eorum
1634 2630 1852 2664 unumquodque

1060 2679 1166 2706 nullum
1195 2687 1307 2714 prorsus
1335 2686 1395 2706 esse
1423 2677 1755 2715 definimusidesignant
1777 2677 1850 2701 enim

1060 2726 1134 2760 quod
1164 2729 1245 2758 sunt,
1277 2725 1300 2752 si
1329 2724 1443 2752 alternis
1472 2723 1523 2750 sibi
1550 2723 1664 2752 ecdant.
1688 2723 1797 2755 ultaque
1823 2720 1852 2747 in

1097 2784 1134 2820 (7)
1152 2784 1231 2820 Tom.
1249 2782 1435 2820 XXXYlteol.
1448 2782 1493 2820 75.

1096 2813 1134 2855 {8)
1150 2819 1216 2847 Vide
1234 2823 1301 2846 tom.
1315 2817 1422 2848 XXXV,
1437 2816 1488 2842 col.
1506 2813 1584 2840 l072.
1838 2817 1855 2835 ι
