1949 3073
149 145 217 178 1123

773 145 973 176 THESAUBI
984 126 1068 176 ΠΒ.
1092 144 1122 175 Ιῐ

1700 143 1767 175 ιιπι

143 203 263 230 aliorum
291 201 382 230 locum
410 201 572 237 transeant),
591 208 681 236 neque
702 206 797 229 contra
824 202 852 228 in
876 206 932 229 tres
945 199 1105 232 Adoctoris
1128 207 1194 227 voce
1219 199 1370 232 institutus,
1396 198 1548 235 discipulus
1572 199 1691 227 infidelis
1707 208 1769 228 eva-

144 255 257 276 naturas
284 249 327 276 vel
356 249 525 286 peregrinas,
554 247 724 280 dissimiles,
748 252 776 275 et
807 248 879 275 inter
902 254 931 274 se

144 293 286 324 dissactas,
303 301 363 320 eam
387 300 468 328 quam
493 293 556 328 jure
576 293 680 327 optimo
708 293 843 320 insaniam
864 291 931 324 dixi,

144 339 290 374 amplexati
305 347 312 366 :
335 339 378 367 vel
395 338 529 373 principio
543 343 571 366 et
584 338 682 366 ordine
700 342 836 370 carentes,
851 342 933 372 atque

145 388 175 411 ut
199 384 235 410 ita
252 383 351 415 dicam,
378 383 516 411 divinitati
542 384 705 412 contrarias.
726 384 765 411 Eo
780 383 853 418 quod
870 383 934 410 hinc

147 430 175 457 in
203 430 324 458 Iudaicae
348 431 496 465 paucitatis
518 430 660 465 angustias
680 429 882 461 contrahimur,
908 428 931 456 si

144 475 195 503 soli
212 476 337 511 lngenito
365 476 537 503 divinitatem
559 475 728 503 ascribamus
754 484 761 502 :
789 475 853 502 inde
868 481 934 502 vero

144 521 172 548 in
189 522 358 548 contrarium
386 521 508 556 quidem,
534 521 580 548 sed
602 528 680 553 teque
706 520 819 552 malum,
836 519 934 547 vitium

144 567 323 599 incurrimus,
341 568 363 595 si
378 568 429 594 tria
439 565 585 602 principia,
602 567 773 594 tresve'deos
787 574 933 602 ponamus,

144 613 218 650 quod
231 614 341 649 quidem
353 614 491 648 praedictis
504 613 583 648 longe
594 612 743 641 absurdius
754 618 807 640 est.
820 613 935 640 Prtcstat

143 659 217 686 enim
235 660 257 686 si
274 667 364 694 neque
390 660 499 687 Patrem
515 658 627 693 quidam
650 659 686 686 ita
703 658 934 692 complectantur,

144 709 175 732 ut
191 713 252 732 eum
277 705 318 732 vel
339 706 427 732 Patris
442 705 553 732 nomine
569 704 743 736 defraudem,
765 704 839 739 (nam
856 704 935 739 cujus

144 751 255 778 tandem
281 751 362 779 Pater
389 751 442 778 dici
460 754 553 786 queat.
576 750 599 778 si
614 750 729 778 diversae
753 754 860 777 natura:
872 757 936 777 cen-

144 801 247 829 seatur,
272 801 301 824 et
324 797 457 824 creaturis
482 801 661 824 aceenseatur
672 796 693 832 ‘2)
738 804 828 831 neque
857 796 936 825 Chri-

144 847 217 870 stum
228 847 369 879 tantopere
379 848 481 873 ament.
491 847 521 870 ut
533 851 594 870 eum
606 843 667 870 Filii
683 843 794 870 nomine
803 843 933 877 spolient,

144 890 234 924 (cujus
246 889 331 920 enim,
349 897 452 925 quaeso,
466 889 553 916 Filius
564 889 668 922 audiat,
689 889 743 916 nisi
760 889 794 916 ad
809 897 932 922 causam,

144 936 251 963 scilicet
279 935 388 963 Patrem
417 935 586 971 referatur?)
604 943 694 970 neque
718 935 745 962 in
763 936 843 963 Patre
859 936 935 970 prin-

144 981 209 1016 cipii
231 981 393 1016 dignitatem
420 981 567 1014 minuant,
583 988 637 1016 qua
655 981 782 1008 nimirum
805 986 883 1016 pater
908 984 936 1008 et

144 1027 252 1062 genitor
279 1027 422 1054 asseritur.
458 1026 560 1054 Rerum
600 1026 674 1053 enim
704 1027 782 1061 parvi
803 1027 934 1055 momenti

144 1080 197 1100 nec
207 1080 236 1101 se
250 1072 405 1108 dignarum,
422 1073 587 1108 principium
604 1072 696 1106 fuerit,
717 1073 768 1100 nisi
784 1073 936 1100 divinitatis

143 1119 215 1154 ejus,
242 1127 302 1154 quae
331 1119 359 1146 in
383 1119 453 1147 Filio
481 1122 510 1147 et
542 1118 645 1154 Spiritu
675 1120 808 1152 cernitur,
841 1123 937 1147 auctor

145 1165 267 1192 exsistat.
281 1165 507 1200 Quandoquidem
533 1170 562 1192 et
576 1172 660 1192 unum
683 1165 766 1192 Deum
791 1165 892 1197 colere,
909 1169 938 1192 et

146 1215 201 1237 tres
214 1211 382 1246 liypostases,
400 1219 448 1238 seu
463 1219 604 1246 personas,
622 1215 703 1246 atque
721 1210 828 1237 illarum
840 1218 937 1245 quam—

145 1255 212 1283 libet
222 1264 270 1284 sua
283 1258 448 1292 proprietate
460 1257 601 1294 praeditam
615 1257 738 1284 contileri
756 1260 875 1291 oportet.

477 1312 554 1341 CAP.
568 1313 602 1340 X.

148 1368 289 1404 Ejusdem,
313 1377 346 1397 ea:
373 1371 493 1397 oratione
518 1370 546 1396 in
573 1369 747 1401 Ariano:,.et
771 1377 818 1404 pro
841 1369 936 1404 seipse.

180 1404 326 1440 [Patrem
350 1405 458 1437 Filium,
483 1410 507 1432 et
531 1404 661 1439 Spiritum
686 1405 818 1431 communi
833 1406 938 1440 nomine

185 1439 270 1466 Deum
287 1441 349 1471 dici,
382 1448 496 1474 quorum
516 1447 638 1474 expressa
663 1439 856 1473 comprehensio
876 1447 938 1466 uera

182 1475 300 1508 demum,
316 1475 363 1501 hoc
372 1481 409 1501 est
421 1475 530 1501 cazleuis
542 1475 657 1509 felicitas
666 1475 699 1501 sit
712 1474 775 1509 (9).]

182 1529 217 1557 At
240 1538 307 1557 vero
334 1538 384 1557 nos
408 1530 526 1562 Patrem,
552 1535 580 1557 et
606 1529 717 1563 Filium,
748 1534 776 1557 et
803 1528 971 1576 Spiritumc

145 1581 270 1603 sanctum
287 1575 444 1608 adoramus,
467 1581 548 1612 atque
574 1577 681 1604 Patrem
709 1576 806 1608 Deum,
835 1575 934 1603 Filium

146 1621 244 1654 Deum,
259 1622 392 1658 Spiritum
419 1627 544 1650 sanctum
560 1622 678 1657 denique
695 1623 793 1654 Deum,
808 1623 862 1650 nisi
878 1630 936 1649 mo-

144 1667 214 1695 leste
240 1668 322 1700 feras.
338 1676 420 1695 uuam
444 1669 548 1696 scilicet
563 1668 742 1700 eamdemque
758 1673 884 1696 naturam
907 1668 935 1695 in

146 1713 235 1740 tribus
248 1714 470 1748 proprietatibus,
487 1722 548 1749 quae
568 1714 708 1741 intellectu
732 1714 934 1749 percipiuntur,

145 1759 272 1794 perfectae
286 1764 361 1792 sunt,
384 1767 434 1794 per
451 1760 555 1794 seipsas
583 1759 747 1792 consistunt,
763 1764 791 1787 et
820 1767 936 1787 numero

145 1812 200 1832 non
226 1805 368 1832 divinitate
392 1805 564 1832 dividuntur.
594 1805 642 1833 llis
668 1805 736 1832 mihi
761 1805 877 1832 vocibus
896 1805 935 1832 uti

146 1857 194 1885 per
214 1855 240 1877 te
254 1850 346 1882 liceat,
362 1851 520 1885 quicunque
533 1851 617 1877 minis
631 1858 682 1878 nos
696 1850 780 1878 hodie
797 1851 929 1878 territas:

144 1901 259 1923 caeteras
287 1904 353 1924 vero
385 1901 565 1931 persequatur
591 1897 638 1931 qui
666 1897 749 1923 volet.
777 1896 850 1924 Fieri
880 1904 935 1923 non

145 1946 292 1976 potest,.ut
306 1942 386 1969 Pater
402 1942 544 1975 subsistat,
570 1942 593 1969 si
610 1942 670 1969 Filii
683 1943 818 1978 jacturam
831 1942 911 1969 faciat
926 1951 935 1976 ;

145 1994 198 2014 nec
211 1986 296 2014 Filius
306 2007 314 2020 ,
328 1987 350 2014 si
365 1987 469 2022 Spiritu
484 1991 579 2014 sancto
593 1987 726 2022 privetur.
744 1986 872 2014 Privatur
883 1995 935 2014 au-

146 2037 214 2064 tem,
226 2033 248 2060 si
261 2033 408 2068 aliquando
425 2040 485 2060 esse
509 2033 635 2067 cmperit,
652 2032 731 2068 sique
746 2039 873 2060 creatura
887 2033 935 2061 sit.

146 2077 278 2107 Creatura
300 2078 372 2106 enim
400 2078 472 2106 Deus
497 2085 552 2105 non
575 2083 628 2111 est,
655 2078 821 2113 baptismum
851 2086 936 2114 porro

148 2125 273 2152 imminui
297 2132 350 2152 nec
373 2131 424 2160 ego
453 2124 564 2159 quidem
590 2124 674 2151 fero:
694 2123 767 2152 Unus
796 2125 935 2160 Dominus,

147 2178 201 2197 una
218 2170 282 2205 ﬁdes
291 2178 311 2203 ,'
329 2179 412 2198 unum
429 2171 560 2206 baptisma
579 2171 609 2197 “.
632 2170 709 2205 Quod
731 2172 799 2199 mihi
820 2173 842 2200 si
869 2180 937 2200 con-

984 246 1057 273 dam.
1076 246 1224 274 Veritatem
1257 246 1400 275 confessus
1418 255 1491 280 sum,
1517 254 1572 273 non
1595 246 1768 274 mendacium

984 299 1039 318 non
1069 293 1259 324 committam,
1287 298 1317 320 ut
1342 293 1390 328 qui
1421 293 1555 328 baptism
1584 292 1770 328 perﬁciendus

983 337 1118 369 venerim,
1147 338 1331 373 imperfcclior
1361 339 1482 369 abeam:
1503 339 1550 374 qui
1585 344 1616 366 ut
1647 340 1768 366 viverem

983 383 1139 418 baptizatus
1158 392 1236 415 sum,
1257 384 1283 411 in
1305 392 1375 420 aqua
1405 386 1519 416 moriar,
1539 385 1768 420 quemadmodum

985 429 1041 462 illa,
1068 437 1129 464 quae
1156 430 1183 456 in
1208 429 1268 464 ipso
1284 435 1365 464 partu
1379 436 1507 465 pereunt,
1527 434 1699 466 mortemque
1715 439 1769 458 una

983 482 1046 502 cum
1061 479 1122 502 ortu
1137 475 1328 510 experiuntur.
1351 475 1408 502 Cur
1423 483 1476 507 me,
1494 484 1598 510 quaeso,
1617 476 1726 503 beatum
1739 480 1768 503 ct

984 521 1125 554 miserum,
1139 527 1236 548 recens
1253 521 1436 548 illuminatum
1446 526 1476 548 et
1489 521 1602 549 luminis
1616 526 1768 557 expertem,

985 565 1108 594 divinum
1136 571 1164 594 et
1186 566 1319 601 impium,
1344 566 1441 593 eodem
1471 567 1602 602 temporis
1628 571 1770 594 momento

985 612 1074 640 facis?
1092 612 1227 641 Numnam
1244 617 1274 639 ut
1287 613 1341 640 hoc
1356 613 1509 648 naufragio,
1538 613 1581 641 vel
1614 621 1662 648 spe
1680 613 1770 640 refor-

985 658 1115 685 mationis
1133 657 1269 685 excidant?
1291 657 1326 685 Ut
1344 665 1402 684 rem
1420 657 1515 692 paucis
1540 657 1689 689 absolvant,
1704 656 1769 691 quid

986 705 1129 732 confessus
1137 703 1186 737 sis,
1197 703 1394 731 reminiscitur.
1409 703 1437 732 In
1453 711 1534 738 quem
1550 703 1704 737 baptizatus
1719 703 1770 730 es?

987 751 1015 778 ln
1045 750 1163 777 Patrem.
1194 750 1278 777 Recte
1311 749 1364 776 hoc
1392 749 1514 784 quidem,
1542 749 1590 776 sed
1616 749 1769 776 Iudaicum.

987 797 1090 825 Deinde
1114 797 1142 825 in
1167 797 1279 824 Filium.
1296 796 1380 824 Recte
1395 801 1422 823 et
1448 796 1511 828 hoc,
1528 800 1556 822 at
1576 796 1702 831 quamvis
1722 796 1771 824 Ju-

987 844 1097 872 daicum
1121 851 1176 871 non
1210 844 1256 876 sit,
1282 842 1405 870 nondum
1424 847 1515 869 tamen
1541 841 1691 877 perfectum
1717 846 1770 869 est.

986 891 1019 918 Et
1034 891 1060 917 in
1085 890 1218 925 Spiritum
1240 893 1374 916 sanctum.
1399 887 1507 922 Optime
1525 887 1577 914 hoc
1601 892 1687 917 certe,
1709 895 1770 914 nam

986 937 1136 972 perfectum
1154 939 1206 963 est.
1223 935 1278 970 Age
1303 942 1379 966 vero,
1411 940 1541 960 numnam
1568 933 1771 967 simpliciterin

986 981 1142 1018 huiusmodi
1159 981 1271 1008 nomine
1297 979 1452 1015 baptizatus
1478 986 1519 1012 es,
1539 986 1574 1006 an
1588 979 1672 1006 etiam
1696 986 1774 1006 com-

985 1035 1070 1056 mune
1101 1027 1212 1062 aliquod
1240 1027 1339 1054 horum
1370 1033 1469 1053 nomen
1496 1024 1593 1053 nosti?
1620 1025 1772 1052 Commune

985 1079 1061 1103 certe
1082 1074 1156 1102 novi.
1173 1073 1348 1108 Ecquodnam
1361 1073 1423 1100 esti
1441 1071 1575 1099 Nimirum
1591 1071 1638 1099 Dei
1660 1079 1771 1100 nomen.

986 1122 1017 1149 In
1032 1121 1084 1148 hoc
1101 1127 1246 1148 commune
1263 1126 1364 1146 nomen
1390 1117 1506 1150 credito,
1524 1125 1634 1152 gressus
1652 1118 1772 1152 dirigite.

986 1173 1014 1195 et
1027 1171 1149 1203 regnato.
1177 1166 1236 1194 Jam
1262 1173 1296 1193 ex
1318 1165 1370 1192 hoc
1393 1164 1495 1192 mundo
1520 1165 1553 1192 ad
1576 1164 1771 1192 beatitudinem

987 1214 1061 1240 illam
1090 1212 1229 1240 caelestem
1246 1210 1456 1246 transmigrasti.
1473 1210 1522 1237 llla
1547 1217 1642 1245 porro.
1665 1214 1695 1237 ut
1710 1218 1769 1237 mea

986 1259 1040 1287 fert
1054 1258 1158 1294 opinio,
1172 1258 1241 1285 nihil
1258 1257 1331 1285 aliud
1349 1261 1399 1290 est,
1415 1265 1496 1292 quam
1512 1257 1668 1292 expressior
1681 1257 1773 1294 [quas-

986 1306 1069 1343 dam]
1096 1306 1193 1334 borum
1225 1304 1445 1339 comprehensio.

1312 1361 1388 1389 CAP.
1408 1361 1455 1389 Xl.

987 1424 1020 1452 D.
1042 1423 1162 1456 Maximi,
1188 1422 1225 1450 De
1243 1422 1324 1449 Patre
1345 1426 1369 1448 et
1381 1420 1463 1450 Filio.
1491 1419 1642 1456 etispiritu
1670 1426 1772 1453 sancto.

1023 1455 1160 1486 distinctu
1181 1457 1261 1484 simul
1288 1461 1312 1484 et
1344 1457 1486 1486 coniuncta
1517 1455 1668 1482 Divinitatis
1694 1457 1772 1483 ralia.

1025 1493 1135 1529 [Patris
1155 1498 1178 1520 at
1205 1490 1434 1529 FiliiretSpiritu:
1454 1490 1772 1529 eamdemsubstanliam.

1023 1525 1179 1565 potentiam,
1194 1531 1217 1554 et
1229 1525 1359 1554 actionem
1376 1534 1440 1553 esse.
1454 1525 1464 1562 ]

1024 1585 1050 1613 l.
1070 1585 1142 1612 Deus
1155 1590 1227 1610 unus
1238 1586 1290 1615 est,
1310 1583 1375 1618 quia
1393 1582 1525 1610 divinitas
1553 1590 1619 1615 una,
1645 1582 1774 1618 principii

986 1639 1094 1666 expers,
1109 1630 1235 1664 simplex,
1260 1629 1544 1665 supersubstantialis,
1559 1629 1735 1664 impartibilis
1746 1634 1775 1656 et

987 1675 1175 1704 indivisibilis.
1202 1674 1305 1702 Eadem
1331 1674 1422 1701 unitas
1449 1679 1477 1702 et
1503 1673 1646 1702 Trinitas:
1677 1673 1774 1702 eadem

986 1726 1042 1750 tota
1059 1723 1159 1753 unitas.
1174 1725 1201 1748 et
1217 1725 1273 1747 tota
1289 1720 1411 1747 Trinitas
1427 1728 1433 1745 :
1448 1719 1544 1747 eadem
1561 1724 1616 1747 tota
1631 1720 1733 1751 unitas,
1750 1711 1772 1746 si

985 1767 1122 1800 essentia,
1136 1766 1231 1794 eadem
1252 1770 1309 1792 tota
1325 1764 1455 1797 Trinitas,
1469 1765 1493 1792 si
1506 1772 1688 1800 personarum
1704 1765 1774 1792 ratio

986 1814 1130 1842 habeatur.
1155 1812 1236 1839 Pater
1252 1815 1280 1839 et
1292 1811 1378 1838 Filius
1404 1815 1433 1838 et
1447 1811 1566 1846 Spiritus
1582 1816 1704 1843 sanctus,
1727 1812 1775 1839 Di-

985 1861 1085 1888 vinitas
1114 1858 1220 1888 eadem.
1247 1857 1367 1892 Quaeque
1386 1857 1458 1884 Patri
1475 1860 1504 1884 et
1517 1857 1585 1885 Filio
1611 1862 1639 1884 et
1654 1857 1772 1891 Spiritui

986 1911 1080 1934 sancto
1096 1904 1226 1932 divinitas
1242 1903 1323 1934 inest.
1353 1902 1449 1930 eadem
1475 1907 1530 1930 tota
1554 1904 1580 1930 in
1597 1903 1677 1930 Patre
1701 1907 1770 1936 toto,

986 1957 1067 1987 atque
1084 1951 1203 1978 vicissim
1214 1949 1303 1977 eidem
1316 1948 1365 1976 toti
1381 1949 1462 1976 Pater
1477 1953 1551 1976 totus
1566 1949 1646 1977 inest.
1664 1949 1766 1978 Eadem

987 2002 1042 2024 tota
1058 1997 1086 2024 in
1102 2001 1159 2024 toto
1169 1996 1249 2028 Filio,
1262 2000 1342 2030 atque
1361 1999 1434 2022 totus
1448 1994 1476 2022 in
1489 1994 1584 2022 eadem
1604 1999 1659 2022 tota
1676 1994 1771 2022 Filius.

986 2043 1088 2071 Eadem
1107 2046 1161 2070 tota
1186 2042 1212 2069 in
1228 2045 1286 2068 toto
1301 2039 1403 2075 Spiritu
1424 2045 1530 2073 sancto,
1556 2044 1639 2075 atque
1652 2045 1727 2067 totus
1745 2041 1773 2067 in

986 2089 1156 2126 eadcm‘tota
1183 2087 1303 2122 Spiritus
1335 2091 1459 2113 sanctus.
1490 2085 1585 2120 Neque
1597 2093 1631 2113 ex
1646 2090 1724 2120 parte
1744 2085 1772 2112 in

986 2136 1066 2164 Patre
1082 2135 1214 2162 Divinitas
1231 2139 1287 2166 est,
1310 2133 1354 2161 vel
1377 2140 1409 2159 ex
1426 2138 1504 2167 parte
1531 2132 1612 2159 Pater
1635 2132 1707 2160 Deus
1718 2136 1771 2163 est,

988 2189 1078 2216 neque
1097 2188 1130 2208 ex
1146 2179 1223 2215 parte
1240 2179 1375 2207 Divinitas
1391 2179 1459 2206 Filio
1472 2178 1555 2209 inest,
1574 2178 1617 2205 vel
1633 2186 1665 2205 ex
1690 2183 1768 2213 parte

147 2217 252 2245 feratur
268 2217 389 2249 irritum,
412 2217 471 2249 ubi,
491 2225 595 2253 quzeso.
620 2218 736 2245 alterum
767 2218 936 2246 nanciscar?
950 2223 1074 2254 prmus
1097 2226 1169 2253 Deus
1196 2229 1250 2257 est,
1274 2232 1365 2260 neque
1392 2232 1426 2252 ex
1452 2227 1530 2258 parle
1555 2223 1628 2252 inest
1653 2223 1771 2258 Spiritui

147 2263 224 2296 Quod
241 2263 351 2291 dicitis?
365 2263 437 2291 Heus
454 2270 503 2291 vos
517 2263 564 2298 qui
581 2263 746 2298 baptismum
761 2264 933 2298 pervertitis,

147 2316 196 2336 seu
214 2309 389 2344 rebaptizatis
403 2309 410 2336 l
426 2309 520 2336 tierine
543 2314 644 2344 potest,
659 2313 689 2336 ut
703 2309 764 2343 quis
786 2309 936 2344 spiritualis

147 2355 206 2382 sine
221 2354 326 2390 Spiritu
355 2355 485 2382 dicatur?
506 2354 548 2381 An
565 2362 631 2381 vero
650 2354 771 2389 Spiritus
796 2356 936 2390 particeps

148 2400 192 2427 ille
208 2400 253 2432 sit,
268 2400 314 2434 qui
332 2400 463 2434 Spiritum
482 2407 536 2426 non
561 2400 731 2427 veneratur?
762 2400 823 2428 Isne
852 2408 936 2435 porro

149 2445 280 2480 Spiritum
305 2450 462 2479 veneratur,
487 2445 578 2480 quiin
595 2450 729 2473 creaturae
753 2448 935 2482 conservique

146 2493 258 2519 nomine
272 2491 425 2527 baptizatus
439 2491 503 2519 est?
523 2491 668 2526 Nunquam
680 2497 766 2524 certe,
784 2493 937 2528 quamlibet

149 2539 234 2566 multa
248 2539 336 2571 dicas,
348 2546 488 2573 nunquam
504 2537 529 2564 id
546 2538 735 2572 pchuadebis.
758 2538 816 2566 Non
834 2543 861 2566 te
885 2538 936 2566 ial-

149 2583 214 2616 laiu,
243 2583 399 2618 oprincipii
432 2590 531 2617 expers
556 2583 648 2610 Pater.
675 2583 734 2611 Non
753 2588 778 2611 te
801 2583 904 2617 fallam,
918 2590 935 2610 ο

149 2629 321 2664 unigenitum
350 2628 480 2656 Verbum.
507 2629 568 2656 Non
596 2635 622 2657 te
650 2629 753 2662 fallam,
771 2638 787 2657 ο
816 2629 936 2665 Spiritus

150 2680 252 2702 sancte.
265 2675 327 2702 Scio
340 2675 407 2710 quid
422 2674 564 2702 confessus
575 2676 639 2708 sim,
655 2683 670 2703 a
687 2684 740 2711 quo
757 2675 935 2709 desciverim,

152 2725 233 2752 quem
252 2724 362 2748 secutus
375 2721 436 2748 sim.
462 2721 522 2748 Non
537 2722 705 2750 committam
725 2727 755 2750 ut
768 2723 829 2751 viva
847 2723 935 2753 (idolis

187 2786 206 2801 “
237 2787 308 2822 Eph.
323 2796 360 2822 tv,
389 2789 416 2817 5.

186 2859 224 2895 (9)
240 2859 318 2888 Tom.
333 2854 449 2896 xiixw,
463 2863 516 2890 col.
533 2863 593 2891 asc.

986 2276 1081 2298 sancto
1110 2271 1252 2301 Divinitas,
1281 2271 1323 2298 vel
1349 2278 1381 2297 ex
1410 2274 1486 2304 parte
1510 2269 1631 2304 Spiritus
1659 2273 1772 2297 sanctus

986 2317 1059 2344 Deus
1072 2320 1124 2343 est.
1144 2315 1201 2343 Nec
1225 2315 1298 2342 enim
1328 2314 1470 2350 partitioni
1498 2314 1632 2341 Divinitas
1653 2314 1772 2342 obnoxia

986 2366 1039 2389 est.
1054 2361 1150 2396 Neque
1177 2361 1257 2388 Pater
1271 2365 1319 2387 aut
1341 2360 1436 2392 Filius,
1453 2364 1501 2386 aut
1524 2359 1644 2394 Spiritus
1659 2364 1772 2388 sanctus

989 2406 1061 2433 Deus
1087 2410 1129 2433 est
1153 2405 1340 2440 imperfectus.
1359 2405 1411 2432 Sed
1445 2409 1498 2433 tota
1528 2405 1624 2433 eadem
1651 2405 1772 2441 perfecta

985 2452 1122 2480 'Uerfecte
1148 2451 1221 2479 Patri
1251 2452 1372 2486 perfecto
1392 2445 1409 2478 ε’
1428 2456 1484 2479 tota
1507 2452 1626 2487 perfecta
1654 2451 1773 2486 perfecto

986 2498 1056 2526 Filio
1069 2497 1206 2532 perfecto:
1232 2502 1288 2524 tota
1303 2497 1421 2532 denique
1447 2497 1567 2533 perfecta
1587 2497 1718 2532 perfecte,
1745 2501 1774 2523 et

985 2543 1082 2570 eadem
1105 2542 1220 2577 Spiritui
1248 2546 1343 2569 sancto
1358 2542 1479 2577 perfecto
1498 2543 1578 2569 inest.
1597 2542 1683 2569 Totus
1697 2541 1772 2568 enim

986 2590 1036 2617 toti
1064 2589 1132 2617 Filio
1154 2593 1182 2617 et
1209 2589 1323 2624 Spiritui
1336 2593 1431 2616 sancto
1446 2589 1566 2623 perfecte
1585 2588 1665 2615 P.:tcr
1690 2588 1771 2615 inest.

989 2636 1055 2664 Item
1072 2639 1145 2662 totus
1169 2635 1217 2662 toti
1233 2635 1306 2662 Patri
1333 2639 1361 2661 et
1383 2634 1497 2669 Spiritui
1526 2639 1623 2661 sancto
1651 2633 1772 2668 perfecte

989 2681 1074 2708 Filius
1088 2681 1167 2708 inest.
1182 2680 1269 2707 Totus
1281 2679 1399 2714 denique
1427 2679 1475 2707 toti
1492 2679 1564 2706 Patri
1587 2684 1615 2707 et
1630 2679 1699 2707 Filio
1712 2686 1772 2714 per-

989 2728 1059 2756 fecte
1073 2727 1192 2763 Spiritus
1217 2733 1326 2755 sanctus
1356 2727 1437 2754 inest.
1452 2726 1509 2755 Una
1536 2727 1608 2755 enim
1632 2732 1660 2755 et
1675 2727 1771 2756 eadem
