1949 3073
208 132 281 165 1135

207 242 236 263 et
252 239 324 266 actio
347 244 400 267 cst.
424 240 478 267 Nec
495 247 591 267 eorum
609 239 753 274 quisquam
779 240 882 276 absque
909 241 997 269 altero

209 293 270 312 esse
287 290 334 312 aut
351 286 465 322 intelligi
480 291 580 322 potest.

242 331 269 359 9..
283 332 419 366 Ejusdem.
443 333 491 360 Illa
504 333 622 362 universi
633 334 722 369 opifex
735 339 836 363 sanctae
852 335 995 364 Trinitatis

206 375 324 402 essentia
340 376 397 403 sola
410 377 534 412 simplex,
552 379 708 412 uniformis,
724 380 799 407 nulla
812 388 841 408 re
857 389 952 416 egens,
968 386 996 409 et

208 421 388 450 immutabilis
409 428 460 451 est.
479 424 575 452 Omnis
595 430 686 453 autem
702 431 830 454 creatura
846 427 996 462 composita

206 473 257 499 cst,
277 476 337 503 qua:
353 469 481 497 nimirum
506 479 539 498 ex
560 471 712 499 substantia
735 477 763 500 et
778 473 918 501 accidente
931 481 998 502 eon-

209 517 283 546 slet,
314 515 414 542 divina:
439 516 619 550 providentiae
650 519 753 546 auxilio
780 527 887 554 semper
905 525 994 555 egeat,

205 559 416 596 haudquaquam
431 563 591 590 mutationis
601 570 710 597 expers.
727 564 844 592 Proinde
869 572 921 593 nec
948 573 995 593 ac-

206 606 300 633 cidens
316 607 381 640 Deo,
405 616 457 635 nec
472 608 589 643 qualitas
614 609 798 637 attribuenda.
831 610 894 639 Haec
921 611 996 639 enim

205 652 290 679 rebus
317 654 477 688 compositis
504 660 534 682 et
566 656 712 684 mutationi
733 656 860 684 obnoxiis
883 658 995 685 attribui

206 699 306 726 solent.
339 700 514 736 Quaecunque
544 707 638 729 autem
675 703 731 730 Deo
759 703 873 737 insunt,
898 708 996 732 natura

205 744 311 772 insunt.
341 753 397 773 non
415 751 543 781 tanquam
561 747 694 782 acquisita
707 753 735 776 et
753 748 913 777 adventitia.

240 791 268 817 5.
283 791 421 825 Ejusdem.
440 791 479 819 Ne
499 792 610 820 habitus
631 798 658 820 et
685 794 853 828 aptitudines
879 794 907 822 in
931 795 997 822 sim-

204 836 267 872 plici
293 842 321 864 et
344 837 450 865 inﬁnita
477 843 577 866 sanctae
591 838 736 867 Trinitatis
752 840 874 868 essentia
893 841 994 875 quaesi-

203 883 301 910 veris:
327 891 361 910 ne
380 883 452 912 forte
477 884 657 920 compositam
685 885 759 913 illam
785 886 952 921 proﬁtearis,
966 893 995 917 et
1012 886 1034 917 Β

203 930 284 957 rebus
295 930 395 957 creatis
413 937 569 959 accenseas.

236 975 264 1002 4.
284 975 424 1010 Ejusdem.
439 977 478 1004 Ex
495 977 529 1005 iis
548 986 609 1013 quae
636 983 711 1012 sunt,
740 987 836 1007 eorum
852 987 914 1016 quae
928 985 993 1009 sunt

200 1029 311 1048 causam
346 1022 533 1057 dignoscimus
573 1024 724 1060 [nimirum
763 1026 916 1064 Patrem],
959 1035 993 1055 ex

201 1074 295 1094 eorum
314 1073 405 1096 autem
427 1077 488 1104 quae
498 1075 570 1098 sunt
585 1071 744 1100 differentia
757 1092 764 1104 ,
797 1073 845 1100 illa
871 1074 993 1110 cnhypo—

200 1119 281 1146 stata,
301 1115 353 1142 hoe
379 1120 431 1149 est,
456 1124 506 1151 per
524 1118 746 1152 se'eonsistens,
765 1119 826 1154 ejtis
849 1119 923 1154 quod
948 1123 992 1148 est

200 1160 342 1193 sapientia,
353 1167 450 1195 nempe
466 1161 563 1194 Filius,
575 1162 656 1189 nobis
667 1163 837 1191 innotescit.
851 1164 891 1191 Ex
910 1168 992 1191 natu-

202 1205 249 1232 rali
266 1205 385 1240 denique
401 1214 497 1234 eorum
510 1215 571 1242 quae
592 1213 657 1235 sunt
669 1214 756 1241 motu,
781 1210 992 1246 enhypostatam

200 1259 312 1286 quoque
325 1259 373 1279 seu
389 1260 437 1287 per
449 1260 478 1280 se
500 1254 697 1281 consistentem
726 1263 823 1283 eorum
839 1264 900 1291 quae
925 1262 992 1284 sunt

201 1298 296 1330 vitam,
322 1302 349 1325 et
365 1298 501 1326 viviﬁcam
521 1307 616 1326 eorum
646 1308 707 1335 qua:
722 1306 798 1328 sunt
825 1302 989 1336 potentiam,

198 1352 298 1379 nempe
311 1344 444 1380 Spiritum
461 1351 586 1374 sanctum
600 1347 789 1383 intelligimus.

236 1391 263 1418 5.
277 1391 416 1426 Ejusdem.
431 1392 459 1420 Si
475 1392 590 1420 Verbum
606 1400 703 1420 eorum
720 1401 780 1428 qum
799 1398 864 1422 sunt
877 1402 992 1430 genera-

200 1436 267 1464 tioni
291 1443 401 1473 praeest,
422 1439 530 1466 nullum
548 1447 668 1474 unquam
692 1440 744 1467 hoc
762 1439 852 1467 Verbo
874 1441 990 1468 verbum

200 1485 342 1519 antiquius
365 1485 427 1516 fuit,
443 1485 602 1514 futurumve
618 1491 670 1513 est.
687 1486 808 1514 Verbum
828 1492 921 1515 autem
937 1495 990 1516 nec

183 1531 302 1562 ,meutis
328 1539 431 1564 exsors,
450 1539 502 1559 nec
524 1532 587 1559 vitae
605 1536 658 1566 est,
677 1532 726 1559 sed
757 1534 856 1562 mentis
878 1538 906 1561 et
919 1534 993 1571 vitae,

199 1578 345 1613 particeps.
358 1577 541 1606 Gcnerantem
563 1578 638 1606 enim
671 1585 790 1606 mentem
807 1580 900 1613 habet,
915 1588 991 1615 quie-

198 1632 252 1659 que
267 1623 309 1651 sui
323 1624 439 1651 essentia
451 1623 594 1657 consistat,
612 1624 741 1652 nimirum
758 1625 866 1653 Patrem
882 1634 888 1652 :
909 1626 991 1654 habet

196 1675 225 1697 et
238 1670 321 1697 vitam
337 1669 505 1698 suiesseutia
515 1669 726 1700 consistentem.
735 1671 843 1699 scilicet
856 1671 990 1707 Spiritum

197 1717 334 1744 sanctum.
644 1739 648 1741 .

518 1762 594 1790 CAP.
610 1761 669 1790 ΧΠ.

198 1807 370 1840 Damasceni,
388 1809 571 1849 ex‘loratione.
598 1808 638 1849 De
656 1807 742 1849 Patre.
754 1812 779 1834 et
799 1807 869 1849 Filio
886 1806 989 1849 et

232 1846 286 1870 ritu
297 1849 399 1878 sancto,
409 1845 534 1872 distincta
548 1843 629 1871 simul
642 1849 666 1871 et
682 1844 824 1879 conjuncta
835 1843 989 1871 Divinilatis

232 1881 301 1907 ratio
329 1880 396 1916 (10).

210 1952 212 1954 ι
230 1938 303 1966 Deus
319 1943 348 1965 et.
363 1938 456 1966 Pater
469 1941 535 1971 test,
561 1936 607 1972 qui
633 1944 748 1972 semper
765 1935 905 1972 ingenitus
935 1938 988 1968 est,

193 1985 296 2020 quippe
330 1985 376 2020 qui
402 1992 418 2012 a
445 1984 522 2012 nullo
558 1983 668 2019 genitus
692 1988 859 2011 coaeternum
888 1981 988 2009 Filium

184 2030 329 2066 .gcnuerit.
348 2030 420 2058 Deus
438 2034 466 2058 et
487 2029 573 2057 Filius
598 2032 651 2062 est,
670 2029 720 2064 qui
736 2035 800 2056 eum
819 2027 900 2055 Patre
915 2034 989 2053 sem-

183 2085 244 2112 -pcr
256 2081 308 2109 est,
324 2076 357 2103 ab
372 2076 474 2110 illoque
505 2075 565 2103 sine
584 2079 708 2110 tempore
725 2074 905 2109 sempiterne,
923 2072 987 2100 sine

194 2124 268 2150 llum
297 2122 506 2157 imperturbate,
536 2125 565 2149 et
579 2121 638 2149 sine
668 2120 840 2156 sejunctione
864 2119 899 2146 ab
916 2119 987 2153 ipse,

194 2168 313 2203 genitus.
341 2168 414 2194 Deus
438 2166 563 2201 denique
595 2165 715 2201 Spiritus
743 2169 868 2196 sanctus,
897 2163 987 2190 virtus

193 2214 378 2245 sanctiﬁcans,
394 2220 455 2248 quae
470 2220 519 2247 per
529 2219 562 2239 se
575 2211 710 2244 subsistit,
733 2218 751 2237 a
765 2211 846 2237 Patre.
866 2214 895 2236 et
913 2209 983 2236 Filio

196 2259 330 2294 procedit,
353 2262 381 2285 et
406 2258 432 2285 in
459 2257 529 2284 Filio
551 2256 733 2291 conquiescit,
765 2254 888 2290 ejusdem
919 2261 982 2281 cum

182 2304 274 2332 -Patre
303 2303 427 2338 Filioque
463 2302 633 2330 substantiae.
667 2302 786 2329 Verbum
820 2304 878 2332 est,
908 2298 982 2334 quod

195 2351 414 2379 substantialiter
433 2349 506 2376 Patri
531 2356 640 2383 semper
659 2348 746 2375 adest.
768 2346 893 2374 Verbum
921 2346 986 2372 item

195 2403 249 2430 est,
279 2396 414 2424 naturalis
442 2400 543 2426 motus,
570 2402 625 2430 quo
656 2394 766 2421 animus
794 2393 853 2427 ipse
888 2400 985 2420 move-

186 2450 254 2475 ltur,
280 2441 427 2477 intelligit,
455 2445 481 2468 et
513 2440 631 2475 cogitat,
647 2439 712 2474 quia
738 2438 870 2465 nimirum
895 2437 984 2472 ipsius

193 2489 271 2525 quasi
292 2489 336 2516 lex
361 2491 390 2515 ct
418 2486 549 2522 splendor
573 2485 689 2512 exsistit.
711 2484 828 2512 Verbum
851 2489 983 2519 praeterea

192 2541 245 2568 est,
259 2536 399 2562 internum
408 2540 518 2568 quoque
527 2532 605 2563 illud,
616 2530 688 2565 quod
698 2530 724 2557 in
734 2530 818 2558 corde
829 2529 981 2565 loquimur.

191 2581 436 2614 Adlizcc,‘vcrbum
451 2584 504 2613 est,
520 2577 610 2605 animi
623 2576 747 2608 nuntius,
761 2576 881 2604 Verbum
897 2576 982 2611 igitur

192 2628 265 2654 Deus
285 2625 404 2654 essentia
431 2631 479 2650 sua
507 2629 534 2650 et
552 2622 690 2657 liypostasi
707 2621 819 2656 propria
840 2620 980 2647 consistit.

191 2673 296 2702 Caetera
339 2671 391 2698 tria
423 2670 507 2697 verba
535 2668 679 2696 facultates
705 2666 790 2693 animi
814 2671 889 2699 sunt,
919 2673 981 2700 qua:

190 2705 303 2753 propria
328 2718 356 2744 in
372 2715 511 2751 hypostasi
526 2713 739 2748 haudquaquam
757 2712 979 2739 considerantur.

191 2765 313 2796 Quorum
331 2763 452 2798 primum
468 2761 552 2788 animi
565 2759 689 2786 naturale
707 2765 820 2794 germen
840 2761 892 2788 est,
905 2757 979 2791 quod

195 2814 302 2840 semper
330 2807 364 2834 ab
391 2807 452 2841 ipso
480 2804 644 2832 naturaliter
674 2803 795 2840 proﬁuit.
820 2802 978 2832 Secundum

234 2862 290 2898 (10)
306 2863 386 2891 Tom.
399 2860 492 2897 XCIV,
507 2862 562 2890 col.
580 2861 643 2890 856.

846 138 998 169 NICETE
1019 140 1122 172 (ΖΗοΝ
1129 142 1225 173 ΙΑΤιΕ

208 192 297 220 Patris
313 197 341 220 et
357 194 416 222 Filii
432 199 459 223 et
477 195 596 230 Spiritus
613 194 699 222 sancti
716 195 846 228 essentia,
862 198 995 230 potentia,
1013 201 1031 228 Α
1049 217 1115 238 vero
1138 212 1247 239 intem"

1765 150 1838 185 1136

1251 218 1276 240 m
1294 221 1404 250 quoque
1434 215 1545 244 dicitur.
1575 215 1699 246 Tertium
1717 218 1840 256 denique

1051 258 1198 291 profertur.
1226 260 1345 295 Spiritus
1360 262 1442 290 etiam
1463 264 1607 299 multiplex
1625 270 1668 293 est
1697 268 1837 302 acceptio.

1049 302 1118 330 Nam
1133 310 1160 331 et
1184 304 1303 340 Spiritus
1327 312 1438 336 sanctus
1452 314 1513 344 est;
1530 315 1558 339 et
1577 312 1733 347 spirituales
1749 314 1840 341 facul-

1050 353 1120 377 tates
1143 351 1288 386 spirituum
1313 355 1423 382 nomine
1446 357 1636 393 designantur.
1661 359 1782 394 Spiritus
1797 361 1840 388 in-

1049 404 1133 431 super
1143 405 1192 432 pro
1206 399 1302 434 angelo
1315 399 1400 435 bono,
1414 401 1479 429 item
1489 408 1517 431 et
1529 411 1578 439 pro
1586 404 1710 433 dtemone
1717 407 1838 441 capitur.

1049 442 1169 478 Spiritus
1192 444 1256 472 item
1279 446 1369 474 anima
1385 453 1437 476 est.
1455 449 1610 485 Aliquando
1625 452 1708 479 etiam
1726 452 1839 481 intelle-

1048 493 1119 520 ctus,
1134 494 1241 524 ventus,
1256 497 1348 525 aer,et
1359 498 1459 522 cetera
1472 496 1499 523 id
1512 503 1598 532 genus
1613 498 1728 534 spiritus
1742 500 1841 535 appel-

1048 534 1151 562 lantur.

1358 585 1434 615 CAP.
1452 587 1524 616 Xlll.

1049 627 1164 674 Ειιάεηιῃ.
1179 631 1211 674 de
1228 640 1279 674 _re,
1305 632 1347 660 Ex
1370 635 1451 674 variis
1480 635 1618 674 Patribus.
1645 637 1788 674 [Perfecta
1808 641 1840 668 in

1120 665 1249 694 Trinitate
1260 676 1389 703 persona,
1405 670 1467 697 inse
1477 672 1593 699 vicissim
1607 665 1731 707 sin‘guliz'.

1083 721 1110 748 1.
1122 721 1162 749 Ex
1173 722 1280 751 duabus
1288 725 1416 760 perfectis
1428 726 1630 763 hypostasibus,
1642 737 1690 757 seu
1699 732 1838 766 personis,

1048 769 1210 803 compositio
1237 770 1297 799 ﬁeri
1310 779 1365 799 non
1381 778 1483 808 potest.
1501 775 1619 804 Proinde
1649 779 1769 812 speciem
1786 786 1840 806 ne-

1047 822 1185 851 quaquam
1202 824 1236 844 ex
1250 818 1388 853 personis,
1404 820 1452 847 sed
1465 820 1492 847 in
1509 821 1635 855 personis
1649 822 1781 852 dicimus.
1799 824 1840 851 Ex

1049 868 1104 896 quo
1120 861 1162 895 ﬁt,
1178 867 1208 890 ut
1235 864 1371 898 perfectas
1393 866 1505 900 quidem
1523 871 1619 895 sancta
1646 869 1675 896 iu
1701 868 1840 897 Trinitate

1047 914 1179 942 personas
1197 908 1332 943 dicamus,
1355 919 1390 938 ne
1414 913 1580 948 compositio
1597 914 1625 941 in
1643 913 1698 942 illis
1713 915 1768 943 ulla
1787 924 1837 944 eoa

1044 953 1156 988 gitetur.
1175 953 1229 983 Has
1251 961 1342 984 autem
1369 957 1397 984 in
1413 965 1443 985 se
1467 958 1590 986 vicissim
1615 960 1750 996 singulas,
1769 970 1840 997 pro-

1043 1004 1105 1034 pter
1119 1006 1244 1042 mutuum
1265 1010 1361 1030 earum
1377 1004 1503 1032 habitum
1528 1005 1600 1033 inter
1619 1014 1650 1034 se
1665 1011 1749 1042 atque
1766 1009 1839 1036 rela-

1044 1046 1146 1074 tionem
1170 1039 1331 1077 asserimus.
1356 1050 1424 1083 Quia
1445 1051 1529 1078 etiam
1551 1059 1603 1079 nec
1629 1053 1835 1087 circumscribi,

1042 1100 1094 1120 nec
1107 1093 1167 1121 loco
1182 1095 1318 1123 contineri
1333 1101 1459 1131 possunt,
1484 1097 1550 1132 quia
1564 1097 1684 1134 denique
1712 1108 1768 1129 una
1784 1109 1834 1129 eo-

1042 1147 1104 1166 rum
1115 1140 1268 1176 eademque
1281 1141 1417 1171 Diviuitas
1433 1147 1485 1171 est.

1077 1185 1105 1213 2.
1122 1186 1151 1214 ln
1165 1187 1293 1215 omnibus
1306 1188 1391 1216 rebus
1401 1190 1510 1225 creatis,
1528 1199 1710 1227 personarum
1733 1193 1836 1221 divisio

1043 1239 1073 1259 re
1098 1231 1154 1266 ipsa
1178 1232 1407 1268 deprehenditur.
1433 1236 1502 1264 Nam
1525 1245 1555 1266 re
1579 1239 1638 1273 ipsa
1668 1239 1785 1266 Michael
1817 1248 1834 1267 a

1042 1276 1297 1312 Gabriele,'Petrus
1315 1288 1331 1308 a
1349 1280 1435 1309 Paulo
1456 1283 1596 1318 sejunctus
1618 1288 1672 1317 est,
1689 1290 1716 1312 et
1732 1291 1834 1313 caetera

1041 1324 1139 1352 eodem
1162 1325 1255 1353 modo.
1268 1326 1346 1359 Quod
1359 1335 1426 1356 vero
1444 1337 1590 1358 commune
1606 1331 1634 1358 in
1649 1332 1692 1359 his
1704 1337 1732 1359 et
1747 1341 1833 1360 unum

1041 1374 1095 1403 est,
1106 1370 1132 1398 id
1142 1372 1307 1407 cogitatione
1317 1373 1498 1409 dignoscitur.
1508 1375 1571 1404 Sola
1577 1378 1651 1405 enim
1664 1379 1834 1413 cogitatione

1041 1417 1229 1452 angelitatem,
1244 1420 1321 1447 verbi
1333 1421 1432 1455 gratia,
1443 1427 1471 1449 et
1485 1423 1696 1458 humanitatem,
1710 1426 1764 1453 hoc
1777 1431 1832 1460 est,

1028 1471 1217 1501 communem
1238 1466 1398 1500 angelorum
1421 1472 1449 1495 et
1471 1468 1614 1497 hominum
1631 1471 1771 1498 notionem
1787 1479 1835 1499 co-

1041 1510 1209 1546 gnoscimus.
1233 1511 1268 1538 At
1297 1512 1325 1539 in
1350 1512 1443 1540 divina
1471 1513 1606 1542 Trinitatc
1634 1523 1716 1544 secus
1734 1524 1765 1544 se
1788 1525 1835 1545 res

1003 1561 1024 1590 ε
1041 1556 1135 1584 habet.
1156 1557 1235 1590 Quod
1259 1557 1333 1585 enim
1352 1558 1380 1586 in
1400 1566 1431 1586 ea
1452 1567 1598 1588 commune
1618 1566 1647 1589 et
1668 1570 1754 1590 unum
1778 1570 1835 1597 est,

1043 1603 1071 1630 id
1101 1611 1131 1631 re
1155 1603 1214 1639 ipsa
1236 1605 1413 1639 perspicitur.
1431 1605 1499 1633 Nam
1523 1615 1553 1634 re
1572 1607 1630 1642 ipsa
1662 1613 1720 1637 tres
1744 1618 1832 1637 unum

1046 1647 1144 1682 Deum,
1171 1656 1253 1676 unam
1279 1653 1307 1677 et
1332 1650 1456 1678 eamdem
1485 1652 1514 1679 in
1537 1653 1625 1680 tribus
1655 1660 1780 1683 naturam
1805 1661 1834 1684 et

1039 1694 1188 1727 actionem,
1216 1702 1298 1722 unam
1325 1695 1446 1731 dettique
1471 1702 1500 1724 et
1512 1699 1636 1726 eamdem
1661 1701 1833 1730 voluntatcm

1040 1749 1100 1769 esse
1115 1746 1192 1769 certo
1207 1741 1319 1769 scimus.
1335 1742 1520 1770 Personarum
1538 1749 1630 1772 autem
1650 1746 1752 1775 divisio
1765 1749 1833 1776 sim-

1039 1787 1105 1822 plici
1130 1791 1159 1815 et
1178 1787 1252 1816 nuda
1271 1788 1436 1824 cogitatione
1469 1791 1641 1826 intelligitur.
1670 1793 1728 1820 Nec
1757 1795 1833 1822 enim

1038 1841 1101 1862 eam
1134 1834 1443 1870 circumscriptionem,
1472 1844 1526 1871 qua
1559 1845 1682 1872 personae
1709 1841 1832 1867 circum-

1039 1880 1122 1909 scribi
1139 1881 1238 1914 solent,
1256 1889 1346 1916 neque
1376 1882 1561 1917 intervallum,
1578 1892 1633 1919 quo
1650 1885 1727 1913 locus
1743 1894 1759 1913 a
1771 1887 1834 1914 loco

1038 1926 1216 1962 disjungitur,
1233 1933 1284 1953 nec
1299 1926 1381 1953 aliam
1397 1927 1480 1954 ullam
1497 1935 1531 1955 ex
1543 1928 1578 1956 iis
1602 1929 1832 1964 proprietatibus,

1040 1974 1144 2009 quibus
1164 1973 1273 2009 singula
1290 1974 1348 2001 suis
1359 1975 1437 2009 quasi
1456 1974 1558 2002 ﬁnibus
1573 1976 1767 2009 continentur,
1787 1977 1833 2004 hic

1038 2020 1192 2055 intelligere
1215 2025 1264 2047 aut
1277 2020 1399 2055 cogitare
1429 2020 1573 2048 audemus.
1598 2022 1710 2050 .Prteter
1739 2027 1829 2056 pater

1037 2067 1162 2100 nitatem,
1184 2066 1361 2098 ﬁliationem,
1397 2071 1425 2095 et
1442 2069 1676 2102 .processionem,
1703 2076 1753 2097 seu
1780 2078 1834 2097 no-

1039 2114 1129 2142 tiones
1152 2120 1208 2145 eas.
1224 2112 1328 2148 quibus
1352 2114 1434 2142 Pater
1449 2114 1569 2149 genitor,
1594 2115 1682 2143 Filius
1698 2117 1830 2152 ,genitus,

1037 2164 1065 2186 et
1098 2158 1221 2194 Spiritus
1255 2159 1408 2195 procedens
1443 2159 1618 2196 intelligitur.
1648 2163 1738 2197 Atque
1769 2164 1831 2191 lucc

1037 2204 1148 2240 quidem
1174 2204 1364 2243 hujuscemodi
1392 2206 1498 2234 ratione
1513 2205 1593 2237 ﬁunt,
1612 2214 1673 2241 quae
1700 2212 1828 2234 naturain

1035 2255 1064 2277 et
1088 2250 1237 2277 essentiam
1254 2257 1446 2285 quamcunque
1469 2251 1549 2278 facile
1563 2257 1684 2286 superat.
1708 2252 1830 2279 Proinde

1036 2295 1122 2322 Deum
1133 2302 1218 2322 unum
1233 2301 1281 2321 eos
1296 2301 1358 2322 esse
1371 2294 1500 2327 dicimus,
1514 2302 1576 2322 cum
1592 2296 1650 2323 ﬁeri
1663 2304 1716 2323 non
1730 2298 1829 2332 pOSSit.

1037 2346 1067 2367 ut
1080 2341 1202 2375 perfecte
1223 2346 1306 2375 atque
1322 2349 1352 2368 re
1379 2341 1437 2375 ipsa
1453 2349 1549 2368 eorum
1575 2349 1707 2376 personas
1722 2343 1831 2370 dixida-

1036 2395 1109 2420 mus,
1129 2395 1190 2422 qum
1204 2388 1264 2414 sine
1279 2387 1414 2414 divisione
1440 2387 1615 2420 dividuntur,
1629 2393 1659 2415 et
1684 2389 1745 2416 sine
1760 2397 1830 2416 con-

1034 2434 1180 2470 junctione
1216 2434 1440 2468 conjunguntur,
1480 2438 1594 2468 propter
1627 2434 1773 2462 divisionis
1800 2442 1829 2463 et

1037 2481 1239 2515 coniunctionis
1253 2488 1349 2507 eorum
1366 2480 1512 2512 rationem,
1530 2488 1592 2514 quae
1615 2488 1646 2508 ea
1662 2488 1714 2514 est,
1729 2487 1760 2508 ut
1781 2490 1831 2509 na-

1038 2532 1098 2555 tura
1106 2533 1271 2562 quacunque
1287 2529 1315 2553 et
1325 2526 1445 2553 essentia
1458 2526 1539 2561 longe
1550 2527 1727 2560 praestantior
1742 2527 1790 2554 sit.

1071 2574 1097 2600 5.
1116 2572 1328 2608 Distinguuntur
1358 2572 1530 2607 hypostases,
1544 2580 1599 2599 non
1625 2573 1753 2600 essentia:
1784 2581 1830 2601 ra-

1037 2620 1121 2650 tione,
1143 2619 1190 2646 sed
1215 2618 1502 2646 characteristicarum
1532 2619 1745 2653 proprietatum,
1774 2620 1827 2646 hoc

1035 2671 1079 2693 est
1093 2670 1232 2696 notarum,
1251 2672 1312 2699 quae
1338 2664 1465 2699 personis
1490 2664 1593 2691 insunt.
1609 2665 1649 2691 Ex
1666 2673 1722 2700 quo
1738 2665 1780 2697 fit,
1799 2671 1828 2690 υι

1034 2719 1066 2739 ex
1084 2711 1168 2738 rebus
1186 2711 1298 2742 creatis,
1313 2718 1374 2745 qua:
1386 2710 1422 2737 sit
1438 2710 1529 2737 Patris
1544 2715 1570 2737 et
1586 2710 1647 2737 Filii
1665 2716 1693 2738 et
1707 2711 1827 2743 Spiritus

1034 2760 1132 2791 sancti,
1155 2765 1203 2785 seu
1227 2757 1399 2792 propriarum
1417 2761 1556 2788 notarum,
1571 2756 1726 2783 ditfcrentia
1744 2755 1829 2783 resci-

1032 2811 1152 2835 scamus.
1170 2807 1332 2831 naturarum
1355 2809 1421 2830 vero
1433 2809 1488 2829 nou
1507 2801 1585 2828 item.
