1949 3073
148 134 219 168 1137

451 198 526 228 (ΞΜ).
543 202 612 230 XIV.

146 260 281 309 Esiemia‘,
294 262 409 296 natura.
423 269 542 309 generis,_
564 271 666 305 speciei,
687 276 712 299 et
735 274 847 309 [orm-1:,-
866 278 928 304 item

177 297 357 367 ἕῃεὲἑέακοε,
368 297 498 336 peracute,
517 297 725 342 ελανῖιεὶένίῖδξὲι

194 341 208 358 υ
275 342 305 362 α.

179 399 206 449 ξ.
223 399 360 435 Essentia,
375 409 484 440 natura,
511 416 607 443 genus,
633 412 751 446 species,
778 418 807 441 et
829 413 927 449 forma,

144 444 190 472 ubi
208 446 241 473 de
256 447 312 475 Deo
323 449 423 484 agitur,
440 452 513 480 idem
529 444 695 490 signiﬁcant,
717 444 749 484 ut
759 460 862 486 sanctis
876 444 929 487 Pa;

144 490 233 519 tribus
256 493 355 526 placet.
373 496 438 524 Item
467 498 632 534 hypostasis,
651 510 800 537 prosopon,
820 505 872 532 hoc
884 510 927 533 est

142 542 270 570 persona,
285 539 427 569 character
452 550 500 570 seu
513 549 587 578 nota,
606 548 771 582 proprietas,
785 554 812 577 et
827 550 927 578 indivi-

141 581 226 608 duum
244 591 294 617 pro
312 586 409 614 eodem
437 595 595 619 sumuntur.
612 581 701 628 Atque
718 595 838 623 essentia
866 597 928 631 qui-

141 626 203 654 dem
216 634 243 655 et
253 634 352 658 natura
363 632 397 660 de
410 635 539 663 omnibus
551 644 585 664 ex
596 626 676 673 aequo
690 640 823 676 subjectis
838 626 927 670 enun-

142 672 258 701 tiantur.
267 675 344 704 Unde
353 677 392 710 ﬁt,
402 683 431 706 ut
440 687 535 709 omnes
544 683 625 711 unius
633 672 760 714 essentia;
767 691 928 723 naturaeque

140 718 207 746 sint.
223 719 382 766 Hypostasis
397 729 488 752 autem
503 733 632 761 persona,
647 734 675 756 et
699 718 890 766 individuum;
901 733 928 762 id

138 767 198 796 est,
212 765 286 800 quod
299 768 410 802 proprie
424 777 474 804 per
489 779 573 807 seque
585 774 725 809 subsistit,
739 784 791 805 nec
808 765 930 807 divisio-

139 817 202 837 nem
216 811 285 839 citra
298 813 413 849 subjecti
434 818 641 852 corruptionem
661 822 807 851 admittere
826 829 927 859 potest.

178 856 207 884 5.
233 856 347 892 Species
379 865 407 888 et
433 862 520 890 forma
547 864 573 892 in
602 871 697 895 sancta
731 856 867 898 Trinitate
879 879 928 906 pro

137 900 235 928 eodem
256 903 411 939 capiuntur,
440 910 469 934 et
487 909 573 936 ambae
601 911 734 940 denotant
762 900 924 943 essentiam.

138 946 279 981 Aitenim,
292 950 344 982 Qui
360 951 427 979 videt
448 961 498 987 me,
519 955 623 983 vident
637 956 747 986 Patrem
770 960 810 988 ηε
828 969 882 995 quo
898 961 926 989 in

138 991 199 1019 loco
219 993 295 1023 visus
308 997 481 1031 praescientia
493 1004 521 1027 et
535 1002 690 1036 cognitione
706 991 879 1042 intelligitur.

174 1037 200 1065 6.
210 1038 337 1087 _Essentia
346 1043 461 1077 quidem
478 1053 658 1080 personarum
673 1037 926 1087 conjungendarum

136 1083 192 1111 vim
209 1084 302 1114 habet.
315 1087 479 1123 tlypostases
489 1096 580 1119 autem
595 1094 622 1121 vi
637 1083 926 1126 characteristicarum

137 1132 349 1167 proprietatum,
365 1143 413 1163 seu
436 1141 563 1166 notarum
577 1147 688 1169 suarum
707 1144 856 1172 essentiam
880 1145 925 1173 di-

139 1175 294 1211 stinguunt.

174 1220 199 1248 7.
211 1221 335 1252 Essentia
349 1226 460 1261 quidem
475 1237 616 1265 nunquam
634 1231 668 1259 de
698 1232 783 1262 rebus
809 1234 923 1268 dicitur,

137 1273 199 1313 quae
213 1275 268 1296 non
299 1276 416 1306 exstant,
430 1279 458 1302 at
479 1281 578 1304 natura
607 1279 768 1313 smpissimc.
797 1280 861 1308 Haec
883 1286 926 1309 est

137 1311 225 1346 enim,
248 1313 337 1349 inquit
364 1317 421 1350 ille,
437 1321 572 1350 mendacii
590 1311 699 1353 natura.
713 1325 793 1359 Item,
819 1327 925 1355 Ductus

137 1363 227 1392 aquae,
256 1359 357 1396 inquit,
385 1363 488 1393 fontem
515 1369 635 1396 ostendit
660 1378 760 1399 suum:
790 1374 925 1401 sermonis

135 1408 228 1432 autem
243 1411 339 1436 natura
354 1416 412 1442 cor,
428 1418 443 1438 a
458 1419 513 1446 quo
529 1416 673 1449 processit,
688 1417 804 1447 indicat.

172 1450 199 1477 8.
209 1451 237 1479 Si
250 1459 310 1486 quae
328 1457 483 1484 communia
494 1462 522 1485 et
552 1459 680 1490 universa
709 1469 784 1497 sunt,
810 1474 841 1494 ea
867 1471 928 1496 tota

136 1499 165 1523 et
178 1496 283 1532 integre
300 1498 335 1526 de
355 1499 472 1535 singulis
499 1503 552 1531 sibi
575 1505 707 1542 subjectis
732 1496 923 1548 enuntiantur,

137 1541 382 1601 certe‘Divinitatis
396 1554 505 1583 quoque
521 1554 620 1578 natura
628 1541 691 1580 tota
704 1558 732 1582 et
760 1555 866 1592 integra
880 1541 923 1587 'de
936 1571 958 1601 α

137 1587 214 1601 εἴη...-
229 1590 322 1601 -_:L.._
351 1599 360 1601 Α
384 1593 389 1598 -
538 1595 544 1601 .
671 1599 676 1601 .

136 1587 322 1622 singularibus
348 1593 406 1621 suis
432 1595 560 1629 personis
582 1599 752 1629 enuntiatur.
780 1587 921 1639 Siquidem

135 1640 281 1664 commune
305 1638 370 1673 quid
384 1644 412 1667 et
433 1641 603 1675 universum.
625 1650 723 1675 natura
748 1652 776 1676 et
803 1638 922 1679 essentia

134 1683 187 1712 est,
202 1681 341 1717 singulare
355 1690 446 1713 autem
459 1687 614 1723 hypostasis
631 1696 659 1719 ct
671 1699 789 1727 persona
802 1703 809 1722 :
827 1695 922 1731 singu-

134 1726 201 1759 lare,
214 1727 336 1763 inquam,
347 1738 401 1758 non
414 1733 487 1767 quod
497 1740 601 1763 naturae
615 1726 720 1771 partem
733 1738 843 1773 habeat,
859 1726 923 1777 par-

137 1776 192 1799 tem
207 1780 273 1802 vero
284 1783 338 1803 non
351 1776 461 1812 habeat,
476 1780 524 1807 sed
535 1782 599 1816 quia
616 1783 850 1815 individuumsit.

169 1818 196 1846 9.
207 1819 295 1855 Atque
309 1824 426 1851 essentia
438 1824 548 1859 quidem
559 1834 704 1857 commune
715 1831 781 1865 quid
793 1837 845 1866 est,
858 1834 922 1868 quia

134 1863 168 1892 de
179 1866 303 1900 pluribus
318 1870 498 1899 enuntiatur:
515 1871 689 1902 individuum
714 1863 805 1904 autem
827 1863 922 1916 singu-

133 1911 203 1945 lare,
222 1913 286 1949 quia
304 1914 436 1944 nimirum
451 1917 485 1945 de
499 1925 555 1946 uno
571 1919 631 1948 solo
649 1922 823 1956 praedicatur.

452 1984 528 2014 CAP.
543 1987 603 2016 XV.

256 2043 280 2066 et
288 2041 473 2084 ⁸Ιιξρροιηαεειξε
483 2078 489 2084 ι
497 2043 655 2084 differentia,
668 2055 711 2084 ex,
723 2047 833 2084 Cyrilla,
855 2049 922 2078 Dio-

168 2072 409 2119 nmgjaiithdreopag.
431 2083 455 2105 et
471 2072 921 2119 Ataiiandﬁnd.,--Grve?j.nhihz:"et

188 2108 338 2137 Ὶιεοιίονειο.

169 2175 213 2204 10.
233 2177 336 2206 Natura
346 2183 374 2207 et
386 2180 551 2217 hypostasis,
567 2192 601 2212 ex
611 2185 744 2215 Ecclesiae
758 2187 919 2218 deﬁnitione

133 2225 161 2248 et
188 2222 257 2257 lege,
282 2232 337 2252 non
370 2226 442 2255 idem
460 2229 635 2265 signiﬁcant:
657 2240 713 2267 quo
735 2234 810 2261 enim
835 2235 918 2263 modo

134 2274 278 2296 commune
289 2278 304 2298 a
313 2272 432 2306 proprio,
445 2274 607 2303 universum
614 2284 634 2304 as
643 2277 760 2313 singulo,
776 2279 916 2308 inﬁnitum
934 2269 957 2298 Ῐ)

133 2313 251 2349 denique
263 2323 277 2342 a
291 2315 417 2351 deﬁnito,
436 2320 534 2348 eodem
553 2329 662 2357 quoque
672 2328 770 2352 natura
780 2325 815 2353 ab
833 2326 920 2362 hypo-

134 2360 198 2387 stasi
216 2361 316 2389 diﬂert.
329 2363 442 2392 Beatum
453 2370 542 2394 tamen
554 2367 684 2403 Cyrillum
697 2374 724 2398 ct
738 2371 807 2400 alios
824 2360 918 2402 Patres

134 2408 249 2441 utroque
262 2409 372 2436 nomine
380 2411 414 2438 ad
427 2411 546 2440 divinam
561 2413 635 2442 illam
648 2416 738 2444 carnis
752 2419 918 2454 assumptio-

132 2458 194 2478 ncm
226 2454 445 2489 significandam,
460 2459 529 2486 citra
541 2460 625 2488 ullum
653 2462 814 2496 discrimen,
841 2473 916 2499 usos,

133 2496 344 2535 haudquaquam
374 2503 547 2538 ambigimus.
579 2507 700 2536 Abusive
742 2511 817 2538 enim
847 2496 915 2539 alias

132 2542 289 2579 hypostasin
305 2555 356 2582 pro
368 2550 498 2583 essentia,
514 2552 582 2580 alias
601 2553 666 2581 item
693 2556 840 2583 essentiam
867 2560 917 2591 pro

132 2589 270 2624 hypostasi
298 2600 482 2628 usurparunt:
505 2605 560 2624 non
586 2599 661 2633 quod
685 2600 756 2628 idem
780 2609 828 2629 eas
856 2610 918 2630 esse

131 2635 329 2670 existimarent,
346 2646 440 2666 verum
468 2641 531 2676 quia
560 2650 613 2670 non
635 2644 784 2679 Scriptura:
808 2650 914 2674 tantum

133 2686 224 2711 sacrze.
258 2682 306 2708 sed
335 2683 583 2713 ecelesiasticorum
609 2687 753 2717 doctorum
770 2694 846 2718 ‘mos
871 2691 916 2719 hic

131 2723 186 2758 jam
207 2725 272 2752 oiim
285 2727 408 2762 inolevit,
425 2732 560 2760 utmultis
572 2733 599 2759 in
615 2734 697 2762 rebus
720 2736 788 2763 citra
816 2736 916 2764 discri-

134 2777 195 2797 men
212 2772 375 2806 quibusdam
390 2776 558 2806 dictionibus
576 2784 706 2808 utantur:
721 2789 789 2816 quas
802 2783 916 2812 abusive

132 2816 278 2852 aliquando
297 2827 440 2857 usurpant,
464 2825 583 2862 scientes
611 2827 695 2855 verba.
717 2829 785 2856 nihil
816 2829 915 2859 atl‘crre

173 2873 195 2890 “
209 2873 288 2904 Joan.
310 2885 365 2913 xtv,
384 2879 411 2908 9.

778 152 972 185 'I‘HESA-URI
996 157 1070 187 LIB.
1095 156 1137 188 ΙΓ.

942 212 970 241 Αμ
982 211 1200 247 incommodi'(ul
1214 212 1305 249 Cyl-illi
1323 215 1414 243 verbis
1441 214 1524 250 utar),
1541 224 1601 244 cum
1614 225 1656 246 res
1686 221 1766 247 aliter

1700 162 1766 193 1Ὶῖῐῖ

979 264 1008 284 se
1025 257 1154 287 habeant.
1178 259 1376 296 Hierophantes
1402 271 1523 298 quoque.
1549 272 1597 292 seu
1624 273 1764 293 sacrarum

978 311 1069 330 rerum
1085 304 1296 339 demonstrator,
1313 308 1457 343 Dionysius
1470 315 1566 336 auctor
1590 316 1641 343 est,
1669 312 1767 339 rationi

978 349 1180 378 dissentaneum
1193 351 1244 379 hoc
1262 360 1332 386 esse,
1343 357 1425 388 atque
1436 355 1504 382 adeo
1515 357 1674 391 przeposteri
1691 358 1721 393 j_u
1730 357 1767 384 1i-

978 395 1013 422 cii
1030 401 1232 430 argumentum,
1247 398 1269 425 si
1285 399 1346 433 quis
1356 399 1382 426 vi
1394 404 1514 436 etscopo
1544 410 1636 430 rerum
1655 407 1767 438 postpo-

978 439 1049 472 sitis,
1065 448 1079 467 a
1095 442 1241 469 verborum
1257 443 1455 477 significatione
1480 446 1642 480 dependeat.
1668 448 1768 484 Diony-

979 486 1037 513 sius
1051 494 1159 522 quoque
1182 487 1382 517 Alexandrinus
1403 490 1448 518 ille
1474 492 1567 519 rhetor
1597 493 1623 520 in
1652 494 1765 527 scholis,

978 539 1040 566 quae
1065 533 1092 559 in
1120 533 1172 560 sibi
1190 534 1379 569 cognominem
1389 537 1572 572 Areopagitcn
1586 539 1685 570 edidit,
1716 539 1765 570 ait.

979 576 1132 612 ingenitum
1144 579 1214 613 apud
1229 584 1358 608 externos
1370 589 1419 608 seu
1444 583 1572 617 profanos
1590 585 1767 620 philosophos

979 629 1088 650 omnem
1111 629 1236 652 naturam
1265 626 1427 661 signiﬁcare.
1462 636 1522 662 quae
1551 629 1602 656 sub
1627 636 1766 663 aspectum

978 677 1032 696 non
1049 670 1132 697 cadit.
1149 670 1250 698 Adhmc
1266 673 1399 700 essentias
1420 681 1528 708 quoque
1552 675 1624 709 apud
1655 676 1766 703 eosdem

979 721 1029 749 pro
1055 715 1249 750 hypostasibus
1275 719 1418 753 usurpari:
1445 723 1472 747 et
1492 719 1573 747 inira.
1603 721 1767 756 Hujusmodi

979 767 1054 789 certe
1074 770 1155 791 voces
1181 764 1253 799 apud
1285 765 1487 801 Areopagilam,
1517 768 1628 795 Nazian.
1657 777 1768 804 quoque

979 807 1092 836 abusive
1105 813 1250 844 usurpatas
1262 809 1670 848 deprehendamus.Gregorius
1682 816 1765 842 etiam

981 852 1135 889 Theologus
1150 855 1187 883 ita
1209 856 1302 883 scribit
1320 866 1328 884 :
1346 857 1440 892 Neque
1452 866 1518 886 vero
1544 861 1590 894 qui
1614 861 1648 888 de
1677 862 1768 890 verbis

980 898 1175 933 digladiantur,
1191 901 1218 928 id
1235 902 1302 930 vitio
1313 903 1393 932 nobis
1409 910 1528 939 vertant,
1545 908 1622 942 quasi
1638 909 1767 943 pietatem

981 945 1150 980 nominibus,
1160 951 1188 974 at
1197 956 1251 975 non
1267 949 1350 978 rebus
1380 952 1559 980 ascribamus.
1577 954 1656 987 Item,
1666 955 1768 982 veritas

981 991 1062 1018 nobis
1078 1000 1132 1020 non
1163 994 1331 1028 nominibus,
1358 1000 1385 1024 at
1419 997 1501 1025 rebus
1532 999 1622 1027 inesse
1648 999 1768 1028 videtur.

980 1037 1098 1066 Proinde
1114 1046 1174 1074 quae
1188 1040 1301 1080 abusive
1313 1041 1453 1076 dicuntur,
1482 1051 1514 1071 ea
1544 1053 1633 1080 neque
1657 1046 1768 1080 proprie.

980 1083 1007 1111 id
1022 1089 1096 1119 sunt,
1113 1086 1186 1120 quod
1204 1077 1345 1121 dicuntur,
1358 1089 1421 1124 quia
1437 1090 1568 1117 nimirum
1597 1099 1631 1119 ne
1657 1092 1769 1126 proprie

979 1130 1091 1165 quidem
1110 1132 1134 1159 id
1150 1131 1282 1161 dicuntur
1305 1135 1378 1169 quod
1403 1141 1486 1164 sunt:
1515 1145 1605 1172 neque
1620 1145 1635 1165 e
1660 1137 1769 1166 diverso

981 1177 1044 1204 talia
1056 1178 1258 1214 intelliguntur,
1270 1181 1360 1215 qualia
1377 1190 1429 1209 vox
1454 1183 1510 1218 ipsa
1526 1183 1661 1220 designat.

1013 1224 1072 1251 Jam
1089 1233 1155 1253 vero
1169 1234 1231 1254 cum
1251 1227 1368 1263 Cyrillus
1389 1228 1581 1264 hypostaseon,
1596 1230 1770 1266 conjunctitk

978 1269 1033 1301 nis.
1055 1270 1227 1305 diﬂ'erentia‘,
1261 1278 1289 1300 et
1300 1274 1476 1309 proprietatis
1506 1276 1674 1303 mentionem
1692 1276 1769 1310 facit,

980 1319 1045 1343 tunc
1056 1315 1238 1351 hypostaseon
1251 1326 1350 1346 nomen
1366 1327 1417 1354 pro
1438 1321 1564 1348 esscntiis
1578 1326 1702 1356 usurpat,
1720 1322 1769 1350 hac

979 1368 1046 1388 voce
1057 1363 1216 1398 conjunctas
1227 1368 1339 1392 naturas
1355 1373 1404 1400 per
1420 1373 1449 1393 se
1471 1367 1623 1394 subsistere
1655 1368 1770 1395 demon-

978 1410 1076 1439 strans,
1117 1412 1198 1442 atque
1237 1409 1340 1437 docens
1376 1411 1510 1446 ejusmodi
1548 1412 1768 1447 conjunctionem

978 1451 1189 1488 haudquaquam
1219 1454 1428 1483 similitudinum
1450 1458 1630 1491 quarumdam
1666 1458 1768 1485 forma-

978 1505 1094 1533 rumque
1108 1507 1159 1534 per
1176 1507 1205 1528 se
1229 1501 1342 1529 minime
1371 1503 1578 1530 consistentium
1615 1504 1687 1535 ﬁeri,
1720 1505 1768 1532 sed

977 1551 1074 1571 earum
1095 1553 1187 1573 rerum
1201 1554 1261 1581 qua:
1269 1547 1432 1575 subsistunt.
1445 1548 1522 1582 Quod
1537 1554 1567 1576 ut
1580 1549 1617 1577 ita
1626 1557 1654 1577 se
1665 1549 1769 1579 habere

974 1595 1091 1625 constet,
1105 1593 1176 1620 idem
1205 1585 1302 1629 ipsein
1327 1595 1415 1630 prima
1431 1595 1562 1631 Apologia
1591 1597 1674 1633 primi
1701 1605 1768 1625 ana-

973 1636 1138 1665 thematismi
1165 1638 1295 1667 adversus
1321 1641 1486 1669 Theoloreti
1527 1643 1766 1677 reprehensiones.

973 1683 1013 1711 sic
1027 1684 1082 1712 ait:
1100 1684 1190 1712 Discat
1208 1694 1275 1713 vero
1307 1687 1406 1720 obiter,
1425 1688 1497 1722 quod
1526 1689 1548 1716 si
1579 1689 1642 1716 solae
1665 1697 1713 1724 per
1739 1697 1768 1716 se

973 1728 1047 1763 ipsas
1063 1729 1096 1756 ab
1120 1729 1323 1765 hypostasibus-
1339 1733 1468 1767 sejunctae
1482 1733 1574 1760 formae
1599 1733 1766 1761 oeconomica

973 1774 1018 1801 illa
1031 1775 1121 1802 carnis
1138 1782 1283 1811 assumpta:
1297 1778 1489 1813 conjunctione
1506 1778 1578 1806 inter
1596 1786 1626 1806 se
1639 1779 1765 1812 coierint,

972 1825 1048 1848 certe
1060 1828 1152 1848 rerum
1169 1829 1279 1856 quoque
1289 1823 1419 1858 ipsarum.
1435 1824 1457 1851 si
1475 1824 1586 1859 quidem
1597 1830 1629 1852 et
1641 1825 1767 1860 hyposta-

973 1873 1049 1898 seon,
1066 1873 1231 1895 concursum
1247 1867 1350 1895 factum
1365 1876 1434 1896 esse.
1446 1868 1579 1897 Caeterum
1609 1869 1660 1897 sibi
1674 1869 1767 1896 diver-

973 1918 1030 1939 sam
1042 1919 1151 1947 quoque
1164 1919 1270 1941 natura
1288 1918 1316 1941 et
1329 1914 1507 1949 hypestascos
1536 1915 1766 1950 signiﬁcationem

971 1964 1026 1984 non
1043 1958 1208 1993 incognitam
1237 1959 1331 1993 fuisse,
1356 1960 1428 1988 idem
1456 1961 1513 1996 ipse
1543 1961 1569 1988 in
1589 1961 1708 1989 secunda
1732 1962 1766 1988 ad

971 2003 1127 2032 Nestorium
1138 2005 1254 2040 epistola
1265 2006 1308 2033 his
1325 2007 1416 2034 verbis
1432 2011 1596 2035 attestatur:
1620 2007 1765 2042 Evangeli~

972 2058 1018 2078 cas
1033 2050 1188 2079 Servatoris
1199 2053 1287 2080 nostri
1300 2060 1393 2085 voces,
1407 2061 1498 2088 neque
1515 2053 1623 2082 duabus
1637 2053 1766 2089 hyposta-

971 2095 1059 2129 sibus,
1085 2104 1174 2132 neque
1187 2102 1261 2126 certe
1285 2100 1409 2134 personis
1444 2099 1617 2127 ascribimus.
1640 2100 1706 2128 Item
1737 2100 1764 2128 in

971 2142 1088 2177 epistola
1110 2143 1143 2171 ad
1168 2143 1320 2172 Orientales
1335 2153 1343 2172 :
1360 2145 1607 2180 Evangelicarum,-
1619 2145 1719 2180 inquit,
1736 2150 1765 2172 et

971 2189 1228 2224 apostolicarumdc
1249 2191 1364 2219 Domino
1387 2199 1486 2219 vocum
1502 2192 1646 2220 nonnullas
1660 2191 1764 2219 atheo-

971 2234 1041 2270 logis
1069 2237 1136 2264 viris
1162 2237 1200 2264 ita
1227 2238 1412 2266 communiter
1436 2239 1523 2273 accipi
1544 2239 1682 2271 novimus,
1703 2243 1765 2266 tan-

972 2288 1054 2316 quam
1069 2281 1104 2309 de
1117 2290 1169 2310 una
1185 2291 1301 2318 persona
1326 2284 1519 2319 prolatzesint:
1535 2285 1682 2312 nonnullas
1696 2285 1762 2312 item

972 2327 1068 2361 dividi,
1085 2332 1216 2363 tanquam
1243 2329 1277 2357 de
1307 2330 1415 2358 duabus
1445 2332 1552 2359 naturis
1579 2332 1762 2367 pronuntiata;

972 2371 1093 2401 fuerint.
1102 2374 1175 2402 Idem
1187 2375 1254 2403 alibi
1269 2376 1309 2404 sic
1322 2377 1377 2405 ait:
1393 2377 1498 2412 Duplex
1526 2385 1581 2405 non
1596 2382 1637 2405 est
1647 2386 1718 2406 unus
1734 2383 1763 2406 et

971 2419 1047 2447 solus
1082 2420 1220 2453 Christus.
1260 2423 1362 2457 quibus
1402 2425 1496 2452 verbis
1520 2433 1585 2454 usus
1611 2430 1653 2452 est
1679 2425 1762 2452 unius

971 2464 1149 2500 hypostaseos
1163 2468 1279 2496 ratione.
1291 2469 1360 2497 Nam
1373 2470 1396 2497 si
1407 2474 1570 2498 naturarum
1581 2472 1651 2498 ratio
1663 2471 1761 2498 habea-

971 2515 1027 2544 tur,
1042 2511 1142 2546 duplex
1150 2521 1259 2549 quoque
1276 2515 1329 2543 dici
1340 2521 1440 2551 potest.

1005 2556 1086 2585 Certe
1096 2566 1158 2586 cum
1178 2560 1338 2595 simpliciter
1355 2567 1383 2590 et
1402 2563 1470 2590 citra
1487 2563 1670 2591 ditferentiam
1696 2572 1761 2599 pro-

969 2602 1044 2630 cedit
1054 2604 1154 2636 oratio,
1165 2613 1220 2632 non
1238 2606 1327 2634 solum
1342 2608 1448 2640 Patres,
1462 2609 1640 2636 seddivinam
1650 2617 1760 2645 quoque

968 2647 1150 2683 Scripturam,
1189 2651 1276 2679 libere
1303 2654 1445 2681 vocabulis
1467 2660 1495 2682 et
1537 2656 1699 2689 simpliciter
1720 2657 1760 2684 uti

969 2692 1212 2728 deprehendimus.
1232 2696 1331 2725 Beatus
1352 2699 1428 2726 enim
1450 2700 1596 2735 Apostolus
1627 2702 1760 2730 interiora
1773 2719 1779 2725 -

969 2739 1101 2772 hominis,
1115 2741 1272 2777 hominem,
1294 2745 1473 2781 ejusdemque
1494 2748 1641 2781 exteriora,
1669 2749 1761 2776 homi-

970 2793 1032 2812 nem
1072 2794 1168 2814 rursus
1205 2789 1342 2823 appellat:
1368 2792 1492 2826 partihus
1515 2794 1644 2821 nimirum
1674 2796 1763 2822 totius.

968 2831 1179 2867 appellationem
1196 2835 1328 2865 tribuens.
1361 2838 1503 2875 Propheta:
1534 2846 1625 2869 autem
1651 2847 1757 2876 contra,
