1949 3073
173 123 241 155 1139

790 123 940 153 NlCET/E
960 123 1162 153 ΟΗΟΝΙΑΤΕ

1722 119 1798 153 1140

169 186 242 205 nunc
257 178 360 210 carnis,
378 185 450 205 nunc
467 176 564 204 animus
579 177 688 204 nomine
701 177 838 205 hominem
857 178 959 206 intelli-
972 181 994 209 Α
1008 179 1171 211 Masachem,
1189 179 1242 206 hoc
1261 183 1300 207 est
1324 185 1404 209 onus,
1432 175 1542 204 dicltur.
1559 175 1626 203 Item
1640 182 1691 211 pro
1719 176 1802 208 cibo,

168 229 235 259 gunt
250 233 257 251 :
274 225 392 259 partium
415 224 626 258 appellationem
645 224 693 251 loti
707 224 872 252 tribuentes.
885 224 954 253 Cum

168 278 234 297 vero
246 275 353 304 tempus
370 270 396 296 id
414 269 543 305 postulat,
555 270 674 305 propriis
690 275 804 298 utuntur
832 271 956 306 appella-

170 315 301 343 tionibus.
318 315 357 342 Eo
368 323 432 343 vero
458 323 540 343 sensu
567 323 648 351 quem
674 316 785 351 praedixi
803 317 958 353 Theologus

169 361 213 387 ille
236 368 344 395 quoque
365 360 483 388 Joannes
506 361 566 388 ait:
588 361 622 388 Et
640 362 749 389 Verbum
772 371 834 390 caro
858 363 958 397 factum

167 410 205 432 est
215 406 246 435 ι’,
261 413 321 440 pro,
340 406 422 434 homo
435 406 535 434 factum
549 412 602 435 est.
614 408 657 435 Nil
675 412 765 435 tamen
780 408 832 436 hac
864 408 898 436 de
927 416 957 436 re

169 451 360 486 digladiam-ur.
379 451 434 479 Hoc
465 452 549 484 enim,
569 457 600 480 ut
627 460 740 488 magnus
769 453 814 480 ille
841 457 957 481 testatur

171 496 324 531 Dionysius,
344 504 439 524 eorum
461 501 502 525 est
528 497 678 532 proprium,
705 505 757 526 non
774 499 821 533 qui
834 499 868 526 ad
887 499 956 526 divi-

169 550 265 569 narum
279 550 369 569 rerutn
379 543 565 578 cognitionem
582 544 714 578 aspirant,
731 544 781 572 sed
805 545 852 580 qui
875 551 958 573 sonos

170 587 308 622 simplices
319 593 502 623 aucupantur.
527 589 733 625 impensiusque
758 590 878 625 gaudent
899 591 957 617 ele-

172 632 413 667 mentis,s_yllabis,
428 639 456 661 et
471 633 638 662 dictionibus
657 634 815 669 incognitis,
839 642 900 669 qua:
924 634 958 662 ad

169 677 255 704 animi
284 678 324 704 sui
341 683 456 712 partem,
471 679 515 706 cui
527 680 568 706 vis
590 676 758 715 intelligendi
779 681 860 712 inest,
872 680 959 707 baud-

170 730 307 757 quaquam
320 728 474 758 penetrant.
492 724 539 751 sed
551 724 722 752 extrinsecus
738 725 957 752 summiseorum

170 768 255 796 labris
267 773 293 796 et
309 770 426 797 summis
454 771 567 797 auribus
583 770 718 798 inhaerent
736 774 764 798 et
781 770 958 797 circumstre-

172 813 423 849 puntlepostasis
448 814 546 849 duplex
574 820 639 842 est:
660 816 729 843 alias
755 815 829 842 enim
856 814 958 842 dicitur

171 862 336 896 hypostasis,
354 861 380 889 id
393 862 465 897 quod
488 862 599 897 quidem
626 863 695 890 citra
719 861 957 889 cbaracteristicas

172 905 361 942 proprietates,
383 916 431 936 seu
446 913 535 939 notas.
554 909 746 936 consideratur
766 917 771 934 :
787 908 854 936 alias
864 915 958 943 perso-

171 961 217 989 na,
231 962 290 989 quia
303 962 352 989 per
363 962 403 987 se,
431 955 472 982 vel
500 962 561 982 cum
581 955 717 989 praedictis
745 953 957 988 proprietatibus

171 999 308 1027 subsistit.
337 1000 402 1033 Quae
422 999 647 1028 enimiudividua
664 1000 834 1035 Peripatetici
859 1005 957 1026 vocare

171 1045 269 1078 solent,
284 1045 311 1072 in
323 1054 384 1081 quae
400 1045 508 1081 generis
523 1051 550 1073 et
567 1046 666 1080 speciei
689 1045 788 1073 divisio
805 1044 915 1075 desinit,
928 1046 958 1070 ut

171 1098 232 1125 quae
245 1096 376 1126 praeterea
392 1091 477 1119 dividi
495 1099 549 1119 non
572 1092 677 1126 possint
691 1092 765 1122 (nam
793 1090 914 1118 hominis
929 1089 957 1116 in

171 1137 290 1164 animam
305 1141 332 1164 et
347 1137 448 1173 corpus
459 1137 560 1165 divisio
582 1137 724 1165 interitum
748 1136 846 1164 afferre
866 1135 958 1169 solet),

172 1190 205 1210 ea
220 1183 381 1211 doctoribus
398 1183 592 1211 ecclesiasticis
607 1191 736 1218 personas
747 1187 773 1210 et
798 1182 959 1218 hypostases

172 1228 308 1263 appellare
337 1229 451 1264 placuit.
478 1228 642 1265 llypostases
667 1236 748 1263 porro
779 1227 858 1254 dictae
884 1230 958 1259 sunt,

172 1275 236 1308 quia
255 1275 282 1302 in
295 1275 328 1302 iis
341 1283 442 1310 genera
456 1280 483 1303 et
499 1275 616 1310 species.
643 1282 704 1309 quae
735 1272 890 1301 communia
907 1278 960 1299 nec

171 1321 377 1357 circumscripta
392 1325 466 1354 sunt,
479 1322 557 1357 quasi
569 1321 667 1357 pedem
685 1320 771 1355 ﬁgunt
795 1323 823 1346 et
842 1319 960 1346 cireum-

173 1367 341 1394 scribuntur.
351 1367 558 1401 Quamvisenim
566 1366 674 1394 animali
684 1370 711 1393 et
722 1364 826 1392 homini
835 1363 960 1392 essentia:

174 1413 243 1439 ratio
251 1414 360 1448 propria
369 1415 415 1447 sit,
425 1422 541 1450 quorum
554 1412 621 1440 illud
633 1419 730 1448 genus,
742 1411 787 1438 hic
793 1410 897 1446 species
909 1415 960 1440 est.

174 1458 353 1486 nihilominus
362 1465 450 1487 tamen
461 1460 487 1487 in
496 1459 605 1491 atomis,
616 1463 681 1494 puta
692 1459 774 1486 Petro
783 1461 810 1484 ct
820 1456 903 1484 Paulo
914 1455 963 1491 hy-

1008 225 1066 253 sive
1098 232 1225 252 annona:
1242 230 1272 251 ut
1311 225 1338 250 in
1360 224 1429 250 libro
1459 222 1587 250 Iudicum
1613 221 1647 248 de
1672 220 1802 248 Iudaeis:

1008 278 1138 306 quoniam
1151 270 1304 298 Madianita‘.
1319 269 1495 299 diripuerunt
1513 270 1619 295 lructus
1644 272 1738 298 term,
1770 271 1806 293 et

1008 318 1187 345 substantiam
1204 324 1311 351 eorum.
1337 315 1470 344 Hebraice
1498 314 1572 341 enim
1598 318 1639 341 est
1662 313 1803 344 Macheia,

1008 372 1064 399 quo
1079 364 1189 398 nomine
1203 363 1282 390 cibus
1293 363 1460 398 designatur.
1475 361 1542 389 ltem
1565 367 1614 394 pro
1640 366 1698 393 spe,
1723 358 1804 386 unde

1009 409 1035 436 in
1052 410 1123 437 libro
1137 409 1209 437 Ruth
1221 409 1262 436 his
1272 409 1364 436 verbis
1381 409 1468 436 utitur
1479 405 1575 434 Noemi
1592 414 1599 432 :
1611 404 1670 432 Non
1680 408 1718 431 est
1732 404 1804 431 mihi

1008 455 1080 490 ﬁlius
1094 461 1140 483 aut
1154 457 1254 491 spes”.
1271 455 1402 482 Hebraiee
1423 454 1497 482 enim
1523 453 1658 481 Thicouia
1682 451 1802 486 legitur,

1009 503 1061 531 hoc
1073 507 1115 530 est
1130 509 1191 537 spes
1204 501 1307 529 sobolis
1331 499 1524 536 propagandae.
1546 499 1612 527 ltetn
1630 505 1680 532 pro
1707 497 1805 532 pretio

1008 550 1065 577 sive
1079 549 1215 580 mercede,
1231 549 1358 583 utprimo
1381 546 1498 581 Regum,
1516 546 1550 573 de
1573 543 1699 571 mercede
1724 541 1803 569 fabri

1008 595 1109 623 aerarii.
1133 595 1173 622 Ad
1199 595 1317 622 securim
1335 593 1455 628 :inquit,
1482 597 1510 619 et
1541 598 1602 625 quae
1631 594 1802 623 sequuntur.

1008 648 1113 668 merces
1123 640 1181 668 haec
1196 644 1265 667 erat.
1281 639 1350 666 Nam
1360 638 1493 666 Hebraice
1504 635 1631 662 Ardaban
1641 634 1775 662 scribitur
1788 653 1799 666 ,

1009 686 1061 713 hoc
1076 689 1118 713 est
1146 693 1259 712 merces.
1277 685 1345 712 Item
1373 690 1422 718 pro
1450 682 1558 713 castris,
1587 684 1617 707 ut
1643 679 1670 706 iu
1698 679 1802 706 eodem

1008 731 1080 759 libro
1090 731 1221 759 Jonathas
1235 731 1369 765 armigero
1385 736 1435 755 suo
1447 728 1483 754 ita
1494 727 1602 762 inquit;
1619 726 1691 759 Veni,
1704 733 1805 753 ascen-

1008 778 1102 804 damus
1121 778 1149 804 in
1175 779 1262 803 castra
1280 772 1525 802 Pala’stinorum".
1540 772 1691 799 Hebraicus
1722 770 1803 797 enim

1009 823 1094 850 codex
1106 822 1210 850 Mataan
1223 821 1322 851 habet,
1342 828 1398 855 quo
1409 819 1519 846 nomine
1543 823 1632 845 castra
1640 816 1803 851 signiﬁcan—

1010 873 1063 895 tur.
1082 868 1148 895 ltem
1161 875 1209 903 pro
1224 867 1290 894 faece
1305 866 1360 898 illa,
1377 873 1438 900 qua:
1460 865 1487 892 in
1500 863 1583 892 rebus
1604 862 1718 897 liquidis
1731 861 1801 888 sub-

1007 915 1090 946 sistit,
1106 919 1134 941 ut
1155 921 1216 941 cum
1244 913 1331 940 urinae
1362 911 1541 940 substantiam
1567 909 1695 936 dicimus.
1727 907 1802 934 Item

1008 967 1058 995 pro
1075 959 1213 991 facultate,
1227 963 1256 985 ut
1274 957 1351 987 illud.
1369 956 1403 983 Et
1424 955 1572 983 substantia
1596 962 1653 980 mea
1669 958 1803 986 tanquam

1008 1005 1116 1033 nihilum
1128 1013 1216 1031 coram
1231 1004 1305 1030 κη’.
1316 1002 1383 1030 Item
1395 1010 1444 1037 pro
1459 1000 1647 1030 fundamento,
1662 1003 1692 1025 ut
1709 997 1776 1025 illud
1791 1007 1799 1024 :

1009 1050 1087 1078 Fixus
1099 1059 1157 1077 sum
1169 1050 1196 1076 in
1205 1049 1267 1077 limo
1277 1048 1410 1084 profundi,
1423 1051 1447 1074 et
1461 1055 1513 1074 non
1524 1050 1561 1073 est
1573 1046 1636 1072 mihi
1654 1044 1803 1071 subsisten-

1009 1098 1047 1125 tia
1059 1097 1092 1124 ’⁷.
1105 1096 1173 1124 Item
1185 1103 1236 1131 pro
1246 1094 1366 1130 negotio,
1378 1093 1450 1120 unde
1459 1092 1609 1120 Jeremias:
1623 1091 1801 1126 Congregavit

1009 1144 1169 1171 extrinsecus
1187 1141 1385 1169 subsistentiam
1407 1147 1495 1166 suam.
1512 1138 1546 1165 Et
1569 1144 1620 1172 pro
1640 1143 1751 1167 arcano,
1769 1140 1800 1162 ut

1009 1189 1080 1223 apttd
1096 1188 1222 1216 eumdem
1236 1187 1270 1214 de
1283 1184 1529 1222 pseudoprophetis
1545 1192 1552 1210 :
1569 1183 1604 1210 Et
1626 1183 1648 1209 si
1665 1182 1801 1209 stetissent

1009 1237 1037 1263 in
1046 1231 1196 1262 substantia
1208 1241 1276 1264 mea,
1292 1234 1349 1260 sive
1361 1233 1387 1258 in
1399 1239 1498 1258 arcano
1512 1238 1567 1256 meo
1579 1229 1601 1256 3'
1620 1248 1627 1255 .
1644 1229 1710 1255 ltem
1740 1235 1798 1261 pro

1011 1283 1197 1315 fundamento,
1216 1286 1245 1308 ut
1259 1279 1330 1315 apud
1340 1278 1512 1306 Ezechielem
1528 1276 1562 1303 de
1575 1275 1668 1310 templi
1680 1274 1801 1302 aediﬁca-

1013 1329 1095 1360 tione,
1111 1327 1270 1355 describens
1283 1326 1395 1354 domum
1404 1329 1432 1352 et
1447 1328 1544 1351 caetera
1560 1328 1619 1356 quae
1631 1324 1799 1354 sequuntur,

1013 1377 1039 1403 in
1052 1375 1152 1410 quibus
1164 1373 1333 1409 hypostasim
1349 1379 1397 1406 pro
1410 1369 1589 1397 fundamento
1616 1366 1702 1401 ponit.
1730 1365 1800 1392 Item

1012 1429 1062 1456 pro
1077 1419 1169 1452 laude,
1184 1423 1214 1446 ut
1233 1417 1305 1452 apud
1319 1415 1494 1451 Apostolum,
1519 1411 1594 1444 Quod
1618 1410 1720 1456 loquor,
1745 1416 1799 1456 non

1012 1455 1155 1493 secundum
1167 1464 1316 1495 Dominum,
1328 1461 1374 1489 sed
1386 1467 1514 1496 tanquam
1527 1458 1554 1485 in
1579 1455 1695 1483 stultitia
1709 1455 1734 1482 in
1749 1455 1800 1481 hac

174 1504 293 1537 pustasin
304 1505 416 1534 habent.
433 1512 480 1532 seu
493 1506 656 1537 subsistunt,
669 1505 738 1531 citra
749 1511 818 1535 quos
831 1502 962 1530 subsiste—
977 1516 997 1546 ο
1012 1512 1158 1539 summm“
1167 1509 1330 1546 alam-amnis
1340 1508 1361 1524 η
1370 1527 1379 1535 .

174 1556 204 1575 re
213 1556 266 1576 non
278 1554 402 1584 possunt.
417 1549 471 1577 Sed
483 1549 516 1577 de
524 1550 661 1586 bypostasi
671 1548 783 1584 quidem
796 1548 940 1575 hactenus.

207 1604 334 1633 Vicissim
342 1613 452 1641 quoque
470 1606 723 1638 tvunoerattov,seu
738 1605 765 1633 id
783 1604 857 1640 quod
869 1604 895 1631 vi
909 1611 959 1632 sua

175 1651 310 1685 subsistit,
320 1652 420 1688 duplex
428 1656 470 1679 est
480 1661 487 1680 :
498 1651 717 1688 signiﬁcat-enim
727 1650 753 1678 id
763 1650 835 1686 quod
857 1649 961 1684 simpli-

175 1699 244 1727 citer
259 1703 311 1731 est,
340 1707 396 1735 quo
418 1699 571 1736 signiﬁcatu
602 1707 656 1727 non
684 1699 772 1727 solum
799 1699 959 1730 essentiam,

174 1753 255 1780 quam
268 1745 463 1782 αὐθὺπαρκτον
476 1750 504 1774 et
533 1745 748 1778 αύτυπόστατον,
773 1745 826 1772 hoc
854 1749 896 1772 est
912 1752 960 1779 per

174 1799 204 1820 se
220 1792 303 1827 vique
318 1799 366 1820 sua
381 1792 586 1825 subsistentem,
602 1800 693 1819 rerum
706 1781 864 1826 hujusmodi
880 1790 958 1825 periti

176 1838 284 1873 dicunt,
295 1846 347 1866 nos
361 1846 470 1874 quoque
485 1840 664 1865 ὲνυπόστατον
680 1838 809 1869 dicimus,
828 1838 892 1872 quia
920 1837 961 1864 lti-

175 1885 275 1912 mirum
288 1884 449 1918 simpliciter
463 1885 498 1912 sit
511 1890 538 1912 et
560 1885 715 1917 subsistat;
735 1883 783 1911 sed
808 1883 959 1911 accidentia

175 1931 258 1959 etiam
271 1932 453 1964 ὲνυπόστατσ,
463 1932 515 1959 hoc
528 1935 580 1962 est,
593 1930 618 1958 vi
628 1938 677 1958 sua
690 1930 866 1959 subsistentia
877 1929 962 1957 deno-

177 1978 322 2009 minamus,
341 1978 403 2012 quia
420 1977 447 2004 in
459 1977 524 2009 alio,
552 1976 682 2004 nimirum
710 1977 737 2004 in
760 1975 890 2007 essentia,
906 1983 960 2002 non

177 2027 268 2051 autem
287 2024 314 2051 in
331 2031 361 2052 se
378 2024 454 2059 ipsis,
471 2024 527 2051 sint
540 2027 570 2051 et
589 2023 755 2051 subsistant:
781 2030 842 2058 quae
871 2026 961 2049 tamen

176 2069 279 2098 rectius
293 2070 522 2105 ὲτεροῡπόστατα,
539 2069 591 2097 hoc
603 2070 683 2098 estin
706 2069 760 2097 alio
783 2069 962 2097 subsistentia

178 2120 381 2150 nuncupantur.
397 2115 539 2151 Significat
549 2116 631 2143 etiam
644 2115 671 2142 id
684 2115 758 2150 quod
779 2122 828 2150 per
840 2115 962 2149 seipsum

177 2167 230 2195 est,
240 2167 269 2189 et
300 2161 580 2197 tatoeoeraeovperse
608 2163 718 2197 proprie
746 2161 891 2189 consistit:
907 2168 962 2195 quo

180 2207 206 2234 in
222 2207 375 2243 signiﬁcatu
387 2207 527 2236 individua
537 2215 646 2243 quoque
655 2207 826 2234 ὲνυπόπατα
834 2207 962 2240 dicimus,

179 2261 240 2288 qua:
253 2255 365 2289 proprie
383 2255 544 2291 bypostases
558 2255 649 2290 potius
661 2260 690 2282 et
715 2259 779 2283 sunt
798 2259 826 2282 et
853 2254 965 2290 dignos-

178 2304 290 2328 cuntur.
304 2300 358 2328 Sed
368 2301 402 2329 de
414 2302 595 2338 enhypostato
606 2301 717 2337 quidem
732 2301 789 2329 haec
808 2301 960 2329 sulllciant.

214 2345 274 2375 Non
286 2347 404 2375 absimili
428 2348 533 2376 ratione
557 2348 768 2384 anhypostatum
788 2356 898 2383 quoque
912 2347 965 2375 du-

179 2395 241 2429 plex
271 2399 324 2422 est.
345 2393 401 2422 Nec
424 2394 498 2422 enim
535 2395 745 2431 anhypostatum
776 2394 909 2422 duntaxat
938 2392 968 2421 id-

179 2442 293 2475 dicitur,
311 2441 385 2477 quod
398 2441 474 2470 nullo
491 2449 606 2477 usquam
622 2441 702 2469 modo
714 2442 759 2474 sit.
779 2441 826 2469 sed
837 2441 865 2469 id
881 2442 965 2469 etiam

179 2487 252 2522 quod
276 2486 330 2516 alio
355 2486 490 2519 subsistit,
510 2487 600 2522 qualia
622 2491 686 2514 sunt
709 2487 876 2515 accidentia:
906 2494 967 2522 quae

180 2534 238 2569 lpsa
254 2541 303 2569 per
316 2541 346 2562 se
361 2532 513 2562 subsistere
528 2540 584 2560 non
593 2536 716 2567 possunt.

215 2591 267 2624 Qui
287 2591 417 2620 subtilius
426 2590 484 2619 haec
497 2590 590 2618 rimari
609 2590 737 2622 voluerit,
763 2589 895 2625 pleraque
913 2589 966 2616 alia

182 2638 358 2674 lxypostaseos
370 2636 520 2673 signiﬁcata
547 2636 744 2671 deprehendet.
767 2635 834 2663 Nam
867 2639 966 2670 praeter

180 2690 223 2714 ea,
251 2690 312 2717 qua
327 2689 409 2717 supra
427 2682 500 2709 dicta
524 2686 599 2714 sunt,
628 2680 782 2717 hypostasis
802 2680 883 2708 etiam
915 2688 965 2715 pro

181 2735 265 2757 onere
274 2729 396 2762 capitur:
407 2732 434 2755 ut
449 2727 477 2754 in
490 2727 702 2755 Deuteronontio
715 2735 720 2753 :
732 2726 866 2758 Quomodo
876 2731 964 2762 potero

181 2781 228 2807 rgo
240 2773 312 2801 solus
330 2782 396 2801 onus
414 2779 525 2801 uestrum
537 2773 716 2801 sustinere“?
733 2773 866 2800 llebraice
891 2773 964 2800 enim

218 2819 240 2834 ¹³
259 2818 337 2846 Joan.
353 2827 372 2852 l,
387 2821 429 2846 Μ.
458 2821 479 2836 ¹⁵
494 2821 570 2848 Deut.
588 2828 606 2852 t,
627 2821 667 2848 10.

184 2852 318 2881 "Jerem.
336 2862 412 2886 mu,
432 2855 458 2882 5.
496 2856 518 2872 ³³
534 2856 556 2885 ιι
569 2855 633 2884 Cor.
652 2855 743 2888 xt,i7.

721 2821 742 2837 “’
755 2820 838 2848 Ruth.
857 2820 911 2854 1,8.
951 2820 992 2848 "1
1005 2820 1069 2856 Reg.
1083 2828 1138 2854 XIV,
1154 2821 1178 2850 Ι.

1322 1552 1398 1581 CAP.
1408 1552 1478 1579 XVI.

1009 1603 1119 1632 Item.B.
1133 1601 1248 1637 Dionysii
1260 1600 1424 1634 Areopagum
1434 1598 1548 1637 De_Deo.
1564 1598 1671 1634 [Omnia
1690 1596 1721 1623 de
1745 1594 1799 1621 Deo

1045 1643 1069 1666 et
1080 1635 1255 1672 afﬁrmmttur.
1268 1635 1526 1672 tanquantomgriunt
1539 1642 1622 1672 causa
1635 1641 1643 1661 :
1655 1637 1679 1659 et
1691 1638 1796 1666 negan-

1046 1668 1175 1706 turfqttia
1192 1672 1310 1698 omnibus
1321 1668 1492 1697 excellentior
1501 1670 1545 1695 sit.
1558 1668 1569 1704 ]

1045 1719 1116 1746 Deus
1125 1725 1212 1752 neque
1226 1717 1271 1744 lux
1280 1720 1331 1747 est,
1343 1722 1430 1749 neque
1445 1713 1583 1741 tenebrae:
1601 1720 1691 1748 neque
1703 1709 1799 1746 cogni-

1011 1765 1059 1797 tio,
1073 1772 1161 1799 neque
1174 1762 1326 1799 ignoratio:
1346 1768 1436 1796 neque
1449 1760 1561 1791 veritas,
1577 1766 1667 1793 neque
1684 1757 1799 1784 menda-

1011 1811 1083 1839 cium
1093 1820 1099 1837 :
1109 1815 1146 1842 et,
1158 1815 1186 1837 ul
1196 1809 1291 1844 paucis
1299 1807 1470 1838 concludam,
1482 1807 1550 1834 nihil
1562 1810 1601 1834 est
1613 1805 1659 1832 ubi
1669 1808 1797 1839 ponatur,

1011 1863 1058 1885 aut
1069 1857 1140 1885 unde
1155 1857 1305 1883 auferatur.
1319 1854 1453 1882 Omnibus
1477 1853 1550 1881 enim
1565 1852 1691 1887 superior
1702 1854 1754 1883 est,
1771 1853 1799 1877 et

1012 1912 1072 1939 qua:
1087 1911 1101 1930 a
1112 1903 1191 1930 ttobis
1205 1923 1211 1934 ,
1228 1907 1256 1929 et
1272 1909 1331 1936 qua:
1346 1900 1380 1927 ab
1396 1900 1429 1927 iis
1459 1908 1520 1934 quae
1546 1906 1628 1932 supra
1657 1905 1709 1924 nos
1733 1900 1799 1924 sunt

1012 1950 1176 1984 cogitantur.
1192 1946 1419 1982 Quandoquidem
1432 1947 1524 1977 Pater,
1538 1951 1565 1972 et
1579 1945 1675 1975 Filius,
1697 1948 1726 1970 et
1737 1943 1799 1978 Spi-

1013 1996 1082 2023 ritus
1093 1998 1215 2027 sanctus,
1231 2001 1286 2020 non
1303 1993 1325 2020 is
1336 1997 1389 2024 est,
1417 2000 1499 2027 quem
1516 1991 1680 2026 cogitamus,
1695 1990 1737 2017 vel
1752 1990 1799 2024 qui

1012 2049 1094 2077 supra
1107 2049 1156 2068 nos
1178 2044 1252 2071 sunt.
1271 2039 1318 2067 sed
1329 2039 1357 2066 'is
1368 2043 1410 2066 est
1427 2039 1472 2074 qui
1488 2038 1562 2065 nulla
1579 2037 1684 2064 ratione
1700 2035 1801 2063 intelli-

1013 2088 1050 2123 gi,
1065 2092 1113 2115 aut
1130 2089 1257 2115 oratione
1281 2085 1397 2120 exprimi
1423 2090 1516 2120 queat.
1552 2083 1706 2111 Positiones
1724 2083 1798 2110 enim

1013 2139 1042 2161 et
1057 2133 1218 2164 ablationes.
1235 2137 1263 2161 et
1274 2132 1394 2165 habitus,
1408 2137 1436 2159 et
1449 2131 1615 2165 privationes
1640 2130 1674 2157 iis
1703 2137 1801 2157 accen-

978 2187 1000 2217 ι)
1014 2184 1119 2210 sentur,
1136 2187 1196 2214 quae
1221 2183 1283 2214 post
1295 2179 1379 2206 Deum
1399 2182 1473 2206 sunt.

1050 2224 1077 2251 ‘2.
1092 2223 1229 2259 Ejusdem.
1247 2223 1321 2251 Deus
1342 2228 1385 2251 est
1399 2230 1495 2250 eorum
1511 2230 1572 2257 qua
1583 2226 1646 2250 sunt
1670 2222 1798 2254 essentia,

1015 2270 1116 2304 quippe
1127 2269 1173 2304 qtti
1190 2277 1285 2297 earum
1304 2269 1470 2304 principittm
1486 2273 1514 2296 et
1536 2276 1618 2296 causa
1648 2268 1693 2295 sit.
1711 2267 1800 2296 Saecu-

1016 2316 1073 2343 lum
1086 2320 1177 2342 autem
1189 2315 1362 2347 saeculorum,
1379 2319 1409 2342 ut
1428 2314 1475 2350 qui
1502 2314 1726 2350 magiS'proprie
1755 2313 1799 2346 sit,

1016 2368 1097 2396 quam
1115 2361 1223 2388 saecula.
1236 2361 1356 2396 Tempus
1370 2368 1446 2391 vero.
1458 2360 1521 2395 quia
1549 2359 1584 2387 sit
1607 2367 1714 2390 eorutn,
1741 2367 1801 2394 qua!

1017 2411 1082 2435 sunt
1092 2414 1237 2440 mensura;
1254 2415 1316 2434 nam
1334 2406 1490 2435 earumdem
1509 2407 1643 2432 terminus
1654 2405 1737 2433 etiam
1747 2409 1798 2437 cst,

1014 2453 1103 2488 utqui
1113 2454 1155 2482 eis
1171 2454 1279 2481 modum
1293 2458 1320 2481 et
1353 2453 1435 2480 ﬁnem
1469 2453 1601 2487 imponat.
1625 2451 1802 2487 Quandoqui-

1015 2499 1077 2526 dem
1097 2506 1129 2526 ea
1139 2498 1220 2526 etiam
1235 2506 1295 2533 qua:
1308 2497 1475 2532 sempiterna
1486 2502 1561 2530 sunt,
1587 2498 1701 2532 ipsaqtte
1715 2504 1800 2524 saecu-

1015 2543 1103 2571 lorum
1118 2543 1203 2571 series
1224 2543 1329 2571 intinita
1345 2543 1419 2571 illius
1442 2543 1578 2570 inﬁnitate
1607 2541 1799 2572 terminantur,

1015 2590 1062 2625 qui
1079 2589 1238 2626 [infinitus]
1266 2589 1398 2617 inllnities
1432 2589 1539 2616 infinite
1554 2589 1612 2623 ipsa
1641 2587 1799 2622 complecti.

1018 2641 1072 2663 tur.
1086 2636 1232 2663 Generatio
1246 2640 1347 2668 autem,
1361 2641 1389 2662 ut
1402 2635 1448 2670 qui
1462 2643 1494 2662 ea
1521 2642 1582 2669 quae
1595 2642 1706 2669 quoquo
1723 2633 1801 2660 modo

1018 2681 1087 2709 ﬁunt
1104 2683 1131 2709 in
1142 2690 1233 2709 rerum
1251 2687 1376 2709 naturam
1398 2681 1540 2716 producat.
1554 2681 1654 2711 Locus,
1667 2680 1730 2713 quia
1745 2686 1802 2704 om-

1017 2728 1063 2756 nia
1079 2729 1225 2756 contineat.
1236 2727 1332 2756 Omnia
1359 2727 1479 2762 denique
1513 2731 1564 2760 est,
1586 2727 1650 2761 quia
1675 2724 1800 2752 omnibus

1018 2774 1153 2808 superior.

1216 2822 1248 2838 "‘
1262 2821 1333 2850 Psal.
1347 2828 1459 2854 xxxvul,
1480 2819 1506 2847 6.
1545 2819 1566 2836 "'
1579 2817 1650 2847 Psal.
1665 2823 1757 2850 vaut,
1773 2817 1798 2843 3-
