1949 3073
102 179 167 211 1111

151 235 287 262 I’rivantia
297 233 428 261 contrario
441 232 516 259 modo
532 231 563 258 de
579 229 633 257 Deo
645 227 827 256 enuntiantur.

131 292 159 320 3.
174 292 310 327 Ejusdem.
326 291 398 318 Deus
407 294 434 317 et
444 297 538 318 eorum
554 296 614 323 quae
625 285 830 315 suntterminus
852 287 880 310 et

97 327 332 366 inﬁnitasdicitur.
342 336 488 374 Terminus
505 335 626 369 quidem,
641 333 688 368 qui
698 340 729 360 ea
739 330 879 359 terminet.

97 384 220 412 lnﬁnitas
238 391 314 416 vero,
334 383 380 418 qui
393 390 474 416 supra
488 389 519 409 ea
527 379 715 416 protendatur.
727 378 792 412 Ejus
807 376 880 404 enim

101 430 230 464 inﬁnitas,
241 437 301 465 quae
315 433 412 458 cuncta
423 429 558 460 terminat,
571 427 684 455 inﬁnitis
697 425 786 453 modis
797 427 881 459 patet.

134 478 161 505 4.
177 477 314 511 Ejusdem.
324 477 489 510 Etmagnum
500 478 528 502 et
552 480 665 509 parvum
681 472 716 499 de
744 471 810 502 Deo,
835 469 882 504 qui

100 530 192 551 rerum
202 522 323 549 omnium
349 528 429 549 causa
456 524 507 554 est,
531 519 676 547 contrariis
705 517 793 545 modis
814 516 882 544 επε-

101 573 210 596 runtur.
228 568 352 602 Magnum
373 567 493 602 quidem,
524 566 661 601 plerisque
684 564 833 599 Scriptum
855 563 884 590 in

100 614 180 641 locis.
193 614 308 641 Parvum
322 617 412 640 autem
430 613 472 640 his
486 620 520 640 ex
535 611 635 644 verbis,
664 611 698 639 1η
712 619 780 638 aura
804 611 884 643 tenui,

102 659 247 693 colligitur.
263 658 374 694 Magnus
385 663 460 686 certe
474 658 584 690 dicitur,
598 657 698 692 quippe
708 656 754 691 qui
779 655 886 690 magni-

104 705 224 731 tudinem
245 704 329 731 rebus
353 704 465 735 tribuat,
487 704 566 739 cujus
594 703 698 730 inﬁnita
729 700 887 736 magnitudo

106 751 152 780 sit,
168 750 213 784 qui
225 749 342 783 denique
354 749 568 784 magnitudinem
594 755 703 776 omnem
731 749 887 781 exsuperet,

105 794 183 829 cujus
201 795 358 828 magnitudo
368 794 537 828 quantitatis.
558 801 701 825 mensurae,
725 792 889 826 terminique

106 847 218 874 prorsus
229 847 326 874 expers
338 839 458 867 exsistat.
475 840 591 867 Parvum
603 843 692 866 autem
709 838 767 865 sive
796 842 888 868 tenue,

106 885 171 912 idin
186 885 240 912 Deo
269 885 443 919 przedicatur,
469 885 541 925 quod
566 885 592 911 in
617 885 721 912 nullum
756 888 889 911 tumorem
905 887 929 916 Β

107 931 242 958 molemve
274 931 420 963 excrescit,
440 931 511 966 quod
536 931 609 958 nullo
638 931 725 965 spatio
753 930 894 961 deﬁnitur,

107 976 181 1010 quod
195 976 282 1004 libere
300 984 348 1010 per
360 977 450 1004 omnia
468 981 603 1012 penetrat,
620 981 648 1004 ct
666 984 751 1011 usque
769 975 803 1002 ad
824 974 896 1001 divi-

107 1024 215 1050 sionem
241 1023 338 1050 animae
348 1027 376 1050 et
399 1023 512 1057 spiritus
545 1021 685 1057 pertingit,
711 1026 791 1056 atque
815 1020 897 1048 etiam

111 1068 304 1103 conceptiones
314 1072 339 1095 et
355 1067 532 1102 cogitationes
545 1067 645 1098 cordis.
657 1066 711 1093 imo
723 1073 754 1093 ea
767 1072 827 1100 quae
835 1067 899 1092 sunt

113 1113 205 1141 omnia
220 1113 361 1145 discernit,
372 1114 445 1141 nulla
453 1114 524 1141 enim
548 1121 593 1140 res
608 1116 748 1148 procreata
761 1112 787 1139 ci
798 1111 900 1139 obscu-

114 1166 143 1185 ra
158 1162 210 1186 est.
226 1158 258 1185 Et
273 1166 384 1193 parvum
400 1159 512 1193 quidem
544 1159 597 1186 hoc
620 1158 779 1193 quantitatis
793 1165 901 1193 expers.

113 1204 275 1231 immensum
289 1208 316 1232 et
335 1204 470 1231 inﬁnitum
486 1208 529 1231 est
541 1213 546 1230 :
560 1208 641 1238 atque
654 1204 717 1231 licet
733 1203 807 1230 nullo
824 1211 901 1230 com-

114 1250 247 1284 prehendi
264 1249 344 1277 modo
357 1254 448 1284 queat,
470 1250 561 1278 omnia
576 1255 665 1277 tamen
683 1249 901 1284 comprehendit.

152 1305 263 1333 5.1dem
283 1305 394 1340 insuper
409 1310 437 1333 et
452 1306 591 1333 diversum
604 1306 638 1333 de
661 1307 715 1333 Deo
727 1306 902 1340 praedicatur.

117 1351 184 1379 Illud
202 1351 312 1386 quidem
321 1359 354 1378 eo
368 1353 393 1378 in
407 1352 480 1383 loco,
498 1352 534 1378 Tu
545 1357 631 1378 autent
648 1352 716 1378 idem
729 1353 782 1385 ipse
795 1359 833 1383 es,
853 1351 905 1379 hoc

117 1402 209 1424 autem
226 1398 253 1424 in
266 1398 322 1430 illo,
342 1398 462 1430 Domine,
473 1398 593 1430 Domine,
609 1399 668 1432 quis
689 1398 782 1425 similis
804 1397 850 1425 tibi
861 1398 906 1424 ὀἵ

119 1443 192 1470 ldem
204 1451 269 1477 ergo
283 1443 394 1476 dicitur,
414 1444 543 1478 quianon
557 1444 725 1473 immutatur,
756 1444 810 1470 imo
835 1450 907 1470 sem-

121 1497 166 1524 per
180 1489 274 1516 eodem
289 1496 318 1516 se
353 1489 433 1516 modo
462 1494 490 1517 et
515 1490 694 1516 consimiliter
721 1490 812 1521 habet,
843 1491 906 1517 item

121 1535 186 1569 quia
208 1542 264 1562 non
289 1535 429 1567 miscetur,
460 1543 514 1563 non
542 1540 613 1571 eget,
643 1544 696 1563 non
717 1536 825 1568 crescit,
853 1545 907 1564 non

125 1580 306 1613 imminuitur,
320 1581 384 1615 quia
402 1581 520 1616 deniqttc
535 1582 569 1609 iis
584 1590 643 1617 qua:
657 1588 721 1609 sunt
738 1582 845 1614 tribuit,
880 1587 910 1610 ut

123 1625 219 1653 eadem
245 1626 380 1654 dicantur.
407 1628 547 1655 Diversum
580 1636 654 1657 vero,
680 1629 743 1663 quia
768 1636 823 1664 prae
863 1629 910 1657 illo

126 1672 201 1700 nulla
214 1680 257 1700 res
272 1672 423 1700 sit.0mnia
449 1673 524 1701 enim
547 1681 608 1708 qua:
627 1679 700 1706 sunt,
730 1675 764 1701 ab
788 1682 832 1706 eo,
864 1674 911 1709 qui

126 1725 220 1746 revera
237 1723 288 1750 est,
304 1723 394 1746 creata
409 1725 491 1746 sunt:
508 1719 603 1754 etipse
630 1720 757 1755 superior
783 1720 913 1748 omnibus

126 1767 180 1795 est,
197 1768 226 1791 et
239 1763 273 1791 ab
287 1764 415 1791 omnibus
440 1764 477 1792 ita
503 1765 640 1795 diversus.
670 1770 701 1792 ut
725 1765 792 1793 nulli
817 1772 913 1793 eorum

128 1809 217 1836 ordini
231 1810 368 1837 accenseri
380 1814 473 1844 queat,
485 1815 615 1844 praeterea
629 1819 705 1844 vero,
716 1813 779 1846 quia
794 1819 825 1839 ca
838 1819 915 1839 crea-

130 1855 210 1888 verit,
224 1863 284 1891 quaz.
297 1855 404 1884 diversa
419 1861 447 1884 et
457 1856 613 1884 differentia
639 1861 712 1884 sunt.

165 1913 192 1941 6.
206 1913 401 1941 Dicituretiatu
414 1913 520 1940 similis.
551 1913 596 1940 Ait
619 1913 703 1944 enim,
730 1913 786 1948 Ego
807 1914 917 1940 visiones

100 1961 109 1969 ’
133 1959 315 1994 multiplicavi,
329 1960 391 1986 etin
413 1959 532 1986 manibus
546 1959 734 1994 prophetarum
759 1959 917 1987 assimilatas

132 2004 307 2038 sum",quia
323 2003 454 2030 nimirum
483 2005 634 2039 apparebat
659 2005 700 2031 eis
728 2003 780 2031 hac
803 2004 843 2031 vel
874 2004 918 2030 illa

134 2050 231 2082 (arma,
250 2050 387 2084 rebusque
405 2049 506 2076 similis
534 2049 616 2077 ﬁebat
638 2056 698 2084 qute
722 2050 773 2077 sub
801 2049 919 2084 speciem

135 2096 246 2128 cadunt,
279 2095 312 2122 ad
347 2097 403 2122 hac
430 2096 522 2128 etiam,
553 2095 617 2130 quia
639 2095 694 2122 vim
725 2096 796 2122 illam
811 2095 918 2126 tribuit,

136 2145 190 2176 qua
207 2140 356 2168 similitudo
369 2140 459 2167 inesse
475 2140 594 2167 videtur.
617 2140 661 2167 Ait
674 2140 759 2171 enim,
778 2140 921 2166 Faciamus

138 2187 267 2214 hominem
279 2186 314 2213 ad
324 2186 466 2221 imaginem
489 2189 513 2212 et
540 2185 737 2213 similitudinem
757 2191 874 2213 nostram
886 2186 920 2213 “.

140 2232 287 2260 Sciendum
303 2220 387 2267 porro
395 2232 490 2259 eadem
507 2230 562 2259 Deo
576 2236 605 2259 et
635 2232 732 2259 similia
741 2235 769 2259 et
781 2232 924 2259 dissimilia
941 2220 962 2247 ί)

140 2280 205 2308 dici.
221 2280 325 2308 Similia
335 2280 457 2315 quidem,
474 2281 538 2315 quia
554 2281 644 2315 quoad
661 2282 720 2317 ejus
734 2281 794 2309 ﬁeri
821 2286 924 2317 potest,

141 2335 204 2355 eum
223 2327 376 2359 imitantur,
392 2327 439 2361 qui
451 2327 683 2354 estinimitabilis.
705 2327 853 2355 Dissimilia
861 2335 928 2355 vero

143 2374 206 2408 quia
219 2373 332 2400 edoctus
350 2379 365 2400 a
377 2372 434 2400 suis
449 2373 539 2400 causis
552 2373 669 2400 multum
696 2372 810 2406 distant,
821 2378 850 2401 et
874 2373 927 2401 im-

145 2419 246 2446 mensis
271 2419 421 2446 intervallis
435 2418 640 2454 disjunguntur.

181 2475 205 2501 7.
219 2473 301 2508 Quies
316 2474 428 2509 insuper
444 2479 471 2502 et
482 2479 572 2502 motus
585 2475 611 2501 in
624 2474 680 2502 Deo
693 2474 832 2501 dicuntur.
846 2474 928 2507 Quies

145 2519 267 2555 quidem,
278 2520 341 2554 quia
358 2520 386 2546 in
399 2521 490 2555 seipso
507 2520 580 2548 Deus
613 2524 716 2551 manet,
746 2520 929 2554 immotusquc

148 2570 259 2600 perstat,
276 2565 340 2600 quia
351 2565 432 2591 etiam
447 2573 463 2602 a
479 2565 568 2600 seipso
585 2565 723 2592 transferri
737 2565 790 2592 alio
812 2572 866 2591 non
883 2572 932 2599 po-

149 2614 211 2641 test,
231 2616 295 2644 quia
307 2602 424 2644 deniqu‘c
438 2609 521 2636 rebus
546 2609 674 2636 omnibus
695 2609 769 2637 velut
797 2615 934 2643 expensus

150 2655 269 2682 incubat.
285 2655 373 2682 Motus
390 2660 492 2687 autem,
506 2663 561 2683 non
577 2663 611 2682 eo
625 2655 745 2690 quidem,
764 2655 836 2690 quod
847 2655 934 2682 motui

150 2701 260 2733 mentis,
271 2707 318 2729 aut
341 2700 448 2732 animat,
462 2705 509 2727 aut
521 2706 635 2731 naturae,
648 2705 695 2727 aut
727 2701 790 2730 loci,
817 2705 864 2727 aut
885 2700 937 2729 ulli

151 2745 269 2780 denique
311 2751 433 2773 motuum
464 2746 581 2777 illorutn,
610 2745 656 2779 qui
681 2746 761 2781 vulgo
791 2745 932 2776 dicuntur,

190 2847 212 2863 ὀ
227 2847 298 2875 Psal.
329 2854 458 2878 Lxxxvnt,
476 2847 502 2874 9.

556 2846 575 2862 "
595 2846 657 2874 Ose.
672 2854 718 2878 xu,
738 2846 778 2873 t0.

155 2889 200 2915 ιν,
217 2883 243 2909 Δ.

724 168 919 202 TllEb'AUlll
945 167 1017 196 LIB.
1041 165 1080 196 ll.

835 2846 856 2861 "
871 2845 972 2873 Gcnes.

1646 149 1714 183 iiii

892 223 917 251 Δ
929 222 1064 248 obnoxius
1075 223 1126 253 est,
1141 218 1187 247 sed
1200 213 1454 252 comprehensionis
1473 211 1547 240 illius
1559 216 1633 244 ergo,
1652 215 1711 241 quae

931 267 1046 296 detineri
1058 270 1106 294 aut
1141 264 1262 293 coerceri
1299 261 1373 290 nullo
1407 258 1488 287 modo
1519 259 1624 291 potest:
1645 253 1710 280 item

931 311 1233 342 immobiliumillorum
1260 313 1453 344 progressuum
1475 303 1591 333 ratione,
1615 299 1715 335 quibus

932 361 1004 388 Deus
1019 357 1188 394 providentia
1198 363 1247 383 sua
1259 355 1293 382 iis
1310 361 1369 389 qum
1382 356 1446 379 sunt
1464 347 1629 377 infunditur,
1657 345 1717 372 illa-

934 413 995 433 rum
1006 393 1124 438 denique
1147 401 1288 438 actionum
1324 398 1443 430 ratione,
1470 402 1530 430 qua:
1554 393 1638 421 nullis
1662 398 1718 417 non

934 450 1088 478 actionibus
1111 446 1317 475 excellentiores
1327 447 1401 471 sunt.

970 496 997 524 8.
1011 494 1151 530 Ejusdem.
1178 489 1414 526 Quemadmodum
1431 487 1518 515 sancti
1532 485 1658 513 homines
1672 483 1722 510 do-

935 550 997 570 mus
1009 529 1054 569 Dei
1073 540 1220 574 dicuntur:
1238 537 1276 563 ait
1307 535 1391 566 enim,
1423 532 1555 560 Habitabo
1576 532 1603 557 in
1628 529 1674 559 eis,
1697 532 1722 554 et

935 587 1105 617 inambulabo
1115 586 1157 612 "1
1173 584 1209 611 ita
1220 583 1303 611 etiam
1325 584 1482 608 sanctorum
1511 577 1653 604 hominum
1673 574 1724 601 do-

937 642 999 662 mus
1014 634 1086 660 Deus
1101 635 1153 659 est.
1168 629 1284 657 Davides
1294 627 1367 655 enim
1382 626 1431 658 ait,
1447 624 1510 651 Esto
1523 623 1586 649 mihi
1597 623 1626 648 in
1636 620 1721 647 Deum

938 683 1118 716 protectorem.
1147 680 1171 702 et
1192 676 1218 702 in
1233 673 1336 700 domum
1349 671 1452 706 refuqii,
1475 673 1504 696 ut
1517 668 1620 695 saluum
1632 674 1671 693 me
1686 665 1726 697 fa-

938 712 992 755 cias
1001 727 1022 742 "
1035 744 1043 752 .
1053 725 1141 758 Atque
1152 721 1237 757 ipsius
1248 718 1357 754 quidem
1369 715 1475 744 Domini
1487 717 1545 742 hac
1555 712 1635 741 verba
1651 716 1725 742 sunt,

943 773 994 800 Vos
1006 772 1033 798 in
1048 778 1089 797 me
1101 769 1172 800 estis,
1188 771 1212 793 et
1232 773 1277 801 ego
1301 765 1329 791 in
1350 763 1420 790 vobis
1431 762 1453 777 "
1465 781 1472 789 .
1488 760 1521 786 Et
1552 757 1728 794 quemadmo-

941 818 1005 845 dum
1021 815 1093 843 itain
1111 813 1165 841 illis
1178 813 1249 839 Deus
1264 815 1315 842 est,
1331 812 1362 835 ut
1372 814 1462 842 neque
1475 804 1620 836 contineri,
1638 810 1728 837 neque

942 859 1130 890 circumscribi
1146 854 1229 892 queat
1240 864 1247 883 :
1260 856 1300 883 sic
1314 854 1396 881 etiam
1409 853 1460 887 ipsi
1477 852 1513 879 ita
1538 851 1565 877 in
1579 850 1634 876 Deo
1651 853 1726 879 sunt,

948 913 1047 936 utcum
1060 906 1119 940 ejus
1136 900 1256 930 essentia
1282 905 1455 934 nequaquam
1483 895 1662 926 misceantur,
1685 897 1732 919 aut

946 950 1158 981 confundantur.

983 999 1009 1026 9.
1020 996 1157 1032 Ejusdem.
1168 994 1328 1028 Quanquam
1341 988 1482 1025 qualitatis
1504 986 1594 1015 omnis
1620 984 1732 1020 quanti-

949 1031 1068 1078 tatiSquc
1082 1043 1154 1070 Deus
1175 1047 1273 1075 expers
1291 1042 1344 1069 est,
1361 1036 1408 1064 Dei
1421 1040 1511 1063 tamen
1544 1032 1661 1060 latitudo
1690 1031 1734 1057 in-

950 1076 1081 1124 telligitur
1099 1088 1154 1114 lata
1173 1086 1218 1114 illa
1231 1083 1385 1120 progressio
1424 1089 1477 1116 qua
1493 1079 1576 1107 rebus
1608 1076 1737 1105 omnibus

951 1114 1088 1172 providet,
1100 1114 1244 1168 longitudo
1267 1114 1370 1161 autem,
1398 1114 1442 1155 vis
1472 1126 1517 1154 illa
1546 1124 1649 1154 divina,
1676 1130 1737 1157 qua:
1776 1114 1780 1117 ”

952 1169 1034 1217 supra
1063 1180 1154 1209 omnia
1185 1175 1441 1212 superextenditur:
1468 1171 1640 1207 profunditas
1662 1169 1738 1196 deni-

953 1237 1016 1265 que,
1033 1225 1179 1255 occultatio
1189 1224 1244 1255 illa,
1259 1230 1313 1258 qua
1339 1221 1378 1253 ﬁt,
1404 1225 1435 1248 ut
1451 1219 1496 1246 ille
1507 1218 1540 1245 ab
1554 1223 1650 1245 eorum
1678 1222 1739 1250 quae

954 1281 1018 1304 sunt
1038 1274 1112 1301 nttllo
1129 1271 1233 1307 percipi
1250 1268 1411 1305 cognoscivc
1423 1270 1513 1301 queat.

991 1321 1034 1348 10.
1049 1319 1188 1355 Ejusdem.
1204 1317 1277 1343 Deus
1295 1316 1321 1341 in
1353 1313 1437 1341 sacris
1455 1310 1630 1347 mysticarum
1655 1307 1740 1334 visio-

955 1375 1020 1396 nutu
1035 1353 1082 1393 Dei
1099 1361 1317 1398 apparitionibus
1332 1366 1415 1387 canus
1430 1362 1457 1385 et
1480 1356 1590 1392 juvenis
1619 1353 1740 1388 ﬁngitur.

956 1419 984 1442 et
998 1418 1084 1440 canus
1100 1409 1222 1445 quidem,
1255 1406 1418 1440 antiquum:
1435 1402 1544 1438 juvenis
1571 1408 1636 1428 vero
1665 1398 1742 1425 senio

956 1459 1070 1487 minime
1093 1454 1242 1483 obnoxium
1274 1451 1407 1486 signiﬁcat
1424 1458 1430 1476 :
1450 1449 1492 1476 vel
1526 1445 1635 1483 juvenis
1659 1445 1742 1472 etiam

959 1505 1064 1533 ratione
1093 1500 1264 1530 arithmetica
1289 1496 1479 1531 antiquitatem
1511 1493 1631 1519 divinam
1656 1489 1745 1516 deno-

924 1553 945 1582 C
963 1557 1010 1579 tat.
1028 1550 1124 1578 Unitas
1135 1548 1219 1580 enim,
1239 1551 1268 1574 et
1289 1552 1350 1580 quae
1373 1545 1437 1570 sunt
1466 1538 1567 1567 unitati
1605 1536 1744 1582 adjuncta,

961 1597 1117 1632 antiquiora
1133 1599 1197 1622 sunt
1211 1593 1255 1626 iis,
1271 1598 1331 1626 qua:
1347 1588 1392 1617 illa
1404 1593 1519 1615 numero
1529 1585 1610 1618 longe
1624 1580 1747 1609 diﬂusio-

963 1650 992 1670 re
1015 1645 1157 1677 superant.

999 1672 1127 1721 11,..Deus
1137 1685 1246 1721 quidem
1271 1681 1399 1710 omnibus
1424 1679 1518 1707 adest:
1533 1683 1585 1703 nec
1608 1674 1679 1702 enim
1700 1672 1747 1700 uni

964 1719 1071 1761 locoita
1084 1737 1126 1760 est
1142 1719 1280 1760 addictus,
1295 1732 1325 1755 ut
1338 1727 1372 1754 ab
1392 1725 1446 1752 alio
1459 1722 1544 1751 absit:
1557 1721 1604 1749 sed
1621 1719 1747 1747 universa

965 1779 1172 1815 complectitur:
1186 1781 1213 1803 at
1224 1783 1279 1803 non
1291 1773 1381 1801 omnia
1394 1771 1432 1798 illi
1460 1770 1576 1797 adsunt:
1605 1765 1652 1794 sed
1677 1771 1751 1799 quae—

966 1811 1165 1860 cunquedigna
1191 1825 1265 1854 sunt,
1294 1827 1355 1855 quae
1379 1819 1413 1845 ad
1439 1816 1612 1844 Divinitatem
1639 1811 1751 1847 propius

967 1859 1109 1900 accedant.
1129 1870 1185 1897 Nos
1216 1873 1307 1895 autem
1326 1865 1365 1892 illi
1385 1869 1441 1891 tum
1471 1862 1580 1889 detnum
1610 1859 1751 1887 adsumus,

968 1926 1029 1946 cutn
1058 1917 1134 1944 illum
1159 1914 1321 1943 castissimis
1342 1911 1417 1938 votis
1440 1910 1610 1937 invocamus,
1640 1904 1692 1930 hoc
1710 1907 1753 1928 est

969 1968 1059 1992 mente
1072 1962 1154 1990 nullis
1177 1960 1303 1988 sordibus
1321 1951 1473 1992 inquinata,
1494 1958 1575 1987 atque
1607 1951 1643 1977 ita
1663 1947 1753 1982 utqui

969 2012 1002 2038 ad
1016 2011 1099 2038 Deum
1109 2007 1281 2038 accedamus,
1300 2004 1390 2032 idonei
1413 2007 1583 2029 censeantur.
1617 1994 1755 2030 Quemad-

971 2057 1082 2085 modum
1099 2060 1202 2088 autem,
1220 2053 1242 2080 si
1254 2057 1349 2080 catena
1369 2048 1462 2076 multis
1487 2048 1615 2074 contexta
1640 2041 1752 2069 lumini-

972 2104 1032 2135 bus,
1044 2107 1071 2130 et
1080 2101 1140 2130 caeli
1156 2087 1258 2127 vertice
1273 2103 1405 2131 suspensa
1423 2094 1456 2120 ad
1469 2100 1518 2119 nos
1544 2096 1629 2124 usque
1646 2087 1751 2123 pertin-

973 2134 1030 2185 gat,
1068 2155 1119 2176 nos
1149 2145 1262 2174 alternis
1294 2150 1355 2171 eam
1395 2139 1522 2168 manibus
1559 2134 1759 2170 apprehensa“:

974 2197 1102 2224 deorsum
1118 2192 1229 2228 quidem
1252 2190 1360 2218 trahere
1389 2186 1525 2217 videmur,
1544 2190 1575 2210 re
1591 2185 1681 2208 autem
1694 2185 1760 2206 vers

975 2243 1104 2270 deorsum
1116 2227 1176 2267 eam
1205 2245 1259 2264 non
1287 2234 1429 2264 trahimus,
1460 2237 1522 2257 cum
1548 2227 1645 2256 eadem
1675 2232 1759 2259 supra

975 2288 1099 2322 infraque
1113 2283 1290 2320 propendeat,
1304 2281 1359 2308 imo
1372 2279 1463 2314 potius
1478 2284 1529 2304 nos
1546 2275 1580 2302 ab
1595 2273 1641 2301 illa
1650 2278 1760 2299 sursutn

976 2335 1009 2362 ad
1026 2317 1201 2362 sublimiores
1220 2329 1281 2364 ejus
1294 2326 1386 2354 radios
1398 2323 1547 2352 trahimur:
1562 2320 1616 2351 vel,
1631 2317 1763 2354 quemad-

977 2380 1088 2408 modum
1109 2378 1133 2404 si
1162 2363 1260 2403 navem
1289 2370 1517 2401 conscendamus,
1543 2372 1571 2395 et
1597 2363 1763 2393 rudentibus

978 2422 1139 2452 innitamur,
1155 2419 1202 2454 qui
1211 2417 1291 2445 nobis
1300 2416 1412 2451 aliquae
1423 2413 1536 2449 scopulo
1551 2411 1762 2447 protenduntur,

979 2467 1058 2503 quasi
1073 2474 1107 2494 ex
1130 2464 1252 2500 professo
1273 2462 1461 2498 porriguntur,
1478 2463 1508 2486 ut
1520 2465 1568 2486 eos
1584 2455 1765 2489 comprehen—

980 2514 1087 2545 damus,
1100 2510 1242 2546 scopulum
1253 2515 1424 2544 nequaquam
1435 2506 1468 2533 ad
1482 2512 1541 2536 nos,
1555 2502 1602 2530 sed
1615 2509 1664 2528 nos
1676 2500 1767 2533 potius

982 2561 1055 2595 ipsos
1069 2566 1123 2586 una
1134 2564 1196 2585 cum
1205 2556 1266 2583 navi
1277 2554 1390 2590 propius
1411 2552 1445 2579 ad
1474 2551 1614 2584 scopulum
1642 2547 1769 2574 admove-

983 2606 1091 2633 bimus:
1115 2604 1153 2630 ita
1180 2601 1309 2638 precibus
1336 2606 1446 2634 quoque
1472 2595 1572 2623 nostris
1596 2598 1767 2627 nequaquam

985 2652 1070 2679 Deum
1114 2648 1148 2675 ad
1176 2636 1226 2674 nos
1258 2645 1431 2674 attrahimus,
1464 2641 1511 2676 qui
1547 2639 1649 2673 ubique
1676 2636 1766 2667 adest,

987 2696 1034 2724 sed
1057 2694 1191 2729 nosipsos
1199 2691 1233 2720 ad
1249 2691 1324 2719 illum
1355 2689 1446 2717 divina
1460 2687 1520 2722 ejus
1533 2681 1771 2712 commemoratio-

988 2750 1022 2770 ne
1038 2745 1065 2769 et
1079 2738 1251 2768 invocatione
1264 2737 1438 2764 sublevamus
1454 2732 1640 2761 etevehimus.

992 2851 1010 2876 t,
1024 2842 1069 2869 26.
1108 2841 1130 2857 ³³
1146 2839 1167 2867 ll
1184 2838 1246 2867 Cor.
1266 2845 1303 2870 vt,
1322 2836 1361 2863 l6.
1400 2834 1422 2850 "‘
1438 2833 1508 2862 I‘sal.
1522 2830 1621 2864 xxx,5.
1660 2829 1681 2844 "
1693 2828 1772 2855 Joan.
