1949 3073
205 106 272 140 i153

499 164 574 192 CAP.
600 164 679 193 XVII.

202 207 233 234 D.
249 208 372 240 Mus-imi,
391 208 422 235 de
452 209 506 236 Deo
525 212 706 247 communiter.
725 211 871 247 [Geminus
895 214 979 240 nomi-

303 252 366 270 num
377 251 479 276 sensus,
494 245 586 279 quibus
598 245 667 273 Deus
684 245 873 284 appellamusJ

233 298 295 326 llzcc
309 298 417 326 nomina
433 299 498 332 Ens,
514 299 615 334 Bonus,
637 301 718 335 Deus,
735 303 859 336 Creator,
876 306 979 342 Super-

197 344 392 377 substantialis,
410 345 574 378 Immensus,
590 346 763 382 Immortalis,
794 354 821 377 et
839 355 935 379 caetera
951 352 978 380 id

195 398 292 424 genus,
308 391 335 418 in
357 391 412 419 Deo
429 391 601 420 diﬂ'erentias
623 393 818 423 substantiales
834 397 977 432 haudqua-

194 443 273 470 quam
281 436 406 469 dﬁcimus,
414 444 449 465 ne
461 438 640 474 compositum
651 446 714 467 eum
726 441 978 477 verbishujusmodi

198 482 376 516 proﬁteantur
389 491 395 509 :
412 483 460 511 sed
472 484 678 518 appellationes,
692 486 792 521 quibus
800 494 896 514 eorum
909 495 977 515 non-

196 528 268 554 nulla
293 528 479 562 innotescunt,
493 531 632 564 quaacirca
643 531 732 566 ipsum
754 533 974 568 considerantur,

193 571 230 597 ita
249 576 350 605 tamen,
370 576 401 599 ut
432 580 527 601 eorum
545 582 604 609 qua
631 575 663 603 ad
690 577 751 611 ejus
774 579 920 607 essentiam
948 584 977 607 et

192 620 317 644 naturam
331 618 480 652 pertinent,
494 619 561 646 nihil
586 628 681 648 eorum
702 622 869 657 signiﬁcent.
902 625 975 658 Quo-

192 663 315 690 rumdam
329 664 402 691 enim
431 665 531 693 divina:
551 670 656 694 natura:
686 668 910 697 convenientium
935 671 975 698 si-

191 709 393 743 gniﬁcationem
409 710 522 745 habent,
541 712 730 747 ipsiusautem
755 719 861 743 natura:
895 717 973 745 nullo

193 756 283 787 modo,
298 756 371 791 quod
385 757 495 790 quidem
510 758 738 789 substantialibus
757 768 806 789 seu
824 763 973 792 essentiam

191 802 422 831 constituentibus
439 805 580 840 proprium
596 810 648 835 est.

815 113 964 144 NICETzE
982 113 1185 145 CHONIAT/E

994 167 1021 197 Α
1035 175 1095 194 rum
1112 175 1173 203 qua:
1184 172 1329 195 moventur
1351 172 1427 196 ortus
1454 173 1507 198 est.
1532 169 1724 200 Generationis
1746 181 1814 201 vero

1745 119 1815 150 1144

1030 220 1137 246 eorum,
1153 221 1214 248 qua:
1225 220 1354 250 generata
1367 219 1442 246 sunt,
1459 214 1625 250 principium
1655 217 1726 245 Deus
1756 223 1811 252 est,

1031 263 1159 294 tanquam
1176 260 1477 295 generationis'auctor.
1494 261 1582 290 Motus
1593 271 1676 297 porro
1697 268 1814 292 natura-

1029 305 1063 332 lis
1085 312 1181 332 eorum
1197 314 1257 341 qua:
1268 313 1400 342 generata
1417 312 1481 335 sunt
1494 308 1566 340 ﬁnis,
1579 313 1667 337 status
1694 309 1740 337 ille
1757 315 1814 343 cst,

1029 351 1075 386 qui
1092 359 1107 379 a
1127 353 1241 380 transitu
1258 360 1352 381 eorum
1367 362 1427 389 quae
1443 355 1610 382 transierunt
1627 355 1660 382 ab
1678 356 1721 383 illa
1750 356 1815 383 inﬁ-

1030 395 1115 422 nitate
1131 395 1171 429 ﬁt,
1184 396 1211 423 in
1229 405 1283 431 qua
1298 398 1361 432 quia
1373 399 1478 426 nullum
1493 403 1534 426 est
1546 398 1735 431 interstitium,
1750 408 1813 427 om—

1030 440 1074 467 nis
1088 445 1180 468 motus
1189 449 1284 469 eorum
1294 450 1354 477 quas
1366 443 1530 470 naturaliter
1542 448 1694 477 moventur,
1710 449 1812 472 cessat.

1029 484 1093 513 Inde
1108 485 1147 518 ﬁt,
1171 491 1201 514 ut
1215 486 1305 514 omnis
1321 488 1514 522 generationis,
1528 493 1556 516 et
1571 489 1660 517 motus
1676 494 1707 517 et
1721 494 1813 517 status

1027 538 1122 558 eorum
1139 539 1200 566 qua;
1230 536 1295 560 sunt
1324 533 1498 569 principium,
1526 534 1646 562 medium
1677 540 1706 562 et
1736 535 1813 567 linis,

1028 576 1085 610 ipse
1102 576 1175 604 Deus
1192 577 1237 610 sit,
1255 581 1383 613 tanquam
1397 585 1493 606 eorum
1522 586 1583 614 quae
1606 586 1640 605 ex
1663 578 1723 612 ipso
1748 583 1812 606 orta

1027 621 1092 655 sint,
1108 629 1169 656 quae
1183 630 1234 658 per
1245 622 1334 658 ipsum
1345 628 1517 656 moveantur,
1546 631 1608 659 quas
1634 624 1752 660 denique
1782 624 1814 651 in

1027 667 1087 702 ipso
1103 669 1284 703 conquietura
1310 668 1374 702 sint,
1402 673 1431 696 ut
1458 669 1506 705 qui
1525 670 1568 698 vel
1582 677 1691 698 omnem
1719 673 1815 697 motus

1027 715 1167 743 deﬁnitam
1180 715 1343 744 inﬁnitatem
1358 716 1471 744 deﬁniat
1485 722 1513 745 et
1526 717 1703 745 determinet.

1060 761 1089 787 5.
1102 760 1232 796 Ejusdem
1253 761 1325 789 Deus
1349 769 1438 800 neque
1469 762 1632 798 intelligere,
1660 769 1750 797 neque
1769 762 1815 789 in-

1027 806 1110 842 telligi
1129 808 1239 843 proprie
1252 807 1366 840 dicitur,
1381 815 1415 836 ne
1437 808 1507 836 forte
1523 808 1691 844 compositus
1713 808 1812 836 existi-

221 847 252 874 με.
262 848 401 883 Ejusdem.
412 848 580 879 lndivisibile
591 852 700 886 quidem
712 853 818 882 Numen
835 860 890 888 est,
908 855 972 891 quia
989 844 1010 871 Β
1025 856 1125 878 melur-
1142 851 1172 878 Id
1200 851 1274 879 enim
1310 852 1383 887 quod
1413 853 1551 888 intelligit.
1579 860 1611 880 ea
1637 852 1812 887 intelligendi

191 893 352 927 quantitatis
366 902 484 929 expers:
501 897 663 931 quantitatis
676 904 767 927 autem
783 907 892 935 expers.
907 901 971 936 quia

189 938 360 973 ctqunlitatis
371 948 377 966 :
389 940 613 975 qualitatis_vero,
623 943 687 978 quia
701 943 817 979 simplex
831 945 971 981 :simplex,

189 984 252 1019 quia
276 985 500 1014 interminatum:
521 988 739 1023 interminatum,
762 990 826 1025 quia
857 991 972 1019 immen-

189 1038 248 1058 sum
265 1040 272 1058 :
295 1031 470 1066 immensum,
491 1034 553 1069 quia
575 1034 733 1068 immobile;
751 1035 892 1064 immobile
906 1037 971 1072 quia

188 1077 324 1113 principio
341 1082 417 1106 caret
445 1079 546 1114 (neque
556 1080 631 1107 enim
644 1081 794 1116 quidquam
808 1087 872 1110 ante
896 1090 970 1116 eum,

188 1124 350 1159 covemajus
365 1130 416 1158 est,
439 1134 527 1160 neque
554 1126 704 1161 quidquam
731 1135 793 1155 cum
820 1136 864 1161 eo,
889 1128 970 1164 eique

186 1171 302 1204 aequale,
318 1171 570 1206 nequcﬂquidquam
582 1177 643 1207 post
661 1173 735 1206 eum)
751 1182 758 1205 ;
775 1173 910 1209 principio
921 1182 970 1201 au-

188 1221 240 1242 tcm
255 1221 337 1249 caret,
352 1217 416 1251 quia
434 1217 585 1251 ingenitum
619 1223 662 1246 est
678 1227 686 1245 :
718 1218 870 1254 ingenitum
892 1227 969 1253 vero,

187 1261 250 1294 quia
267 1270 351 1288 unum
366 1267 394 1289 et
423 1263 539 1290 maxime
563 1263 701 1298 singulare
718 1272 725 1290 :
742 1272 826 1291 unum
851 1264 970 1300 denique

186 1308 358 1343 maximeque
376 1308 598 1344 singulare,quia
625 1310 699 1337 omni
733 1317 845 1346 prorsus
873 1311 969 1339 habitu

188 1357 275 1385 caret,
290 1360 377 1388 eaque
389 1354 423 1382 de
448 1362 530 1382 causa
548 1355 624 1382 nullo
654 1363 768 1390 prorsus
801 1356 883 1384 modo
914 1356 968 1384 dici

187 1400 349 1434 cognoscive
360 1404 459 1434 potest,
473 1405 502 1428 ut
515 1401 559 1429 cui
574 1401 654 1429 unica
685 1402 729 1430 illa
740 1410 804 1430 vera
828 1402 894 1430 insit
906 1410 970 1438 ,εο-

189 1445 285 1479 gnitio,
300 1447 372 1480 quod
386 1454 441 1474 non
452 1452 644 1482 cognoscatur.

221 1493 248 1520 3.
265 1492 401 1526 Ejusdem.
415 1493 581 1521 Immensum
602 1494 708 1522 Numen
726 1499 778 1528 est,
801 1502 856 1522 non
879 1495 967 1522 solum

1026 897 1156 924 facultate
1168 897 1313 931 praeditum
1329 903 1380 929 est,
1397 906 1458 933 quae
1471 906 1526 925 una
1542 905 1605 925 cum
1634 899 1693 933 ipso
1706 898 1812 925 intelli-

1025 947 1080 977 gat,
1097 942 1171 977 quod
1184 946 1276 970 autem
1292 943 1464 978 intelligitur,
1497 951 1529 971 ea
1559 944 1586 971 vi
1612 952 1665 979 qua
1692 943 1812 979 intelligi

1024 987 1123 1023 possit.
1139 987 1194 1016 Nec
1219 992 1310 1016 tamen
1326 989 1506 1025 intelligentia
1519 989 1631 1017 dicitur.
1649 989 1812 1024 Intelligen-

1024 1034 1068 1062 tiae
1081 1034 1155 1061 enim
1172 1034 1334 1062 naturaliter
1349 1035 1390 1063 vis
1402 1036 1461 1070 ejus
1471 1035 1625 1070 susceptiva
1644 1034 1809 1070 subjicitur.

1023 1078 1155 1114 Superest
1166 1087 1232 1115 ergo
1253 1087 1336 1115 super
1350 1080 1410 1108 haec
1423 1081 1524 1113 onmia,
1539 1085 1569 1108 ut
1584 1080 1607 1108 si
1623 1080 1712 1115 ipsum
1727 1080 1810 1107 intel-

1022 1126 1164 1162 ligentiam
1180 1127 1272 1154 dicere
1285 1135 1463 1162 nequeamus,
1477 1135 1536 1155 eam
1546 1128 1641 1155 saltem
1653 1127 1811 1162 intelligen-

1023 1173 1087 1199 tiam
1105 1180 1165 1200 esse
1179 1172 1312 1205 dicamus,
1325 1181 1386 1208 quae
1412 1174 1529 1202 essentia
1551 1174 1662 1209 ipsa,‘et
1675 1173 1810 1200 duntaxat

1023 1217 1201 1254 intelligentia
1232 1220 1278 1253 sit,
1302 1227 1390 1256 eaque
1409 1220 1477 1248 adeo
1505 1229 1566 1256 qua:
1595 1220 1808 1255 intelligentiam

1022 1271 1131 1292 omnem
1146 1269 1302 1300 exsuperet.

1315 1323 1391 1351 CAP.
1409 1323 1504 1351 XVlll.

1020 1367 1330 1407 B._Qregorii_1fheologi,
1345 1377 1377 1397 ex
1385 1378 1483 1407 magna
1492 1369 1611 1407 oratione
1623 1367 1641 1395 Α
1647 1367 1806 1407 pologeticq.

1055 1403 1156 1440 [Quum
1167 1404 1269 1440 difﬁcile
1293 1403 1338 1437 iit,
1359 1408 1387 1431 ut
1403 1403 1438 1440 ali
1455 1404 1561 1440 homine
1575 1408 1678 1440 terreno
1693 1403 1809 1430 calestia

1240 1439 1495 1474 comprehendantur
1511 1438 1590 1475 (11).]

1057 1494 1150 1522 Altum
1162 1500 1206 1523 est
1219 1495 1331 1528 cmlum,
1350 1500 1423 1522 terra
1435 1502 1501 1523 vero
1517 1495 1646 1530 depressa
1664 1499 1692 1522 et
1713 1494 1809 1521 humi-

187 1539 249 1572 quia
261 1538 395 1573 principio
409 1543 436 1566 et
450 1539 502 1567 ﬁne
513 1546 598 1572 caret,
611 1541 658 1568 sed
673 1541 737 1575 quia
749 1548 781 1569 ea
797 1545 840 1569 est
849 1542 910 1577 ejus
922 1549 967 1569 es-
983 1533 1004 1562 (ἶ
1019 1539 1054 1568 lis
1069 1550 1076 1568 τ
1093 1541 1189 1576 ecquis
1213 1541 1351 1574 ascendet,
1366 1548 1462 1568 eorum
1493 1541 1521 1567 in
1533 1540 1640 1576 primis,
1668 1541 1715 1575 qui
1747 1548 1810 1574 pec-

187 1584 285 1617 scntia,
299 1592 330 1611 ea
345 1587 443 1617 virtus,
458 1593 490 1612 ea
502 1586 642 1620 operatio.
651 1587 776 1614 Essentia
788 1588 898 1622 quidem
915 1587 969 1615 tale

186 1634 239 1661 est,
260 1635 289 1657 ut
302 1630 361 1664 ejus
374 1638 457 1666 capax
473 1631 542 1658 nihil
568 1639 629 1660 esse
643 1636 736 1667 queat.
766 1632 874 1661 Virtute
890 1640 967 1666 vero,

187 1681 215 1703 et
227 1676 385 1710 operalione
401 1677 463 1710 tale,
478 1681 508 1704 ut
527 1677 603 1704 nullo
627 1678 727 1705 mentis
741 1678 823 1705 ullius
843 1678 968 1706 acumine

186 1722 383 1757 comprehendi
394 1722 486 1757 possit,
500 1727 593 1757 atque,
612 1727 643 1750 ut
658 1723 750 1750 verius
776 1723 849 1758 quod
863 1731 907 1751 res
927 1727 969 1751 est

186 1769 287 1801 dicam,
315 1769 389 1796 omni
405 1773 433 1796 et
449 1769 554 1796 ratione
580 1773 608 1796 et
627 1769 729 1802 modo;
754 1768 890 1796 inﬁnitum
916 1769 968 1797 hoc

187 1816 259 1842 enim
274 1815 384 1850 proprie
396 1820 449 1848 est,
465 1815 538 1850 quod
549 1815 710 1842 immensum
723 1815 851 1844 dicimus.
866 1815 968 1849 Quem-

187 1860 333 1889 admodum
362 1861 435 1888 enim
464 1861 556 1889 unitas
570 1867 659 1895 neque
672 1868 804 1889 numerus
831 1865 883 1894 est,
916 1868 967 1888 ne-

184 1915 238 1940 que
254 1907 306 1934 sub
319 1914 465 1934 numerum
481 1906 564 1939 cadit,
578 1915 667 1942 neque
693 1911 781 1934 totum
794 1911 846 1939 est,
876 1914 967 1942 neque

185 1960 258 1987 pars,
275 1960 364 1988 neque
375 1953 487 1980 habitus
503 1953 571 1980 :sed
584 1953 749 1988 principium
776 1953 889 1988 quidem
913 1958 966 1986 est,

185 2003 322 2034 quatenus
337 1999 460 2026 omnium
492 2006 672 2027 numerorum
700 2006 802 2026 causa:
830 2000 967 2036 principio

185 2049 276 2072 autem
292 2049 378 2078 caret,
391 2044 493 2080 quippe
520 2053 580 2080 qua
595 2045 701 2072 nullum
726 2045 910 2080 antiquiorem
936 2053 966 2074 se

184 2098 332 2118 numerum
346 2090 456 2122 habeat,
481 2091 584 2126 quique
596 2091 711 2118 unitatis
726 2091 761 2118 sit
775 2099 783 2118 :
813 2090 854 2118 sic
883 2091 966 2118 etiam

185 2137 267 2167 Deus,
287 2136 375 2167 utita,
389 2144 473 2171 parva
482 2137 555 2164 velut
569 2137 687 2171 imagine
705 2136 852 2172 proposita,
866 2136 965 2168 dicam,

185 2182 365 2217 quantitatem
381 2189 501 2214 omnem,
533 2182 757 2217 qualitatemque,
784 2185 812 2209 et
842 2181 966 2209 habitum

186 2215 341 2262 exsuperat,
355 2232 386 2255 ut
400 2226 448 2262 qui
475 2215 601 2262 simplex,
633 2215 861 2262 sine-principio,
886 2231 968 2262 atque
984 2215 1006 2244 θ

184 2274 267 2301 etiam
284 2282 379 2301 eorum
391 2281 452 2308 quze
467 2279 531 2302 sunt
544 2274 711 2309 principium
725 2273 851 2301 exsistat.

221 2320 249 2347 4.
263 2320 403 2354 Ejusdem.
415 2320 490 2348 Nihil
504 2327 600 2348 eorum
613 2328 675 2355 quae
686 2324 750 2348 sunt
762 2327 811 2354 per
824 2327 853 2347 se
866 2318 968 2346 factum

186 2371 238 2395 cst.
254 2365 327 2401 quod
339 2369 431 2394 autem
453 2373 503 2401 per
531 2373 560 2393 se
575 2366 675 2393 factum
687 2373 742 2393 non
754 2370 806 2398 est,
828 2373 862 2392 ne
887 2373 969 2392 causa

184 2410 295 2444 quidem
312 2414 396 2442 caret,
411 2411 485 2445 quod
496 2415 587 2437 autem
605 2418 690 2437 causa
705 2418 758 2437 non
771 2414 857 2442 caret,
871 2409 968 2437 immo-

185 2457 239 2484 bile
254 2464 309 2484 non
321 2460 374 2488 est,
392 2457 465 2491 quod
484 2463 550 2483 vero
565 2455 704 2483 immobile
723 2463 778 2483 non
796 2460 848 2487 est,
875 2463 968 2483 move-

185 2507 230 2530 tur
262 2510 294 2530 ca
317 2509 432 2537 prorsus
461 2509 554 2534 causa;
581 2509 641 2536 qua'
668 2506 744 2529 motu
760 2501 878 2528 naturali
912 2500 969 2527 ﬁta

184 2555 266 2576 causa
310 2552 423 2582 propter
458 2554 550 2581 quam,
579 2551 608 2574 et
644 2545 678 2573 ad
720 2554 800 2580 quam
844 2549 971 2573 movetur

185 2593 334 2628 (siquidem
371 2600 467 2620 eorum
493 2599 553 2626 qua:
582 2595 726 2619 moventur
760 2591 829 2618 nihil
857 2591 969 2618 omnino

185 2639 221 2674 it_a
253 2643 441 2673 comparatum
469 2641 522 2668 est.
554 2641 584 2664 ut
609 2638 668 2665 sine
695 2644 778 2665 causa
803 2636 967 2671 moveatur).

184 2684 278 2712 Omnis
318 2689 408 2711 autem
436 2684 570 2711 naturalis
594 2688 686 2711 motus
712 2683 892 2719 principium,
920 2691 969 2711 eo-

221 2752 256 2769 ¹⁵⁴
278 2752 351 2780 Εείιι.
370 2759 417 2779 vu.
461 2751 483 2766 “
503 2751 576 2778 Eet-l.
595 2758 613 2778 t.

223 2822 277 2856 ti!)
293 2822 359 2850 Vide
374 2821 616 2850 Patroloaiw.tom.
636 2819 741 2853 XXXV,
760 2819 812 2846 col.
829 2818 891 2846 481.

1022 1590 1083 1615 cato
1097 1587 1160 1615 inde
1177 1587 1275 1623 dejecti
1296 1592 1361 1615 sunt
1375 1586 1465 1620 iQuis
1488 1587 1539 1614 hac
1554 1590 1663 1613 terrena
1677 1585 1806 1619 caligine,

1021 1632 1167 1667 carnisque
1196 1633 1320 1660 crassitie
1348 1632 1439 1660 adhuc
1463 1632 1608 1664 obductus,
1644 1635 1700 1658 tota
1715 1634 1808 1657 mente

1022 1686 1091 1714 pure
1105 1679 1221 1709 obtueri,
1245 1683 1327 1713 atque
1342 1678 1377 1705 iis
1394 1677 1504 1705 misceri
1519 1677 1629 1711 poterit,
1646 1684 1707 1711 quae
1721 1675 1809 1703 obﬁr-

1023 1728 1095 1752 mata
1110 1729 1221 1752 manent
1233 1724 1435 1758 invisibiliaque
1448 1727 1522 1754 sunt,
1532 1722 1652 1757 quandiu
1666 1723 1724 1756 ipse
1734 1721 1809 1748 inter

1022 1770 1067 1798 illa
1078 1770 1284 1805 manebithute
1297 1769 1404 1797 inﬁrma
1419 1774 1482 1797 sunt
1489 1768 1609 1796 etoculis
1618 1768 1787 1803 objiciuntur
1794 1768 1808 1794 ’ξ

1020 1814 1071 1842 Vix
1087 1815 1171 1847 enim,
1187 1823 1220 1843 ac
1234 1822 1269 1843 ne
1285 1815 1330 1842 vix
1343 1815 1465 1850 quidem,
1481 1821 1577 1842 eorum
1592 1813 1738 1848 quispiam,
1757 1813 1806 1847 qui

1021 1861 1067 1888 hic
1084 1866 1248 1897 perpurgato
1262 1866 1289 1889 et
1303 1861 1434 1889 defaecato
1448 1861 1540 1888 animo
1564 1864 1641 1891 sunt,
1661 1859 1702 1886 vel
1716 1859 1806 1886 solum

1020 1907 1085 1935 boni
1101 1907 1204 1935 idolum
1219 1912 1315 1936 contra
1332 1907 1440 1935 obtueri
1463 1911 1555 1942 queat,
1572 1905 1805 1941 quemadmodum

1020 1953 1040 1980 ii
1050 1953 1098 1988 qui
1110 1953 1196 1980 solem
1217 1953 1244 1980 in
1259 1954 1338 1988 aquis
1353 1952 1586 1987 contemplantur.
1602 1951 1672 1984 Quis
1703 1958 1805 1985 aquam

1020 2008 1103 2028 manu
1112 2000 1251 2028 dimensus
1260 2005 1314 2032 est,
1324 2004 1353 2028 et
1367 2000 1466 2027 caelum
1481 1999 1582 2034 palmo,
1591 2003 1619 2026 et
1629 2002 1730 2025 terram
1742 1997 1807 2023 uni-

1020 2054 1129 2074 versam
1143 2047 1264 2082 pugillo}?
1272 2046 1334 2081 quis
1341 2050 1447 2073 montes
1459 2045 1547 2077 lance,
1557 2045 1693 2079 vallesque
1703 2048 1807 2070 statera

1021 2091 1152 2127 appendit
1167 2092 1178 2118 i
1199 2092 1261 2126 quis
1279 2091 1327 2118 ille
1342 2091 1419 2118 locus
1435 2090 1498 2121 erit,
1511 2090 1540 2117 in
1553 2097 1607 2124 quo
1622 2089 1780 2123 requiescet
1795 2087 1808 2114 2

1020 2137 1122 2172 cuique
1137 2136 1205 2163 adeo
1221 2136 1250 2163 in
1267 2136 1320 2164 hac
1335 2143 1426 2163 rerum
1441 2135 1621 2162 universitate
1639 2133 1737 2161 similis
1762 2132 1808 2159 di-

1021 2187 1100 2210 cetur
1111 2183 1122 2209 ?
1135 2181 1201 2215 Quis
1217 2181 1308 2208 omnia
1319 2181 1403 2208 verbo
1419 2181 1533 2212 creavit,
1550 2179 1684 2214 sapientia
1712 2179 1807 2206 homi-

1020 2236 1083 2256 nem
1094 2228 1231 2261 formavit,
1241 2228 1269 2255 in
1282 2235 1366 2255 unum
1377 2227 1619 2261 eaqutedisjuncta
1631 2226 1804 2260 priuserant,

1019 2273 1143 2306 adduxit,
1155 2267 1386 2307 limum'spiritui,
1401 2279 1449 2299 seu
1465 2272 1536 2299 caelo
1565 2275 1665 2297 terram
1688 2268 1806 2296 commi-

1019 2318 1103 2350 scuit,
1116 2318 1217 2345 animal
1234 2317 1352 2353 denique
1365 2316 1472 2344 visibile
1482 2320 1511 2342 et
1526 2314 1672 2346 invisibile,
1688 2312 1805 2339 mortale

1018 2369 1046 2393 et
1062 2364 1225 2395 immortale,
1258 2367 1398 2390 terrenum
1426 2366 1455 2388 et
1482 2362 1595 2388 cmleste
1626 2358 1805 2394 composuit?

1019 2410 1148 2445 quodque
1163 2409 1231 2436 adeo
1240 2409 1326 2435 Deum
1341 2408 1500 2442 attingeret,
1514 2413 1564 2433 nec
1576 2405 1803 2440 amplecteretur,

1020 2455 1188 2490 propiusque
1205 2453 1239 2481 ad
1251 2461 1315 2480 eum
1340 2452 1495 2483 accederet,
1522 2451 1619 2487 procul
1650 2456 1739 2476 tamen
1768 2449 1803 2476 ab

1023 2500 1120 2528 eodem
1129 2499 1338 2535 sejungeretur?
1351 2498 1409 2526 Dixi
1421 2507 1428 2526 :
1441 2497 1553 2532 Sapiens
1570 2496 1692 2526 evadam,
1714 2495 1805 2529 inquit

1021 2546 1160 2578 Salomon,
1177 2550 1202 2572 et
1220 2546 1277 2581 ipsa
1288 2544 1379 2580 procul
1394 2551 1459 2571 ame
1474 2543 1587 2575 recessit,
1614 2547 1694 2577 atque
1721 2542 1805 2568 etiam

1024 2591 1127 2626 longius
1142 2599 1222 2626 quant
1241 2595 1320 2617 antea
1333 2590 1379 2617 ¹⁸¹.
1390 2589 1497 2623 Quibus
1515 2588 1606 2615 verbis
1639 2586 1804 2621 sapientiam

1019 2637 1159 2672 intelligit.
1179 2637 1259 2671 Isque
1275 2644 1304 2664 re
1324 2644 1399 2667 vera,
1417 2636 1462 2671 qui
1474 2635 1612 2662 scientiam
1634 2633 1737 2668 adjicit,
1756 2632 1806 2658 ad-

1017 2684 1075 2718 jt'cil
1092 2687 1116 2710 et
1129 2683 1247 2710 dolorem
1255 2683 1289 2710 ³⁵.
1306 2683 1347 2711 lta
1358 2687 1388 2710 ut
1402 2690 1457 2710 non
1478 2681 1564 2717 magis
1579 2680 1743 2712 oblectetur,
1754 2678 1804 2715 qui
