1949 3073
126 115 199 149 Πιῦ

755 116 950 148 THESAURI
972 118 1048 150 LIB.
1069 117 1114 149 Π,

1676 117 1744 148 litﬁ

121 181 187 201 eam
205 172 317 208 delegit,
333 180 415 208 quam
433 173 628 210 contristetur,
662 175 710 210 qui
728 175 914 210 praetermisit.
927 175 952 204 Δ
966 176 999 203 Et
1014 175 1151 211 Seraphim
1165 176 1273 203 ﬂabant
1293 176 1319 202 in
1332 175 1443 202 circuitu
1458 175 1527 209 ejus,
1543 183 1588 202 sea;
1601 175 1652 203 alte
1686 178 1742 207 uni,

120 219 204 253 Quod
218 220 327 254 quidem
354 220 387 248 iis
416 216 564 248 usuvenit’e
590 221 670 254 solet,
685 221 787 256 quibus
817 221 908 249 adhuc

122 266 284 294 sitientibus
300 266 420 302 scyphus
434 274 449 294 e
458 267 587 295 manibus
598 271 723 295 extortus
734 272 776 295 est
788 275 795 294 :
809 267 852 294 vel
861 267 906 299 iis,

121 313 173 348 qui
190 313 315 348 quamvis
331 313 474 341 continere
501 314 568 349 quid
581 318 730 349 nequeant,
763 321 793 341 se
816 317 906 341 tamen

122 359 230 386 habere
253 359 443 386 arbitrantur:
472 365 519 386 aut
541 367 611 394 quos
640 359 762 394 fulgetra:
777 359 907 394 splendor

120 404 255 438 deseruit,
271 412 332 432 cum
347 405 465 439 primum
480 405 593 433 aﬁulsit.
607 404 671 432 Haec
682 412 726 432 me
741 405 906 439 cogitantem

122 451 195 478 ratio
213 450 328 483 dimisit,
348 450 584 486 abjectioremque
597 450 726 483 reddidit,
746 455 828 486 atque
839 450 906 478 etle-

120 496 173 528 cit,
194 500 224 523 ut
240 495 306 522 mihi
322 496 525 530 persuaderem,
557 504 662 524 mecum
691 496 791 524 melius
814 500 904 523 aetum

119 539 168 570 iri,
186 539 208 567 si
221 547 313 567 vocem
329 540 496 567 laudationis
513 540 633 573 audiam,
662 548 744 576 quam
761 541 784 569 si
808 549 904 568 eorum

118 593 166 612 me
181 585 321 613 doctorem
335 586 474 620 proﬁtear,
486 594 547 621 quae
556 587 628 614 vires
640 594 716 614 meas
728 591 903 621 exsuperant.

117 631 257 666 Maiestas.
275 631 400 665 altitudo,
414 632 542 667 dignitas,
575 640 651 667 purae
675 632 793 667 denique
823 633 905 660 coele-

117 682 233 712 stesque
250 681 354 705 naturae
364 677 410 704 vix
426 677 596 705 claritudinis
610 677 656 704 Dei
683 685 796 712 capaces
828 682 902 711 sunt,

116 725 167 759 qui
197 725 295 760 abysso
321 723 487 759 contegitur,
516 723 747 758 tenebrarumque
781 723 904 752 latibulis

115 770 254 798 delitescit
269 789 276 801 ,
291 777 354 796 eum
377 768 554 804 pttrissimum
575 768 611 795 sit
624 769 728 801 lumen,
752 769 903 804 majorique

115 816 259 847 hominum
274 814 535 849 partiinaccessum.
550 814 689 849 Siquidem
700 818 728 842 et
743 815 805 842 huic
812 822 900 841 rerum

113 861 296 889 universitate
306 860 389 892 inest,
400 864 428 887 et
443 864 520 887 extra
527 867 619 886 rerum
636 860 844 887 universitatem
851 867 899 887 ex-

112 908 212 935 currit.
220 907 271 940 Qui
283 906 392 934 bonitas
400 910 443 934 est
459 905 599 938 universa,
609 905 664 932 imo
673 906 777 932 nullam
788 913 842 933 non
851 905 900 933 bo-

112 955 229 982 nitatem
240 958 394 988 exsuperat.
410 952 462 985 Qui
478 952 563 979 menti
578 952 670 978 lumen
685 953 887 986 suggerit.men

116 1001 208 1036 lisque
229 999 399 1027 velocitatem
413 1002 441 1026 et
455 997 651 1025 sublimitatem
670 997 775 1032 eﬁ'ugit,
793 1001 898 1026 tantum

113 1053 224 1081 semper
240 1045 383 1077 secedens,
407 1047 539 1079 quantum
549 1042 802 1079 comprehenditur,
818 1048 899 1078 atque

115 1097 265 1122 maturem
277 1090 474 1127 ad'superiora,
492 1090 620 1126 fugiendo
634 1089 791 1122 sttblevans,
815 1097 898 1125 seque

113 1140 205 1175 ipsum
217 1139 294 1175 quasi
306 1138 400 1166 furtim
412 1136 591 1165 subducenda
609 1136 854 1171 comprehendens.

431 1193 506 1221 CAP.
514 1192 586 1220 XIX.

114 1243 301 1279 Chrysoslomj.
323 1241 449 1279 exlibro,
465 1239 503 1266 De
518 1247 547 1265 eo
566 1239 830 1279 quodfompreltendi
845 1248 896 1279 non

149 1274 242 1313 potest.
260 1278 302 1313 [Si
312 1274 645 1313 sapientiarcomprehendi
672 1279 795 1310 nequeat,
812 1274 896 1302 multo

149 1310 235 1340 ininus
250 1310 350 1340 natura
370 1310 490 1347 poterit]
516 1328 525 1340 I

149 1369 290 1401 Mirabilis,
310 1368 408 1403 inquit,
438 1369 508 1404 facta
528 1373 566 1396 est
576 1369 685 1396 scientia
711 1373 757 1394 tua
791 1375 822 1394 ea:
843 1375 895 1399 me,

113 1415 233 1444 exaltata
250 1420 299 1446 est,
312 1418 336 1441 et
354 1422 405 1441 non
421 1419 510 1449 potero
524 1414 559 1441 ad
577 1423 635 1441 eam
653 1415 687 1440 ’⁷.
724 1414 761 1440 Ea
791 1417 832 1440 est
856 1420 896 1440 sa-

114 1462 224 1497 pientiae
237 1460 337 1488 divina
365 1459 545 1494 profunditas,
579 1463 610 1486 ut
625 1460 652 1486 in
669 1467 700 1486 ea
717 1459 895 1494 exprimenda

112 1507 250 1542 Pr0pheta
262 1505 397 1540 vertigine
407 1505 523 1539 quadam
534 1505 660 1533 laborare
670 1504 806 1532 videatur.
829 1504 895 1537 Quis
908 1521 930 1550 α

112 1560 157 1583 eo,
174 1551 450 1587 quaeso.temeritatis
479 1551 625 1586 prolapsus
648 1555 700 1583 est.
717 1555 747 1578 ut
769 1555 894 1578 naturatn

113 1598 161 1626 Dei
181 1597 233 1625 sibi
264 1597 398 1632 cognitam
422 1601 451 1624 et
473 1601 643 1631 perspectam
672 1597 764 1624 dicere
784 1596 895 1629 audeat,

111 1643 231 1672 dicentis
250 1652 257 1670 :
277 1643 382 1671 Incerta
399 1647 424 1669 et
436 1642 537 1669 occulta
558 1643 695 1676 sapientiae
719 1647 772 1670 tua
784 1642 897 1675 manife-

110 1689 185 1716 ειαδιὶ
202 1689 264 1716 mihi
277 1688 334 1715 ’⁷⁸7
351 1688 504 1715 clamantis.
527 1687 670 1723 Sapientia:
695 1688 751 1723 ejus
778 1696 831 1714 non
857 1691 895 1715 est

112 1743 235 1762 numerus
251 1734 286 1766 “,
301 1742 349 1762 seu
367 1733 601 1769 comprehensio?
615 1738 642 1761 et
654 1734 680 1761 in
703 1738 807 1761 tantam
833 1733 895 1768 quis

112 1780 254 1808 audaciam
275 1783 444 1814 prorumpat.
458 1783 489 1806 ut
504 1779 539 1806 de
558 1782 672 1811 natura,
700 1787 761 1814 quae
778 1787 794 1806 a
818 1779 895 1806 nullo

114 1825 306 1860 comprehendi
333 1828 433 1859 potest,
449 1824 597 1859 quidquam
621 1824 755 1851 allirmare
777 1823 895 1850 audeat?

109 1870 179 1904 Quid
196 1869 381 1897 ais‘iFierine
393 1869 505 1903 poterit,
532 1872 563 1895 ut
588 1875 651 1895 cum
683 1867 732 1894 Dei
758 1867 893 1902 sapientia

112 1914 306 1950 comprehendi
323 1921 377 1942 non
392 1913 487 1949 possit,
514 1912 636 1948 ejusdem
651 1916 750 1940 natura
768 1919 894 1947 compre-

111 1962 269 1990 hendatur?
288 1961 412 1996 Majestas
425 1961 485 1995 ejus
499 1959 607 1987 inﬁnita
624 1964 676 1992 est,
690 1964 718 1986 et
746 1958 893 1987 essentiam

112 2009 169 2044 ejus
184 2007 394 2035 circumscribes
406 2006 418 2033 Ἰ
431 2006 483 2033 hoc
497 2010 572 2034 certe
600 2004 673 2033 facto
691 2009 794 2033 certam
820 2005 895 2033 insa-

112 2054 182 2081 niam
194 2058 267 2080 tuam
276 2052 381 2087 prodis.
755 2053 762 2059 ’

143 2099 171 2126 2.
198 2097 337 2133 Ejusdem.
363 2096 461 2132 Angeli
493 2099 599 2124 tantum
634 2096 797 2132 gloriﬁcant.
831 2096 890 2131 alii,

111 2143 199 2171 Gloria
214 2144 242 2170 in
263 2141 370 2170 excelsis
389 2141 483 2175 Deo”,
508 2142 651 2170 dicentes:
675 2143 734 2175 alii,
752 2143 891 2170 Benedicta

916 845 938 873 B

960 228 1039 250 etsea:
1055 223 1106 250 alte
1122 223 1211 250 alteri.
1230 223 1349 255 Quarum
1370 222 1469 249 duabus
1488 222 1568 256 facies
1585 231 1647 249 suae
1676 227 1745 257 tege-

957 269 1030 301 bant,
1043 274 1067 296 et
1077 270 1177 296 duabus
1188 270 1264 304 pedes
1281 268 1401 296 :duubus
1412 268 1523 302 denique
1552 268 1690 299 volabant,
1719 272 1744 295 et

955 314 1025 341 inter
1044 323 1071 341 se
1085 314 1246 345 clamabant,
1262 313 1384 346 Sanctus,
1405 312 1529 343 Sanctus.
1551 313 1678 344 Sanctus,
1690 313 1744 340 Do-

956 360 1042 386 minus
1054 359 1169 386 Sabaoth
1185 359 1218 386 ".
1231 358 1374 393 Seraphim
1391 359 1486 385 oculos
1506 362 1642 389 avertunt,
1654 363 1680 385 ct
1693 359 1743 385 du-

955 405 1036 440 plicis
1054 405 1126 432 muri
1145 405 1206 432 loco
1231 405 1288 432 alas
1310 406 1483 439 praetendunt
1499 412 1505 431 :
1520 405 1585 439 quia
1611 405 1739 431 nimirum

955 449 1129 484 splendorem
1140 450 1216 477 illum
1232 449 1306 476 ferre
1319 457 1373 476 non
1388 454 1513 484 possunt,
1540 450 1587 484 qui
1611 457 1645 477 ex
1677 450 1740 476 solii

955 495 1050 530 gloria,
1071 495 1113 522 vel
1127 494 1159 522 ad
1174 499 1308 522 terrorem
1325 502 1422 529 usque,
1435 495 1565 522 diradiat.
1586 495 1673 530 Atque
1691 503 1741 529 pe-

954 541 1003 569 des
1028 541 1171 576 obtegunt,
1198 548 1255 576 prae
1285 546 1408 576 stupore.
1431 541 1469 568 lta
1491 542 1564 568 enim
1583 546 1679 569 natura
1690 550 1741 570 nos

953 595 1061 623 quoque
1075 588 1225 623 comparati
1241 595 1345 618 sumus.
1362 588 1384 616 si
1401 588 1510 622 quando
1534 596 1586 616 nos
1599 590 1740 617 maximus

953 634 1054 669 aliquis
1067 639 1175 669 stupor,
1189 640 1239 662 aut
1265 635 1412 662 admiratio
1438 634 1560 667 invadat,
1587 639 1615 662 ut
1639 642 1740 670 corpus

954 680 1077 715 undique
1088 680 1296 708 contrahamus.
1312 681 1372 714 Quo
1385 681 1497 716 quidem
1529 681 1661 716 temporis
1681 689 1741 709 mo-

954 731 1049 754 mento
1067 726 1158 754 anima
1172 723 1284 761 quoque
1301 727 1374 754 idem
1399 735 1540 762 perpessa,
1560 731 1588 754 et
1616 727 1651 755 ab
1678 728 1740 755 aliis

953 779 1014 806 quae
1035 772 1208 799 extrinsecus
1222 772 1290 799 etin
1309 776 1372 800 cute
1387 777 1519 807 apparent
1531 773 1651 800 actiones
1675 781 1740 800 suas

953 818 1130 852 contrahens,
1147 818 1180 845 ad
1192 818 1324 846 interiora
1339 818 1474 853 confugit.
1488 819 1603 854 Ipsoque
1624 827 1738 852 corpore

953 872 1009 892 non
1021 872 1102 892 secus
1121 870 1204 899 atque
1233 865 1439 900 propugnaculo
1467 866 1587 899 quodam
1617 866 1738 892 circum-

952 910 1088 937 munitur.
1103 910 1162 937 Jam
1178 910 1420 946 quaJ-uorwalartun
1434 917 1513 937 usum
1531 910 1615 942 nosti,
1631 915 1738 937 caeterae

952 956 1018 991 quid
1028 955 1188 990 sibi’veiint,
1200 958 1293 992 accipe
1313 966 1320 984 :
1339 957 1459 995 Duabus,
1485 955 1585 989 inquit,
1602 955 1737 982 volabant.

952 1002 1011 1031 Hoc
1025 1004 1128 1031 indicio
1138 1004 1171 1031 ad
1187 1004 1315 1031 sublimia
1333 1011 1442 1038 semper
1455 1001 1589 1038 aspirare,
1601 1009 1653 1030 nec
1687 1010 1739 1029 un-

952 1057 1034 1085 quam
1051 1050 1178 1077 deorsum
1193 1050 1287 1077 oculos
1299 1050 1446 1078 deﬂectere
1474 1053 1592 1077 constat.
1625 1048 1737 1077 Alarum

951 1097 1026 1124 enim
1043 1097 1187 1124 involucro
1198 1096 1329 1132 angelica:
1344 1100 1451 1124 naturae
1465 1095 1620 1123 sublimitas
1631 1100 1659 1123 et
1691 1102 1737 1122 ve-

950 1141 1050 1169 locitas
1065 1141 1258 1177 designantur.
1273 1141 1321 1168 Est
1351 1141 1483 1168 veroalia
1515 1148 1625 1175 quoque
1655 1141 1734 1168 ratio.

951 1187 1030 1220 Quod
1049 1187 1123 1214 enim
1138 1186 1190 1214 alis
1199 1186 1305 1213 duabus
1315 1189 1410 1220 caput,
1425 1185 1582 1220 duabusque
1590 1185 1672 1219 pedes
1688 1184 1737 1211 ob-

951 1233 1091 1268 tegebant,
1106 1239 1139 1260 eo
1155 1232 1322 1267 principium
1351 1236 1379 1258 et
1408 1231 1490 1258 linem
1519 1230 1623 1258 nullius
1648 1230 1736 1257 oculis

951 1283 1056 1314 patere.
1072 1278 1201 1311 nullaque
1217 1277 1408 1311 disquisitione
1424 1276 1544 1311 indagari
1558 1283 1637 1309 posse
1648 1275 1735 1310 signi-

950 1324 1078 1352 ﬁcabant.
1093 1322 1246 1350 Mediarum
1257 1330 1340 1358 porro
1352 1321 1456 1348 alarum
1469 1321 1583 1355 remigio
1594 1320 1734 1353 volabant,

950 1372 1039 1399 uthoc
1058 1370 1160 1398 indicio
1176 1370 1210 1397 de
1221 1370 1304 1397 rebus
1316 1369 1414 1397 mediis
1426 1368 1640 1403 disputationem
1653 1367 1733 1394 theo-

949 1417 1065 1452 logicam
1098 1416 1320 1447 ineundamesse
1352 1414 1495 1446 docerent,
1508 1413 1636 1440 nimirum
1659 1413 1732 1447 quod

950 1463 1021 1490 Deus
1034 1463 1080 1494 sit,
1095 1461 1170 1496 quod
1184 1461 1304 1495 sapiens,
1321 1460 1393 1495 quod
1409 1460 1594 1494 omnipotens,
1626 1463 1654 1486 et
1678 1466 1732 1485 cae-

949 1513 1006 1536 tera
1021 1507 1046 1535 id
1059 1515 1154 1542 genus.
1171 1507 1205 1534 Et
1222 1506 1374 1534 clamabant
1388 1507 1457 1532 inter
1466 1514 1510 1532 se:
1526 1505 1651 1536 Sanctus,
1662 1504 1733 1531 Sau-

947 1558 1013 1585 ctus,
1030 1553 1155 1584 Sanctus,
1170 1553 1295 1579 Dominus
1307 1551 1433 1579 Sabaoth.
1451 1550 1507 1578 Hoc
1521 1550 1615 1585 utique
1644 1549 1731 1577 admi-

946 1600 1063 1628 rationis
1089 1599 1242 1635 symbolum
1274 1603 1336 1628 est,
1367 1596 1519 1632 praesertim
1552 1604 1615 1623 cum
1641 1603 1731 1630 neque

923 1646 1039 1673 'lumen
1067 1645 1169 1680 ipsum,
1200 1651 1290 1678 neque
1322 1643 1443 1670 divinam
1486 1646 1613 1669 naturam
1641 1641 1731 1668 inluc-

945 1696 1051 1718 rentur.
1082 1689 1135 1717 Sed
1165 1696 1199 1716 eo
1226 1689 1271 1715 illa
1295 1695 1355 1722 quae
1386 1686 1562 1718 videbantur,
1583 1693 1613 1712 se
1632 1685 1730 1712 demit—

946 1737 1060 1764 tebant:
1076 1743 1128 1762 nec
1142 1739 1232 1761 tamen
1251 1734 1360 1760 illorum
1377 1740 1438 1767 quae
1454 1739 1488 1759 eo
1504 1739 1533 1759 se
1548 1730 1731 1758 demittebant

943 1782 1057 1816 gloriam
1072 1780 1143 1808 ferre
1155 1784 1295 1814 poterant.
1322 1778 1362 1806 Eo
1389 1777 1462 1805 enim
1475 1785 1503 1805 se
1536 1776 1729 1808 demittebant,

944 1826 1017 1861 quod
1033 1826 1060 1853 in
1078 1834 1126 1853 sua
1146 1829 1245 1852 natura
1261 1832 1315 1851 non
1328 1823 1498 1854 viderentur,
1530 1821 1577 1850 sed
1604 1829 1654 1856 pro
1683 1828 1729 1849 re-

944 1871 1122 1908 spicientium
1138 1870 1333 1899 imbecillitatis
1348 1869 1458 1897 modulo
1479 1868 1521 1896 sui
1533 1868 1729 1896 manifestatio-

943 1909 1006 1946 nem
1016 1918 1222 1946 dimetirentur.
1248 1917 1334 1943 Porro
1358 1915 1432 1950 quod
1448 1922 1481 1942 eo
1497 1922 1527 1942 se
1553 1914 1726 1944 demiserint,

943 1964 986 1992 vel
998 1972 1033 1992 ex
1043 1964 1110 1999 ipsis
1122 1963 1273 1998 Scriptura:
1288 1961 1379 1992 verbis
1395 1961 1572 1996 perspicuum
1583 1964 1644 1986 est:
1667 1958 1725 1985 Vidi

942 2010 1028 2043 enim,
1044 2008 1092 2042 ait,
1110 2009 1260 2037 Dominum.
1276 2008 1309 2035 At
1325 2015 1389 2034 vero
1404 2007 1486 2033 Deum
1504 2013 1580 2032 nemo
1600 2005 1664 2031 vidit
1679 2012 1729 2030 un-

942 2064 1034 2092 quam,
1047 2055 1094 2090 qui
1105 2055 1204 2086 forma,
1215 2054 1261 2088 qui
1276 2053 1438 2088 quantitate.
1451 2052 1498 2087 qui
1511 2051 1630 2086 denique
1641 2050 1730 2085 quali-

943 2106 997 2130 tate
1010 2104 1111 2129 careat.
1123 2099 1190 2133 Quis
1201 2099 1252 2125 hoc
1260 2098 1318 2125 ait?
1334 2097 1548 2132 Unigenitm,qui
1558 2097 1627 2122 sedet
1637 2095 1661 2121 in
1668 2095 1729 2121 sinu

942 2147 1043 2178 Patris,
1059 2147 1113 2181 ipse
1128 2145 1263 2172 enarravit
1277 2143 1309 2169 ³³.
1323 2142 1426 2170 Deinde
1441 2141 1566 2177 subjicit:
1579 2140 1727 2167 Sadentem.

110 2189 193 2225 gloria
208 2189 264 2224 ejus
280 2197 312 2216 ea:
325 2189 381 2215 loco
394 2193 485 2216 sancto
498 2190 554 2224 ejus
566 2190 599 2221 '°,
618 2189 645 2216 id
656 2194 708 2222 est,
733 2190 891 2225 ubicunque
908 2188 929 2216 D
943 2193 978 2220 Λι
991 2200 1057 2220 vero
1070 2192 1142 2219 Deus
1155 2197 1247 2224 neque
1275 2189 1363 2221 sedet,
1393 2194 1483 2221 neque
1512 2190 1575 2214 stat.
1591 2185 1623 2212 Hi
1654 2184 1727 2212 enim

111 2235 144 2263 sit
157 2235 202 2262 ille
216 2243 222 2262 :
239 2242 329 2270 neque
343 2234 416 2262 enim
429 2234 484 2261 Deo
497 2235 575 2262 locus
586 2235 752 2270 assignatur,
772 2244 834 2263 cum
847 2236 891 2263 di-

109 2281 208 2308 vinitas
231 2280 422 2307 circumscribi
453 2287 510 2307 non
538 2281 625 2315 possit
646 2288 653 2306 :
674 2281 743 2312 alii,
767 2280 891 2314 Sanetus,

110 2326 228 2357 Sanctus,
244 2325 367 2358 Sanctus,
380 2324 509 2351 Dominus
521 2323 638 2352 Sabaoth
649 2325 685 2351 ".
700 2324 892 2352 Homines.au~

111 2376 162 2399 tem
175 2372 202 2398 in
219 2371 292 2398 illius
308 2375 405 2398 natura
420 2370 626 2405 pervestiganda
642 2370 706 2405 plus
719 2378 798 2405 aequo
812 2371 890 2398 solli-

110 2416 154 2444 citi
170 2419 245 2443 sunt.
274 2415 399 2449 Quantus
427 2416 486 2451 ejus
508 2415 589 2442 timor
604 2422 700 2450 supra,
716 2420 810 2443 tantus
822 2415 891 2443 intra

111 2466 282 2497 contemptus
289 2466 341 2494 est,
355 2469 442 2496 usque
450 2461 517 2488 adeo
526 2461 565 2488 illi
580 2468 678 2495 magna
689 2469 752 2489 cum
761 2462 893 2497 religione

111 2509 285 2540 benedicunt,
313 2507 341 2535 hi
355 2507 500 2535 temeraria
518 2506 683 2535 curiositate
693 2508 831 2535 laborant.

142 2557 168 2583 5.
182 2554 321 2588 Ejusdem.
340 2554 401 2581 Alio
420 2553 480 2580 loco
495 2553 579 2581 lsaias
593 2553 696 2589 inquit,
714 2554 775 2582 Vidi
803 2554 894 2582 Domi-

113 2610 170 2629 num
186 2601 318 2628 sedentem
331 2601 358 2627 in
371 2599 436 2626 solio
448 2598 503 2626 alto
519 2603 598 2633 atque
611 2600 723 2633 excelso,
750 2607 784 2628 eo
809 2601 893 2628 nimi-

113 2655 170 2676 rum
183 2647 232 2682 qui
247 2645 446 2681 comprehendi
458 2652 513 2672 non
532 2649 636 2681 potest.
652 2645 722 2674 Cum
752 2654 819 2682 ergo
846 2655 892 2675 so-

113 2694 172 2721 lium
187 2693 236 2720 Dei
247 2693 368 2719 humana
381 2694 473 2718 mente
504 2691 652 2719 sublimius
679 2692 726 2723 sit,
751 2692 799 2727 qui
831 2692 892 2721 ﬁeri

113 2743 207 2775 potest,
223 2743 253 2766 ut
266 2739 290 2765 is
307 2737 571 2772 comprehendatur,
599 2737 647 2773 qui
678 2738 748 2766 solio
771 2739 893 2767 insidet?

143 2796 251 2834 ffl’sal.
270 2803 362 2822 χχχιιι.
449 2794 521 2834 Psal.
544 2803 569 2826 L.
593 2795 621 2834 _8_.
658 2799 680 2814 ιε
700 2799 769 2828 ΡδειΙ.
795 2808 882 2834 cum
905 2800 930 2828 5,

112 2831 208 2859 "Ibid.
244 2831 253 2857 ι
285 2838 359 2864 seqq.
399 2829 422 2846 "
444 2832 522 2858 Joan.
552 2830 632 2863 1,18.

943 2238 1055 2273 habitus
1077 2235 1239 2271 corporibus
1258 2238 1428 2269 competunt.
1442 2233 1512 2260 Tum
1525 2231 1678 2260 subinl'crt:
1694 2229 1728 2256 In

943 2283 1010 2311 solio
1027 2303 1033 2314 .
1048 2287 1076 2310 at
1089 2282 1160 2310 solio
1188 2282 1260 2308 Deus
1288 2287 1460 2314 nequaquam
1489 2276 1726 2305 circumcluditur.

943 2330 995 2363 Qui
1008 2329 1082 2357 enim
1100 2328 1151 2355 hoc
1171 2327 1229 2360 ﬁat,
1251 2334 1312 2354 cum
1329 2324 1524 2352 circumscribi
1545 2331 1600 2350 non
1617 2321 1728 2356 possit?

942 2374 1001 2401 Jam
1016 2381 1079 2401 cum
1091 2372 1237 2407 Seraphin.
1256 2379 1317 2406 quae
1331 2371 1415 2398 Deum
1430 2369 1533 2404 ingenti
1561 2375 1662 2396 corona
1676 2367 1728 2394 cir-

944 2424 1085 2448 cumstant
1126 2418 1211 2454 (quod
1244 2417 1354 2452 quidem
1380 2424 1435 2444 non
1462 2416 1553 2443 locum
1580 2413 1726 2449 signiﬁcat,

942 2466 990 2494 sed
1006 2465 1142 2500 singulare
1156 2463 1250 2492 nescio
1265 2463 1330 2498 quid
1356 2462 1429 2497 quod
1445 2469 1459 2488 a
1478 2460 1597 2496 puritate
1630 2466 1728 2486 conse-

942 2511 1090 2547 quuntur),
1105 2517 1167 2538 cum
1181 2509 1329 2544 Seraphin,
1347 2508 1468 2542 inquam,
1483 2514 1516 2533 ne
1542 2505 1590 2532 Dei
1615 2504 1726 2539 quidem

943 2565 978 2586 eo
993 2565 1022 2584 se
1035 2556 1208 2584 demittentis
1218 2555 1331 2590 gloriam
1356 2553 1470 2581 intentis
1494 2550 1582 2578 oculis
1618 2548 1727 2576 obtueri

943 2603 1071 2630 valeant:
1091 2601 1230 2632 homines,
1246 2600 1363 2632 scilicet,
1389 2597 1516 2626 essentia:
1533 2595 1592 2627 eius
1611 2594 1726 2630 gloriam

945 2649 1015 2677 nulli
1030 2648 1151 2683 perviam
1167 2646 1281 2674 intentis
1294 2645 1384 2672 oculis
1416 2641 1524 2671 obtueri
1544 2639 1727 2669 contendunt.

944 2695 1064 2723 Tametsi
1076 2700 1151 2722 tanto
1164 2693 1198 2721 ab
1211 2692 1264 2720 illis
1277 2690 1425 2719 interstitio
1437 2689 1606 2719 diﬁeramus,
1624 2689 1727 2722 quanto

945 2748 1034 2769 caecus
1049 2740 1084 2768 ab
1100 2748 1133 2767 eo
1147 2739 1194 2774 qui
1208 2736 1319 2765 videndi
1334 2743 1417 2764 sensu
1428 2734 1559 2770 praeditus
1569 2737 1610 2760 est

970 2802 991 2818 "
1008 2801 1074 2829 Luc.
1091 2809 1121 2834 ιι,
1137 2799 1178 2827 ι-ι.
1219 2799 1240 2814 ³⁰
1257 2797 1356 2826 Ezceh.
1376 2805 1417 2831 nt,
1442 2795 1482 2823 l2.
1522 2795 1542 2811 "
1557 2794 1609 2822 lsa.
1636 2801 1672 2826 vi,
1696 2793 1725 2822 5.
