1949 3073
206 125 273 158 ll"!

823 129 847 159 N
854 129 969 159 [CETE
989 130 1106 160 CHONI
1112 130 1194 160 ΑΤΕ

1761 130 1844 162 ms

240 183 268 209 4.
283 182 420 217 Ejusdem.
436 181 503 210 Cum
517 182 610 210 Daniel
626 183 683 217 ipse
699 183 833 218 propheta
849 183 938 219 angeli
951 191 984 211 eo
1000 191 1020 217 Α
1037 192 1150 220 prorsus
1159 189 1314 220 expersest.
1328 185 1441 220 Πνεῦμα
1456 191 1550 220 porro,
1571 185 1624 214 hoc
1635 190 1677 214 est
1697 186 1839 221 Spiritus,

206 237 235 256 se
255 228 426 255 demittentis
442 232 582 262 aspectum
597 236 651 255 non
665 229 737 261 tulit,
757 229 804 256 sed
820 230 935 257 remissa
948 232 989 256 in-

206 276 328 302 tentione
343 274 370 301 in
390 274 485 301 faciem
502 274 602 301 cecidit
617 283 623 301 :
641 274 674 301 Et
692 283 743 302 non
756 280 883 302 remansit
905 277 933 301 in
949 283 989 301 me

204 319 340 354 fortitudo,
360 319 448 354 inquit
469 320 537 352 ;sed
552 325 576 346 et
588 321 684 355 species
705 329 762 348 mea
781 321 922 348 immutata
952 325 989 348 est

205 368 232 393 in
249 374 299 398 me,
316 371 340 393 et
352 367 470 393 emarcui
485 366 517 399 “,
530 366 582 394 hoc
596 371 647 400 est,
663 367 720 395 oris
732 368 785 394 mei
814 367 989 402 pulchritudo

205 411 296 445 periit,
312 416 341 438 et
356 411 384 438 in
398 412 498 439 mortui
511 412 640 448 pallorem
658 420 789 441 conversa
805 418 848 441 est
863 423 870 440 :
887 419 915 441 tu
940 414 988 448 qui

205 457 315 484 Danicle
326 462 401 484 tanto
417 457 530 485 ini‘erior
542 466 582 489 es,
596 464 698 493 quanto
714 458 758 486 ille
774 460 878 494 angelo,
893 460 989 494 quiﬁt,

207 508 237 530 nt
250 511 282 531 os
299 504 435 536 attollere,
452 509 479 532 et
508 505 542 532 de
558 505 652 532 divina
667 510 764 532 natura
785 506 923 534 curiosius
948 506 991 533 in-

206 550 316 583 quirere
329 550 430 577 audeas
446 551 457 577 ?
470 551 575 583 Daniel,
587 553 635 585 qui
649 551 675 578 in
688 558 804 586 corpore
816 552 936 579 humano
956 560 989 580 ea

206 595 301 623 videre
317 597 415 631 potuit,
429 604 546 631 quorum
559 598 643 625 homo
666 606 752 633 capax
772 606 830 626 non
853 603 906 631 est,
923 606 991 626 con-

207 641 278 668 servi
296 648 330 667 eo
343 649 372 668 se
396 641 566 669 demittentis
579 643 754 677 splendorem
782 651 837 670 non
862 643 988 671 ferebat:

205 689 234 712 et
251 689 279 712 tu
299 691 424 713 naturam
453 687 524 714 illam
557 689 799 723 comprehendisti,
823 696 884 723 quae
908 695 992 723 ange-

207 730 295 758 lorum
314 731 454 759 innumera
477 732 562 760 millia
585 733 729 768 condidit;
759 741 877 769 quorum
905 734 990 762 unius

206 781 345 811 aspectum
356 785 410 804 non
425 778 486 805 tulit
498 779 602 812 Daniel,
617 780 712 815 utjam
731 780 834 808 dictum
847 785 889 807 est
899 780 910 807 ?
922 779 990 813 Quis

208 831 264 850 non
283 823 401 851 indoleat
415 824 427 850 ?
440 824 502 859 quis
519 829 622 852 tantum
635 831 776 861 stuporem
792 833 847 854 non
863 826 962 854 deﬁeat
978 826 990 853 τ

524 892 600 920 CAP.
614 893 674 921 XX.

211 936 373 972 Calcclieitica
385 939 507 972 qua-dam
522 943 679 966 erotemata.
689 939 820 968 Nimirum
844 940 921 972 Deus,
939 940 991 967 Pa-

245 976 298 1010 ter,
312 971 397 1010 Filius
412 977 454 1010 et__
464 972 579 1008 Spiritus
605 979 667 1008 quot
681 976 764 1002 modis
786 976 829 1010 in,
843 975 990 1010 Scripturis

241 1007 419 1068 fecipiantur.
434 1007 494 1035 Una
507 1017 566 1035 cum
580 1007 671 1036 eorum
695 1010 798 1045 ὲτύμῳ.
813 1009 882 1043 Quid
904 1007 992 1038 Trini-

253 1050 294 1068 as.

253 1050 294 1069 αι.

243 1096 346 1130 1.ουοι
356 1096 444 1125 modis
457 1098 621 1126 vocabulum
635 1099 708 1126 Deus
723 1099 749 1126 in
765 1099 905 1135 Scriptura
917 1100 993 1136 capi-

208 1142 274 1170 tur?
294 1142 415 1177 Duobus,
435 1144 566 1172 nimirum
580 1149 677 1172 natura
702 1150 730 1172 et
745 1145 851 1173 habitu.
890 1146 993 1174 Natura

207 1188 328 1223 quidem,
348 1193 378 1216 ut
392 1194 511 1225 creator,
527 1191 620 1218 habitu
635 1196 726 1219 autem
755 1196 784 1219 et
806 1191 892 1227 gratia
906 1200 914 1220 :
927 1192 993 1228 justi

206 1242 316 1270 quoque
335 1234 462 1263 homines
479 1236 593 1263 deorum
618 1237 730 1264 nomine
746 1243 905 1265 censentur.

243 1281 271 1308 '2.
291 1281 382 1309 Dictio
396 1282 469 1310 Deus
481 1283 676 1311 substantiame
685 1288 737 1316 est,
752 1292 786 1311 an
806 1291 942 1319 persona,
959 1292 994 1312 an

207 1327 334 1359 actionis,
353 1335 387 1355 an
405 1327 509 1362 ﬁgurae,
527 1336 561 1356 an
580 1336 646 1356 vero
674 1330 841 1364 metaphora;
855 1329 867 1357 ?
883 1330 993 1365 Perspi-

207 1379 290 1398 cuum
306 1377 348 1400 est
362 1373 480 1400 actionis
496 1382 567 1405 esse,
593 1382 648 1409 qua
668 1374 780 1409 quidem
808 1383 885 1402 suam
913 1376 995 1403 nobis

209 1418 280 1446 Deus
293 1419 474 1447 substantiam
488 1420 621 1455 impertit,
640 1429 700 1455 quae
720 1421 830 1456 quidem
847 1422 912 1457 quia
945 1430 994 1450 co»

207 1465 285 1500 gnitu
303 1465 480 1500 impossibilis
495 1471 546 1499 est,
565 1473 598 1494 eo
623 1467 664 1500 ﬁt,
695 1474 725 1494 ut
755 1468 891 1496 actionem
917 1476 994 1495 suam

209 1510 281 1538 Deus
296 1511 352 1538 sola
367 1512 596 1546 contemplatione
631 1513 710 1540 nobis
739 1513 852 1547 aperiat,
881 1513 996 1549 ideoque

210 1556 277 1587 Θεδς
291 1556 343 1582 ἀπὸ
358 1556 404 1582 τοῦ
424 1542 505 1590 θέειξρ,
519 1558 571 1584 hoc
582 1562 624 1584 est
637 1566 652 1584 a
677 1542 875 1586 considerando
893 1542 994 1587 dictus.
1010 1542 1032 1571 ο

245 1601 272 1629 5.
290 1601 370 1629 Pater
383 1602 449 1636 qttid
472 1602 632 1636 signiﬁcat?
655 1607 775 1638 quotque
798 1604 887 1631 modis
903 1608 995 1638 pater-

210 1647 281 1674 nitas
305 1647 361 1674 Deo
372 1647 525 1674 convenit?
543 1648 622 1675 Pater
658 1649 754 1683 utique
777 1649 888 1684 proprie
911 1649 998 1684 hypo-

214 1692 297 1720 stasis
312 1700 359 1720 seu
376 1700 491 1728 persona
504 1694 616 1726 dicitur,
632 1702 692 1729 quae
708 1695 781 1722 nulla
794 1695 846 1722 alia
867 1702 900 1722 ex
915 1702 997 1723 causa

211 1738 321 1772 pendet.
339 1737 393 1765 Sed
408 1739 533 1773 quamvis
546 1743 670 1774 generet,
687 1747 702 1766 a
718 1739 793 1766 nullo
807 1744 899 1766 tamen
914 1747 998 1775 gene-

212 1788 299 1811 ratur.
315 1783 411 1817 Porro,
425 1784 517 1819 πατὴρ
528 1784 683 1817 dictus'est,
698 1784 775 1819 quasi
790 1785 879 1811 πάντα
896 1784 996 1820 τηρῶν,

213 1829 266 1856 hoc
280 1833 332 1861 est,
349 1829 441 1856 omnia
465 1836 641 1862 conservans,
661 1829 704 1856 vel
718 1828 797 1864 quasi
808 1829 872 1861 τοὺς
880 1830 998 1861 οἰκείους

212 1876 310 1906 παῖδας
322 1875 424 1910 τηρῶν,
441 1875 493 1902 hoc
509 1879 562 1907 est,
572 1875 698 1909 proprios
726 1875 797 1902 ﬁlios
821 1882 997 1902 conservans.

214 1921 284 1948 Deus
297 1921 378 1948 Pater
390 1920 498 1948 duobus
519 1920 607 1948 modis
622 1920 733 1952 dicitur,
750 1924 847 1947 natura
883 1921 997 1953 scilicet,

214 1970 241 1993 et
253 1966 357 2001 gratia:
373 1971 470 1994 natura
484 1966 595 2001 quidem
609 1966 711 2001 proprii
735 1962 788 1993 sibi
813 1968 997 1994 consubstan-

214 2012 341 2049 tialisque
356 2013 405 2041 Dei
420 2014 502 2042 V'erbi
524 2013 634 2049 ;gratia
660 2021 726 2041 vero
756 2017 849 2041 noster
879 2021 999 2048 quoque,

214 2059 286 2087 unde
302 2060 380 2094 illud,
406 2059 464 2096 Ego
480 2060 545 2093 dixi,
570 2060 612 2087 Dii
640 2061 711 2094 estis,
740 2064 763 2086 et
791 2059 843 2094 ﬁlii
871 2060 1000 2087 Altiuimi

215 2113 305 2133 omne:
318 2106 353 2133 ".

250 2152 277 2179 4.
295 2151 366 2185 Quid
384 2151 489 2180 Filius?
513 2160 566 2186 qua
590 2152 696 2179 ratione
726 2152 813 2179 Filius
826 2151 927 2179 dicitur
943 2152 955 2177 ?
972 2155 1001 2178 et

216 2202 284 2232 quot
315 2197 405 2224 modis
434 2197 620 2233 intelligitur?
656 2197 741 2224 Filius
769 2197 878 2232 proprie
906 2204 1002 2224 secun-

216 2244 293 2272 daria
308 2244 463 2279 hypostasis
477 2249 518 2272 est
531 2245 557 2271 in
575 2252 627 2271 una
641 2244 792 2279 eademque
818 2249 927 2275 natura,
958 2243 1001 2271 vel

217 2291 621 2325 pcrsonarumincrementum,
651 2290 694 2317 vel
723 2290 863 2325 unigenita
897 2293 1002 2317 naturae

216 2336 366 2371 processio,
381 2336 422 2363 vel
437 2337 564 2371 cognatio
577 2336 696 2371 cognita,
724 2336 786 2366 Υιδς
816 2341 920 2366 autern,
951 2335 1004 2362 hoc

216 2386 259 2410 est
289 2382 384 2414 Filius,
415 2382 526 2417 proprie
558 2382 672 2414 dicitur,
700 2383 776 2417 quasi
791 2378 859 2412 οἷος,
889 2381 942 2408 hoc
961 2385 1004 2407 est

216 2427 316 2463 qualis.
333 2427 426 2460 Qualis
438 2427 512 2454 enim
526 2427 608 2454 Pater
625 2427 791 2460 substantia,
808 2427 869 2453 talis
884 2430 912 2453 et
942 2426 1003 2453 uni-

219 2474 329 2509 genitus
343 2477 385 2500 est
404 2472 500 2500 Filius.
520 2472 584 2501 Sive
599 2480 633 2500 ex
652 2473 772 2499 increato
784 2473 933 2503 incrcatus,
946 2471 1004 2498 sive

217 2528 251 2547 ex
268 2519 375 2546 mortali
392 2519 527 2552 mortalis,
541 2519 717 2553 humanoque
728 2518 877 2545 humanus.
893 2517 1006 2544 Duobus

219 2566 312 2593 itidem
327 2565 415 2592 modis
427 2565 455 2592 in
463 2564 623 2598 Deoiiiliatio
634 2564 745 2591 dicitur.
758 2564 858 2591 Natura
868 2567 895 2590 et
910 2562 1006 2599 gratia.

219 2611 321 2639 Natura
353 2611 464 2646 quidem
494 2611 566 2639 Deus
590 2610 721 2643 Verbum,
738 2610 824 2644 gratia
846 2617 911 2636 vero
930 2609 1008 2644 justi.

256 2658 283 2685 5.
299 2657 369 2691 Quid
384 2657 503 2693 Spiritus
518 2657 530 2683 ?
546 2664 599 2691 qua
612 2656 718 2683 ratione
735 2655 859 2682 dicitur?
883 2660 1005 2690 quotque

221 2702 311 2729 modis
325 2702 457 2736 accipitur
472 2702 484 2728 ἲ
499 2700 620 2736 Spiritus
634 2704 676 2728 est
689 2699 779 2727 tenuis
788 2699 911 2734 quasdam
939 2707 1005 2734 pro-

221 2748 328 2776 ccssiva
356 2747 520 2779 substantia,
548 2751 575 2774 et
604 2754 665 2782 qua:
700 2746 823 2773 tnateriei
857 2745 1007 2780 formaeque

264 2842 286 2856 "
298 2842 364 2869 Dan.
383 2849 408 2874 x,
429 2842 456 2869 8.
496 2841 518 2860 "
536 2841 606 2869 [‘sal.
630 2848 722 2872 Lxxxt.
735 2841 761 2868 6.

1040 231 1149 262 dicitttr,
1158 232 1201 259 διὰ
1207 233 1236 258 τὺ
1245 232 1282 264 ὡς
1288 232 1374 267 νεῦμα
1382 232 1526 265 ὀξέωςπιῖν
1534 232 1624 259 νεύειν
1631 233 1677 260 καὶ
1683 233 1840 265 κινεῖσθαι,

1039 277 1092 304 hoc
1103 282 1155 310 est,
1172 277 1237 313 quia
1253 282 1382 313 tanquam
1397 283 1480 307 nutus
1491 287 1658 314 quocunque
1678 283 1787 306 annuat
1803 284 1837 306 et

1040 328 1194 351 moveatur.
1210 323 1315 351 Dicitur
1325 328 1416 352 autem
1434 324 1592 360 Spiritusin
1607 325 1750 359 Scriptura
1761 332 1840 359 qua-

1041 374 1104 397 tuor
1116 369 1217 398 modis.
1248 369 1370 406 Spiritus
1396 375 1519 403 sanctus,
1551 371 1672 406 Spiritus
1701 371 1838 406 angelus,

1042 416 1161 451 Spiritus
1192 421 1303 449 ventus,
1322 416 1460 444 interdum
1489 416 1574 444 etiam
1601 423 1679 444 mens
1706 415 1840 451 Spiritus

1041 461 1225 496 appellatione
1239 462 1421 497 signiﬁcatur.

1077 505 1102 533 6.
1118 506 1259 534 Trninltas
1272 506 1338 541 quid
1351 507 1417 534 est?
1436 506 1568 538 Trinitas,
1585 506 1722 541 siquidem
1748 510 1839 534 natu-

1041 549 1107 576 ralis
1119 550 1226 578 ordinis
1239 550 1375 578 rationem
1391 551 1504 582 habeas,
1513 550 1584 578 nihil
1600 551 1673 578 aliud
1682 555 1735 583 est,
1745 559 1836 586 quam

1042 595 1177 623 unitatum
1193 597 1367 631 compositio.
1382 596 1409 624 Si
1425 604 1491 624 vero
1506 596 1627 624 divinam
1646 597 1837 624 substantiam

1042 641 1214 675 consideres,
1231 643 1350 670 essentia
1363 646 1416 675 est,
1452 650 1513 677 qua:
1541 650 1689 670 numerum
1717 649 1835 671 omnem

1041 693 1199 722 exsuperat.

1077 734 1102 760 7.
1116 733 1266 761 Eternitas
1291 734 1357 769 quid
1371 735 1440 762 est?
1465 734 1542 768 Quod
1572 735 1737 770 principium
1757 743 1836 762 nun-

1041 785 1121 814 quam
1152 779 1258 811 habuit,
1284 787 1336 808 nec
1358 779 1439 807 ﬁnem
1467 781 1523 807 ullo
1555 788 1675 815 nnquam
1693 786 1836 816 tempore

1041 824 1199 852 habiturum
1214 829 1265 852 est.
1281 824 1415 852 Caeterum
1431 825 1564 860 quidquid
1597 818 1738 861 nunquam
1757 827 1837 854 desi-

1007 869 1028 897 B
1043 874 1134 897 turum
1151 874 1203 902 est,
1223 878 1278 897 non
1306 871 1399 898 statim
1433 871 1572 906 principio
1597 872 1718 899 caruisse
1754 878 1835 899 recte

1042 916 1165 952 colligas.
1180 916 1276 951 Angeli
1293 916 1366 943 cnim
1375 919 1403 943 et
1418 917 1516 944 animae
1531 917 1698 952 principium
1714 918 1834 953 quidem

1041 961 1169 990 essentia:
1189 961 1357 996 habuerunt,
1378 962 1462 990 ﬁnem
1475 962 1585 990 interim
1615 963 1720 991 nullum
1748 964 1835 992 babi-

1042 1007 1108 1036 turi.

1351 1086 1428 1115 CAP.
1449 1086 1522 1114 XXI.

1046 1141 1202 1180 Theologica
1226 1142 1282 1169 alia
1295 1142 1337 1180 _de
1357 1142 1490 1180 Trinitate
1516 1143 1701 1180 consideratio.
1742 1143 1834 1180 [Unus

1080 1176 1203 1209 cum'sit,
1223 1185 1271 1203 cur
1291 1177 1410 1213 Patrem,
1435 1176 1535 1213 Filium
1557 1182 1581 1204 et
1607 1176 1834 1213 Spiritum'invo-

1079 1220 1166 1239 cemus
1177 1232 1184 1243 ,
1199 1216 1292 1239 contra
1310 1212 1460 1239 Tritheitas.
1478 1211 1488 1248 ]

1080 1279 1169 1308 Unum
1193 1279 1279 1307 Deum
1307 1287 1368 1307 esse
1392 1279 1547 1312 credimus,
1576 1281 1624 1316 qui
1648 1281 1833 1318 substantiam

1045 1325 1198 1359 quamlibet
1217 1329 1399 1360 naturamque
1417 1326 1562 1353 creaverit:
1578 1327 1638 1354 sive
1653 1328 1834 1362 aspectabilis

1045 1369 1090 1396 illa
1105 1370 1152 1402 sit,
1172 1370 1230 1397 sive
1252 1370 1303 1397 sub
1318 1375 1458 1405 aspectum
1476 1379 1531 1398 non
1550 1372 1641 1399 cadat.
1657 1373 1709 1405 Qui
1734 1373 1832 1400 diver-

1046 1422 1103 1442 sam
1133 1415 1168 1442 ab
1194 1415 1246 1443 hac
1277 1417 1442 1444 sententiam
1479 1419 1604 1452 sequitur
1639 1419 1740 1453 impius
1779 1425 1832 1447 est.

1047 1459 1182 1487 Eumdem
1200 1460 1275 1487 illum
1293 1460 1474 1493 humanitate,
1498 1463 1614 1496 iustitia,
1634 1463 1781 1498 sapientia,
1805 1470 1834 1491 et

1048 1505 1172 1534 bonitate
1196 1507 1327 1542 singulari
1356 1508 1500 1542 prxditum
1529 1516 1590 1536 esse
1615 1509 1693 1536 nobis
1720 1518 1833 1544 per-ua-

1049 1551 1155 1585 demus,
1178 1553 1340 1588 casterisque
1369 1553 1436 1581 adeo
1467 1554 1570 1587 rebus,
1596 1563 1658 1590 quae
1677 1555 1778 1583 divina:
1805 1562 1834 1583 et

1046 1596 1132 1623 beatae
1149 1601 1254 1624 natura:
1273 1597 1451 1625 conveniunt.
1480 1598 1520 1625 Ne
1545 1598 1651 1634 singula
1680 1600 1834 1627 scribendo

1047 1649 1209 1676 persequar,
1227 1649 1323 1676 parum
1338 1642 1427 1675 abest,
1444 1643 1513 1678 quin
1526 1644 1622 1671 eadem
1634 1649 1663 1672 et
1690 1644 1789 1672 dicatis
1805 1651 1834 1673 et

1047 1687 1184 1716 sentiatis.
1219 1688 1274 1716 Vos
1300 1688 1375 1715 enim
1405 1689 1535 1717 audiente
1562 1698 1606 1718 me
1636 1690 1758 1718 Verbum
1786 1691 1833 1719 Dei

1048 1734 1206 1763 invocastis.
1232 1735 1267 1762 Et
1285 1743 1314 1762 re
1329 1743 1393 1762 vera
1414 1741 1467 1764 est.
1482 1736 1533 1769 Qui
1561 1737 1635 1764 enim
1655 1737 1712 1764 ﬁeri
1730 1743 1831 1772 posset,

1049 1785 1079 1808 ut
1097 1780 1170 1808 Deus
1188 1781 1276 1808 verbo
1290 1782 1410 1808 careret?
1425 1782 1558 1816 Spiritum
1573 1783 1638 1810 item
1655 1785 1770 1811 vocatis.
1786 1785 1834 1812 Est

1048 1833 1114 1853 vero
1125 1829 1157 1853 'et
1169 1825 1300 1861 Spiritus.
1317 1826 1414 1854 Nullus
1428 1827 1501 1854 enim
1522 1828 1590 1855 citra
1607 1828 1732 1863 spiritum
1745 1836 1835 1858 sermo

1048 1871 1192 1899 articulate
1225 1872 1372 1906 procedere
1402 1877 1503 1907 potest.
1529 1873 1584 1900 Nos
1606 1881 1688 1908 porro
1713 1881 1776 1901 cum
1802 1883 1835 1903 ea

1049 1916 1162 1943 unicum
1190 1917 1223 1944 ad
1250 1918 1334 1945 Deum
1360 1918 1528 1950 referamus,
1555 1919 1659 1946 idcirco
1679 1920 1788 1947 Patrem
1809 1926 1837 1948 et

1049 1962 1149 1990 Filium
1177 1966 1206 1990 et
1236 1962 1368 1997 Spiritum
1399 1968 1524 1991 sanctum
1553 1964 1722 1996 invocamus,
1751 1972 1783 1993 ac
1813 1967 1836 1994 si

1051 2013 1184 2040 mentem,
1203 2008 1335 2041 Verbum,
1349 2012 1379 2036 et
1402 2008 1534 2043 Spiritum
1559 2010 1639 2037 simul
1666 2012 1836 2046 contempla-

1051 2061 1156 2081 remur.
1178 2053 1231 2081 Sed
1247 2053 1342 2082 eadem
1365 2062 1476 2089 quoque
1501 2063 1550 2089 per
1575 2063 1605 2083 se
1629 2056 1710 2091 vique
1727 2065 1777 2083 sua
1794 2065 1836 2085 as-

1051 2099 1179 2127 serimus.
1197 2100 1357 2127 Divinarum
1380 2101 1454 2126 enim
1478 2109 1568 2128 rerum
1594 2102 1667 2129 nulla
1685 2103 1743 2130 suis
1763 2109 1838 2131 caret

1050 2145 1166 2172 viribus.
1182 2144 1325 2182 Siquidem
1350 2145 1470 2173 Verbum
1499 2151 1593 2174 nostro
1618 2147 1708 2174 simile
1736 2148 1839 2175 intelli-

1017 2190 1172 2239 Dgendum
1196 2198 1253 2218 non
1276 2195 1329 2224 est,
1353 2192 1427 2226 quod
1452 2192 1565 2226 spiritus
1582 2192 1694 2226 quidem
1720 2193 1839 2221 admini-

1053 2237 1115 2264 culo
1138 2236 1287 2271 profertur,
1305 2242 1332 2264 at
1360 2237 1387 2263 in
1413 2244 1494 2264 auras
1519 2237 1680 2270 evanescit;
1703 2238 1752 2265 sed
1774 2246 1840 2266 con-

1055 2283 1197 2310 venienter
1221 2281 1287 2315 Deo,
1315 2282 1512 2316 sempiternum
1545 2282 1650 2310 scilicet
1680 2287 1764 2318 atque
1791 2292 1837 2319 per

1053 2336 1083 2356 se
1113 2328 1278 2356 subsistens.
1305 2327 1447 2362 Siquidem
1473 2335 1566 2355 rerum
1597 2328 1753 2355 divinarum
1778 2338 1839 2365 per.

1053 2375 1189 2403 functorie
1216 2375 1290 2402 nulla
1322 2375 1363 2402 ﬁt.
1395 2374 1465 2402 Sunt
1487 2374 1561 2402 enim
1579 2375 1649 2408 illas,
1667 2377 1750 2410 atque
1786 2385 1838 2404 una

1054 2426 1144 2454 sunt,-
1162 2429 1266 2456 suaque
1291 2421 1430 2457 hypostasi
1458 2424 1486 2448 et
1513 2420 1669 2448 substantia
1697 2427 1836 2454 constant,

1056 2468 1139 2495 unius
1153 2472 1180 2494 et
1197 2467 1319 2502 eiusdem
1334 2471 1452 2500 naturae,
1469 2466 1584 2494 honoris
1597 2471 1680 2502 atque
1696 2470 1837 2496 essentia.

1057 2514 1115 2542 lloc
1130 2514 1209 2542 nobis
1233 2519 1274 2541 est
1300 2513 1421 2541 Trinitas
1433 2534 1441 2546 ,
1470 2520 1525 2540 non
1542 2513 1615 2541 Deus
1628 2535 1635 2546 ,
1668 2519 1696 2541 et
1712 2515 1797 2548 Deus,
1814 2521 1840 2542 et

1059 2561 1141 2588 Deus.
1159 2560 1266 2588 Abeant
1282 2560 1310 2588 in
1325 2561 1423 2587 malam
1451 2567 1520 2592 rem,
1548 2561 1594 2595 qui
1625 2561 1696 2588 hanc
1721 2562 1839 2588 circum-

1058 2607 1151 2634 ferunt
1166 2606 1293 2640 heresin,
1311 2606 1363 2634 hac
1387 2608 1461 2635 enim
1486 2608 1531 2635 via
1555 2607 1698 2642 pluralitas
1729 2607 1840 2634 deorum

1060 2652 1294 2680 introduceretur.
1317 2653 1374 2680 Nos
1399 2661 1464 2681 vero
1492 2654 1550 2681 haec
1565 2674 1572 2685 ,
1600 2661 1662 2688 quas
1682 2654 1839 2688 proprieta-

1061 2698 1135 2726 tibus
1152 2699 1205 2725 tria
1229 2703 1304 2731 sunt,
1321 2706 1407 2726 unum
1426 2707 1487 2727 esse
1499 2699 1595 2732 Deum,
1610 2707 1690 2726 unam
1709 2705 1839 2731 naturam,

1061 2752 1144 2773 unaut
1167 2744 1286 2780 denique
1317 2745 1499 2774 substantiam
1527 2746 1668 2773 docemus.
1697 2745 1754 2773 lloc
1773 2750 1841 2773 certo
