1949 3073
77 132 163 165 1149

725 134 921 165 ΤΗΕΞΑΗΒΙ
944 135 1019 165 LIB.
1041 135 1082 166 II.

1646 135 1715 167 ΙίΞο

73 188 187 217 credat
216 196 328 217 necesse
352 194 411 221 est.
437 191 596 226 quicunque
621 191 704 226 sapit,
735 193 879 226 pietatem-
894 193 917 220 Δ
931 196 982 223 est,
998 192 1071 226 quod
1089 200 1150 224 nos,
1169 193 1215 227 qui
1236 191 1396 220 orthodoxae
1414 191 1475 220 fidei
1502 196 1654 220 assertores
1669 202 1709 220 su-

75 243 142 270 que
163 235 349 272 amplectitur.

396 284 471 311 CAP.
496 284 580 313 XXII.

123 327 324 357 Demomtratio
335 338 366 357 ea:
379 331 562 357 communibus
581 329 739 363 nationibus,
758 338 840 357 unum

306 367 334 392 tn
351 365 478 392 Trinitate
499 365 581 392 Deum
598 373 662 392 esse.

119 420 220 447 Cuivis
235 421 353 455 homini,
383 422 430 457 qui
455 427 574 450 mentem
607 423 740 451 divinitus
766 423 875 451 insitam

80 463 188 498 habet,
211 465 269 493 htec
293 467 365 494 ultro
388 475 497 502 quoque
528 468 642 497 inhaeret
658 469 751 504 opinio
768 490 775 501 ,
803 469 876 504 quod

79 511 164 539 Deus
179 512 332 541 substantia
351 514 397 546 sit,
415 522 476 549 qua:
502 515 683 543 substantiam
709 523 819 543 omnem
848 521 877 544 et

79 559 223 592 potentia,
246 567 307 594 qua:
335 561 483 594 potentiam
506 566 618 597 superet
635 563 729 590 :actio
756 562 877 597 denique

78 605 164 631 omni
192 605 299 632 actione
328 599 466 640 superior.
495 612 525 635 ut
556 608 602 643 qui
632 616 721 643 neque
747 609 876 641 sectioni,

78 657 179 685 neque
204 652 407 686 cmnpositioni.
436 661 526 688 neque
545 654 664 688 passioni
695 655 742 682 ulli
766 655 801 682 sit
829 656 878 681 ob-

79 697 200 725 noxius.
214 697 270 725 Nec
287 703 377 726 tamen
405 707 419 726 a
445 700 552 727 ratione
582 700 673 728 minus
698 701 720 728 is
755 701 876 733 aberrat.

80 743 134 777 qui
151 743 237 770 Deum
253 744 423 775 substantia).
441 746 570 779 potentiae
593 750 621 774 et
649 747 764 774 actionis
781 754 878 781 exper«

89 793 150 815 tem
169 797 230 817 esse
251 789 411 817 arbitratur.
431 790 519 825 Eque
549 800 614 819 vero
638 794 747 820 aberrat
773 800 788 819 a
804 792 877 820 veri-

82 837 154 866 tate,
179 833 226 868 qui
250 834 336 861 Deum
367 834 531 867 substantia,
555 841 582 863 et
606 836 653 871 qui
676 837 819 872 potentia.
848 841 875 864 et

79 878 132 914 qui
165 879 272 907 actione
301 881 400 915 privat.
434 881 622 916 Quodcunque
644 882 719 909 enim
762 882 876 917 triplicis

80 925 261 958 cognationis
289 926 442 953 membrum
468 926 601 955 divellere
632 928 768 963 quispiam
793 936 876 956 ausus

81 970 183 1002 tuerit.
212 979 246 998 eo
276 971 414 1006 duplicem
441 972 639 1007 blasphemiam
668 973 802 1001 adversus
826 974 874 1001 Di~

85 1016 235 1044 vinitatem
249 1017 441 1052 cjaculabitur.
459 1014 695 1051 Quemadmodum
712 1020 785 1047 enim
803 1021 874 1055 quod

82 1062 242 1090 substantia
257 1069 342 1094 caret.
358 1064 450 1091 Deitas
468 1072 522 1092 non
537 1070 580 1092 est
595 1075 602 1092 :
629 1065 665 1092 ita
684 1073 772 1100 neque
801 1066 874 1100 quod

83 1113 136 1136 aut
151 1109 285 1143 potentia,
302 1114 349 1136 aut
363 1110 472 1137 actione
488 1109 623 1145 privatur.
651 1110 718 1138 Nam
743 1111 789 1146 qui
815 1110 873 1138 ﬁeri

85 1157 191 1189 potest,
209 1162 242 1181 ne
256 1155 283 1182 id
308 1156 582 1190 suprrsubstantialis
598 1156 752 1184 substantia
780 1157 825 1188 sit,
841 1165 874 1184 ex

83 1191 141 1235 quuo
158 1200 231 1228 nulla
244 1209 297 1228 non
314 1202 466 1229 substantia
480 1202 686 1237 procedit?1‘lec
705 1210 770 1230 vero
788 1203 875 1237 magis

85 1246 146 1274 ﬁeri
163 1253 264 1281 potest,
281 1253 312 1276 ut
324 1248 350 1275 id
371 1256 403 1276 ex
420 1257 475 1283 quo
491 1250 613 1284 potentia
630 1253 656 1276 et
675 1249 746 1276 attio
771 1250 874 1283 qtnevis

84 1293 214 1326 scaturit,
236 1293 368 1328 illisipsis
396 1299 499 1322 careat.
519 1295 556 1321 Ex
582 1295 627 1322 illa
643 1303 708 1330 ergo
735 1295 803 1322 nulli
819 1303 872 1322 non

85 1337 232 1365 hominum
277 1339 359 1366 insita
395 1341 507 1367 notione
536 1344 611 1375 patet
641 1348 722 1375 quam
758 1341 872 1368 minime

84 1384 121 1411 sit
137 1385 298 1417 absurdum.
317 1386 371 1412 imo
387 1386 470 1413 etiam
488 1387 646 1413 necessario
675 1392 872 1421 consequatur,

85 1433 116 1456 ut
131 1430 202 1457 trina
217 1430 264 1457 Dei
281 1434 401 1464 potestas
415 1431 583 1458 celebretur.
600 1431 660 1458 Una
676 1431 786 1466 quidem
801 1431 869 1459 sub-

86 1476 195 1503 stantiae
229 1476 539 1511 supersubstantialitas,
567 1485 619 1504 una
645 1478 709 1505 item
740 1479 871 1512 potentiw

83 1522 364 1556 superpotentialitas.
398 1529 452 1549 una
481 1522 600 1557 denique
630 1524 749 1550 actionis
787 1524 869 1551 simul

85 1571 150 1594 nata
185 1567 328 1594 identitas.
343 1567 408 1600 Qua:
425 1567 478 1595 tria
493 1575 526 1595 ex
541 1568 637 1595 eadem
649 1577 741 1601 causa,
758 1569 870 1596 eodem-

84 1619 138 1647 que
162 1612 299 1647 principio
329 1613 411 1640 simul
441 1613 606 1648 procedunt,
623 1619 651 1641 et
669 1614 753 1641 simul
774 1614 868 1642 eluce-

83 1662 172 1685 scunt.
204 1658 270 1685 Nam
302 1666 364 1685 cum
396 1659 486 1685 omnis
515 1659 669 1686 substantia
701 1659 752 1686 hoc
780 1660 868 1694 ipsqu

84 1704 157 1738 quod
172 1709 214 1731 est
228 1712 244 1730 a
272 1705 327 1731 Deo
350 1705 498 1739 acceperit.
532 1705 562 1731 lit
580 1710 609 1732 ut
636 1713 726 1740 neque
744 1706 807 1733 sine
820 1714 869 1740 po-

86 1750 169 1777 tentia
200 1757 288 1784 neque
317 1750 376 1777 sine
407 1751 516 1778 actione
547 1752 781 1786 deprehendatur.
808 1752 867 1780 Jam

84 1796 129 1830 qui
150 1795 208 1822 ﬁeri
227 1800 328 1830 potest,
349 1801 380 1823 ut
396 1797 442 1831 qui
467 1797 525 1824 haec
543 1797 625 1824 rebus
650 1805 711 1832 quae
725 1802 790 1825 sunt
815 1799 868 1825 im-

84 1841 199 1876 pertitus
225 1846 276 1873 est,
301 1842 460 1877 donumque
482 1842 508 1869 in
528 1842 581 1870 illis
599 1851 678 1870 suum
698 1844 735 1871 ita
754 1853 868 1872 conser—

86 1891 128 1914 vat
151 1891 181 1913 ut
204 1887 317 1914 dissolvi
344 1887 507 1923 dissiparive
532 1897 585 1915 non
610 1890 715 1924 possit,
740 1891 783 1918 vel
808 1891 866 1925 ipse

86 1931 158 1966 prius
176 1927 240 1959 non
260 1932 316 1960 haec
337 1932 437 1965 fuerit,
461 1933 505 1960 vel
528 1933 746 1962 immutationem
771 1943 866 1970 quam-

83 1977 142 2005 dam
153 1982 185 2005 .et
205 1978 387 2013 privationem
409 1987 504 2006 eorum
530 1988 591 2015 qua:
615 1989 664 2008 sua
684 1987 776 2010 essent
802 1991 866 2018 per-

83 2030 176 2057 pessus
198 2023 393 2051 existimetur?
427 2024 507 2057 Quod
537 2025 560 2053 si
593 2025 636 2053 his
670 2027 864 2055 contradicere

82 2075 158 2096 nemo
176 2073 268 2102 queat.
292 2069 468 2104 perspicuum
500 2074 552 2103 est,
578 2079 659 2098 unam
681 2072 812 2100 Deilatem
835 2073 863 2100 in

84 2113 169 2141 tribus
181 2121 242 2141 esse
258 2113 435 2141 adorandam.
449 2115 486 2141 Ea
501 2119 642 2143 vero‘sunt
657 2117 747 2148 Pater,
764 2117 862 2150 Filius,

81 2164 108 2187 et
126 2159 242 2194 Spiritus
263 2164 387 2187 sanctus.
413 2161 461 2188 Vel
485 2162 566 2188 etiam
582 2162 633 2189 hoc.
653 2168 733 2197 pacto
747 2164 862 2191 demon-

929 246 990 266 mus
1008 246 1097 272 neque
1119 239 1204 266 alium
1233 239 1330 270 Deum,
1353 246 1385 265 ex
1401 246 1455 273 quo
1484 239 1574 266 Verbo
1600 244 1627 266 et
1653 239 1711 273 Spi-

928 285 999 313 ritus
1017 285 1183 320 procedunt,
1214 293 1305 320 neque
1335 287 1399 313 item
1431 285 1612 320 procedentes
1640 286 1715 319 ipsos

927 332 1010 359 alium
1035 336 1063 359 et
1093 332 1176 359 alium
1204 339 1264 360 esse
1301 332 1460 359 docemus:
1489 332 1543 358 imo
1569 338 1653 357 unum
1681 339 1714 358 ex

928 378 1016 406 tribus
1032 378 1117 405 Deum
1138 378 1221 405 unius
1242 382 1368 409 naturae,
1396 377 1543 404 voluntatis
1556 397 1563 409 ,
1595 377 1714 410 imperii,

928 430 956 453 et
970 424 1176 452 dominationis.
1194 423 1264 451 Hinc
1278 423 1352 451 enim
1378 423 1491 450 deorum
1509 423 1599 450 unitas
1626 430 1716 457 eaque

928 469 1072 497 individua
1096 469 1238 497 elucescit.
1264 469 1360 499 Alias.
1387 468 1433 503 qui
1462 467 1519 494 ﬁeri
1547 471 1656 502 potest.
1685 471 1716 492 ut

929 525 990 552 quae
1010 516 1038 543 in
1056 524 1138 544 unam
1164 516 1344 550 eamdemque
1370 519 1507 544 naturam.
1535 513 1715 545 voluntatem,

928 567 955 590 et
973 567 1136 598 potestatem
1161 562 1381 597 coniunguntur,
1409 559 1587 594 conjungenti
1613 558 1716 585 nobili-

929 610 984 635 tate
1000 607 1198 635 contumeliosa
1214 605 1292 633 sint?

1228 673 1305 701 CAP.
1327 672 1420 700 XXIII.

946 733 1078 759 Aduersus
1098 739 1151 762 cos,
1170 731 1215 765 qui
1234 738 1280 757 nos
1296 730 1322 756 in
1337 734 1389 756 tres
1403 729 1465 756 deos
1480 728 1585 756 credere
1600 728 1698 755 dicunt.

966 788 1145 822 Nequaquam
1167 787 1194 813 in
1212 791 1268 813 tres
1298 786 1364 812 deos
1386 785 1534 816 credimus,
1557 785 1610 812 hoc
1624 784 1715 812 absit!

929 835 977 863 sed
993 835 1021 862 in
1037 842 1121 861 unum
1139 834 1224 860 Deum
1253 833 1473 866 omnipotentem
1486 850 1493 862 ,
1513 831 1559 865 qui
1584 831 1671 871 tribus
1689 831 1716 857 in

929 881 1056 917 personis
1078 879 1260 914 dignoscitur.
1288 878 1373 906 Unam
1399 877 1426 904 in
1454 876 1545 904 tribus
1566 881 1714 908 naturam,

928 937 1010 956 unam
1026 927 1190 963 potentiam,
1208 933 1292 952 unum
1310 924 1455 952 consilium
1467 942 1475 954 .
1494 930 1574 949 unam
1595 921 1714 956 denique

926 973 1064 1001 actionem
1083 974 1300 1006 cognoscentes,
1326 977 1379 1003 qua
1406 968 1571 994 innotescat.
1600 967 1656 994 Nec
1682 974 1715 993 eo

927 1017 1092 1047 temeritatis
1110 1017 1216 1048 venias,
1235 1020 1263 1042 ut
1279 1023 1334 1049 quo
1350 1014 1376 1041 id
1393 1018 1472 1048 pacto
1490 1013 1536 1040 ﬁat
1550 1013 1713 1047 interroges.

928 1063 1043 1091 Inscitiae
1069 1062 1143 1089 enim
1165 1065 1357 1096 argumentum
1379 1062 1439 1091 est,
1465 1058 1487 1085 si
1513 1058 1574 1093 quis
1597 1065 1658 1085 cum
1680 1057 1714 1084 de

926 1109 982 1137 Deo
997 1109 1097 1144 agitur.
1113 1115 1168 1143 quo
1183 1107 1264 1136 modo
1280 1107 1445 1134 sciscitetur.
1485 1103 1713 1138 Quandoquidem

926 1154 1234 1190 incomprehensibilis,
1260 1154 1315 1180 imo
1337 1153 1419 1180 etiam
1448 1151 1666 1183 inaccessibilis,
1684 1154 1714 1177 et

926 1203 1089 1236 incorporea
1103 1207 1145 1229 est
1162 1200 1304 1229 Divinitas.
1322 1199 1400 1227 Unde
1434 1199 1479 1231 ﬁt,
1508 1203 1538 1226 ut
1565 1198 1653 1234 qualis
1677 1198 1713 1224 sit

925 1248 1057 1284 explicari
1073 1248 1147 1276 nullo
1166 1247 1247 1274 modo
1261 1251 1353 1281 queat.
1370 1245 1434 1278 ρυλε
1453 1245 1526 1273 enim
1543 1245 1640 1272 oculus
1656 1251 1712 1270 non

926 1294 1012 1326 vidit.
1036 1294 1082 1329 qui
1112 1293 1277 1329 cogitatione
1308 1300 1386 1319 mens
1414 1290 1523 1326 assequi
1556 1289 1664 1317 valeat?
1685 1293 1714 1316 et

925 1348 985 1374 quae
1020 1338 1106 1366 menti
1140 1339 1232 1373 pervia
1261 1345 1314 1365 non
1345 1342 1428 1369 sunt,
1453 1344 1520 1364 eane
1552 1336 1713 1370 cujusquam

925 1378 1055 1413 sermone
1082 1385 1214 1419 explicari
1245 1383 1398 1419 poterunt?
1422 1382 1557 1412 Caeterum
1586 1381 1658 1416 quod
1685 1381 1713 1408 in

926 1432 1061 1459 Trinitate
1078 1431 1149 1459 Deus
1166 1431 1212 1464 sit,
1228 1435 1257 1458 et
1270 1429 1394 1458 veritatis
1410 1429 1506 1464 ipsius,
1523 1433 1550 1456 et
1563 1427 1713 1463 Scriptura:

925 1486 1007 1506 sacra:
1028 1477 1185 1505 testimonio
1206 1477 1382 1511 perspicuum
1402 1480 1455 1508 est,
1480 1480 1510 1502 ut
1539 1474 1567 1501 in
1594 1481 1712 1508 sequen-

927 1524 1000 1550 tibus
1028 1523 1247 1550 conlirmabitur.
1270 1522 1429 1550 Percontari
1460 1525 1551 1548 autem
1570 1541 1576 1550 .
1603 1527 1658 1554 quo
1685 1519 1710 1546 ἰιι

926 1572 1007 1598 modo
1023 1571 1079 1604 ﬁat,
1101 1570 1220 1597 hominis
1237 1569 1384 1604 improvidi
1407 1574 1458 1601 est,
1485 1571 1512 1595 et
1539 1567 1598 1602 ejus
1618 1565 1663 1600 qui
1683 1572 1712 1592 se

925 1625 975 1644 suo
994 1617 1085 1644 metiri
1112 1616 1181 1651 pede
1207 1616 1322 1643 nesciat.
1352 1615 1432 1642 Prius
1453 1614 1525 1642 enim
1561 1620 1643 1640 nosce
1670 1616 1713 1638 te-

925 1663 1013 1698 ipsum
1029 1670 1084 1698 quo
1100 1662 1180 1689 modo
1213 1662 1301 1688 anima
1320 1661 1368 1688 tibi
1384 1661 1419 1687 sit
1444 1659 1543 1691 inlusa,
1571 1657 1711 1693 quomodo

924 1714 1083 1744 compactus
1105 1717 1145 1739 es.
1171 1708 1310 1744 quomodo
1341 1715 1386 1734 res
1409 1707 1573 1740 incorporea
1600 1703 1710 1738 corpori

924 1759 970 1781 tuo
991 1753 1137 1781 inhabitet.
1157 1753 1252 1780 Utrum
1269 1752 1352 1786 igitur
1366 1758 1467 1785 corpus
1482 1756 1557 1777 tuum
1573 1756 1636 1776 cum
1652 1755 1708 1774 om-

923 1800 1005 1827 nibus
1019 1800 1077 1827 suis
1097 1799 1229 1826 membris
1254 1797 1423 1829 extenditur,
1448 1804 1483 1823 an
1508 1803 1574 1823 vero
1600 1795 1627 1821 in
1654 1801 1709 1821 uno

922 1851 1093 1874 contractum
1111 1845 1289 1873 continetur?
1304 1845 1362 1872 Jam
1381 1844 1403 1872 si
1428 1842 1597 1872 extenditur,
1624 1841 1707 1868 stulta

921 1895 963 1918 est
976 1891 1101 1925 quaestio,
1119 1898 1266 1924 corporum
1283 1890 1356 1917 enim
1377 1887 1518 1923 proprium
1531 1891 1574 1914 est
1586 1885 1707 1913 extendi.

921 1935 968 1963 Sin
987 1935 1169 1967 contrahitur.
1190 1935 1275 1961 multo
1293 1934 1414 1965 stultior,
1430 1940 1482 1960 nec
1504 1933 1577 1959 enim
1606 1938 1706 1965 corpus

920 1981 1051 2008 duntaxat
1076 1981 1268 2015 incorporeum
1293 1979 1531 2014 deprehendetur,
1563 1977 1610 2004 sed
1639 1977 1706 2003 reli-

919 2035 980 2063 qua:
1002 2035 1113 2062 quoque
1148 2031 1239 2062 partes
1263 2031 1396 2054 emortua:
1423 2025 1624 2052 convincentur
1640 2043 1647 2054 ,
1675 2027 1707 2050 ut

918 2082 979 2109 quae
996 2074 1030 2101 ab
1048 2075 1138 2100 anima
1154 2073 1310 2101 viviﬁcante
1333 2074 1464 2107 seiuncta:
1484 2072 1548 2098 sint.
1577 2070 1654 2103 Quod
1682 2069 1704 2097 si

918 2129 1012 2149 eorum
1028 2129 1088 2156 quae
1106 2120 1132 2147 in
1153 2124 1179 2147 te
1195 2125 1259 2147 sunt
1283 2119 1450 2154 cognitionis
1479 2125 1562 2152 capax
1591 2116 1704 2144 minime

917 2167 965 2199 sis.
983 2167 1029 2201 qui
1045 2167 1103 2193 fieri
1125 2169 1224 2200 potest.
1249 2169 1280 2192 ut
1303 2172 1335 2191 ea
1362 2163 1507 2198 intelligas,
1535 2169 1595 2196 quae
1621 2169 1703 2196 supra

83 2205 158 2234 strari
174 2209 281 2240 potest:
303 2205 361 2234 Una
378 2207 479 2239 Deitas.
496 2215 556 2242 qua:
572 2208 682 2242 quidem
696 2216 711 2235 a
726 2209 861 2245 theologis
878 2213 899 2240 D
916 2217 941 2240 te
961 2211 1044 2239 sunt?
1060 2211 1127 2238 Nam
1143 2212 1166 2238 si
1182 2210 1284 2245 judicia
1300 2207 1410 2236 Domini
1424 2206 1612 2234 inscrutabilia
1627 2210 1699 2237 sunt.

83 2259 153 2278 mens
163 2251 285 2278 universi
300 2251 444 2285 delinitur,
460 2253 495 2280 ab
507 2253 689 2289 intelligentia
703 2259 731 2282 et
745 2261 861 2290 cognato

84 2297 218 2324 intellectu
234 2305 289 2325 non
305 2298 470 2333 seiungitur.
494 2298 520 2326 Si
538 2296 650 2334 quidem
672 2308 749 2328 mens
772 2301 861 2329 haud-

82 2351 210 2378 quaquam
226 2348 308 2375 esset.
334 2344 387 2371 nisi
402 2345 484 2372 simul
509 2346 655 2374 exsisteret
669 2347 859 2383 intelligentia.

83 2396 129 2415 nec
143 2389 321 2423 intelligentia
341 2390 472 2423 vicissim,
486 2391 508 2418 si
529 2391 669 2419 intellectu
694 2395 859 2427 privaretur.

83 2433 134 2461 Hoc
160 2435 342 2470 theologicum
369 2437 476 2463 axioma
504 2437 546 2464 vel
575 2437 626 2465 hac
651 2446 727 2466 sacra
754 2440 860 2468 ratione

85 2480 296 2512 continuabitur.
314 2481 369 2510 Nec
383 2483 456 2510 aliud
470 2491 502 2510 ex
519 2484 573 2511 alio
599 2488 646 2512 aut
671 2485 788 2512 divisum
812 2492 860 2514 aut

84 2527 227 2562 seiunctum
248 2532 301 2559 est,
327 2536 417 2564 neque
431 2529 504 2556 aliud
527 2530 615 2564 prius,
638 2531 749 2559 aliudve
767 2538 859 2568 poste-

84 2573 144 2605 rius,
159 2577 187 2600 et
205 2578 295 2601 tamen
316 2574 367 2601 tria
384 2579 458 2602 sunt.
486 2575 542 2602 Nec
566 2577 639 2604 enim
657 2578 729 2612 quod
757 2587 834 2607 mens
849 2599 856 2612 ,

83 2619 106 2646 id
125 2619 208 2654 ipsum
235 2625 278 2647 est
303 2621 482 2656 intelligentia
499 2642 506 2654 ,
537 2629 565 2650 et
591 2624 765 2659 intellectus,
787 2634 858 2660 quo-

84 2665 145 2695 niam
173 2673 222 2693 nec
253 2667 298 2694 illa
327 2672 392 2694 sunt
416 2668 517 2695 mentis
546 2670 658 2698 nomine
692 2673 829 2699 censenda
847 2693 854 2704 ,

84 2712 196 2746 quamvis
216 2720 248 2739 ex
265 2717 355 2739 tuente
373 2714 534 2747 procedant,
551 2719 579 2742 et
605 2723 683 2744 mens
708 2718 790 2744 simul
820 2719 855 2745 sit

84 2765 136 2783 cum
153 2757 216 2784 illis.
244 2757 291 2785 IIis
310 2766 394 2793 porro
416 2759 491 2785 aliud
520 2764 617 2787 natura
632 2781 640 2793 ,
666 2761 799 2796 dignitate
828 2767 856 2790 et

46 2843 49 2846 ν
84 2803 265 2839 conjunctione
294 2804 504 2840 haudquaquam
527 2814 679 2840 conversa,
709 2808 782 2835 aliud
809 2809 856 2836 ba-

86 2849 135 2878 bitu
147 2850 403 2883 ctproorietatibus
432 2855 550 2880 constat.
577 2852 647 2881 IIiuc
677 2855 853 2891 perspicuum

914 2263 942 2285 ct
958 2259 1007 2285 viae
1023 2258 1084 2292 ejus
1101 2255 1376 2292 impervcstigabiles,
1400 2261 1520 2288 quonam
1547 2252 1629 2279 modo
1653 2251 1698 2279 ille

915 2303 972 2338 ipse
990 2302 1155 2337 inquiretur,
1171 2305 1219 2328 aut
1237 2299 1489 2335 pervestigabitur?
1516 2298 1697 2333 Quemadmo~

913 2349 977 2376 dum
993 2356 1058 2376 \ero
1072 2347 1123 2379 sol.
1150 2348 1257 2374 tametsi
1283 2347 1381 2373 unicus
1405 2345 1460 2378 sit,
1484 2352 1517 2372 ex
1539 2352 1568 2372 se
1608 2349 1698 2371 tamen

911 2396 1002 2424 lucem
1021 2400 1048 2422 et
1063 2395 1182 2421 ralorem
1196 2393 1306 2421 emittit:
1324 2397 1352 2421 et
1368 2393 1407 2420 sol
1425 2392 1536 2427 quidem
1557 2391 1628 2418 lucis
1650 2399 1695 2418 no-

913 2443 986 2470 mine
1003 2440 1183 2476 siguilicatur:
1202 2441 1246 2467 lux
1260 2447 1344 2475 porro
1364 2444 1463 2467 cuncta
1490 2447 1550 2473 quae
1567 2438 1694 2465 videntur

911 2487 1078 2516 claritudine
1095 2486 1225 2521 patefacit
1239 2507 1245 2518 ,
1266 2485 1341 2512 calor
1361 2492 1425 2511 vero
1440 2483 1589 2512 animantia
1605 2483 1693 2510 omnia

912 2534 1075 2570 plantasque
1092 2533 1212 2560 viviﬁcat
1227 2542 1234 2560 τ
1253 2533 1288 2560 ita
1311 2533 1393 2560 etiam
1411 2532 1482 2559 Deus
1496 2531 1575 2558 Pater
1597 2530 1692 2558 Filium

908 2586 937 2608 et
953 2581 1087 2615 Spiritum
1105 2581 1141 2607 ita
1158 2579 1293 2611 continet,
1311 2583 1340 2606 ut
1365 2587 1418 2605 una
1440 2578 1467 2605 in
1487 2577 1575 2604 tribus
1604 2575 1696 2603 Deitas

908 2625 1171 2661 comprehendatur.
1191 2624 1266 2651 Unus
1286 2624 1358 2651 enim
1383 2624 1455 2650 Deus
1479 2627 1533 2654 est,
1557 2622 1620 2656 quia
1641 2629 1696 2649 una

908 2673 1011 2704 Deitas.
1027 2671 1260 2707 quemadmodum
1281 2675 1310 2697 ct
1339 2670 1427 2697 lucem
1452 2669 1517 2696 solis
1544 2668 1628 2695 solem
1647 2675 1694 2702 ap-

907 2719 1051 2754 pellamus.
1073 2718 1141 2746 Cunt
1158 2718 1231 2745 enim
1249 2725 1297 2751 per
1309 2718 1433 2744 foramen
1450 2715 1560 2750 aliquod
1580 2717 1607 2742 in
1621 2715 1695 2742 mdes

906 2765 1048 2801 ingressus
1067 2770 1119 2797 est,
1138 2765 1174 2792 ita
1199 2764 1291 2791 dicere
1313 2763 1434 2791 solemus
1461 2771 1467 2788 :
1490 2761 1535 2789 Sol
1554 2762 1694 2796 ingressus

907 2811 1019 2839 domum
1038 2811 1197 2843 illustravit,
1222 2816 1329 2840 contra.
1347 2810 1369 2838 si
1386 2809 1496 2844 quando
1509 2809 1536 2836 vi
1563 2809 1630 2844 solis
1645 2816 1690 2835 ca~

906 2857 1031 2886 lciactiva
1059 2857 1270 2891 incalescatuus,
1299 2856 1393 2892 utique
1411 2863 1460 2884 nos
1476 2863 1490 2883 a
1506 2854 1562 2883 sole
1586 2853 1680 2883 calcta~
