1949 3073
211 121 279 153 1151

833 121 856 151 Ν
862 121 982 152 ΙΕΕΤΑἘ
1001 121 1102 152 CHON
1109 123 1203 153 [ΑΤιΕ

1755 120 1842 154 ῙΙΞΞ

212 183 272 205 ctos
303 176 431 210 dicimus,
448 183 512 204 vera
533 176 642 204 interim
656 176 786 205 dicentes.
802 177 867 210 Quae
879 178 952 205 enim
963 178 997 204 ab
1009 177 1035 208 Α
1049 179 1138 206 verbis
1154 185 1197 207 est
1210 178 1372 207 vaticinatus
1387 187 1394 206 :
1409 178 1473 212 Quis
1490 178 1518 206 in
1535 178 1645 206 nubibus
1658 178 1776 213 aquati:
1794 179 1850 212 ﬁet

212 222 271 257 ipsa
284 227 382 250 natura
396 222 558 258 procedunt,
571 230 603 249 ea
619 230 791 257 nequaquam
811 224 846 251 ab
860 224 920 259 ejus
943 232 993 259 ap-

213 268 361 302 pellatione
389 267 548 294 abhorrent.
581 267 816 300 Quemadmodum
843 276 909 304 ergo
941 269 992 301 sol,

211 313 322 340 tamersi
347 313 442 340 unicus
459 313 505 346 sit,
522 314 625 340 lumine
641 318 732 341 tamen
751 318 778 341 et
793 314 883 342 calore
923 322 994 348 prte-

213 357 288 385 ditus
310 363 369 391 est,
393 366 510 392 quorum
537 359 646 394 utrique
669 359 750 386 etiam
772 360 838 387 solis
865 360 995 387 tribuitur

212 403 369 437 appeliatio,
389 411 451 431 cum
469 403 579 431 interim
602 404 638 431 sit
652 404 750 432 unicus
765 404 804 432 sol
822 413 829 432 :
848 405 888 432 sic
910 404 993 432 etiam

213 449 321 476 tametsi
352 457 423 476 unus
454 454 560 477 tantum
588 451 623 477 sit
651 450 747 483 Deus,
773 451 873 478 Filium
900 455 991 478 tamen

211 499 240 521 et
268 494 399 529 Spiritum
425 495 609 523 indissolubili
636 504 709 524 nexu
743 496 796 524 sibi
832 497 995 532 conjunctos

212 537 306 572 habet,
327 539 439 574 ipseque
456 539 526 567 adeo
545 540 627 573 Deus,
654 545 685 568 ut
711 541 801 576 reipsa
826 546 879 575 est,
896 542 995 569 Filius-

211 591 266 618 que
285 584 368 617 Deus,
400 590 428 613 et
444 585 563 620 Spiritus
576 586 648 614 Deus
673 587 838 621 appellatur,
870 588 995 622 quamvis

213 637 266 656 uua
285 633 390 657 tantum
404 631 438 658 sit
455 631 599 659 Divinitas.
615 631 685 665 Quid
714 633 807 660 verbis
831 640 900 668 opus
926 638 969 661 est
983 634 995 661 ‘i

213 674 286 709 ignis
303 676 358 708 hic,
375 684 456 711 quem
474 684 557 705 sensu
574 678 752 713 percipimus,
773 680 886 707 materia
916 680 995 708 ﬁam-

215 728 287 748 mam
303 727 502 757 progenerante
516 728 635 756 constat,
651 729 758 752 constat
777 729 806 752 et
822 733 923 760 vapore
937 727 993 759 illo,

215 767 263 801 qui
281 775 314 794 ex
338 766 446 794 ﬁamma
463 772 491 795 et
505 769 618 796 materia
646 777 754 797 sursum
779 770 925 799 emittitur:
951 772 996 799 in-

215 814 295 841 terim
310 814 379 849 ignis
398 823 467 842 unus
482 820 541 847 est,
569 815 683 844 ﬂamma:
708 822 800 844 autem
827 818 995 854 vaporisque

215 859 350 887 beneﬁcio
366 859 406 894 ﬁt,
422 864 451 888 ut
467 861 668 896 quodammodo
681 863 781 890 referat
798 865 907 891 unicam
923 853 998 892 illam
1013 853 1035 882 Β

215 905 390 933 Divinitatem
409 924 416 937 ,
452 914 514 940 quae
553 908 579 934 in
608 907 708 936 Triade
734 913 828 937 sancta
854 910 997 939 elucescit.

217 951 306 978 Unum
322 959 387 987 ergo
403 951 430 979 in
451 952 585 980 Trinitate
610 954 695 980 Deum
720 962 780 983 esse
807 955 858 983 hac
885 956 999 983 demon-

216 998 348 1024 stratione
381 999 526 1032 probatum
550 1000 607 1032 sit,
629 1005 703 1028 tanta
729 1002 864 1036 quidem,
897 1008 999 1037 quanta

218 1045 258 1071 rei
273 1044 360 1079 ipsius
375 1045 471 1072 virtuti
485 1046 617 1080 exemplis
633 1047 902 1081 comprehendendae
919 1047 995 1075 suill-

217 1090 354 1118 ciat.Nec
367 1091 441 1118 enim
469 1091 525 1118 ullo
559 1092 616 1119 ﬁeri
646 1093 726 1120 modo
749 1097 856 1128 potest,
886 1098 917 1121 ut
937 1102 1000 1128 per-

217 1135 339 1169 spicuam
365 1136 445 1171 quis,
475 1137 658 1172 omnibusque
692 1140 815 1167 numeris
846 1140 999 1167 absolutam

218 1182 344 1210 veritatis
383 1183 566 1217 cognitionem
609 1189 783 1219 assequatur.
825 1186 1000 1220 Expediisset

217 1227 327 1262 quidem
344 1232 429 1260 certe,
456 1234 485 1255 ut
501 1229 597 1256 mundi
623 1229 719 1264 Opifex
739 1238 787 1265 per
812 1236 920 1258 creatas
934 1240 948 1258 a
965 1240 995 1260 se

218 1282 261 1302 res
277 1282 331 1301 non
346 1275 520 1302 innotuissct.
538 1275 594 1303 Dici
608 1276 682 1303 enim
701 1284 754 1303 non
778 1281 868 1311 potest
894 1283 999 1313 quanto

219 1321 369 1348 interstitio
385 1321 499 1349 C'reator
517 1329 531 1348 a
547 1326 672 1349 creatura
685 1322 720 1349 sit
735 1322 859 1351 dissitus.

513 1377 588 1405 CAP.
610 1377 705 1406 XXIV.

218 1433 424 1471 Demonstratio.
441 1443 493 1469 qua
509 1434 593 1461 Deum
609 1443 640 1462 ex
657 1443 688 1471 eo
700 1437 768 1471 quod
785 1441 883 1464 natura
903 1436 1003 1464 Filium

254 1469 330 1494 habet
344 1489 364 1504 ,ν
380 1470 520 1502 adoptione
549 1478 650 1504 quoque
672 1469 742 1504 filios
762 1472 870 1500 habere.
900 1476 924 1498 et
952 1472 1003 1498 nisi

1050 224 1178 257 Domino,
1208 225 1399 253 assimilabitur
1430 225 1541 252 Domino
1569 226 1598 252 in
1630 225 1693 259 ﬁliis
1721 223 1775 251 Dei
1792 225 1818 240 ³⁸
1836 225 1850 251 2

1047 271 1148 306 quibus
1184 272 1278 299 verbis
1312 272 1464 299 naturalem
1501 271 1648 307 peculiaris
1691 270 1850 298 ﬁliationis

1046 316 1149 345 Christi
1174 318 1381 352 praerogativam
1406 317 1488 345 tacite
1518 317 1685 349 subindicat,
1716 325 1777 351 prae
1811 317 1851 345 iis

1048 371 1117 397 quos
1150 363 1223 390 Deus
1251 363 1398 398 adoptione
1428 367 1457 390 et
1485 362 1574 398 gratia
1610 362 1664 389 sibi
1697 362 1848 389 devinxit.

1047 408 1152 436 Deinde
1166 416 1234 436 vero
1265 412 1354 443 potest
1369 412 1397 436 et
1425 408 1484 435 haec
1514 408 1543 434 in
1563 407 1682 435 medium
1712 407 1848 441 proferri

1048 454 1127 481 ratio.
1147 453 1307 488 Ubicunque
1321 453 1445 480 naturale
1469 460 1524 480 non
1541 453 1714 488 praecesserit
1731 471 1740 484 ,
1776 453 1847 480 ﬁeri

1047 507 1103 527 non
1127 507 1217 535 posse,
1247 504 1277 527 ut
1302 500 1460 535 adoptivum
1487 498 1685 533 subsequatur.
1708 499 1781 526 Nam
1809 506 1849 526 ex

1048 546 1167 574 naturali
1187 546 1365 581 generatione
1391 553 1423 573 ea
1442 553 1503 580 quae
1521 552 1569 580 per
1593 544 1772 580 adoptionem
1800 544 1848 575 ﬁt.

1048 591 1201 626 excogitata
1217 595 1269 619 est.
1296 591 1392 618 Priore
1417 590 1534 623 sublata,
1562 590 1699 625 posterior
1723 597 1850 625 quoque

1049 637 1160 664 tollatur
1187 644 1299 664 necesse
1326 640 1379 664 est.
1411 635 1572 663 Necessario
1607 635 1681 663 enim
1706 640 1847 663 naturam

1051 681 1232 717 subsequitur
1248 681 1369 716 adoptio.
1395 679 1515 709 Proinde
1535 680 1589 708 nisi
1614 681 1670 708 Deo
1691 680 1766 708 Patri
1798 680 1848 708 Fi-

1049 726 1103 754 lius
1116 726 1249 753 naturalis
1264 728 1347 757 esset,
1366 733 1417 753 nec
1427 725 1586 760 adoptivum
1603 724 1687 752 etiam
1707 724 1850 752 haberet-

1050 771 1104 799 Sed
1117 771 1179 799 Filii
1195 771 1289 799 dilecti
1305 770 1450 803 beneﬁcio,
1464 778 1543 798 amor
1557 778 1611 805 quo
1626 770 1687 805 pios
1708 777 1846 804 quosque

1050 818 1228 853 prosequitur
1245 838 1252 850 ,
1282 817 1460 844 ascribendus
1475 820 1526 843 est.
1542 816 1643 843 Eadem
1667 823 1780 850 quoque
1807 815 1845 843 de

1050 872 1132 892 causa
1150 864 1222 891 ﬁlios
1239 863 1386 898 adoptione
1401 867 1493 890 vocat.
1510 862 1621 897 Alioqui
1644 862 1712 896 quid
1733 862 1844 892 obstat.

1050 910 1197 945 quominus
1217 909 1316 944 angeli,
1334 916 1395 936 cum
1415 909 1470 936 sint
1486 907 1644 935 hominibus
1659 907 1746 934 multo
1765 915 1844 942 prat-

1050 956 1208 988 stantiores,
1234 954 1419 990 spiritualium
1436 954 1554 980 ﬁliorum
1580 957 1674 988 patres
1696 952 1843 980 dicantur:

1051 1001 1175 1029 homines
1190 1005 1279 1028 autem
1295 999 1442 1028 dicantur?
1457 999 1687 1034 quemadmodum
1698 998 1733 1026 de
1749 998 1844 1026 Abra-

1052 1049 1134 1075 hamo
1164 1046 1295 1074 Dominus
1335 1045 1374 1073 ait
1392 1054 1400 1072 :
1421 1045 1528 1072 Patrem
1553 1044 1697 1071 multarum
1717 1043 1846 1078 gentium

1051 1092 1173 1119 constitui
1184 1096 1211 1118 te
1221 1091 1256 1125 ”,
1267 1090 1339 1126 quod
1355 1090 1389 1117 de
1404 1089 1479 1116 nullo
1493 1089 1652 1124 angelorum
1666 1089 1771 1116 dictum
1786 1093 1842 1115 est.

1052 1137 1169 1165 Omnino
1184 1142 1277 1164 autent
1295 1135 1359 1171 quia
1383 1135 1516 1163 naturalis
1545 1134 1704 1162 hominibus
1728 1138 1773 1161 est
1804 1134 1841 1161 li-

1050 1185 1180 1213 berorum
1196 1184 1363 1219 procreatio,
1386 1182 1491 1218 angelis
1512 1189 1580 1209 vero
1601 1189 1656 1208 non
1685 1181 1769 1213 item,
1798 1180 1842 1208 ια.

1052 1231 1126 1259 circo
1144 1231 1183 1258 illi
1205 1237 1274 1265 quos
1288 1237 1337 1264 per
1351 1228 1464 1264 gratiam
1481 1227 1553 1255 Deus
1577 1227 1731 1262 adoptavit,
1756 1231 1842 1253 natu-

1052 1276 1136 1304 ralem
1164 1275 1265 1303 Christi
1299 1275 1460 1302 ﬁliationem
1479 1272 1656 1301 confirmant.
1682 1272 1737 1300 Ubi
1762 1272 1840 1299 enim

1051 1322 1164 1352 veritas,
1181 1321 1218 1348 ibi
1240 1324 1269 1348 et
1292 1320 1415 1348 veritatis
1443 1320 1558 1355 species.
1580 1319 1632 1347 Ubi
1660 1325 1774 1353 cerpus,
1801 1317 1841 1345 ibi

1052 1372 1080 1395 et
1103 1367 1211 1394 umbra.
1233 1366 1283 1393 Ubi
1307 1365 1455 1400 exemplar,
1482 1364 1518 1392 ibi
1545 1370 1574 1392 et
1598 1364 1697 1399 imago.
1713 1363 1837 1391 Broinde

1053 1414 1117 1450 quia
1134 1417 1260 1440 naturam
1279 1412 1404 1447 sequitur
1420 1410 1549 1444 adoptio,
1576 1409 1600 1437 si
1637 1414 1736 1437 natura
1766 1416 1841 1444 pra:-

1054 1459 1166 1488 exsistat
1178 1479 1185 1490 ,
1206 1457 1346 1492 adoptioni
1361 1463 1470 1491 quoque
1484 1456 1561 1483 locus
1571 1455 1634 1482 erit.
1650 1454 1670 1482 E
1683 1454 1837 1487 contrario,

256 1503 387 1544 naturalis
406 1504 486 1544 filius
502 1501 697 1544 praecessisset,
717 1506 844 1541 adoptivis
861 1506 911 1534 loci
937 1506 1003 1534 nihil
1016 1514 1038 1544 (ι
1054 1505 1107 1533 nisi
1122 1509 1219 1532 natura
1236 1502 1426 1538 praeexsistat,
1451 1501 1562 1537 adoptio
1581 1501 1746 1536 neutiquam
1773 1508 1841 1528 con-

255 1537 387 1572 reliquum
404 1537 506 1572 fuisse,
516 1539 652 1574 probatur.

257 1595 334 1628 Quod
348 1595 370 1623 si
382 1595 493 1623 Christo
515 1596 578 1631 quis
607 1601 637 1624 ut
660 1597 745 1625 Filius
770 1598 821 1625 Dei
845 1601 1002 1632 vocaretur,

222 1641 454 1678 quemadmodum
476 1646 505 1670 et
531 1643 634 1670 sanctis
649 1663 656 1676 ,
675 1647 702 1669 et
723 1643 817 1671 lsraeli
831 1664 839 1677 ,
872 1644 1004 1680 obtigisse

223 1688 311 1723 gratia
326 1688 486 1721 contendat,
503 1689 574 1716 scire
590 1689 672 1716 debet
692 1694 849 1717 sanctorum
866 1691 1005 1718 neminem

225 1733 370 1768 perspicue
393 1733 478 1760 ﬁlium
491 1741 506 1761 a
527 1733 580 1761 Deo
595 1738 722 1761 vocatum
739 1735 837 1762 videri.
857 1734 914 1774 lmp
929 1743 1005 1763 com-

223 1780 299 1806 muni
320 1786 416 1806 omnes
430 1779 548 1814 quodam
564 1779 675 1807 nomine
692 1779 764 1808 ﬁlios
785 1780 927 1815 appellari,
950 1788 1005 1808 non

223 1833 304 1853 secus
338 1829 420 1860 atque
449 1832 545 1852 servos
574 1825 723 1852 benevolos
747 1833 762 1852 a
791 1826 907 1853 Domino
935 1826 1007 1854 ﬁlios

224 1870 278 1898 dici
306 1870 442 1898 videmus.
473 1870 585 1906 Magnus
609 1875 683 1898 certe
704 1871 756 1898 fuit
782 1871 965 1905 Abrahamus,
979 1876 1008 1899 at

227 1917 274 1945 Dei
305 1917 378 1945 filius
403 1925 575 1952 nequaquam
611 1918 702 1945 dictus
731 1922 785 1945 est.
815 1918 929 1952 Magnus
955 1918 1008 1945 fuit

225 1963 326 1999 Moyes,
342 1968 369 1991 et
384 1963 475 1991 caeteri
501 1971 599 1991 omnes
615 1964 767 1998 prophetae,
790 1971 885 1991 eorum
916 1969 1008 1992 tamen

225 2010 362 2037 neminem
390 2010 463 2037 Deus
489 2010 603 2037 nomine
639 2010 760 2037 ﬁliorum
801 2009 928 2045 dignatus
955 2015 1008 2037 est.

227 2056 365 2083 Christum
382 2064 477 2083 verum
503 2061 560 2084 tum
589 2056 662 2084 Deus
689 2056 748 2090 ipse
772 2056 852 2083 Pater
877 2056 1009 2083 dilectum

227 2101 324 2129 Filium
353 2106 442 2133 vocat,
468 2105 524 2128 tum
547 2101 689 2136 prophetat
716 2108 826 2136 quoque
857 2101 908 2136 ipsi
935 2101 1008 2128 idem

228 2150 372 2173 testantur.
398 2146 456 2174 Nec
479 2145 506 2173 id
532 2146 619 2173 solum
635 2149 708 2180 post,
726 2145 773 2173 sed
792 2151 820 2173 et.
835 2149 899 2173 ante
927 2153 1009 2181 quam

1054 1551 1153 1578 sistere
1171 1551 1273 1585 potest.

1351 1615 1428 1643 CAP.
1455 1615 1538 1643 XXV.

1056 1676 1094 1704 De
1109 1677 1254 1709 Principio.
1272 1675 1446 1714 Principium,
1471 1674 1511 1714 idr
1526 1677 1580 1714 est_
1593 1673 1661 1714 Deus
1685 1673 1776 1714 Pater,
1795 1674 1844 1714 qui

1091 1708 1339 1749 quwcunipteoult,
1364 1708 1402 1749 eo
1428 1713 1522 1743 potest.
1558 1708 1664 1749 Primus
1697 1711 1725 1734 et
1748 1708 1835 1749 prosis-

1090 1745 1182 1776 simus,
1208 1745 1364 1776 invisibilis,
1389 1745 1553 1774 immensus,
1589 1745 1838 1774 incircumscriptus.

1090 1782 1278 1815 incorporeus,
1306 1779 1478 1815 inde/initus,
1514 1782 1652 1815 internus,
1684 1776 1840 1804 saeculorum

1091 1813 1204 1849 creator,
1217 1815 1298 1842 uariis
1313 1814 1456 1848 Scriptum
1469 1813 1532 1840 locis
1548 1814 1685 1848 probatur.

1092 1871 1190 1898 Totius
1215 1876 1309 1897 rerum
1331 1866 1518 1896 universitatis
1540 1874 1626 1893 unum
1652 1873 1713 1893 esse
1739 1865 1840 1900 princi-

1058 1917 1133 1952 pium
1153 1905 1185 1944 iet
1212 1915 1319 1944 Veteris
1350 1918 1378 1942 et
1399 1913 1466 1941 Novi
1504 1912 1672 1940 Testamenti
1699 1910 1840 1946 Scriptura

1057 1966 1173 1991 constat.
1190 1962 1324 1989 Nimirum
1342 1960 1478 1987 universae
1490 1958 1585 1986 mundi
1603 1957 1736 1984 machinae
1759 1957 1841 1983 Deum

1058 2013 1086 2038 et
1101 2009 1209 2037 Patrem
1225 2006 1333 2035 Domini
1349 2005 1435 2033 nostri
1461 2004 1524 2032 Jesu
1544 2003 1659 2036 Clrristi,
1679 2002 1840 2037 ingenitum,

1061 2054 1185 2082 interitui
1209 2061 1264 2080 non
1293 2051 1443 2079 obnoxium
1455 2071 1462 2082 ,
1487 2054 1639 2081 aeternum,
1659 2049 1821 2075 immensum
1833 2067 1840 2079 ,

1060 2099 1341 2134 incircumscriptum,
1355 2096 1538 2128 indeﬁnitum,
1553 2094 1780 2129 incompositum,
1801 2094 1842 2120 ἱι-

1063 2152 1244 2181 corporeum,
1296 2143 1483 2174 invisibilem,
1514 2141 1686 2175 simplicem,
1723 2139 1839 2169 bonum.

227 2192 374 2219 humanam
397 2200 506 2219 carnem
525 2192 661 2222 indueret.
685 2193 740 2219 imo
761 2192 856 2219 hercle
870 2199 936 2220 vero
958 2200 1008 2219 an-
1025 2179 1177 2228 I)justum,
1195 2190 1287 2217 lumen
1305 2188 1364 2216 solo
1379 2188 1520 2218 intellectu
1545 2185 1734 2221 perceptibile,
1750 2188 1841 2219 poten-
1866 2222 1871 2227 Ι

229 2244 337 2272 teqnam
353 2238 472 2266 mundus
485 2239 661 2266 conderetur.
678 2238 747 2264 Illud
763 2238 847 2270 enim,
868 2238 911 2265 Ea;
933 2242 1008 2265 utero

228 2288 289 2309 ante
303 2282 453 2317 Luciferum
467 2284 545 2318 genui
562 2287 586 2310 te
605 2283 639 2315 ",
666 2287 694 2310 et
719 2283 800 2314 illud,
828 2283 896 2309 Ante
919 2290 1009 2310 omnes

227 2328 307 2356 colles
321 2330 409 2364 genuit
425 2337 465 2356 me
477 2329 511 2362 ",
527 2329 579 2357 hoc
593 2330 682 2364 ipsum
697 2328 850 2356 continuat.
865 2329 894 2356 ln
920 2329 1010 2356 homi-

229 2372 310 2399 nibus
329 2376 420 2399 autem
435 2380 490 2399 non
509 2373 545 2400 ita
559 2380 589 2400 se
617 2380 662 2400 res
684 2372 777 2401 habet.
800 2373 895 2408 Itaque
914 2382 948 2402 ex
967 2374 1010 2401 his

231 2418 321 2453 primo
345 2417 484 2445 Christum
499 2426 553 2445 non
571 2418 719 2453 adoptione
735 2423 762 2445 et
776 2420 873 2453 gratia.
888 2419 935 2446 sed
959 2427 1010 2446 na-

230 2469 290 2492 tura
307 2470 335 2492 et
348 2464 463 2491 veritate
476 2464 574 2492 Filium
591 2463 637 2491 Dei
658 2463 712 2490 diei
732 2463 841 2492 co'nstat
856 2473 863 2492 ε
888 2473 922 2492 eo
937 2464 1010 2500 quod

229 2518 325 2538 eorum
342 2512 389 2545 qui
407 2511 495 2545 gratia
509 2511 559 2537 ﬁlii
582 2515 647 2537 sunt
662 2511 770 2538 nullum
787 2511 859 2538 Deus
876 2511 930 2538 hoc
956 2511 1013 2546 pri-

229 2557 314 2585 vatim
347 2557 457 2584 nomine
488 2557 667 2590 compellarit:
696 2557 740 2584 cui
765 2557 876 2592 quidem
908 2557 1011 2590 amici,

230 2603 314 2636 servi,
329 2607 358 2630 et
371 2603 466 2630 famuli
483 2609 581 2630 nomen
596 2602 622 2629 in
637 2609 685 2629 ore
702 2602 829 2637 frequens
839 2602 1013 2636 obversatur,

231 2649 269 2677 illi
291 2657 357 2677 vero
382 2656 544 2684 nunquam;
564 2647 673 2676 Christo
689 2653 779 2676 autem
796 2649 848 2676 soli
869 2650 1013 2684 perspicue

231 2694 291 2721 κατ’
318 2694 426 2730 ἐξοχὴν,
451 2694 504 2721 hoc
524 2698 567 2721 est
591 2701 640 2729 per
672 2693 862 2721 excellentiam
877 2713 885 2726 ,
913 2703 1012 2723 nomen

232 2741 292 2769 Filii
315 2740 409 2768 dilecti
430 2740 567 2768 attribuit.
597 2739 677 2773 Quod
699 2739 815 2767 Davides
837 2748 946 2776 quoque
971 2741 1015 2770 his

1063 2238 1126 2265 tiam
1141 2233 1393 2264 immensurabilem
1409 2252 1417 2265 ,
1445 2232 1526 2267 cujus
1555 2236 1645 2258 tamen
1668 2230 1748 2256 unica
1768 2237 1839 2256 men-

1063 2289 1127 2310 sura
1158 2286 1223 2313 est,
1251 2279 1342 2307 divina
1366 2278 1471 2306 scilicet
1500 2277 1636 2304 voluntas.
1671 2275 1839 2309 Quaecunque

1063 2329 1136 2356 enim
1151 2328 1218 2359 vult,
1234 2326 1328 2354 eadem
1347 2332 1457 2360 quoque
1482 2327 1582 2358 potest.
1610 2322 1688 2354 Quod
1712 2322 1839 2356 Propheta

1063 2375 1107 2402 his
1123 2373 1212 2401 verbis
1230 2376 1327 2407 aperte
1349 2371 1539 2398 demonstrat:
1557 2367 1654 2396 Omnia
1679 2367 1753 2394 enim
1773 2375 1839 2401 qua--

1064 2428 1164 2455 cunque
1176 2419 1258 2447 voluit
1273 2418 1411 2448 Dominus,
1427 2416 1488 2451 fecit
1503 2415 1537 2442 ⁸⁸.
1555 2414 1752 2442 Praedictorum
1765 2421 1838 2448 porro

1064 2467 1208 2495 veritatem
1242 2471 1321 2492 saera
1357 2462 1498 2494 Scriptura
1531 2461 1685 2488 conﬁrmat.
1715 2459 1839 2487 Audimus

1066 2513 1139 2541 enim
1153 2511 1238 2539 Deum
1260 2510 1301 2537 sic
1329 2509 1356 2536 in
1377 2507 1557 2543 legislationis
1581 2514 1638 2534 sua:
1665 2505 1745 2533 initio
1763 2505 1838 2532 verba

1066 2559 1211 2587 facientem
1231 2565 1238 2584 :
1257 2556 1313 2591 Ego
1328 2563 1386 2581 sum
1397 2554 1521 2581 Dominus
1542 2552 1611 2579 Dens
1629 2556 1700 2583 tuus,
1714 2552 1757 2586 qui
1770 2551 1837 2578 eduxi

1068 2609 1092 2632 te
1107 2605 1139 2631 de
1160 2608 1231 2630 terra
1255 2602 1373 2637 Egypti.
1402 2600 1461 2627 Non
1475 2603 1551 2626 erunt
1570 2598 1617 2626 tibi
1641 2599 1677 2624 dii
1707 2596 1785 2624 alieni
1802 2605 1838 2624 co-

1067 2659 1126 2678 ram
1143 2657 1184 2677 me
1199 2649 1234 2675 ⁸¹.
1253 2648 1322 2675 Item
1347 2646 1400 2674 alio
1421 2647 1492 2678 loco,
1513 2644 1594 2676 Audi,
1608 2643 1704 2675 Israel,
1723 2642 1837 2669 Dominus

1067 2697 1137 2724 Deus
1165 2700 1225 2722 tuus
1253 2693 1383 2721 Dominus
1417 2699 1486 2719 unus
1515 2694 1552 2717 est
1571 2689 1605 2716 ".
1626 2688 1675 2715 His
1699 2687 1837 2722 astipulan-

1067 2745 1113 2768 tur
1133 2747 1161 2768 et
1183 2741 1228 2767 illa
1245 2759 1253 2771 ,
1278 2746 1339 2774 qua:
1365 2745 1415 2773 per
1444 2737 1542 2764 lsaiam
1574 2734 1735 2769 prophetam
1758 2732 1834 2762 docet,

268 2797 292 2813 "
308 2797 379 2824 Psal.
407 2805 461 2829 cur,
478 2797 506 2824 3.
543 2797 565 2813 ³⁷
586 2797 667 2825 Prov.
679 2803 738 2830 vnt,
758 2795 804 2824 25.
845 2796 867 2813 ³⁵
880 2797 952 2826 Psal.
967 2806 999 2826 1.x

1057 2805 1097 2831 ιιι,
1113 2797 1138 2825 7.
1177 2797 1199 2814 "
1214 2796 1281 2825 Gen.
1301 2803 1367 2829 xvu,
1380 2794 1406 2822 ι.
1446 2793 1468 2810 ⁸ο
1483 2792 1553 2821 Psal.
1567 2798 1643 2822 ειιιι,
1659 2790 1687 2818 5.
1724 2790 1744 2806 ⁸⁸
1763 2787 1834 2817 Exod.

237 2839 281 2862 xx.
293 2832 321 2863 2,
332 2833 360 2859 5.
397 2833 419 2849 δ’
432 2832 511 2861 Deut.
531 2839 569 2864 vt,
582 2833 609 2861 4.
