1949 3073
113 102 182 138 1153

743 107 940 139 THESAURI
962 110 1038 142 LIB.
1058 110 1102 142 II.

1663 113 1731 145 11M

110 162 179 198 Ego,
204 162 277 190 enim
298 161 399 198 inquit,
409 171 467 190 sum
491 162 562 190 Deus
583 163 703 198 primus,
727 168 751 190 et
778 171 825 199 ego
850 164 1052 197 no-AQuibus
1081 165 1164 193 etiam
1181 165 1272 193 verbis
1284 166 1360 194 illum
1377 166 1506 195 omnibus
1527 167 1555 195 in
1580 172 1663 196 rebus
1686 168 1732 196 in-

109 211 241 241 uissimus,
259 213 282 236 et
299 209 394 244 absque
406 218 447 236 me
462 217 513 236 non
527 213 566 235 est
578 209 650 236 Deus
662 210 694 236 “.
706 209 774 236 Ante
790 218 831 236 me
844 217 896 236 non

110 259 150 281 cst
173 255 304 289 formatus
330 255 399 282 Deus
419 255 500 288 alius,
524 264 577 283 non
600 255 668 290 fuit,
691 264 738 282 nec
764 260 824 289 post
855 263 896 282 me

109 299 214 334 futurus
230 303 279 331 est,
302 307 349 326 nec
376 299 445 326 alius
473 305 512 328 est
536 305 634 334 prwter
654 308 705 327 me.
730 301 814 333 Item,
839 300 896 336 Ego

111 344 191 376 Deus,
208 353 254 371 nec
274 349 312 372 est
336 349 432 380 prietes“
453 354 504 379 me,
525 347 616 380 justus
636 351 767 378 servator,
789 354 836 373 nec
858 350 896 373 est

111 394 209 424 prater
225 398 265 417 me
288 389 323 416 ⁵⁵.
353 390 457 422 Quibus
481 395 556 418 certe
582 391 674 418 verbis
707 391 894 423 Valentinum,

109 435 243 468 Marcum,
273 435 430 469 Basilidem,
456 442 485 464 et
509 436 673 464 Marcionem
693 437 824 464 vanitatis
849 444 896 464 co-

108 480 212 516 arguit,
232 488 321 516 neque
332 482 406 508 enim
429 486 493 509 ante
521 489 595 514 eum,
619 490 709 517 neque
736 487 798 518 post
820 490 894 515 eum,

109 526 159 553 alii
184 527 313 561 cuiquam
340 528 389 555 Dei
425 536 525 555 nomen
551 529 663 555 tribuit:
693 528 743 556 sed
768 529 895 556 eumdem

108 573 229 607 primum
245 578 274 600 et
296 578 464 608 postremum
482 581 542 601 esse
557 575 714 602 conﬁrmat.

402 641 478 669 CAP.
504 641 599 669 XXVI.

145 698 184 726 De
201 697 293 726 Patre.
310 697 436 726 Videntur
450 700 504 726 Iuec
524 698 729 733 pracedentibus
751 699 862 734 ἁμέσως

415 735 592 761 adnectendo.

146 801 195 829 llis
214 809 295 836 porro
308 809 446 829 sacrarum
462 801 665 836 Seriptnrarum
681 801 805 829 doctrina
826 809 895 830 con~

107 852 240 875 sentanea
254 851 307 875 est.
331 846 461 874 Servator
483 847 557 874 enim
571 851 597 874 et
614 847 746 875 Dominus
768 852 861 875 noster
872 848 895 876 is

107 898 163 926 est,
185 893 231 928 qui
258 901 367 920 omnem
385 901 436 928 pro
460 893 541 920 nobis
563 893 700 929 justitiam
723 894 893 928 adimplevit.

107 938 170 973 Ipse
182 938 256 965 enim
272 937 342 964 dixit
367 937 476 970 Joanni,
505 936 567 964 Sine
585 938 673 971 modo,
690 938 727 965 sic
741 939 811 965 enim
823 939 896 966 decet

107 992 156 1011 nos
178 983 287 1019 implere
320 991 423 1010 omnem
439 983 574 1018 justitiam
595 983 629 1012 ⁸⁸.
660 983 733 1011 Idem
759 988 896 1018 quatenus

107 1029 208 1062 homo,
228 1028 354 1055 oratione
381 1035 447 1055 usus
465 1032 517 1060 est,
540 1031 569 1055 et
589 1035 605 1054 a
632 1027 712 1055 Patre
735 1028 833 1062 petiit.
864 1032 896 1055 ut

106 1074 245 1106 apostolos
263 1073 386 1101 doceret.
411 1075 500 1108 Atque
522 1073 550 1101 in
569 1073 701 1102 orationis
715 1073 801 1102 forma
814 1074 895 1102 theo-

106 1119 225 1154 logicam
240 1119 391 1147 doctrinam
406 1119 550 1154 discipulis
572 1119 734 1148 insinuavit.
760 1120 824 1147 Hec
856 1125 894 1147 est

98 1166 190 1197 enim,
207 1164 306 1199 inquit,
336 1165 389 1191 vita
418 1168 529 1197 interna,
557 1169 586 1191 ut
607 1170 744 1200 cognoscat
768 1170 792 1192 te
809 1165 894 1192 solum

99 1218 197 1237 rerum
217 1209 299 1236 Deunt
313 1209 346 1237 “.
361 1210 439 1242 Item,
458 1209 590 1244 Conﬁteor
605 1210 660 1242 tibi,
671 1210 764 1243 Pater,
785 1211 895 1238 Domine

97 1255 166 1282 acceli
184 1259 210 1282 et
225 1259 314 1288 terrm,
338 1256 464 1290 quoniam
486 1255 647 1283 abscondisti
669 1256 725 1283 haec
751 1264 767 1282 a
788 1257 896 1291 sapiam

107 1301 189 1333 tibus,
213 1306 238 1328 et
264 1300 387 1328 revelasti
409 1301 457 1329 illa
489 1302 606 1337 parvulis
622 1302 655 1329 ⁸⁷.
680 1302 752 1335 Quin
777 1306 805 1329 et
831 1310 895 1329 san-

107 1353 170 1374 ctus
186 1347 332 1386 Apostolus
356 1347 396 1375 sie
410 1348 448 1374 ait
464 1355 471 1373 :
486 1347 550 1382 Regi
565 1352 653 1375 autem
672 1348 830 1374 sieculorum
846 1349 896 1375 im-

107 1386 389 1426 mortalﬁinvisibili,
413 1391 463 1419 soli
492 1392 567 1425 Deo,
599 1393 683 1420 honor
705 1397 729 1419 et
759 1392 845 1428 gloria
867 1393 895 1419 in

101 1439 207 1467 swcula
235 1438 414 1470 sucularum]
437 1439 521 1465 Amen
540 1438 573 1465 ⁸³.
588 1438 654 1465 Item
667 1458 674 1470 ,
705 1438 776 1465 Unus
806 1437 873 1465 Deus
886 1458 893 1471 ,

101 1493 177 1512 sinus
193 1486 323 1511 mediator
339 1484 386 1511 Dei
396 1489 421 1511 et
430 1484 662 1515 hominum,homo
673 1484 791 1512 Christus
807 1484 892 1512 Jesus.

108 1532 176 1558 Item
193 1539 199 1556 :
214 1530 286 1558 Unus
300 1529 370 1556 Deus
386 1529 479 1562 Pater,
500 1537 533 1556 ea:
554 1538 605 1565 quo
624 1530 713 1557 omnia
728 1529 761 1557 ”.
788 1530 852 1558 Hac
865 1534 894 1558 et

109 1575 268 1610 hujusmodi
292 1575 423 1610 pleraque
440 1575 598 1603 testimonia
624 1575 653 1602 in
667 1579 785 1610 utroque
800 1575 895 1603 Testa-

104 1626 202 1650 mento
216 1622 339 1657 reperire
354 1626 406 1654 est,
424 1629 484 1656 quae
499 1622 570 1649 hanc
591 1622 768 1650 concordiam
794 1623 895 1650 contir-

102 1672 205 1700 lment,
245 1675 385 1702 unumque
416 1668 502 1695 Deum
530 1668 696 1702 praedicent,
725 1675 806 1703 quem
835 1674 893 1695 tum

106 1713 218 1744 Vetere,
246 1715 303 1739 tum
336 1712 415 1739 Novo
440 1711 616 1741 Testamento
641 1713 806 1740 invisibilem
832 1720 893 1741 esse

103 1762 224 1785 constat.
248 1756 278 1784 In
300 1756 397 1784 Vetere
423 1757 497 1784 enim
513 1757 548 1784 ad
570 1758 670 1785 Mosam
696 1758 736 1785 sic
749 1759 808 1786 ait:
829 1758 892 1785 Non

106 1803 178 1829 enim
202 1801 295 1828 videbit
321 1809 362 1827 me
376 1802 452 1827 homo
465 1805 490 1828 et
513 1802 578 1827 vivet
593 1802 627 1828 ⁸ο.
644 1802 674 1828 In
691 1803 778 1828 sacris
797 1807 890 1829 autem

105 1846 263 1880 Evangeliis
288 1845 421 1872 Dominus
442 1845 531 1872 dixit:
553 1845 636 1872 Nemo
665 1847 729 1873 vidit
761 1846 892 1879 Patrem,

106 1892 159 1919 nisi
182 1892 277 1926 quiest
301 1899 334 1917 ea;
354 1890 419 1922 Deo,
435 1891 476 1916 hic
492 1890 557 1917 vidit
577 1890 697 1919 Patrem.
716 1890 773 1918 Hoc
797 1891 886 1926 ipsutn

104 1938 220 1965 divinus
251 1937 334 1964 etiam
365 1936 533 1971 evangelista
571 1936 611 1963 sic
640 1937 796 1964 exclamans
824 1942 894 1965 atte—

106 1989 197 2012 statur
213 1991 220 2009 :
238 1983 321 2010 Deum
352 1990 427 2009 nemo
450 1982 515 2009 vidit
535 1989 665 2017 unquam.
686 1981 790 2010 Iudicat
826 1991 893 2010 vero

106 2031 190 2058 etiam
207 2028 279 2056 unde
293 2028 320 2055 id
344 2027 483 2061 didicerit,
509 2027 604 2055 subdit
626 2028 700 2055 enim
718 2036 726 2054 :
741 2028 893 2064 Unigenitus

106 2076 153 2111 qui
179 2080 216 2102 est
242 2076 269 2101 in
292 2074 353 2101 sinu
376 2073 488 2107 Patris,
511 2074 556 2101 ille
583 2075 729 2101 enarravit.
743 2074 891 2109 Apostolus

107 2129 219 2156 quoque
251 2121 291 2147 sic
318 2119 652 2152 exclamat:Immortuli,
679 2120 815 2152 inuisibili,
843 2120 894 2148 soli

947 210 1185 245 circumscriptum
1201 219 1261 239 esse
1277 212 1398 240 ostendit
1412 221 1419 240 :
1445 221 1479 240 ex
1502 214 1580 248 cujus
1600 214 1730 241 nimirum

947 256 1118 289 providentia
1135 257 1226 284 omnia
1244 258 1426 292 dependeant.
1444 258 1516 285 Idem
1538 259 1565 285 in
1589 258 1641 286 alia
1664 267 1734 293 qua-

947 301 1008 328 dam
1022 301 1180 336 hymnodia,
1194 309 1242 330 seu
1256 303 1367 330 laudum
1395 304 1518 336 cantico,
1545 304 1577 330 ad
1603 311 1666 331 eum
1691 307 1731 332 sic

946 347 1002 374 ait:
1020 346 1077 379 Quo
1091 348 1132 374 ibo
1153 357 1168 374 a
1185 349 1280 383 spiritu
1294 354 1348 380 tuo,
1364 353 1410 375 aut
1433 357 1482 384 quo
1505 358 1521 376 a
1543 350 1611 384 [acie
1628 355 1673 377 tua
1689 351 1732 384 fu~

945 392 1033 426 giam?
1045 391 1073 419 Si
1092 392 1231 419 escendero
1242 393 1269 419 in
1285 394 1387 424 caelum,
1407 399 1434 420 tu
1450 394 1505 420 illic
1521 402 1546 420 es
1565 394 1608 426 ;si
1623 395 1730 421 descen-

946 437 1008 463 dero
1023 437 1050 463 in
1067 437 1209 475 infernum,
1238 438 1309 465 ades.
1328 439 1358 466 Si
1387 447 1522 473 sumpsero
1536 448 1635 474 pennas
1661 447 1731 466 meas

946 481 1073 512 diluculo,
1086 485 1110 508 et
1133 482 1282 510 habitavere
1295 485 1322 510 in
1348 486 1470 511 extremis
1501 487 1580 512 maris
1603 493 1612 512 :
1636 490 1731 512 etenim

945 527 1001 554 illic
1015 536 1110 554 manus
1131 532 1176 555 tua
1203 529 1310 555 deducet
1326 538 1377 562 me,
1397 535 1421 556 et
1445 531 1578 566 occupabit
1601 539 1643 558 me
1666 531 1730 557 dex-

947 577 1009 600 tera‘
1024 578 1068 600 tua
1088 574 1121 601 ⁵¹.
1157 573 1220 601 Haec
1246 575 1342 610 utique
1382 576 1644 611 incircumscriptam
1672 577 1732 610 ejus

947 618 1129 646 substantiam
1145 623 1173 646 et
1186 620 1335 654 potentiam
1354 620 1505 648 declarant.
1519 621 1601 648 Isaias
1621 629 1731 656 quoque

947 665 1081 700 propheta
1097 665 1197 693 clamat
1217 674 1225 692 :
1250 665 1302 698 Qui
1323 666 1394 693 sedet
1413 674 1490 700 super
1517 675 1610 701 gyrum
1637 671 1731 698 terra,

946 715 971 736 et
984 711 1146 738 habitatores
1169 711 1226 745 ejus
1245 715 1306 737 sunt
1332 715 1458 746 tanquam
1494 711 1599 739 locusta:
1614 712 1646 739 ⁸³.
1671 712 1732 739 Alio

947 756 1012 783 item
1040 756 1102 783 loco
1135 754 1272 782 idolorum
1292 756 1478 790 impotentiam
1504 756 1732 791 reprehendens,

946 801 1006 829 haec
1032 801 1154 836 subjicit,
1177 801 1279 835 quibus
1299 801 1347 828 Dei
1377 801 1571 828 universorum
1596 801 1733 836 cognitio-

909 835 932 865 Β
946 853 1008 877 nem
1025 845 1220 880 adipiscamur.
1241 845 1305 878 Quis
1320 845 1405 878 enim,
1428 845 1516 879 inquit
1532 866 1539 877 ,
1564 853 1671 872 mensus
1693 849 1732 871 est

946 891 1045 927 pugillo
1061 899 1145 925 aquas
1157 894 1181 918 et
1204 890 1280 918 ctelos
1303 890 1392 926 palmo
1417 890 1594 925 ponderavit?
1610 891 1669 924 quis
1685 899 1733 924 ap-

945 937 1035 972 pendit
1063 936 1146 963 tribus
1169 936 1258 971 digitis
1273 935 1368 963 molem
1391 940 1469 962 terrm
1483 956 1490 969 ,
1517 941 1542 963 et
1573 936 1682 963 libravit
1706 936 1733 962 in

945 982 1059 1017 pondere
1080 986 1190 1015 montes,
1205 985 1230 1008 et
1244 982 1322 1008 colles
1349 982 1376 1008 in
1403 982 1518 1009 statera?
1541 981 1604 1014 Quis
1632 981 1733 1016 adjuvit

946 1028 1079 1063 Spiritum
1097 1027 1226 1054 Domini?
1240 1032 1285 1054 aut
1302 1028 1359 1062 quis
1376 1027 1541 1054 consiliarius
1557 1028 1613 1062 ejus
1633 1027 1691 1062 fuit,
1708 1031 1733 1053 et

946 1073 1060 1100 ostendit
1077 1072 1120 1100 illi
1134 1073 1146 1099 7
1168 1072 1237 1100 Cum
1255 1081 1304 1108 quo
1318 1073 1375 1099 iniit
1391 1072 1541 1105 consilium,
1567 1078 1591 1099 et
1610 1072 1734 1099 instruxit

946 1127 1015 1151 eum,
1034 1123 1059 1145 ct
1088 1118 1176 1145 docuit
1189 1126 1248 1144 eum
1272 1119 1394 1145 semitam
1412 1112 1546 1153 ῘιιιιὶιίιιεἸ
1573 1122 1598 1144 et
1623 1118 1734 1144 erudivit

945 1171 1005 1190 eum
1027 1163 1174 1194 scientiam,
1192 1167 1216 1190 et
1240 1163 1311 1190 viam
1326 1162 1476 1198 prudentia:
1496 1163 1609 1189 ostendit
1629 1162 1669 1189 illi
1687 1162 1734 1188 "2’

945 1209 1049 1236 Deinde
1066 1213 1199 1243 quantum
1219 1208 1340 1236 humano
1363 1209 1506 1236 intellectu
1523 1212 1551 1236 et
1576 1209 1667 1244 lingua
1688 1209 1731 1235 luo

946 1254 1049 1281 tulenta
1069 1254 1200 1288 consequi
1225 1258 1326 1288 potest,
1354 1262 1437 1289 quam
1460 1254 1594 1282 immensa
1618 1255 1655 1282 sit
1681 1254 1728 1282 Dei

945 1300 1032 1328 virtus
1051 1299 1182 1327 ostendit.
1210 1299 1278 1327 Nam
1308 1299 1330 1327 si
1356 1305 1444 1335 gentes
1475 1308 1587 1332 omnes,
1618 1300 1730 1334 inquit,

946 1345 1021 1380 quasi
1036 1344 1109 1371 stilla
1136 1344 1234 1376 situlce,
1252 1349 1276 1370 et
1298 1344 1374 1379 quasi
1396 1349 1556 1370 momentum
1583 1347 1689 1370 steterit
1709 1348 1733 1370 et

947 1394 1076 1425 tanquam
1110 1389 1197 1416 saliva
1231 1393 1362 1424 reputatae
1389 1394 1474 1422 sunt,
1502 1391 1544 1416 cui
1567 1390 1732 1417 assimilastis

946 1435 1098 1468 Dominum,
1119 1439 1166 1462 aut
1179 1443 1259 1471 quam
1274 1436 1416 1470 imaginem
1430 1436 1530 1471 ponetis
1550 1437 1574 1463 ei
1591 1436 1636 1462 "7
1653 1435 1731 1468 Quod

947 1482 970 1509 SI
993 1481 1092 1509 cmlum
1108 1500 1115 1513 ι
1146 1485 1237 1514 terra,
1263 1485 1291 1508 et
1313 1488 1400 1515 aquea
1423 1486 1520 1508 natura
1550 1489 1658 1509 omnem
1685 1489 1734 1508 na-

947 1532 1034 1554 turain
1051 1531 1170 1554 creatam
1189 1526 1342 1558 continent,
1363 1526 1461 1554 borum
1488 1531 1578 1554 autem
1607 1528 1729 1554 omnium

945 1581 1075 1601 mensura
1087 1573 1186 1600 divinae
1202 1580 1299 1600 manus
1313 1580 1442 1599 mensura
1452 1576 1504 1605 est,
1521 1572 1690 1607 perpendam
1700 1572 1731 1604 ii,

946 1620 992 1655 qui
1010 1620 1104 1655 lingua
1126 1620 1212 1647 Deum
1228 1618 1318 1646 metiri
1335 1623 1481 1651 conantur,
1496 1627 1578 1653 quam
1600 1619 1731 1646 immensa

944 1666 981 1693 sit
1005 1666 1064 1700 ejus
1093 1669 1214 1699 natura;
1246 1672 1355 1691 manum
1385 1664 1438 1691 sibi
1463 1664 1491 1691 in
1516 1664 1608 1691 animo
1632 1671 1732 1699 propo-

943 1716 1051 1743 nentes,
1068 1719 1121 1738 non
1138 1718 1198 1746 qua:
1222 1709 1347 1744 corporis
1359 1709 1512 1736 membrum
1528 1709 1574 1741 sit,
1590 1709 1638 1735 sed
1654 1716 1732 1735 ener.

945 1759 1017 1794 giam
1036 1757 1120 1788 illam,
1145 1763 1194 1783 seu
1209 1755 1262 1781 vim
1277 1753 1454 1786 effectricem,
1470 1762 1532 1789 qua:
1547 1759 1645 1781 cuncta
1660 1761 1728 1783 con-

943 1803 1044 1831 diderit
1065 1807 1093 1830 et
1119 1802 1264 1837 gubernet.

980 1849 1041 1875 llaec
1058 1851 1136 1880 sunt,
1159 1854 1219 1881 qua:
1235 1846 1269 1874 de
1286 1846 1472 1874 universitatis
1496 1846 1551 1873 Deo
1577 1851 1656 1874 vetus
1680 1854 1732 1874 nos

944 1893 1087 1928 Scriptura
1113 1893 1204 1920 docet.
1221 1892 1356 1920 Craterum
1379 1897 1442 1919 ante
1462 1892 1543 1919 dictis
1557 1891 1636 1927 longe
1655 1893 1732 1927 plura

943 1940 1032 1967 cuivis
1049 1938 1172 1966 invenire
1194 1938 1274 1965 facile
1286 1943 1338 1970 est,
1352 1937 1451 1973 quibus
1468 1938 1588 1965 divinam
1604 1938 1731 1964 substan-

945 1986 1020 2018 tiam,
1045 1985 1219 2020 sapientiam,
1243 1989 1271 2012 et
1296 1984 1444 2019 potentiam
1467 1983 1730 2018 incircumscriptam

943 2039 1003 2058 esse
1030 2035 1115 2065 patet.
1129 2030 1158 2058 In
1176 2030 1276 2057 divinis
1300 2033 1403 2068 autem,
1417 2028 1572 2064 Evangeliis
1598 2029 1733 2056 Dominus

945 2077 1142 2105 Samaritanam
1157 2077 1215 2103 lucc
1228 2081 1256 2103 et
1269 2075 1369 2103 similia
1391 2074 1533 2102 sentienda
1551 2082 1611 2102 esse
1625 2075 1732 2106 docuit,

943 2132 1004 2158 quae
1020 2132 1081 2151 cum
1099 2123 1218 2150 divinam
1237 2122 1408 2157 majestatem
1419 2122 1480 2148 loco
1495 2121 1733 2155 circumscriptam

107 2166 232 2201 sapienti,
247 2166 331 2191 honor
340 2169 363 2192 et
374 2165 459 2200 gloria
471 2166 496 2191 in
505 2163 604 2191 stecula
616 2164 774 2192 satculorunt
799 2167 892 2193 Amen.
912 2172 936 2200 ι)
947 2169 1128 2200 existimaret,
1143 2176 1230 2203 eaque
1246 2168 1280 2195 de
1295 2175 1376 2195 causa
1394 2167 1507 2194 dixisset
1525 2166 1634 2194 :I’atres
1651 2167 1735 2193 nostri

107 2214 177 2240 Item
194 2222 201 2239 -.
219 2211 301 2244 Quem
316 2219 390 2238 nemo
407 2211 471 2237 uidit
483 2211 630 2243 hominum,
647 2219 729 2244 neque
743 2211 831 2238 ridere
845 2220 893 2247 po-

109 2259 182 2286 terit.
199 2259 364 2285 lnnnensum
379 2264 462 2292 porro
486 2261 514 2284 et
530 2256 798 2291 incircumscriptum
819 2265 897 2284 eum-

109 2305 173 2332 dem
200 2311 279 2337 esse,
315 2303 376 2330 aliis
403 2310 437 2330 ex
467 2302 611 2337 utriusque
635 2302 804 2331 Testamenti
828 2303 897 2331 locis

111 2350 240 2378 dicimus.
275 2350 364 2384 Atque
398 2349 425 2376 in
462 2349 559 2376 Vetere
592 2348 705 2383 quidem
737 2349 809 2376 Deus
831 2350 894 2377 ait:

113 2398 208 2424 Nonne
225 2396 317 2423 mlum
328 2401 352 2422 et
364 2401 463 2423 terram
475 2404 521 2431 ego
533 2395 665 2429 compleo?
682 2395 743 2422 dicit
759 2395 897 2423 Dominus.

111 2443 178 2470 Item
194 2451 200 2469 :
215 2441 314 2469 Calum
330 2442 392 2468 mihi
406 2442 479 2468 sedes
496 2447 545 2473 est,
563 2445 634 2468 terra
647 2444 735 2467 autem
751 2440 895 2468 scabellum

112 2489 206 2524 pedum
223 2496 351 2514 meorum.
366 2487 452 2519 Quam
466 2488 571 2514 domum
581 2487 745 2521 wdiﬁcabitis
760 2487 847 2515 mihi?
858 2488 899 2514 di—

112 2539 146 2561 cit
176 2533 314 2560 Dominus.
351 2532 395 2559 Vel
424 2534 482 2567 quis
520 2533 590 2559 locus
617 2533 710 2567 quietis
739 2540 804 2559 mete
836 2533 898 2560 est?

113 2578 230 2606 Davides
243 2585 352 2612 quoque
366 2577 468 2604 divinis
490 2577 613 2604 moribus
625 2579 791 2612 conspicuus
805 2578 897 2604 excla—

113 2629 186 2652 mat:
205 2623 236 2650 In
255 2632 333 2650 manu
355 2623 410 2657 ejus
430 2628 490 2650 sunt
506 2631 594 2650 omnes
616 2623 682 2658 fines
701 2627 777 2651 terrae
795 2624 818 2639 “
830 2632 837 2650 :
850 2623 897 2651 ubi

115 2678 224 2697 manum
238 2677 285 2705 pro
299 2669 506 2704 dispensatricis
523 2669 633 2696 virtutis
649 2669 750 2697 effectu
771 2673 896 2704 usurpat.

148 2740 172 2756 ⁵³
186 2739 239 2766 Isa.
273 2747 346 2770 thv,
376 2738 403 2765 6.
441 2737 464 2754 “
478 2737 530 2765 Isa.
563 2746 639 2771 xuii,
664 2738 708 2770 10,
736 2738 779 2764 II.

157 2776 203 2801 ιιι.
241 2773 263 2790 ⁵⁸
280 2774 374 2801 ITim.
395 2773 472 2801 1.17.
510 2773 532 2788 ⁸³
548 2773 641 2801 ITim.
659 2782 689 2801 ιι.
703 2773 738 2801 5:
760 2773 779 2799 Ε

115 2783 142 2806 x,
157 2783 203 2802 τι.

273 2747 346 2770 XLIV,
376 2738 403 2765 6.
441 2737 464 2754 “
478 2737 530 2765 Isa.
563 2746 639 2771 XLIII,
664 2738 708 2770 10,
736 2738 779 2764 II.
817 2737 840 2753 "
856 2737 894 2764 Ma

241 2773 263 2790 ⁵⁸
280 2774 374 2801 ITim.
395 2773 472 2805 1,17.
510 2773 532 2788 ⁸³
548 2773 641 2802 ITim.
659 2782 689 2803 ιι.
703 2773 738 2805 5;
760 2772 860 2807 Ephes.
872 2780 894 2799 iv

947 2758 951 2766 .
972 2747 1011 2769 ιιι,
1032 2739 1074 2765 15.
1112 2739 1135 2754 ⁸⁸
1145 2739 1223 2767 Joan.
1240 2747 1304 2771 xvn,
1322 2739 1349 2766 ὅ.
1387 2738 1408 2754 ⁵⁷
1424 2737 1519 2764 Matth.
1536 2746 1574 2769 λι,
1590 2737 1626 2764 25
1642 2744 1649 2768 ;
1665 2737 1732 2762 Luc.

984 2775 1008 2790 ⁸⁰
1020 2773 1105 2800 Exod.
1115 2782 1211 2805 xxxut.
1221 2773 1266 2801 20.
1304 2775 1325 2790 “
1337 2773 1406 2801 νέαι.
1419 2781 1542 2805 Lxxxxw,
1559 2773 1585 2800 4.
1623 2773 1646 2788 ⁵¹
1662 2771 1732 2799 Psal.

949 2215 975 2241 in
1001 2215 1048 2241 hoc
1067 2218 1155 2240 monte
1181 2214 1371 2244 adoraverunt,
1388 2219 1411 2239 et
1428 2220 1471 2239 vos
1489 2212 1588 2245 dicitis,
1611 2212 1673 2246 quia
1697 2216 1735 2237 est

949 2259 1021 2287 locus
1045 2259 1232 2294 Hierosolymis
1248 2260 1293 2286 ubi
1312 2258 1424 2285 adorare
1440 2258 1582 2293 oportet",
1603 2258 1736 2284 Dominus

948 2306 1022 2333 illam
1036 2306 1202 2333 contrarium
1220 2304 1324 2332 sentire
1345 2305 1448 2335 docuit,
1466 2304 1597 2331 nimirum
1613 2304 1734 2330 divinam

948 2356 1072 2379 naturam
1103 2351 1368 2385 incircumscriptam
1396 2358 1466 2379 esse.
1496 2350 1569 2377 Dixit
1593 2350 1666 2377 enim
1687 2349 1733 2376 ei-:

946 2397 1031 2424 Amen
1043 2397 1101 2423 dico
1115 2397 1171 2429 tibi,
1186 2396 1291 2428 mulier,
1309 2398 1434 2431 quoniam
1451 2398 1520 2423 venit
1542 2398 1617 2427 liora,
1630 2400 1653 2422 et
1667 2403 1737 2421 nunc

946 2447 994 2475 est,
1019 2443 1126 2477 quando
1146 2450 1227 2477 neque
1252 2443 1449 2477 Hierosolymis,
1475 2450 1558 2476 neque
1574 2442 1600 2468 in
1617 2441 1672 2467 loco
1687 2441 1735 2466 hoc

945 2489 1097 2515 adorabunt
1124 2487 1246 2515 Patrem.
1272 2487 1377 2520 Quibus
1404 2487 1497 2514 verbis
1524 2494 1586 2513 cum
1611 2485 1734 2512 divinum

946 2534 1051 2561 cultum
1076 2533 1161 2561 nullis
1184 2533 1374 2561 circumscribi
1401 2534 1473 2560 Deus
1498 2532 1564 2558 locis
1586 2529 1734 2561 docuisset,

949 2580 1113 2614 subiunxit;
1131 2579 1245 2614 Spiritus
1259 2585 1307 2612 est,
1329 2585 1352 2606 et
1367 2581 1508 2606 adorantes
1527 2585 1587 2604 eum
1600 2577 1628 2603 in
1641 2576 1735 2612 spiritu

949 2629 975 2652 ct
990 2625 1098 2652 veritate
1116 2625 1230 2651 adorare
1246 2625 1317 2651 decet
1328 2625 1360 2652 ⁵⁷.

986 2670 1045 2698 Una
1063 2677 1128 2697 vero
1146 2674 1174 2698 et
1189 2669 1284 2697 eadem
1309 2678 1392 2705 opera
1412 2669 1531 2697 divinant
1554 2672 1677 2695 naturam
1692 2667 1737 2694 i:.-

1112 2739 1135 2754 “
1145 2739 1223 2767 Joan.
1240 2747 1304 2771 xvn,
1322 2739 1349 2766 ὅ.
1387 2738 1408 2754 ⁵⁷
1424 2737 1519 2764 Matth.
1536 2746 1574 2769 λι,
1590 2736 1626 2764 25
1642 2744 1649 2768 ;
1665 2735 1733 2762 Luc.

114 2817 243 2844 csuvm,
256 2809 271 2836 7
298 2817 375 2844 seqq.
412 2809 435 2825 "
450 2807 502 2837 Isa.
517 2815 560 2842 1.x,
575 2808 620 2836 22.
658 2809 681 2826 °‘
697 2808 766 2837 Ibid.
794 2807 827 2835 t2
840 2815 919 2844 seqq.
937 2808 960 2825 ⁵⁵
976 2808 1044 2837 Ibid.
1064 2809 1160 2843 15,t8.
1197 2809 1220 2826 "
1233 2809 1311 2837 .Ioan.
1329 2817 1365 2843 tv,
1386 2809 1431 2837 20.
1449 2810 1471 2826 ⁸⁷
1485 2808 1553 2836 Ibid.
1568 2808 1612 2841 23,
1625 2807 1670 2835 24..
