1949 3073
115 127 186 160 1157

742 127 938 169 ΤΗΕὲΑυΒΙ
960 128 1034 160 LIB.
1056 130 1100 162 II.

1659 138 1732 168 1158

110 183 139 210 in
157 183 292 218 principio
321 187 388 216 erat,
411 183 505 217 utique
531 189 641 217 semper
668 186 736 213 erat,
757 189 807 218 nep
824 182 897 208 enim
913 185 932 212 Α
948 182 1069 217 passioni
1088 183 1233 212 obnoxiam
1254 179 1382 214 ostendit.
1399 186 1438 214 Ne
1455 186 1528 215 enim
1557 187 1603 216 ﬁlii
1623 188 1734 217 nomine

109 229 191 262 dixit,
208 229 237 256 In
258 229 392 263 principio
416 229 507 261 (iebat,
526 229 568 256 vel
584 229 611 255 in
630 228 765 263 principio
782 228 894 255 creaba-

111 277 167 306 tur,
185 273 243 307 sed,
257 272 288 300 In
302 274 429 308 principio
454 277 522 300 erat.
539 273 624 300 Docet
640 281 705 300 vero
722 273 803 300 etiam
829 273 894 307 quid

108 324 193 350 esset.
213 320 352 354 subjungit
364 320 446 352 enim,
464 319 497 346 Et
518 318 630 345 Verbum
643 323 698 347 erat
715 318 785 352 apud
801 318 894 350 Deum,

113 369 140 391 et
155 365 222 392 Deus
235 370 292 392 erat
307 364 418 392 Verbum
429 366 476 392 7".
488 364 592 392 Deinde
607 364 740 399 promtnio
758 369 896 399 resumpto

111 411 260 443 subinfert,
274 411 326 438 Hoc
336 412 428 438 eratin
442 411 569 446 principio
578 410 648 446 apud
657 410 740 437 Deum
750 411 805 442 1°",
816 415 897 444 atque

111 456 165 483 hoc
190 456 302 491 quidem
328 457 465 483 communi
494 457 603 484 nomine
620 456 651 483 τὺ
667 455 821 491 ὁμοούσιον,
845 455 897 482 hoc

111 507 155 530 est
168 503 351 537 aequalitatem
370 503 531 530 substantize
544 503 685 530 indicavit.

149 547 227 580 Quod
251 549 362 582 insuper
389 548 473 574 Deum
499 547 608 580 dixerit,
633 547 676 574 his
701 546 802 578 verbis,
827 547 898 582 apud

111 592 208 624 Deum,
233 600 411 626 personarum
436 591 617 619 diderentiam
645 592 784 619 denotavit
803 600 809 617 :
826 592 900 619 hunc

112 636 212 663 Filium
229 636 398 670 unigenitum
410 636 474 663 .Iesu
492 635 593 663 Christi
608 636 718 663 nomine
732 643 802 670 srepe
820 635 897 662 dixit.

114 680 338 716 Sapientissimus
364 689 445 716 porro
467 682 568 708 Paulus
592 681 631 708 sic
645 681 703 707 ait:
726 681 757 706 At
772 681 815 707 ubi
831 681 900 707 venit

114 728 249 763 plenitudo
267 730 401 763 temporis,
416 730 486 755 misit
502 729 569 755 Deus
584 728 679 755 Filium
693 737 781 760 suum,
801 728 899 762 factum

114 782 147 802 ex
169 774 288 805 muliere,
315 775 414 809 factum
434 775 480 801 sub
503 774 579 809 lege:
595 779 621 801 ut
643 782 685 801 eos
710 775 754 809 qui
775 774 823 801 sub
846 774 901 810 lege

114 827 202 852 erant,
224 821 372 850 redimeret.
393 824 422 847 ut
446 820 611 856 adoptionem
639 820 755 853 ﬁliorum
775 821 901 854 recipere-

948 229 1043 256 audito
1061 229 1188 258 humanis
1205 232 1408 266 suspicionibus
1425 233 1637 266 involveremur,
1656 243 1735 262 mun-

950 273 1034 308 dique
1053 274 1136 302 totius
1154 274 1284 310 Opiticem
1300 277 1394 304 eadem
1412 278 1552 305 nobiscum
1565 279 1624 314 lege
1639 284 1734 307 natum

949 320 1165 354 arbitraremur,
1190 329 1222 349 ea
1244 323 1276 349 de
1301 330 1381 350 causa
1408 323 1525 350 Veritum
1556 317 1735 360 nuncupavit,

952 366 1068 393 innuens
1082 367 1284 400 generationem
1306 368 1379 395 illam
1393 369 1426 395 ab
1439 369 1511 397 omni
1530 371 1656 404 passione
1670 370 1708 398 lib
1719 380 1735 391 ~-

953 418 1020 438 ram.
1038 411 1094 438 Nec
1117 412 1190 439 enim
1218 414 1301 441 menti
1327 421 1373 441 seu
1391 414 1488 442 rationi
1513 420 1612 444 nostra
1628 416 1661 444 ad
1677 424 1737 444 ser-

953 464 1060 483 monem
1074 458 1280 492 concipiendum
1292 464 1318 486 et
1328 459 1525 488 otl‘ormandum
1539 462 1646 489 feminae
1662 470 1737 489 com-

951 502 1030 537 plexu
1057 509 1125 536 opus
1149 508 1191 530 est
1214 511 1222 531 :
1246 507 1293 531 aut
1319 505 1372 532 ulla
1396 506 1496 538 sectio,
1520 507 1624 534 ullusve
1649 506 1737 536 ﬂuxus

951 547 1108 575 titlerandus
1131 552 1193 575 est:
1212 548 1257 575 sed
1282 549 1418 583 perfectus
1446 559 1559 578 manens
1587 551 1737 586 perfertum

952 601 1103 620 sermonem
1130 593 1221 622 allicit.
1238 594 1288 621 His
1304 595 1394 630 itaque
1408 601 1434 623 et
1449 597 1650 630 generationem
1671 598 1737 625 nulli

952 639 1071 673 passioni
1091 639 1246 672 obnoxiam,
1262 646 1289 668 et
1309 640 1522 669 coanernitatem
1544 643 1678 678 Unigeniti
1695 644 1738 671 di-

955 684 1084 712 dicimus.

989 728 1036 755 Est
1059 736 1123 755 vero
1152 729 1234 756 etiam
1263 730 1384 765 ejusdem
1409 739 1471 758 cum
1494 733 1573 760 Patre
1599 734 1737 768 potentiae,

953 774 1033 808 eique
1058 775 1155 802 similis
1170 780 1196 802 et
1209 776 1319 810 aequalis
1334 777 1360 803 in
1377 778 1505 805 omnibus
1519 788 1526 805 :
1542 784 1571 806 ut
1583 787 1615 807 ex
1631 779 1737 807 Domitii

954 819 1078 846 doctrina
1095 820 1199 848 discere
1216 821 1304 855 quivis
1318 822 1397 850 facile
1413 828 1511 858 potest.
1521 825 1565 852 Ait
1579 825 1651 852 enim
1666 826 1738 853 :Pa-

114 877 172 896 mus
186 868 218 895 ⁷⁷.
234 868 311 898 Item,
337 867 403 895 Cum
417 876 478 895 vero
494 867 598 903 placuit
614 868 649 899 ei,
662 868 710 902 qui
727 875 767 894 me
780 875 902 903 segrega-
917 855 936 882 Β
952 868 990 891 ter
1004 873 1074 892 meus
1098 866 1176 892 etiam
1198 874 1267 893 nunc
1281 872 1414 900 operatur,
1433 872 1457 895 et
1470 877 1516 903 ego
1537 877 1631 904 operor
1642 871 1682 903 ¹¹⁰;
1700 876 1736 903 et,

114 916 149 942 uit
163 915 195 941 ab
208 918 280 940 utero
287 915 378 940 matris
391 922 464 944 mem.
481 919 504 940 et
517 915 614 941 uocauit
629 922 676 949 per
686 915 802 949 gratiam
813 922 900 946 suam,

115 965 144 988 ut
169 961 296 987 revelare!
318 961 343 986 in
367 967 408 986 me
435 959 532 987 Filium
557 968 634 987 suum
650 960 683 987 ⁷⁸.
700 960 762 987 Ilaec
778 964 806 987 et
822 960 903 987 innu-

115 1013 190 1032 mera
219 1005 270 1031 alia
297 1004 451 1032 testimonia
480 1005 604 1032 invenire
627 1009 689 1038 est,
716 1005 817 1040 quibus
839 1013 902 1033 eum

116 1050 257 1076 Christum
292 1057 402 1085 quoque
433 1054 458 1077 et
487 1054 618 1077 aeternum
649 1050 758 1083 Filium,
778 1055 804 1077 et
830 1050 904 1078 Patri

116 1099 284 1122 consternunt
309 1099 418 1128 vocant,
434 1103 515 1130 quem
532 1095 604 1124 idem
621 1103 730 1130 quoque
745 1095 841 1124 doctor
855 1096 904 1124 do-

116 1147 182 1168 cens
200 1141 288 1176 primo
306 1141 416 1176 quidem
434 1142 496 1168 loco
512 1142 674 1169 saeculorum
692 1141 828 1168 factorem
843 1149 903 1169 esse

117 1187 246 1214 ostendit.
261 1187 353 1222 lnquit
368 1187 440 1214 enim
454 1194 460 1212 :
473 1187 615 1214 Novissime
629 1187 717 1214 diebus
731 1187 787 1214 istis
803 1187 903 1215 locutus

117 1236 154 1259 est
170 1232 241 1258 nobis
252 1232 279 1258 in
291 1232 366 1264 Filio,
382 1240 458 1267 quem
471 1232 557 1267 posuit
571 1231 699 1259 hteredem
713 1233 904 1265 universorum,

118 1286 165 1313 per
177 1285 253 1312 quem
273 1279 330 1313 fecit
344 1283 368 1304 et
380 1277 476 1305 uacula
487 1279 520 1304 ".

154 1323 220 1356 Quia
245 1331 309 1351 vero
335 1324 382 1358 qui
408 1324 501 1350 divina
524 1323 617 1350 divino
645 1331 727 1351 sensu
752 1323 904 1358 intelligere

118 1369 225 1400 nolunt,
243 1369 299 1395 ﬁeri
321 1376 401 1404 posse
426 1376 481 1396 non
507 1373 613 1403 putant,
630 1374 658 1396 ut
673 1369 729 1395 Deo
755 1373 906 1395 coaeternus

117 1414 163 1445 sit,
188 1414 234 1448 qui
251 1421 284 1440 ex
301 1414 356 1440 Deo
378 1418 437 1441 est:
454 1421 515 1440 nam
539 1413 604 1440 dum
626 1414 709 1441 stulte
731 1413 808 1447 juxta
824 1417 851 1440 et
867 1418 906 1440 te-

119 1467 194 1486 mere
218 1464 343 1486 naturam
367 1459 488 1486 divinam
523 1459 648 1486 humana:
669 1463 774 1485 natura:
800 1459 906 1494 legibus

119 1505 261 1540 subjacere
277 1509 385 1539 putant,
404 1504 510 1545 Patrem
532 1504 600 1531 Filio
623 1503 761 1531 seniorem
786 1511 845 1531 esse
859 1513 906 1531 su-

119 1551 295 1588 Spica‘ti'sunt
310 1550 428 1579 :beatus
444 1550 590 1589 Apostolus
607 1550 641 1584 de
656 1550 698 1577 his
717 1550 829 1582 abunde
848 1550 905 1578 dis-

120 1604 230 1634 pulans,
247 1598 418 1635 unigenitum
436 1599 544 1630 Filium,
560 1603 588 1626 et
603 1606 635 1626 ex
651 1599 717 1629 Deo,
730 1603 758 1625 et
770 1606 831 1626 cum
849 1599 904 1627 Deo

119 1654 179 1674 esse
205 1645 346 1674 evidenter
374 1646 503 1673 ostendit.
533 1645 602 1672 Eum
629 1645 702 1672 enim
729 1644 904 1680 splendorem

119 1692 212 1727 gloriae
235 1691 406 1718 nominavit:
422 1690 558 1725 siquidem
582 1690 712 1725 splendor
735 1695 763 1717 et
784 1699 816 1717 ex
831 1690 902 1726 igne,

118 1744 219 1765 etcum
242 1737 304 1772 igne
320 1737 454 1764 subsistit.
482 1736 538 1772 [gni
553 1737 626 1764 enim
646 1736 777 1771 splendor
794 1737 904 1763 intratus

118 1787 171 1814 est,
189 1790 218 1810 ut
235 1783 284 1810 soli
306 1782 411 1809 radius.
425 1782 465 1808 Ex
478 1789 532 1817 quo
557 1781 631 1808 enim
652 1781 703 1813 sol,
717 1789 750 1807 ex
768 1781 862 1808 eodem
877 1785 905 1808 et

119 1828 199 1860 radii,
214 1828 261 1856 sed
279 1832 369 1855 tamen
386 1827 523 1854 radiorum
538 1826 619 1854 causa
632 1827 693 1859 soli,
709 1832 737 1854 et
750 1827 905 1861 splendoris

119 1874 174 1909 igni
192 1873 339 1901 ascribitur
353 1882 359 1899 :
374 1880 424 1900 nec
449 1873 523 1900 enim
545 1872 585 1899 sol
608 1880 642 1899 ex
663 1872 757 1904 radiis,
771 1873 818 1899 sed
837 1872 905 1899 radii

118 1927 152 1947 ex
175 1919 232 1946 sole
260 1919 399 1951 oriuntur,
424 1922 451 1945 et
477 1917 606 1952 splendor
627 1925 660 1945 ex
686 1917 748 1952 igne
768 1917 904 1951 procedit.

119 1965 236 1993 Proinde
255 1964 412 1999 unigenitus
425 1969 453 1991 et
466 1963 551 1991 Filius
566 1971 599 1990 ex
613 1963 693 1990 Patre
722 1963 833 1997 quidem
856 1970 905 1990 na-

119 2015 163 2037 tus
176 2015 228 2042 est,
244 2010 317 2037 I’atri
333 2013 424 2037 autem
438 2016 492 2036 non
507 2015 587 2036 secus
597 2012 679 2042 atque
692 2007 779 2035 oratio
792 2007 903 2040 rationi,

119 2055 247 2090 splendor
273 2054 340 2090 igni,
364 2058 392 2081 et
412 2054 505 2081 radius
530 2053 581 2080 soli
603 2053 732 2081 cohaeret.
750 2053 783 2079 At
806 2052 904 2080 harum

121 2108 211 2129 rerum
237 2100 311 2127 nulla
327 2107 374 2134 per
389 2107 417 2127 se
436 2099 570 2132 subsistit,
586 2099 633 2126 sed
649 2099 675 2125 in
688 2106 721 2125 eo
734 2098 903 2132 hypostasin,

120 2146 172 2173 hoc
198 2149 241 2173 est
265 2145 448 2172 sedimentum
474 2149 503 2171 et
527 2144 732 2172 subsistentiam
753 2143 846 2175 habet,
871 2151 905 2171 ex

951 907 1023 935 Sicut
1040 909 1119 936 Pater
1134 910 1241 937 suscitat
1265 915 1393 944 mortuos,
1408 916 1432 938 et
1447 913 1558 947 viui/ictu
1570 914 1603 947 3';
1621 918 1657 946 et,
1674 914 1736 942 0m-

952 956 996 983 nia
1012 964 1172 990 quwcuuque
1189 957 1265 984 habet
1290 956 1381 990 Pater,
1399 966 1456 985 mea
1470 964 1531 985 sunt
1543 959 1576 992 ⁸²;
1592 959 1696 994 etzEgo
1711 961 1737 986 in

953 1000 1076 1035 Patre,et
1093 1002 1171 1029 Pater
1184 1003 1210 1029 in
1218 1008 1314 1037 me;et,
1323 1002 1372 1035 Qui
1385 1003 1452 1030 uidet
1462 1012 1501 1031 me
1509 1004 1693 1042 videtPatrem
1703 1005 1736 1032 ³³.

988 1047 1028 1074 Ex
1041 1048 1082 1077 his
1095 1056 1177 1082 porro
1189 1056 1249 1083 quae
1261 1055 1423 1084 sequuntur,
1440 1051 1668 1079 incommutabilis
1680 1053 1740 1086 ejus

953 1093 1105 1120 similitudo
1127 1095 1271 1128 perspicua
1287 1094 1326 1121 ﬁt.
1344 1094 1470 1130 Philippo
1482 1096 1555 1123 enim
1569 1096 1675 1123 Patrem
1689 1096 1739 1124 s.bi

953 1138 1061 1167 ostendi
1085 1144 1207 1174 rogante,
1226 1141 1345 1175 seipsum
1364 1141 1496 1168 Dominus
1522 1141 1641 1169 ostendit
1654 1150 1683 1169 se
1698 1143 1740 1169 vi-

953 1189 1060 1211 ventem
1082 1184 1169 1212 Patris
1187 1185 1331 1220 imaginem
1345 1193 1406 1213 esse
1421 1186 1587 1221 signiﬁcans,
1602 1195 1662 1222 quae
1678 1195 1741 1222 per-

953 1230 1061 1265 spicuos
1073 1229 1208 1258 Genitoris
1233 1231 1413 1265 characteres,
1441 1240 1489 1259 seu
1517 1233 1612 1268 signa,
1631 1241 1686 1267 prze
1712 1241 1741 1261 se

953 1276 1048 1303 ferret.
1064 1276 1137 1303 Dixit
1153 1276 1225 1304 enim
1241 1276 1367 1312 Philippo
1381 1286 1388 1304 ε
1406 1277 1521 1304 Tantum
1538 1283 1640 1313 tempus
1656 1279 1741 1306 vobis-

954 1331 1012 1349 cum
1035 1331 1103 1355 sum,
1124 1328 1148 1349 et
1167 1331 1217 1349 non
1241 1323 1333 1350 novisti
1356 1331 1407 1354 me,
1433 1323 1554 1358 Philippe
1565 1323 1739 1356 "?Patrem,

954 1368 1052 1402 inquit.
1071 1369 1147 1403 cupis
1167 1368 1270 1400 videre,
1288 1376 1350 1395 cum
1369 1376 1411 1395 me
1433 1369 1545 1396 videas?
1572 1369 1662 1404 itaque
1687 1378 1710 1395 nl
1723 1377 1741 1396 n

954 1414 1053 1442 novisti
1068 1422 1111 1440 me
1125 1422 1132 1438 :
1145 1414 1168 1441 si
1178 1414 1251 1441 enim
1269 1422 1311 1441 mc
1325 1414 1458 1447 novisses,
1474 1422 1645 1449 nequaquam
1662 1415 1742 1442 illum

955 1457 1047 1485 videre
1058 1463 1187 1493 optasses.
1216 1459 1246 1486 In
1261 1467 1303 1486 me
1324 1460 1398 1487 enim
1417 1460 1497 1487 Pater
1514 1460 1642 1487 videtur:
1658 1461 1717 1495 siqu
1729 1474 1743 1482 -

955 1503 1017 1531 dem
1030 1504 1082 1531 hoc
1091 1512 1124 1531 ex
1138 1504 1180 1531 his
1192 1504 1281 1532 verbis
1296 1505 1435 1532 inducitur
1449 1515 1454 1531 :
1469 1505 1520 1538 Qui
1536 1506 1596 1532 vidit
1613 1515 1661 1538 me,
1679 1507 1704 1534 vi
1714 1507 1742 1533 tit

957 1554 982 1577 ..ὅ
1006 1550 1124 1578 Patrem.
1150 1550 1235 1577 Porro
1252 1550 1296 1577 hic
1311 1558 1360 1585 per
1382 1556 1522 1585 aspectum
1547 1552 1742 1586 contemplatio

957 1597 1019 1625 ﬁdei
1034 1595 1205 1632 intelligitur.
1225 1595 1343 1623 Tantum
1365 1596 1451 1630 enim,
1467 1596 1567 1631 inquit,
1585 1601 1684 1632 tempus
1699 1606 1744 1624 vo-

956 1643 1052 1669 biscum
1070 1651 1137 1673 sum,
1150 1647 1174 1669 et
1188 1651 1239 1669 non
1258 1650 1297 1669 me
1313 1649 1419 1675 novisti,
1438 1641 1579 1677 Pltiiippe?
1593 1649 1646 1668 non
1663 1642 1743 1676 dixit,

957 1687 1016 1715 Non
1035 1688 1138 1720 vidisti,
1154 1687 1212 1720 sed,
1231 1686 1289 1714 Non
1301 1688 1404 1714 novisti.
1424 1683 1539 1714 Videbat
1556 1687 1628 1714 enim
1640 1686 1744 1721 Philip-

956 1743 1017 1769 pus,
1033 1734 1059 1761 id
1081 1734 1153 1769 quod
1178 1734 1229 1761 sub
1246 1737 1385 1768 aspectum
1414 1734 1549 1760 cadebat:
1572 1734 1742 1760 divinitatem

957 1788 1033 1813 vero,
1059 1788 1118 1815 qua:
1137 1779 1283 1807 invisibilis
1297 1783 1348 1809 est.
1370 1787 1424 1806 non
1444 1779 1521 1806 item.
1542 1779 1658 1806 Proinde
1682 1780 1743 1805 eu!-

958 1831 1038 1861 patus
1056 1826 1155 1853 merito
1170 1829 1222 1856 est,
1247 1826 1293 1860 qui
1309 1817 1407 1852 Filium
1432 1824 1551 1859 perfecte
1569 1833 1621 1851 non
1639 1829 1740 1856 nosset,

958 1872 1136 1907 idcirquoque
1155 1872 1262 1899 Patrem
1276 1871 1367 1898 videre
1380 1875 1511 1905 optasset.

1242 1939 1320 1966 CAP.
1340 1939 1457 1966 XXVIII.
1474 1971 1481 1976 _

1063 1996 1101 2023 De
1118 1996 1218 2032 Spiritu
1233 2000 1335 2029 saneto,
1351 2001 1374 2023 et
1389 1996 1445 2031 ejus
1459 1996 1637 2023 charismatis.

993 2053 1126 2089 Spiritum
1142 2052 1233 2088 itaque
1251 2058 1373 2093 sanctum
1387 2059 1403 2079 a
1416 2052 1497 2080 Patre
1513 2050 1660 2088 [Fd'oque]
1677 2051 1743 2079 sub-

958 2099 1085 2127 stantiam
1111 2097 1212 2124 habere
1229 2097 1375 2125 didicimus
1389 2105 1396 2123 :
1410 2097 1488 2132 cujus
1504 2097 1662 2124 substantia:
1685 2105 1743 2123 mo-

958 2145 1010 2172 dus
1024 2151 1113 2179 neque
1139 2148 1271 2170 creaturae
1297 2142 1447 2177 (increatus
1461 2142 1534 2169 enim
1549 2142 1667 2176 Spiritus
1681 2149 1746 2169 san-

120 2199 175 2227 quo
194 2190 340 2218 enascitur.
359 2190 432 2217 Deus
445 2194 537 2217 autem
561 2189 690 2221 Verbum,
708 2188 836 2223 splendor
848 2191 905 2223 glo—
921 2196 944 2224 ι)
958 2190 1028 2226 ctus)
1045 2197 1135 2224 neque
1152 2189 1292 2224 unigenito
1319 2188 1388 2215 Filio
1402 2188 1498 2215 similis
1511 2191 1562 2215 est.
1580 2188 1742 2215 Sanctorum

122 2238 177 2268 rite,
205 2236 316 2271 energia
342 2243 396 2263 non
413 2239 455 2263 est
476 2234 661 2266 ἀνυπόστατος
675 2242 690 2261 a
710 2235 801 2267 Patre,
825 2242 873 2262 seu
888 2241 904 2261 a

121 2282 209 2309 Patris
224 2280 362 2316 bypostasi
378 2280 511 2316 sejuncta,
529 2279 577 2307 sed
592 2280 687 2306 vivens
701 2283 728 2307 et
740 2287 789 2314 per
800 2287 828 2306 se
841 2280 891 2306 sub

121 2328 220 2355 sistens
240 2326 402 2363 hypostasis.
422 2326 479 2353 Nec
502 2326 576 2352 enim
598 2324 760 2360 simpliciter
786 2324 904 2351 Verbum

121 2372 289 2404 nominatur,
306 2372 354 2399 sed
380 2371 451 2399 Deus
479 2370 596 2398 Verbum
611 2378 618 2396 :
633 2377 685 2397 nec
705 2368 833 2404 splendor
848 2369 905 2404 glo-

122 2419 170 2447 ria:
191 2418 334 2451 duntaxat,
364 2417 411 2444 sed
429 2417 606 2452 hypostaseos
633 2423 742 2451 quoque
764 2422 819 2442 sua:
839 2415 905 2442 cha-

122 2471 220 2494 racter.
234 2465 301 2498 Quia
316 2465 388 2492 enim
405 2473 457 2491 una
472 2464 621 2498 eademque
646 2463 764 2497 imagine
780 2469 823 2488 res
837 2461 907 2488 divi-

122 2518 171 2538 nas
196 2516 288 2545 aperte
307 2510 460 2544 exprimere
491 2508 658 2543 impossibile
684 2512 753 2539 erat,
781 2507 906 2542 pluribus

123 2563 168 2584 eas
194 2556 245 2583 hoc
269 2559 348 2590 paeto
378 2554 543 2590 imaginibus
569 2553 708 2581 dicimus:
728 2556 755 2579 et
778 2552 908 2588 splendor

122 2602 232 2638 quidem
259 2602 353 2637 gloria:
385 2606 570 2633 coaeternum,
606 2599 785 2635 hypostaseos
814 2603 905 2625 autem

123 2647 264 2675 character
286 2646 474 2674 similitudinis
490 2645 685 2680 perfectionem
706 2644 806 2679 arguit.
823 2644 908 2678 hypo-

122 2698 285 2728 staseonque
301 2701 348 2720 seu
365 2699 544 2728 personarum
565 2691 747 2719 diderentiam
764 2689 853 2716 docet.

157 2738 276 2766 Verbum
294 2743 385 2765 autem
403 2746 465 2766 cum
481 2737 592 2770 dicitur,
617 2735 820 2772 generationem
838 2734 907 2762 nulli

174 2797 198 2813 "
213 2797 223 2807 ⁴”
237 2796 317 2824 Joan.
336 2796 399 2828 1,1.
438 2796 460 2812 ⁷⁸
478 2795 579 2822 “Ibid.
604 2794 631 2822 ἓ.

670 2795 691 2812 ⁷⁷
705 2794 792 2821 Galat.
821 2802 858 2827 tv,
885 2793 914 2825 ι,
940 2792 966 2819 5.

954 2236 1026 2264 enim
1037 2236 1145 2263 Patrum
1159 2242 1237 2262 nemo
1246 2234 1329 2261 divini
1341 2234 1458 2268 Spiritus
1469 2233 1647 2261 substantiam
1661 2241 1745 2268 gene-

955 2281 1069 2309 rationis
1092 2281 1226 2308 vocabulo
1252 2280 1414 2316 signiﬁcavit
1429 2288 1435 2307 :
1450 2278 1585 2315 quamvis'
1596 2279 1685 2313 ipsum
1708 2286 1743 2305 ex

954 2329 1034 2363 Patre
1054 2335 1124 2360 esse,
1139 2331 1221 2362 atque
1245 2327 1327 2353 etiam
1344 2325 1478 2358 divinum,
1505 2333 1588 2353 sacrae
1607 2328 1744 2352 testentur

953 2373 1074 2400 Littera.
1100 2372 1232 2401 Dominus
1253 2373 1325 2400 enim
1336 2371 1461 2399 Christus
1472 2371 1530 2398 hmc
1541 2371 1642 2405 deipso
1653 2369 1718 2397 dicit
1734 2377 1742 2395 :
1772 2370 1778 2372 ’

957 2419 1068 2453 Expedit
1088 2419 1169 2448 vobis,
1188 2421 1216 2444 ut
1234 2426 1279 2452 ego
1298 2418 1401 2448 abeam,
1417 2418 1468 2444 nisi
1491 2417 1559 2443 enim
1575 2417 1673 2447 abiero,
1690 2414 1745 2442 Pa-

956 2465 1068 2492 racletus
1089 2472 1140 2491 non
1166 2465 1249 2490 uetu'et
1263 2464 1296 2491 ad
1312 2471 1353 2490 vos
1366 2463 1398 2495 ”,
1413 2468 1441 2490 et
1455 2463 1520 2490 alibi
1536 2471 1543 2490 :
1562 2461 1629 2489 Cum
1654 2466 1743 2487 autem

955 2512 1053 2538 uenerit
1080 2509 1236 2536 Paracletus
1259 2510 1366 2544 spiritus
1390 2509 1517 2541 veritatis,
1540 2509 1584 2542 qui
1606 2515 1639 2533 ea;
1661 2506 1742 2533 Putre

956 2556 1083 2591 procedit,
1106 2554 1150 2581 ille
1173 2555 1350 2581 testimonium
1376 2553 1517 2589 per/libebit
1540 2552 1571 2579 de
1594 2559 1633 2578 me
1646 2551 1679 2577 ".
1704 2551 1745 2577 Eo

958 2607 1049 2629 autem
1065 2600 1139 2635 quod
1156 2601 1243 2634 ipsum
1256 2607 1289 2626 ex
1303 2599 1381 2626 Patre
1399 2598 1548 2633 procedere
1564 2598 1612 2627 ait,
1634 2596 1742 2623 Patrem

957 2645 1060 2673 fontem
1071 2645 1190 2679 Spiritus
1205 2652 1265 2672 esse
1280 2643 1393 2675 indicat,
1406 2650 1495 2677 neque
1511 2650 1585 2671 vero.
1600 2641 1742 2672 Procedet,

956 2690 1056 2726 inquit,
1072 2690 1119 2718 sed
1140 2689 1273 2720 Procedit,
1291 2688 1414 2716 eamdem
1441 2689 1584 2722 utriusque
1605 2692 1743 2718 naturam,

956 2733 1193 2769 substantiamque
1218 2733 1386 2761 individuam
1402 2736 1430 2760 et
1445 2732 1658 2762 inditl'erentem,
1683 2739 1746 2766 per-

1007 2792 1027 2808 ’⁸
1039 2793 1129 2821 Galat.
1157 2801 1177 2825 ι,
1204 2793 1247 2825 15,
1275 2792 1317 2818 16.
1362 2792 1385 2808 "
1399 2791 1482 2820 Hebr.
1500 2801 1520 2825 t,
1552 2792 1578 2819 Ι.
1625 2791 1744 2819 "Joan.

123 2838 148 2867 τ,
167 2832 209 2859 ΓΙ.
247 2831 268 2846 ⁸¹
286 2827 356 2859 Ibid.
384 2831 430 2859 21.
467 2831 490 2846 ⁸²
501 2830 579 2858 Joan.
605 2838 659 2858 ιη’.
696 2829 792 2856 "Ibid.
815 2837 850 2855 ιι.
888 2829 899 2845 ⁸

957 2828 998 2855 id.
1034 2828 1057 2844 ⁸⁸
1072 2828 1151 2855 Joan.
1175 2837 1230 2862 xw,
1254 2828 1280 2855 'l.
1320 2827 1432 2856 "Joan.
1463 2836 1507 2861 xv,
1522 2827 1566 2855 25.
