1949 3073
235 139 305 172 1159

842 139 990 169 ΝΙΟΕΤΑΞ
1010 137 1214 169 (ΣΗΟΝΙΑΤΕ

1781 142 1856 175 1100

233 202 360 223 sonorum
377 193 496 230 denique
511 193 732 229 coniunctionem
757 195 917 222 ostendens.
939 195 1018 228 Quod
1033 201 1055 228 Α
1068 203 1179 230 corpora
1202 198 1289 221 uestra
1306 195 1403 229 templa
1420 200 1482 223 sunt
1503 197 1591 224 sancti
1614 197 1742 233 Spiritus,
1762 200 1810 235 qui
1824 204 1866 227 est

233 242 305 269 enim
331 241 466 276 procedit,
485 240 519 266 ab
534 247 567 266 eo
580 247 595 267 a
611 247 665 274 quo
685 239 809 274 procedit
832 241 953 275 separari
968 248 1022 268 non

234 290 335 321 potest.
359 285 458 312 Beatus
477 292 559 319 porro
584 283 731 319 Apostolus
747 284 786 320 [in
800 284 904 321 priore]
919 285 952 312 ad
968 284 1022 312 Co-

233 331 355 358 rinthios
372 329 502 364 Epistola,
529 329 587 356 haec
613 329 646 356 de
669 329 774 364 Spiritu
800 330 892 357 dixit:
909 329 1023 365 Spiritus

231 381 319 403 autem
332 376 421 401 omnia
436 378 582 407 scrutatur,
595 375 676 401 etiam
688 374 820 409 profunda
831 374 879 402 Dei
890 375 924 409 ⁸⁷,
941 383 1022 410 quam

231 422 342 456 quidem
358 421 554 448 scrutationem
570 428 604 447 ne
620 420 674 447 ulla
691 428 812 454 unquam
826 420 932 448 deleret
947 422 1023 457 igno—

232 467 338 499 rantia,
369 466 510 502 subjunin
532 475 539 492 :
557 465 620 498 Quis
643 466 713 492 enim
732 466 867 493 hominum
893 467 943 493 scit
965 475 1024 502 quw

231 517 290 539 sunt
308 512 431 544 hominis,
449 512 500 538 nisi
522 512 630 546 spiritus
650 511 774 543 hominis,
792 512 877 546 quiin
891 512 947 547 ipso
965 512 1023 538 est.’

230 560 266 586 ita
282 563 306 585 et
328 566 386 594 qute
415 557 462 584 Dei
487 561 547 584 sunt
572 565 646 584 nemo
673 557 803 592 cognovit,
830 557 882 584 nisi
906 556 1022 591 Spiritus

231 604 323 631 Dei".
345 604 491 638 Postquam
520 608 612 631 autem
638 603 681 630 his
697 603 789 630 verbis
812 610 921 630 omnem
936 602 960 630 ei
976 610 1021 629 co-

230 650 380 684 gnitionem
403 649 559 683 adscripsit,
576 649 679 676 indicat
700 649 783 676 etiam
804 649 877 676 unde
893 648 1022 676 substan-

231 697 296 723 tiam
310 695 408 723 habeat
419 703 425 722 ε
435 695 488 723 Nos
503 699 602 726 autem,
613 695 715 729 inquit,
731 703 783 721 non
797 695 918 729 spiritum
930 695 1021 721 mundi

229 743 387 776 accepimus,
398 742 444 768 sed
453 741 580 777 Spiritum
592 742 635 776 qui
646 749 678 768 ea:
689 741 743 768 Deo
751 745 788 768 est
797 741 831 772 ",
842 741 940 776 quibus
948 746 1021 769 certe

230 789 322 815 verbis
345 788 441 815 eodem
469 788 545 815 illum
570 788 598 814 in
622 787 730 820 ordine,
753 795 808 822 quo
824 792 852 814 et
866 787 974 815 Patrem
993 791 1022 814 et

230 833 330 860 Filium
345 833 472 865 collocat,
490 833 525 860 ad
539 833 686 860 creationis
701 837 792 860 autem
811 832 936 860 ordinem
949 840 1021 859 nun-

1074 240 1102 266 in
1115 240 1195 272 vobis,
1208 248 1284 275 quem
1296 241 1395 267 habetis
1408 249 1424 267 a
1438 241 1493 268 Deo
1503 241 1546 269 “‘i

1115 283 1220 315 Quibus
1251 283 1343 311 verbis
1373 290 1468 319 aperte
1495 285 1627 320 Spiritum
1654 286 1863 315 sanctissimum

1073 327 1173 356 divina:
1196 337 1258 357 esse
1282 335 1389 357 naturae
1410 331 1503 359 docet.
1525 331 1592 358 Nam
1612 331 1636 359 si
1653 332 1702 359 Dei
1726 334 1862 368 templum

1073 375 1219 402 credentes
1249 375 1397 409 dicuntur,
1421 375 1468 403 ubi
1492 377 1612 411 primum
1630 378 1718 412 gratia
1739 378 1867 413 Spiritus

1073 418 1168 447 donati
1183 425 1258 453 sunt,
1284 428 1318 449 ex
1339 421 1535 450 consecutione
1558 422 1678 458 Spiritus
1697 429 1811 453 sanctus
1828 432 1864 452 ex

1073 464 1130 492 Deo
1144 469 1196 492 est.

1108 511 1176 544 Quia
1191 511 1265 539 enim
1284 513 1344 548 ejus
1362 513 1450 548 gratia
1477 513 1505 540 in
1533 513 1588 541 iliis
1611 514 1729 548 habitat,
1755 515 1864 544 idcirco

1074 557 1121 585 Dei
1151 559 1285 593 templum
1312 559 1482 587 denominati
1498 565 1571 588 sunt.
1593 561 1723 597 Apertius
1737 570 1822 598 porro
1837 567 1867 590 et

1072 603 1245 638 explanatius
1261 605 1342 633 nobis
1357 613 1372 633 a
1389 606 1505 633 Domino
1520 607 1638 641 dignitas
1652 608 1769 643 Spiritus
1787 608 1865 636 indi-

1072 653 1160 677 catur.
1188 650 1258 678 Cum
1288 651 1361 678 enim
1387 652 1559 687 baptismatis
1574 655 1705 688 mysterio
1723 655 1866 689 apostolos

1071 694 1245 729 informaret,
1265 696 1302 724 ita
1318 697 1407 731 inquit
1423 697 1539 725 :Euntes
1553 698 1642 725 docete
1654 706 1744 725 omnes
1757 705 1864 734 gentes.

1072 739 1237 774 baptizantes
1252 749 1295 768 eos
1309 742 1336 768 in
1352 742 1460 769 nomine
1472 742 1560 770 Patris
1573 747 1598 769 et
1614 743 1689 776 Filii,
1703 749 1729 771 et
1744 743 1863 778 Spiritus

1071 786 1158 812 sancti
1187 786 1221 813 ".
1251 786 1331 819 Quod
1358 787 1382 814 si
1406 791 1498 814 creata
1512 792 1611 816 natura
1628 789 1672 816 vel
1689 789 1776 816 Filius
1789 810 1797 822 ,
1817 791 1862 817 vel

1073 830 1193 865 Spiritus
1208 837 1331 864 sanctus,
1351 833 1483 868 praeditus
1496 833 1604 866 fuisset,
1622 842 1763 870 nunquam
1779 843 1863 862 crea-

229 887 311 914 quam
333 879 458 914 redegit:
476 887 528 906 nec
543 879 618 907 enim
643 879 790 906 creationis
814 879 889 905 illum
914 882 1019 913 partem
1037 866 1061 897 Β
1075 877 1128 904 tori
1144 877 1199 905 Deo
1210 879 1318 906 accensi
1335 880 1582 914 connumeratique
1597 880 1716 908 fuissent
1739 890 1746 908 :
1766 881 1863 909 verbis

227 933 289 952 esse
315 925 456 960 intelligit,
470 932 559 960 neque
578 924 648 954 Arii.
673 924 811 957 Eunomii,
826 928 855 952 et
868 923 1019 951 Macedonii

227 970 424 1006 blasphemiam
445 974 558 998 secutus
579 970 688 1006 πρῶτον
706 969 821 1004 ποίημα,
841 969 893 997 hoc
908 974 948 997 est
965 969 1022 1004 pri-

227 1024 300 1042 mam
320 1021 474 1043 creaturam
498 1015 631 1042 nominat.
652 1015 704 1042 Sed
720 1015 813 1050 gratia:
834 1015 935 1042 divinae
949 1015 1021 1042 dona

228 1062 421 1089 demonstrans
434 1062 470 1088 ita
487 1061 577 1096 inquit
590 1070 596 1088 :
613 1061 757 1088 Diuisione:
772 1065 860 1087 autem
871 1060 1021 1096 gratiarum

229 1112 300 1141 sunt,
315 1109 369 1143 ipse
385 1112 473 1134 autem
499 1107 568 1134 Deus
591 1111 717 1142 operatur
740 1107 830 1134 omnia
846 1107 875 1134 in
891 1106 1019 1134 omnibus.

229 1154 332 1181 Deinde
346 1158 560 1181 commonstrata
577 1153 772 1181 charismatum
787 1152 941 1180 diflerentia
956 1153 1020 1180 sub-

226 1200 292 1236 jecit
310 1208 318 1227 :
336 1199 397 1226 Haec
415 1207 474 1226 uero
497 1204 592 1226 cuncta
617 1203 742 1232 operatur
764 1207 831 1226 unus
855 1203 933 1234 atque
952 1199 1021 1226 idem

228 1245 345 1280 Spiritus
360 1245 477 1271 dividens
490 1244 603 1279 singulis
618 1249 696 1280 prout
713 1244 768 1271 vult
779 1245 813 1272 ’°.
841 1245 935 1280 Neque
946 1245 1020 1272 enim

228 1291 338 1319 servilis
355 1295 408 1323 est,
423 1291 523 1326 inquit,
540 1291 696 1322 ministerii,
707 1290 755 1318 sed
770 1291 918 1318 Dominicte
932 1291 1020 1326 digni-

230 1338 295 1366 tatis
317 1338 508 1366 sanetissimus
532 1337 671 1372 Spiritus:
688 1345 777 1373 neque
796 1338 945 1371 miniSIrat,
971 1338 1019 1366 sed

228 1388 403 1417 cooperatur,
425 1387 453 1410 et
477 1387 605 1418 tanquam
628 1383 759 1411 Dominus
776 1389 915 1419 operatur.
934 1383 978 1411 Sic
992 1387 1020 1411 et

227 1429 257 1456 in
275 1429 328 1456 ﬁne
342 1429 469 1456 secundae
482 1428 516 1456 ad
530 1429 640 1456 eosdem
656 1429 785 1464 Epistolas
800 1429 1019 1456 benedictionem

227 1475 343 1501 attexuit
356 1483 363 1501 :
379 1474 592 1508 Gratia_l)omini
606 1476 690 1502 nostri
704 1475 767 1502 Jesu
790 1475 900 1508 Christi,
918 1479 942 1502 et
956 1475 1020 1502 cha-

227 1522 294 1546 ritas
311 1520 369 1552 Dei,
385 1525 408 1547 et
424 1521 628 1547 communicatio
647 1521 733 1548 sancti
748 1520 874 1556 Spiritus,
890 1529 948 1548 cum
963 1530 1053 1562 om-C

227 1566 302 1592 nibus
318 1566 399 1593 vobis.
418 1569 501 1593 Amen
513 1568 547 1595 ".
564 1568 652 1602 Atque
669 1568 696 1594 in
719 1568 810 1603 priore
831 1567 941 1602 quidem
955 1567 1020 1602 Epi-

227 1613 307 1645 stola,
329 1614 447 1647 primum
475 1614 563 1640 locum
584 1613 709 1648 Spiritui,
725 1614 769 1641 hic
783 1621 847 1641 vero
866 1619 1019 1641 extretnum

226 1658 357 1692 assignat,
372 1658 474 1686 docens
490 1659 652 1694 dignitatum
674 1658 858 1686 differentiam
875 1667 908 1687 ex
922 1659 1019 1687 ordine

227 1704 369 1731 nominum
395 1711 448 1731 non
471 1712 530 1732 csse
559 1705 750 1740 colligendam.
783 1705 899 1740 Spiritui
928 1706 1019 1741 itaque

228 1749 328 1776 Filium
358 1750 430 1777 Patri
455 1751 621 1785 praeposuit,
646 1758 700 1778 non
718 1755 747 1778 ut
762 1751 885 1778 ordinem
907 1752 1019 1780 scmela

226 1796 283 1823 Deo
307 1797 426 1830 positum
457 1796 643 1829 subverteret,
668 1797 717 1824 sed
740 1802 771 1824 ut
793 1797 891 1825 eodem
914 1798 1019 1826 honore

227 1841 389 1868 Trinitatem
407 1841 549 1869 colendam
565 1849 625 1869 esse
644 1841 841 1870 subindicaret.
864 1842 938 1870 Idem
955 1851 1020 1878 apo-

227 1887 305 1914 stolis
330 1895 440 1922 quoque
469 1887 600 1914 divinitus
624 1887 732 1915 infusus
754 1892 805 1915 est.
830 1888 921 1916 Primo
945 1891 1018 1916 enim

227 1932 337 1959 domum
353 1933 503 1968 concussit,
520 1938 550 1960 ut
564 1932 685 1960 divinam
701 1933 845 1961 denotaret
869 1934 1020 1969 apparitio-

226 1974 300 2006 nem.
311 1979 367 2006 Hoc
377 1979 450 2006 enim
465 1979 600 2014 Propheta
612 1979 646 2007 de
658 1979 846 2008 universitatis
860 1980 916 2008 Deo
928 1980 995 2008 dicit
1010 1988 1018 2008 ς

227 2023 278 2056 Qui
295 2025 398 2060 respicit
422 2030 533 2057 terram,
550 2030 574 2051 et
588 2029 699 2052 tremere
716 2026 778 2060 facit
800 2033 858 2053 eam
868 2026 901 2053 ⁹¹.
916 2026 1020 2054 Deinde

227 2071 370 2105 discipulis
389 2078 498 2106 quoque
512 2072 539 2098 in
553 2071 644 2105 specie
662 2071 732 2106 ignis
750 2071 864 2106 insedit,
886 2072 1020 2107 quemad-

228 2117 339 2143 modum
353 2117 409 2152 jam
427 2117 491 2144 olim
517 2117 602 2144 Deum
617 2118 644 2144 in
662 2117 731 2144 rubo
753 2117 911 2152 apparuisse
931 2118 1019 2146 Moses

226 2167 393 2191 attestatur:
407 2168 435 2191 et
455 2162 688 2198 quemadmodum
707 2163 794 2190 rubus
817 2163 874 2195 ille,
894 2164 1019 2198 quamvis

228 2211 350 2244 arderet,
366 2218 420 2238 non
433 2215 522 2237 tamen
534 2210 748 2238 consumebatur
760 2218 767 2236 :
783 2209 818 2237 ita
831 2210 1017 2244 apostolorum

224 2255 327 2290 linguae
357 2255 567 2290 haudquaquam
586 2255 638 2282 vim
663 2254 837 2289 energiamve
865 2254 1017 2282 adustivam

225 2305 346 2335 expertze
361 2304 436 2328 sunt.
456 2300 521 2333 Qute
545 2308 606 2328 cum
628 2308 683 2328 non
706 2300 809 2333 verbis,
829 2300 876 2328 sed
895 2301 978 2328 rebus
990 2305 1018 2328 et

237 2346 306 2375 actis
324 2346 423 2373 Petrus
442 2346 486 2373 ille
501 2346 644 2374 divinitate
662 2354 718 2382 prae
731 2346 837 2373 caeteris
854 2347 1018 2381 conspicuus

227 2392 377 2425 didicisset,
405 2393 494 2428 ipsum
514 2393 598 2419 Demn
618 2393 735 2426 vocavit,
753 2400 815 2420 cum
835 2393 947 2421 Ananiae
960 2393 1019 2420 fur-

228 2443 285 2464 tum
309 2438 495 2472 redargueret.
518 2437 585 2465 Cum
600 2439 673 2465 enim
698 2439 821 2471 dixisset,
838 2439 893 2466 Cur
909 2441 1018 2466 tentavit

226 2484 345 2511 Satanas
360 2493 405 2512 cor
418 2490 506 2517 tuum,
526 2486 630 2512 mentiri
645 2489 669 2511 te
683 2484 796 2520 Spiritui
816 2485 929 2512 sancto?
952 2485 1018 2513 sub-

225 2532 328 2558 iunxit:
343 2531 402 2558 Non
425 2532 546 2558 mentitus
570 2540 596 2558 es
619 2533 776 2564 hominibus,
790 2532 835 2558 sed
851 2532 905 2558 Deo
917 2533 949 2558 “.
969 2532 1016 2559 llis

224 2577 411 2611 astipulantur
434 2581 463 2603 et
486 2584 528 2607 ea,
548 2584 608 2611 quae
623 2584 637 2603 a
653 2576 733 2603 beato
753 2576 837 2604 Paulo
859 2576 892 2603 de
911 2576 1014 2611 Spiritu

224 2623 298 2649 dicta
323 2628 398 2649 sunt.
424 2622 573 2649 Crcdcntes
597 2622 670 2650 enim
695 2622 794 2656 tetnpla
810 2622 858 2649 Dei
882 2626 971 2654 vocat,
986 2622 1013 2649 in

223 2670 325 2703 quibus
349 2668 479 2696 nimirum
505 2669 590 2704 gratia
615 2668 735 2704 Spiritus
760 2668 875 2696 habitet.
900 2667 1013 2694 Nescitis

223 2715 310 2746 enitn,
337 2715 437 2750 inquit,
463 2715 524 2749 quia
547 2714 674 2750 templum
697 2714 747 2741 Dei
767 2714 838 2746 estis,
861 2718 885 2740 et
899 2712 1014 2748 Spiritus

224 2762 274 2789 Dei
297 2762 398 2790 habitat
422 2763 450 2790 in
477 2762 546 2790 vobis
557 2763 598 2790 ⁹δῖ
622 2762 710 2795 Item,
741 2761 862 2794 Nescitis,
889 2762 1013 2795 quoniam

278 2822 299 2837 ¹⁷
312 2821 376 2849 Cor.
395 2829 426 2854 ll,
458 2822 501 2850 10.
540 2821 645 2849 "Ibid.
673 2822 718 2849 il.
755 2821 778 2838 "
790 2820 861 2848 Ibid.
888 2821 930 2848 I2.

225 2855 270 2888 55,
288 2855 334 2883 sa.
372 2857 394 2873 η
409 2857 469 2884 Aet.
484 2865 511 2892 v,
529 2857 559 2885 δ.

980 2819 1028 2847 “I
1056 2819 1121 2847 Cor.
1149 2827 1197 2851 xu,
1228 2819 1254 2851 6,
1281 2820 1324 2846 fl.

598 2858 645 2886 ’τι
667 2856 733 2885 Cor.
748 2865 789 2891 ιιι,
807 2857 852 2884 16.
889 2857 912 2872 ⁹⁵
927 2856 937 2883 ι
953 2855 1016 2882 Cor.
1030 2863 1067 2888 vt,
1087 2855 1130 2883 f9.
1168 2857 1190 2871 ⁸⁵
1204 2855 1301 2882 Matth.
1318 2863 1411 2888 xxvm,
1431 2857 1472 2883 19.

1070 922 1143 950 enim
1153 922 1253 950 divinis
1264 930 1429 952 accusantur
1441 925 1471 957 ii.
1483 926 1531 960 qui
1543 930 1690 959 creaturae,
1704 927 1767 955 loco
1777 927 1863 955 Crea-

1072 967 1141 995 toris
1157 967 1323 996 servierunt.
1339 969 1457 996 Proinde
1472 969 1633 1005 Unigenitus
1659 979 1769 1006 quoque
1797 980 1862 1001 car-

1069 1020 1133 1040 nem
1149 1014 1296 1049 assumpsit
1306 1014 1465 1048 humanam,
1474 1020 1504 1042 ut
1512 1015 1638 1045 homines
1650 1017 1684 1045 ab
1698 1018 1751 1045 hoc
1764 1026 1862 1046 errore

1070 1057 1213 1092 liberaret,
1230 1059 1335 1095 Deique
1351 1068 1367 1088 a
1383 1067 1510 1089 creatura
1524 1062 1709 1090 differentiam
1727 1064 1861 1092 ostende-

1071 1107 1123 1130 ret.
1138 1102 1252 1131 Sublata
1277 1108 1369 1132 autem
1392 1110 1526 1133 creaturae
1539 1106 1711 1140 adoratione,
1727 1113 1858 1136 naturam

1070 1154 1189 1178 creatam
1204 1151 1313 1178 adorari
1327 1158 1383 1178 non
1394 1152 1487 1187 jussit.
1511 1153 1700 1181 Absurdorum
1717 1155 1792 1182 enim
1807 1155 1861 1183 hoc

1069 1198 1113 1225 vel
1129 1199 1279 1226 maximum
1291 1198 1387 1231 fuerit,
1406 1199 1431 1227 si
1454 1199 1516 1234 quis
1540 1199 1666 1227 homines
1692 1200 1727 1227 ab
1752 1200 1787 1227 iis
1811 1202 1859 1235 qui

1070 1244 1110 1272 dii
1132 1252 1187 1271 non
1204 1249 1270 1272 sunt
1285 1246 1429 1278 abductos,
1444 1250 1633 1273 creaturarum
1651 1246 1765 1273 servitio
1778 1246 1859 1274 addi-

1070 1290 1155 1317 xerit.
1172 1290 1267 1326 Itaque
1281 1291 1382 1319 Filium
1399 1297 1428 1319 et
1441 1291 1575 1326 Spiritum
1589 1296 1714 1319 sanctum
1733 1293 1860 1320 increata

1069 1336 1201 1370 praeditos
1218 1344 1278 1364 esse
1293 1342 1390 1364 natura
1415 1338 1591 1372 perspicuutu
1611 1342 1663 1365 est.
1683 1337 1751 1364 Nam
1767 1339 1795 1365 in
1811 1338 1862 1365 Pa-

1071 1385 1151 1414 trem,
1167 1386 1196 1409 et
1210 1382 1308 1409 Filium
1324 1386 1359 1410 et.
1367 1382 1502 1418 Spiritum
1517 1387 1645 1410 sanctum
1670 1384 1785 1411 credere
1813 1383 1859 1410 id-

1069 1427 1143 1454 circo
1151 1427 1328 1462 docemur,et
1342 1429 1368 1455 in
1384 1428 1494 1456 nomine
1510 1429 1611 1463 Patris,
1627 1434 1655 1456 et
1669 1429 1742 1462 Filii,
1755 1434 1784 1456 et
1798 1429 1862 1464 Spi-

1069 1473 1141 1500 ritus
1157 1473 1244 1500 sancti
1261 1473 1442 1513 ba_ptizamur.
1461 1474 1531 1507 Quia
1546 1475 1619 1502 enim
1635 1475 1755 1510 primum
1770 1475 1860 1502 homi-

1070 1526 1133 1546 nem
1151 1527 1207 1546 non
1222 1520 1298 1547 solus
1313 1520 1394 1547 Pater
1408 1521 1521 1552 ereavit.
1537 1522 1584 1548 sed
1599 1525 1627 1548 et
1642 1521 1730 1548 Filius
1742 1526 1770 1549 et
1785 1521 1856 1557 Spi-

1071 1566 1141 1592 ritus
1157 1570 1267 1593 sanctus
1283 1566 1372 1601 (dixit
1393 1567 1467 1593 enim
1480 1587 1487 1600 ,
1507 1567 1646 1594 Faciamus
1667 1567 1800 1595 hominem
1825 1569 1861 1595 ad

1070 1611 1212 1646 imaginem
1230 1617 1254 1638 et
1266 1612 1464 1639 similitudinem
1479 1618 1597 1640 nostram
1611 1614 1658 1648 '7),
1669 1614 1768 1641 merito
1783 1619 1861 1642 certe

1070 1663 1138 1685 tunc.
1153 1658 1236 1685 etiam
1255 1666 1317 1686 cum
1333 1659 1509 1691 resurrectio,
1525 1667 1652 1695 novaque
1668 1660 1765 1687 mundi
1779 1668 1861 1688 crea-

1071 1703 1108 1730 tio
1124 1704 1275 1739 peragitur,
1291 1704 1377 1731 Filius
1388 1710 1416 1732 et
1431 1705 1550 1739 Spiritus
1565 1709 1676 1733 sanctus
1690 1706 1780 1734 Patris
1793 1714 1861 1734 con-

1070 1753 1160 1776 sortes
1184 1749 1269 1783 fiunt,
1296 1749 1493 1785 Trinitatisque
1510 1750 1580 1778 adeo
1598 1750 1734 1778 invocatio
1759 1759 1856 1779 eorum

1069 1794 1116 1829 qui
1135 1794 1311 1829 baptizantur
1329 1803 1415 1822 unum
1431 1799 1568 1831 quemque
1583 1801 1742 1831 regenerat.

1365 1864 1441 1892 CAP.
1462 1863 1559 1891 XXIX.

1301 1921 1338 1948 De
1355 1921 1450 1948 divinis
1466 1921 1626 1949 nominibus.

1106 1977 1159 2005 Sed
1178 1977 1334 2004 divinorum
1349 1977 1430 2004 etiam
1444 1978 1588 2005 nominum
1604 1977 1800 2011 interpretatio
1818 1979 1859 2006 sic

1070 2031 1099 2052 se
1116 2024 1210 2051 habet.
1225 2023 1294 2057 Quia
1317 2023 1391 2051 enim
1418 2024 1558 2051 vaecordes
1586 2025 1628 2051 illi
1655 2024 1858 2052 Hebraicorutn

1069 2070 1213 2098 nominum
1243 2070 1501 2104 interpretationem
1525 2070 1703 2105 ignorantes,
1737 2071 1859 2103 Adonai,

1070 2116 1142 2149 Eloi,
1161 2121 1188 2144 et
1207 2115 1327 2143 Sabaoth
1343 2116 1468 2144 diversos
1489 2124 1548 2144 esse
1563 2117 1629 2144 deos
1641 2117 1766 2144 arbitrati
1782 2123 1858 2150 sunt,

1070 2169 1162 2197 operae
1184 2162 1306 2197 pretium
1321 2162 1388 2189 mihi
1403 2162 1527 2189 facturus
1546 2162 1642 2190 videor
1655 2182 1663 2195 ,
1688 2163 1712 2190 si
1737 2163 1859 2190 rudibus

1034 2198 1056 2225 ι)
1070 2214 1098 2236 et
1122 2207 1226 2244 ignaris
1246 2209 1367 2243 aperiam
1384 2209 1450 2244 quid
1472 2211 1570 2235 horum
1588 2209 1731 2235 nominum
1755 2216 1859 2236 unum-

1066 2254 1195 2290 quodque
1211 2254 1313 2282 Graecis
1334 2259 1363 2282 et
1388 2255 1494 2282 Latinis
1514 2255 1628 2282 auribus
1654 2259 1746 2282 sonet.
1774 2254 1857 2281 Eloth

1067 2300 1161 2335 itaque
1174 2300 1241 2327 Θεὸν
1256 2301 1342 2327 Deum
1357 2291 1566 2335 interpretatur.
1579 2301 1637 2328 Eloi
1646 2305 1750 2332 autem,
1762 2295 1780 2327 ¹ὁ
1793 2301 1860 2332 8:6;

1069 2355 1132 2381 μου,
1149 2346 1221 2374 Deus
1238 2353 1326 2373 meus.
1355 2345 1384 2373 El
1404 2354 1523 2381 quoque,
1542 2347 1565 2373 si
1586 2346 1663 2373 tenui
1678 2347 1777 2381 spiritu
1793 2354 1860 2381 pro-

1068 2392 1174 2419 feratur
1188 2412 1195 2425 ,
1219 2391 1285 2418 Θεὺν
1311 2391 1397 2418 Deum
1415 2400 1422 2418 :
1437 2392 1459 2419 si
1475 2399 1591 2427 aspero,
1620 2392 1730 2427 ῑσχυρδν
1756 2391 1857 2419 fortem

1070 2439 1216 2474 signiﬁcat.
1231 2438 1335 2466 Adonai
1348 2444 1450 2470 autem,
1478 2439 1581 2475 Κύριον
1596 2439 1754 2466 Dominum.
1768 2438 1857 2466 Caete-

1069 2492 1131 2512 rum
1145 2483 1278 2511 Dominus
1302 2484 1435 2516 Sabaoth,
1458 2484 1529 2511 idem
1557 2489 1646 2518 sonat,
1665 2483 1738 2519 quod
1756 2484 1858 2519 Κύριος

1069 2529 1220 2564 δυνάμεων,
1235 2529 1366 2556 Dominus
1379 2529 1523 2562 virtutum,
1535 2530 1577 2556 vel
1591 2530 1692 2564 Κύριος
1709 2529 1855 2564 στρατιῶν,

1068 2575 1200 2602 Dominus
1213 2575 1396 2602 exercituum.
1415 2575 1483 2602 Nam
1504 2575 1575 2610 apud
1591 2575 1700 2602 Grmcos
1716 2575 1853 2603 militares

1068 2622 1180 2649 ordines
1196 2622 1348 2656 δυνάμεων,
1365 2629 1413 2648 seu
1429 2622 1562 2648 virtutum
1586 2625 1791 2655 potestatumve
1805 2629 1854 2648 no-

1069 2669 1142 2695 mine
1158 2667 1347 2702 designantur.
1364 2667 1464 2694 Saddai
1481 2675 1562 2702 porro
1573 2667 1664 2694 ἱκανὸν
1683 2667 1732 2693 καὶ
1743 2667 1853 2694 δυνατὸν

1067 2713 1199 2741 idoneutn
1218 2718 1245 2740 et
1262 2718 1412 2748 potentem.
1424 2714 1484 2740 Alia
1504 2721 1571 2740 vero
1583 2713 1628 2739 τὸν
1645 2713 1720 2743 ὄντα,
1736 2721 1799 2740 eum
1810 2714 1853 2747 qui

1066 2764 1109 2787 est
1123 2759 1284 2795 significat:
1304 2759 1377 2794 quod
1402 2767 1503 2787 nomen
1527 2759 1666 2787 ineffabile
1690 2767 1801 2794 quoque
1822 2759 1853 2786 ab

1362 2820 1382 2837 °'
1400 2820 1433 2847 ll.
1449 2819 1513 2847 Cor.
1531 2827 1588 2849 xm,
1605 2819 1649 2846 15.
1699 2821 1721 2836 ¹¹
1739 2821 1810 2849 Psal.
1824 2829 1838 2848 ι

1514 2841 1615 2882 ναίει.
1634 2863 1655 2888 ι,
1670 2856 1714 2882 ’.6.
1739 2841 1770 2849 ’“
1803 2841 1852 2855 ”⁹
