1949 3073
104 133 166 166 1161

730 133 927 164 TIIESAURI
947 133 1020 163 LIB.
1045 133 1086 164 II.

1652 131 1720 164 1162

101 188 219 216 Hebraeis
232 188 407 217 censebatur.
425 188 618 216 Samariritani
633 187 761 216 eumdem
771 188 833 215 labe
849 188 889 225 di-
904 191 926 219 Α
941 189 1131 221 extolleretur,
1148 188 1203 214 imo
1221 194 1297 220 vero,
1316 187 1363 221 qui
1381 194 1435 214 non
1449 190 1603 214 extremum
1616 185 1669 212 Iioc
1681 186 1729 210 «lu-

100 239 187 265 cunt.
218 235 294 262 verbi
316 235 370 261 vim
407 235 574 269 ignorantes.
606 234 670 261 Haec
702 241 764 260 cum
795 233 887 260 minus

102 280 231 308 vecordes
247 280 284 307 illi
308 280 502 312 adverterent,
522 280 590 308 deos
611 279 737 307 diversos
764 278 888 314 appella-

102 329 211 352 verunt.

403 383 479 411 CAP.
500 382 586 410 XXX.

101 429 224 463 Ejusdem
256 432 393 456 uitantque
434 430 595 465 [Trinitatis
626 427 836 465 demonstratio,
872 435 889 452 α

134 465 238 491 trutina:
251 464 409 499 azquilibrio,
435 462 532 499 duplici
557 464 665 490 alarum
689 462 888 497 seraphicarum

135 499 274 532 ’l'riiiitate,
291 499 421 534 Trisagio.
434 499 443 535 ]
852 512 854 514 τ

134 557 333 584 habitantibus
347 561 452 587 autem.
480 563 599 590 quanam
627 555 661 582 de
691 561 774 582 causa
801 552 889 580 Filius

101 603 291 630 enuntiatione
320 603 427 629 medius
453 603 627 634 assumitur,
644 605 768 627 extrema
797 603 889 625 autem

101 648 181 674 Pater
205 652 234 674 et
261 647 380 681 Spiritus
397 652 510 674 sanctus
534 651 693 681 occupent,
719 644 890 679 respondere

101 701 255 728 possumus,
273 693 346 727 quod
361 701 423 720 cum
440 693 511 720 Deus
527 697 629 719 statera
647 691 761 726 jusiitiaz
783 690 890 717 dicatur

101 739 195 766 eadem
211 746 327 773 prorsus
341 739 460 770 ratione,
476 746 529 772 qua
555 743 687 764 stateram
715 736 849 767 dicimus,
867 735 889 762 is

102 792 210 820 quoque
226 785 294 812 ordo
310 785 337 811 in
362 789 459 811 natura
484 784 576 811 divina
601 783 773 818 excogitatus
790 786 841 814 est,
862 786 891 808 ut

102 830 220 856 medium
237 830 327 856 locum
345 830 429 856 Filius
443 837 582 864 occupans
597 835 732 856 summam
747 827 889 862 aequalita—

105 879 157 902 tem
175 883 237 902 cum
255 875 365 902 duobus
381 875 512 902 extremis
530 878 685 902 conservet.
703 873 762 908 Ipse
772 873 847 900 enim
864 877 891 899 et

103 921 220 956 primam
237 921 310 948 illam
325 921 420 948 mundi
437 921 645 948 fabricationem
660 941 668 953 ,
682 924 717 947 .et
744 927 803 947 eam
831 926 892 953 quae

103 967 252 994 subsecuta
268 973 311 994 est
325 958 436 1002 generis
454 967 678 993 reformationem
694 965 818 1000 perfecit.
833 964 893 992 Cie-

105 1016 192 1039 tcrum
203 1017 311 1040 statera:
326 1012 462 1047 exemplo,
473 1012 587 1047 aequalis
602 1012 647 1038 illa
663 1013 751 1038 virtus
760 1014 787 1037 et
798 1014 895 1044 poten-

105 1059 142 1085 tia
156 1059 359 1088 suliindicatur.
378 1066 439 1095 quae
457 1059 484 1085 in
502 1058 639 1093 Trinitate
652 1057 743 1092 (cuius
759 1057 895 1084 immensa

105 1109 147 1132 est
160 1105 295 1139 potentia)
314 1105 448 1132 elucescit
465 1113 528 1132 cum
546 1113 578 1132 ex
594 1105 685 1131 tribus
700 1103 755 1130 illis
770 1103 895 1138 personis

105 1151 179 1177 nulla
206 1150 355 1185 quidquam
374 1151 493 1185 amplius
516 1159 625 1178 sursum
645 1151 731 1182 ferat,
751 1157 833 1184 quam
851 1149 896 1175 illa

106 1204 166 1230 quae
183 1197 312 1223 deorsum
336 1198 440 1231 vergit,
465 1197 512 1224 sed
536 1197 563 1224 in
591 1197 746 1231 wqiiilibrio
773 1195 895 1227 honoris,

106 1242 199 1277 gloria;
227 1247 254 1268 ct
280 1243 441 1270 substantiae
457 1243 584 1274 librctur,
606 1247 633 1270 et
651 1242 808 1277 theologica
832 1249 898 1268 con-

107 1289 207 1315 stantia
220 1288 358 1322 persistat.
377 1289 415 1316 Ex
436 1297 490 1324 quo
506 1289 554 1321 fit,
580 1294 610 1316 ut
627 1289 654 1315 in
680 1288 764 1315 rebus
788 1294 898 1322 quoque

108 1335 278 1368 generationi
294 1334 423 1361 obnoxiis
452 1335 595 1369 inqualitas
611 1333 702 1366 detur,
731 1339 894 1368 aequumque

111 1383 240 1414 tanquam
260 1380 364 1406 trutina
381 1385 524 1414 pensetur.

145 1425 202 1451 Infh
217 1425 318 1458 duplex
337 1432 448 1459 quoque
463 1425 674 1460 serapliicarum
700 1425 804 1452 alarum
821 1423 899 1451 trini-

110 1474 152 1496 tas
168 1475 269 1496 saucia:
281 1469 424 1496 Trinitatis
439 1471 570 1504 mysterio
587 1470 766 1504 proportione
778 1469 898 1504 quadam

110 1517 282 1550 respondet;
303 1516 423 1543 iiiediutii
451 1517 524 1543 enim
551 1516 637 1548 Patril
656 1521 778 1542 extrema
807 1520 898 1542 autem

109 1561 180 1587 Filio
194 1566 221 1588 et
236 1561 351 1595 Spiritui
369 1561 536 1596 respondent
549 1569 556 1587 :
575 1562 701 1595 trinaque
715 1561 783 1588 adeo
795 1561 897 1587 sancti-

110 1606 174 1633 tatis
189 1607 342 1634 eiiuntiatio
357 1615 420 1634 cum
445 1615 494 1642 per
521 1614 551 1634 sc
577 1614 691 1641 prorsus
719 1607 897 1633 immutabilis

108 1653 232 1684 exsistat,
251 1656 306 1679 tres
322 1660 452 1686 personas
480 1652 647 1683 substantia.
666 1652 770 1679 virtute
801 1658 898 1686 poten-

110 1697 201 1732 tiaque
217 1698 401 1725 immutabilis
416 1698 587 1737 aenigmatice
597 1697 734 1732 designat,
749 1697 803 1723 iino
815 1696 907 1724 etiam'

108 1743 271 1769 substantia:
298 1744 442 1777 aequalitas
467 1748 494 1770 et
522 1743 614 1770 unitas
640 1744 696 1775 illa,
724 1740 785 1777 qua:
810 1743 899 1770 tribus

109 1787 193 1820 inest,
210 1794 286 1814 certa
317 1789 478 1815 inductione
507 1794 536 1815 et
563 1788 686 1815 illatione
701 1789 812 1815 unicum
837 1795 898 1815 esse

109 1833 258 1860 Dominum
272 1833 427 1860 conlirinat.
443 1833 499 1860 Alae
516 1841 627 1869 quoque
641 1834 768 1868 duplices
786 1841 898 1860 omnem

109 1881 183 1908 illam
197 1881 381 1916 cognitionem
399 1881 530 1908 denotant
545 1901 552 1914 ,
573 1889 635 1916 quae
653 1881 687 1907 ad
707 1889 759 1908 nos
786 1882 896 1909 illorum

109 1926 245 1953 beneficio
270 1926 414 1953 descendit
427 1945 435 1958 ,
452 1926 561 1954 etiamsi
587 1927 700 1961 spiritus
715 1927 789 1953 illam
812 1927 899 1954 admi-

109 1973 258 1999 nistrantes
272 1972 307 1998 ab
320 1973 395 1998 omni
412 1972 468 1999 sint
494 1973 611 1999 materia
626 1973 724 2000 remoti
735 1995 741 2005 ,
758 1981 809 2001 nec
830 1973 898 2000 sim-

109 2019 173 2053 plex
187 2018 232 2044 illa
249 2018 408 2050 descendat,
418 2018 466 2046 sed
480 2018 615 2053 ejusmodi
631 2019 745 2046 materia
758 2023 898 2054 constans,

109 2072 173 2098 qua:
196 2065 267 2098 typis
284 2069 312 2090 et
330 2064 425 2099 figuris
447 2065 618 2091 nostratibus
633 2067 797 2098 conveniat,
817 2071 899 2101 atque

110 2110 181 2137 adeo
190 2112 340 2145 composita
358 2111 519 2145 compositis
534 2111 762 2145 peraccommoda
784 2112 830 2138 sit.
846 2113 900 2139 Du-

109 2156 173 2192 plex
184 2161 274 2182 autem
291 2161 334 2183 est
352 2164 394 2183 res
409 2157 498 2183 omnis
511 2157 671 2191 materialis,
692 2166 753 2192 qua:
771 2159 898 2186 nimirum

940 234 1025 261 decus
1042 234 1133 266 fuerit,
1157 234 1179 261 si
1194 233 1228 260 ad
1246 233 1333 268 majus
1349 232 1438 259 laudis
1456 237 1648 267 argumentum
1663 238 1728 264 per-

942 280 1149 306 turbationibus
1164 279 1228 312 illis,
1245 279 1347 314 quibus
1362 274 1459 305 omnes
1484 278 1595 304 obnoxii
1619 283 1726 307 sumus,

938 325 1052 353 Iibermn
1077 333 1138 352 esse
1165 325 1271 352 Nu-inen
1297 325 1472 352 asseramus?
1497 325 1550 351 Sed
1572 323 1600 350 id
1624 324 1726 358 potius.

939 371 1012 406 quod
1035 374 1206 406 segregatum
1221 390 1228 402 .
1245 375 1273 398 et
1302 371 1411 398 caeteris
1445 370 1574 396 omnibus
1590 369 1669 403 longe
1682 376 1729 394 su.-

940 418 1053 445 blimius
1068 421 1132 449 esti,
1160 421 1189 444 et
1214 417 1292 451 quasi
1311 416 1430 451 quodam
1447 424 1558 443 recessu
1575 415 1729 449 sepositum

940 463 1053 492 indicat.
1064 463 1129 496 Quae
1140 463 1272 490 dictionis
1287 462 1450 497 significatio
1466 462 1596 496 frequens
1614 461 1640 488 in
1657 461 1732 488 Scri—

939 510 1028 545 pturis
1053 509 1192 542 occurrit,
1222 513 1251 535 ut
1274 516 1281 536 :
1303 508 1384 535 Omne
1403 508 1549 535 masculum
1575 508 1732 542 adaperiam

940 556 1054 588 vulvam,
1072 560 1194 583 sanctum
1222 555 1334 582 Domino
1350 555 1485 582 vocabitur
1498 555 1532 586 ⁸³,
1546 554 1573 581 id
1589 559 1630 580 cst
1645 561 1735 588 segre-

941 607 1044 638 gatum.
1063 602 1131 630 Item
1150 602 1177 629 in
1200 602 1272 628 libro
1285 601 1412 628 Judicum
1437 609 1443 626 :
1463 600 1552 626 Pariet
1569 599 1681 629 Filium,
1708 602 1732 624 et

942 656 994 674 non
1005 647 1126 674 ascendet
1141 647 1241 681 ferrum
1251 654 1330 681 super
1343 650 1422 681 caput
1444 645 1501 680 ejus
1512 664 1519 676 ,
1534 645 1660 679 quoniam
1670 651 1733 669 san-

941 693 1072 726 ctiﬁcata:
1103 690 1142 719 est
1173 692 1275 728 puellus
1293 692 1327 723 9’,
1360 697 1387 719 et
1420 691 1572 718 innumeris
1600 691 1628 716 in
1656 689 1734 715 locis.

941 739 1044 766 Eodem
1062 739 1143 765 etiam
1165 747 1246 766 sensu
1264 739 1366 770 locum,
1379 738 1421 765 ch
1440 745 1550 772 panem,
1576 735 1619 762 νυ]
1641 735 1735 761 vinum

942 785 1108 813 sanctificari
1135 785 1264 816 dicimus,
1298 792 1358 819 quae
1386 785 1439 811 Deo
1465 786 1655 818 segregantur,
1685 788 1736 808 nec

943 831 972 858 in
1004 838 1178 858 Communem
1208 831 1326 865 aliquem
1359 838 1438 857 usuin
1469 830 1581 857 cedunt.
1616 827 1736 854 Proinde

942 878 1024 905 simul
1036 882 1119 912 atque
1131 877 1165 904 ad
1180 877 1265 904 altare
1277 877 1436 904 sacerdotes
1450 876 1626 905 introierant,
1642 881 1736 900 sacro-

943 930 1005 949 rum
1023 922 1194 949 Psalmorum
1214 926 1306 948 cantor
1317 921 1443 956 superius
1456 921 1625 948 exclamabat
1641 928 1647 946 :
1666 919 1734 946 San-

944 974 1005 996 ctus
1029 969 1120 1000 Deus.
1151 969 1269 996 Sanctus
1297 968 1397 1001 fortis,
1418 969 1535 996 Sanctus
1560 966 1733 994 Immortalis.

944 1014 1021 1047 Quod
1039 1014 1152 1048 quidem
1179 1014 1293 1041 laudum
1321 1014 1489 1049 prteconium
1512 1021 1547 1040 ex
1575 1012 1735 1040 veneranda

946 1060 991 1086 illa
1006 1059 1148 1094 Seraphici
1163 1057 1269 1086 ordinis
1287 1059 1463 1086 confessione
1480 1060 1668 1093 compositum
1682 1062 1732 1084 cst.

947 1106 1020 1133 Idem
1036 1113 1119 1139 porro
1132 1105 1271 1132 canticum
1282 1113 1315 1132 cx
1327 1105 1482 1132 Clieruliico
1492 1105 1574 1132 etiam
1587 1102 1735 1138 prreconio.

948 1151 1110 1186 musicoque
1135 1158 1277 1178 sacrorum
1303 1151 1475 1178 Psalinorum
1501 1155 1584 1177 cantu
1610 1153 1738 1176 constare

947 1197 1090 1228 discimus,
1108 1204 1170 1224 cum
1191 1197 1218 1223 in
1243 1197 1348 1231 psalmo
1375 1196 1487 1231 quidem
1512 1195 1628 1223 Sanctus
1654 1195 1737 1226 Deus,

947 1243 1037 1274 fortis.
1054 1244 1133 1270 vivus
1149 1247 1275 1270 canatur.
1293 1242 1346 1270 Ubi
1369 1248 1444 1270 certe
1460 1243 1546 1270 dictio
1566 1243 1651 1270 Vivus
1676 1243 1737 1269 loco

949 1288 1079 1316 dictionis
1108 1289 1291 1322 Immortalis,
1321 1293 1450 1324 tanquam
1476 1289 1548 1316 idem
1582 1288 1640 1323 sign
1655 1288 1738 1314 licans

949 1339 1104 1369 assumpta;
1118 1335 1201 1362 dictio
1215 1340 1306 1362 autein
1321 1334 1446 1362 Fortisin
1458 1334 1564 1369 integro
1580 1338 1698 1366 retenta,
1710 1338 1738 1359 et

949 1380 1003 1407 hoc
1021 1380 1102 1408 modo
1118 1388 1198 1407 sacra
1215 1381 1326 1407 demum
1344 1381 1435 1408 cantio
1451 1385 1581 1407 contexta
1596 1385 1649 1406 est.
1665 1380 1738 1406 Deus

951 1431 1044 1454 tamen
1071 1427 1180 1461 obiter,
1207 1432 1234 1455 et
1255 1427 1387 1459 Sanctus,
1405 1435 1438 1455 ex
1459 1427 1617 1455 adversario
1644 1426 1740 1461 impiis

951 1474 1087 1502 idolorum
1101 1474 1220 1501 cultibus
1231 1474 1491 1508 opponuntunQuae
1503 1474 1614 1508 quidem
1629 1478 1739 1500 terrena

912 1527 934 1557 ί]
952 1525 1027 1552 sunt,
1044 1527 1184 1554 operaque
1199 1527 1331 1546 manuum
1347 1519 1502 1550 hominum,
1528 1525 1610 1553 atque
1634 1518 1740 1545 abomi—

951 1566 1078 1594 nationes
1097 1573 1203 1593 revera.
1221 1565 1311 1592 Fortis
1329 1571 1422 1593 autem
1438 1566 1542 1593 eisdem
1565 1565 1716 1599 opponitur
1729 1584 1737 1595 .

951 1617 1087 1647 quatenus
1098 1616 1182 1644 muta,
1199 1613 1351 1640 immobilia
1366 1617 1394 1640 et
1409 1612 1517 1639 infirma
1531 1617 1604 1639 sunt.
1622 1612 1738 1638 Immor-

953 1659 1015 1686 talis
1031 1658 1162 1693 denique,
1174 1663 1310 1694 quatenus
1324 1667 1376 1686 nec
1392 1659 1538 1693 respirant,
1554 1666 1605 1685 nec
1620 1666 1739 1693 operan—

952 1707 1011 1735 tur,
1040 1712 1091 1732 nec
1115 1705 1169 1731 ulla
1194 1706 1257 1732 vita:
1279 1705 1397 1732 scintilla
1427 1705 1566 1731 fruuntur.
1602 1704 1738 1731 Caeterum

951 1758 1033 1786 supra
1060 1752 1204 1778 memorati
1230 1750 1329 1777 cantici
1353 1751 1517 1785 compositio
1534 1751 1615 1777 beato
1639 1750 1739 1777 Prorlo

951 1797 1260 1832 Constantinopolitano
1272 1797 1401 1832 pontifici
1418 1804 1452 1823 ex
1468 1797 1638 1824 revelatione
1658 1796 1738 1823 inno-

952 1844 1040 1871 tuisse
1063 1844 1151 1870 fertur
1165 1863 1172 1875 ,
1201 1844 1248 1878 qui
1273 1843 1379 1878 angelis
1404 1843 1516 1878 quidem
1537 1850 1645 1870 sacrmn
1665 1843 1739 1870 hunc

952 1889 1084 1925 hymnum
1100 1888 1307 1916 modulantibus
1321 1889 1378 1921 illo,
1408 1888 1466 1923 ipse
1489 1888 1595 1924 primus
1615 1889 1738 1915 omnium

953 1937 1078 1964 initiatus
1088 1940 1141 1964 est.

988 1983 1136 2011 Enimvero
1146 1983 1270 2011 senarius
1284 1983 1329 2010 ille
1340 1990 1450 2018 quoque
1468 1983 1618 2018 primorum
1632 1982 1738 2010 dierum

952 2037 1085 2058 numerus
1094 2030 1172 2064 cujus
1182 2029 1209 2056 in
1221 2030 1290 2056 libro
1299 2029 1332 2056 de
1342 2029 1436 2056 mundi
1449 2028 1626 2064 generatione
1636 2028 1740 2056 mentio

955 2075 994 2108 fit,
1019 2079 1082 2110 typo
1097 2074 1216 2108 quodam
1232 2075 1331 2100 trinam
1346 2074 1392 2100 Dei
1405 2074 1588 2108 cognitionem
1601 2073 1738 2108 exprimit;

953 2121 1026 2156 quod
1037 2121 1148 2155 quidem
1159 2128 1221 2147 cum
1234 2120 1294 2148 aliis
1304 2120 1409 2155 aliquot
1424 2129 1455 2147 ex
1471 2121 1550 2152 locis,
1569 2126 1624 2147 tum
1640 2128 1672 2147 ex
1688 2116 1749 2146 hoc

954 2167 1129 2202 perspicuum
1144 2171 1204 2193 est:
1221 2166 1280 2193 Dies
1296 2167 1348 2193 diei
1363 2170 1466 2192 eructat
1490 2167 1596 2193 verbum
1608 2186 1614 2198 ,
1639 2170 1663 2192 et
1690 2174 1741 2192 im:

109 2210 145 2229 cx
158 2204 270 2229 materia
289 2208 316 2230 et
331 2204 417 2230 forma
432 2207 549 2230 constet.
561 2204 649 2231 Dietio
664 2212 757 2239 porro,
769 2206 898 2238 Sanctus,
915 2203 942 2234 D
956 2214 1024 2239 ηοειί
1054 2213 1154 2239 indica;
1180 2212 1316 2239 mmmam
1335 2212 1354 2238 i_
1371 2213 1436 2239 nam
1454 2220 1485 2239 ex
1503 2213 1555 2239 hoc
1571 2221 1583 2238 ε,
1605 2212 1636 2238 ιη
1653 2213 1740 2247 cap“,

110 2248 138 2276 id
155 2249 322 2280 subindicat,
337 2250 411 2283 quod
427 2251 531 2277 sanctis
545 2251 731 2285 superinsidet
743 2272 750 2283 ,
768 2260 831 2279 cum
847 2261 902 2286 quo

110 2295 188 2322 nulla
204 2303 318 2329 prorsus
341 2296 392 2323 alia
415 2298 547 2324 sanctitas
561 2297 681 2324 conferri
707 2303 801 2332 queat.
816 2297 903 2331 Quot-

110 2347 179 2375 quot
192 2342 265 2368 eniiii
284 2342 441 2369 Divinitaiis
453 2343 559 2369 ratione
572 2344 658 2369 sancti
675 2342 816 2376 dicuntur,
831 2344 902 2370 haud

109 2387 195 2414 dubie
222 2387 325 2421 profani
346 2392 373 2415 et
399 2389 519 2422 impuri,
544 2389 775 2423 quemadmodum
808 2397 904 2417 omnes

109 2440 221 2468 quoque
240 2441 316 2468 rcges
329 2434 413 2470 servi,
423 2440 451 2460 et
464 2441 495 2460 ea
507 2442 568 2468 qua:
582 2439 647 2461 ευιιι
662 2443 716 2461 IIOII
732 2442 793 2461 esse
810 2443 904 2462 cense-

108 2479 227 2512 buiitur,
244 2481 266 2506 si
282 2488 344 2506 cum
361 2480 428 2511 Deo,
446 2481 472 2507 id
494 2484 537 2507 est
552 2489 586 2507 eo
602 2481 649 2515 qui
667 2489 731 2508 vere
750 2486 791 2509 est
805 2501 812 2512 .
838 2490 904 2508 con—

110 2527 250 2554 ferantur.
269 2527 324 2555 llac
347 2536 413 2563 ergo
431 2528 565 2559 dictione,
587 2528 704 2556 Sanctus
716 2549 722 2561 ,
739 2529 902 2557 excellentia

110 2574 138 2603 iii
159 2575 214 2601 Deo
237 2578 266 2601 et
291 2576 469 2612 praerogativa
504 2575 653 2602 denotatur
668 2595 675 2607 ,
700 2576 782 2610 idque
810 2576 879 2603 adeo
894 2597 900 2608 ,

110 2621 185 2654 quod
200 2621 332 2655 dignitate
348 2628 398 2648 sua
416 2629 507 2648 rerum
522 2622 646 2648 omnium
659 2627 772 2649 naturas
785 2630 902 2657 exsupe-

111 2670 166 2692 ret.
184 2665 312 2693 Sanctum
323 2668 396 2694 enim
411 2667 463 2694 hoc
476 2668 537 2694 loco
554 2675 607 2694 non
622 2668 649 2694 id
666 2669 812 2703 significat,
827 2669 901 2704 quod

110 2719 126 2737 τι
155 2711 237 2738 sorde
259 2712 382 2745 qualibet
410 2720 511 2747 cerpus
539 2718 584 2740 aut
612 2715 730 2741 animam
760 2714 900 2749 pollucnte

111 2766 213 2792 purum
226 2758 350 2791 exsistat,
368 2759 448 2786 absit!
464 2758 523 2791 Quo
538 2760 613 2786 enim
631 2761 758 2787 encomio
774 2761 847 2788 Deus
862 2762 897 2788 Ita

150 2850 173 2867 "
193 2849 278 2877 Exod.
295 2858 349 2883 xw,
366 2851 409 2879 l9.
449 2853 471 2870 "
481 2852 570 2880 Judic.
592 2861 649 2884 xui.
665 2854 703 2888 5;
732 2863 786 2888 xw,
824 2856 864 2883 I7.

242 2941 249 2946 ἱ
278 2902 413 2932 Ριτιιοι..
432 2902 490 2933 Gn.
508 2899 662 2931 CXXXIX.

906 2856 912 2871 ‘
932 2857 1002 2885 Psal.
1022 2864 1098 2891 xvui,
1115 2857 1142 2885 5.

953 2259 1014 2285 libri
1027 2259 1152 2294 scriptum
1169 2262 1206 2284 est
1225 2259 1256 2285 (lc
1274 2266 1314 2285 me
1326 2258 1348 2284 ¹.
1361 2259 1525 2292 Quicunque
1543 2258 1616 2285 enim
1633 2258 1668 2285 de
1684 2259 1741 2292 pri-

954 2305 1005 2331 mis
1020 2304 1073 2330 illis
1088 2303 1188 2330 diebus
1203 2308 1403 2338 exposuerunt,
1419 2303 1530 2330 obscuri
1547 2304 1616 2330 nihil
1639 2303 1739 2331 elocuti

954 2354 1028 2377 sunt.
1049 2350 1115 2376 Nam
1133 2355 1215 2384 caput
1232 2354 1259 2376 et
1274 2350 1438 2384 principium
1456 2349 1532 2381 libri,
1549 2349 1574 2376 id
1596 2355 1636 2377 est
1657 2350 1741 2376 totius

955 2394 1104 2429 Ser-iptura:
1119 2395 1253 2422 divinitus
1271 2396 1419 2430 inspiratac,
1432 2395 1481 2426 ille
1492 2395 1598 2422 dierum
1615 2396 1741 2423 senarius

953 2449 1086 2468 numerus
1107 2446 1160 2472 est.
1182 2442 1283 2475 quibus
1308 2441 1413 2469 fabrica
1430 2442 1523 2468 mundi
1551 2447 1741 2469 consummata

954 2487 1013 2514 fuit.
1033 2487 1068 2514 Ex
1084 2495 1201 2522 quorum
1229 2488 1417 2523 magnitudine
1440 2493 1467 2515 et
1501 2488 1599 2515 decore
1624 2488 1740 2516 Creator

954 2534 1130 2561 innotescens
1145 2534 1278 2561 laudibus
1294 2535 1419 2561 effertur.

990 2578 1037 2605 IIis
1050 2578 1175 2613 Gregorii
1202 2587 1313 2614 quoque
1339 2579 1469 2614 Theologi
1499 2588 1550 2607 vox
1576 2579 1735 2611 attexenda.

952 2631 1013 2659 quae
1024 2624 1135 2659 quid‘ein
1152 2625 1231 2652 nobis
1251 2625 1285 2652 ad
1304 2631 1358 2652 ires
1373 2634 1460 2660 usque
1485 2633 1617 2660 personas
1638 2627 1740 2653 divini-

953 2675 1017 2698 tatis
1043 2672 1203 2706 mysterium
1223 2671 1375 2699 revelatum
1394 2672 1479 2698 fuisse
1498 2677 1623 2700 testatur.
1641 2673 1738 2701 Unitas

951 2719 1037 2751 enim,
1056 2719 1154 2753 inquit,
1172 2719 1206 2745 ob
1224 2718 1320 2745 insitas
1334 2725 1400 2752 opes
1413 2718 1536 2746 emersit.
1555 2718 1675 2746 Diialitas
1690 2726 1740 2746 au-

952 2769 1006 2792 tem
1021 2764 1146 2792 ubertate
1162 2765 1284 2794 materia:
1311 2769 1339 2792 et
1366 2764 1477 2798 forum,
1496 2765 1597 2800 quibus
1623 2772 1739 2800 corpma

1181 2859 1190 2874 ‘
1208 2859 1278 2886 Psal.
1299 2867 1391 2891 xxxix,
1413 2858 1438 2886 8.

1483 2905 1516 2936 37
