1949 3073
202 103 275 136 11ί3

827 104 850 135 Ν
859 104 976 134 iCETd’.
996 103 1041 133 (ΣΗ
1047 103 1196 135 ΟΝΙᾹἸΪΕ

1763 97 1802 130 11
1817 98 1854 130 it

200 163 341 193 constant,
357 159 385 187 in
402 161 489 195 majus
503 161 632 195 quiddam
646 160 777 187 excrevit.
796 159 917 186 Trinitas
939 160 986 186 de-
1001 168 1022 196 Α
1039 160 1158 192 usitatis,
1174 167 1291 194 qumque
1308 159 1451 186 nobiscum
1469 159 1650 191 coaluerunt,
1677 156 1848 185 indicavit.

199 204 283 238 nique
308 205 343 233 ob
366 205 410 233 sui
435 206 632 240 perfectionem
660 206 771 233 deﬁnita
796 211 848 233 est.
875 206 983 233 Primus

199 250 272 277 enim
292 251 430 279 ternarius
444 252 541 279 binarii
557 252 787 287 composnionem
803 257 933 286 superat,
950 259 985 279 ne

205 298 248 322 vel
264 295 291 322 in
308 301 455 331 angustum
477 297 611 324 Divinitas
628 301 802 328 coarctetur,
819 297 861 324 vel
880 297 908 324 in
924 297 987 324 inli-

199 341 288 367 nitum
302 341 483 369 ditfundatur.

235 386 294 413 Alia
309 395 419 422 quoque
432 388 502 415 ratio
517 388 610 415 afferri
627 393 728 423 potest,
744 396 795 415 cur
808 389 938 415 divinitas
951 387 985 414 ad

197 432 347 469 ternarium
356 440 441 468 usque
449 441 592 460 numerum
601 435 777 468 processerit,
787 433 850 468 quia
857 433 985 459 nimirum

198 484 232 503 ex
248 478 374 505 numeris
402 479 539 506 ternarius
555 479 631 506 solus
656 479 860 514 apertissimum
879 482 986 504 statera:

199 526 293 557 typum
310 523 421 550 referat.
438 523 545 551 Slatera
573 531 655 558 porro
679 524 844 558 aequalitatis
864 530 935 557 opus
957 526 985 549 et

201 568 356 603 symbolum
375 574 426 596 est.
453 569 492 596 Ex
509 577 564 604 quo
589 569 618 596 fit
630 590 637 602 ,
655 574 684 596 ut
698 569 770 596 inter
788 575 918 595 numeros
934 573 987 594 ter-

199 614 294 640 narius
302 614 377 641 solus
386 615 510 641 omnium
521 614 639 642 medium
652 616 723 642 inter
735 621 852 650 utraque
864 620 986 642 extrema

199 659 240 686 sic
253 659 385 692 obtineat,
401 663 431 686 ut
447 668 496 694 par
508 664 536 687 et
548 661 725 688 immutabilis
739 662 782 694 sit,
800 669 861 688 cum
877 661 985 688 interim

201 703 278 730 nulla
289 711 403 739 prorsus
416 705 443 732 in
463 705 551 733 tribus
562 706 724 740 compositio
741 711 878 733 cernatur.

235 748 295 775 Jam
307 756 357 775 cur
367 750 476 777 tandem
489 750 585 783 Filius,
599 750 705 783 dextra,
715 751 834 779 Verbum
846 752 988 786 virtusque

202 793 302 826 Patris,
318 798 346 821 et
359 799 458 821 caetera
475 795 501 822 id
519 803 604 830 genus
621 797 791 831 appellatur,
806 802 903 824 contra
921 805 987 825 vero

200 839 283 866 Pater
298 839 359 867 Filii
375 848 431 867 non
448 841 526 868 item?
538 849 669 869 numnam
687 843 751 877 quia
775 851 829 870 non
849 843 929 870 Pater
953 851 988 870 ex

200 883 280 916 Filio,
294 887 341 912 sed
357 885 443 913 Filius
455 894 488 913 ex
503 886 582 913 Patre
593 887 728 921 procedit?
743 888 875 915 Prartcrea
890 895 988 916 manus

200 930 323 964 quidem,
337 931 493 965 brachium,
509 933 653 966 sapientia,
670 937 697 960 et
706 941 796 960 sermo
810 933 890 969 hujus
901 933 990 961 homi-

200 976 244 1003 nis
266 976 367 1004 dicitur
385 986 391 1004 :
408 977 457 1004 sed
474 977 556 1017 homo
572 978 686 1010 dextrae,
704 983 752 1005 aut
769 979 922 1013 sapientiat,
942 983 989 1006 aut

200 1021 330 1048 similium
347 1030 401 1048 non
420 1022 495 1056 item,
512 1024 741 1058 quemadmodum
764 1024 930 1060 ncquc.rami
944 1033 988 1052 ar-

200 1066 307 1099 borem,
323 1067 371 1095 sed
386 1068 495 1095 arboris
507 1076 614 1096 ramum
628 1069 759 1096 dicimus.

237 1111 356 1147 Spiritus
384 1113 497 1147 insuper
524 1113 572 1141 Dei
603 1114 704 1149 digitus
727 1115 906 1143 nominatur:
925 1116 989 1150 quia

201 1164 268 1184 vero
283 1157 386 1192 digitus
396 1165 430 1185 ex
441 1165 524 1185 manu
539 1159 672 1193 procedit,
689 1160 787 1187 merito
802 1160 920 1195 Spiritus
933 1169 988 1188 non

201 1201 291 1229 Patris
305 1206 420 1236 tantum,
433 1203 480 1231 sed
497 1203 579 1231 etiam
593 1204 719 1239 Filii,qui
732 1204 828 1232 dextra
838 1206 925 1233 Patris
935 1211 987 1239 est,

201 1253 262 1274 esse
287 1247 399 1275 dicitur.
416 1249 451 1275 At
475 1256 529 1276 non
553 1256 569 1276 e
592 1257 726 1277 converso
750 1251 836 1278 Filius
852 1259 867 1278 a
883 1251 987 1286 Spiritu

202 1293 349 1326 dependet.
368 1294 424 1322 Nec
438 1295 512 1322 enim
530 1302 627 1323 manus
642 1295 720 1331 digiti
743 1297 797 1323 dici
812 1302 913 1331 potest.
929 1298 989 1325 Non

203 1343 296 1366 tamen
312 1346 372 1366 eam
386 1339 422 1366 ob
440 1347 498 1367 rem
515 1340 576 1368 loco
591 1341 680 1368 Patris
694 1342 790 1375 Filius,
806 1347 853 1370 aut
870 1342 989 1378 Spiritus

203 1382 232 1410 id
246 1384 320 1419 quod
335 1384 414 1412 initio
435 1386 683 1421 conducibile‘erat
695 1388 854 1415 enuntiasse
870 1388 987 1416 dicetur.

204 1429 433 1465 Quandoquidem
460 1431 531 1460 Deus
556 1432 699 1460 hominum
724 1441 834 1469 quoque
850 1435 941 1467 Pater,
961 1440 990 1462 ut

201 1475 257 1509 jam
272 1475 340 1507 dixi,
357 1476 512 1509 dicebatur,
530 1478 630 1505 Filium
647 1486 714 1506 vero
741 1479 764 1506 si
791 1480 879 1507 Patris
898 1482 985 1508 nostri

203 1520 315 1547 nomine
332 1522 542 1556 compellemus,
558 1523 584 1550 id
600 1524 725 1558 profecto
745 1525 817 1552 inter
831 1525 878 1552 illa
894 1534 989 1554 cense-

204 1564 359 1599 bitur,qua:
374 1565 443 1598 lieri,
459 1572 504 1593 aut
517 1574 549 1593 ex
566 1568 783 1602 prtecedentibus
799 1570 897 1597 inferri
912 1567 989 1598 nullo

205 1609 287 1637 modo
300 1615 425 1645 possunt.
444 1611 562 1639 Proinde
579 1620 641 1639 cum
666 1614 751 1641 Pater
770 1615 988 1649 pradicabatur,

205 1651 318 1689 propter
338 1655 414 1683 vocis
428 1656 555 1689 abusum,
570 1657 617 1692 qui
630 1663 696 1685 tunc
709 1659 872 1692 inoleverat,
891 1668 988 1695 perso-

204 1707 267 1727 nam
283 1700 392 1728 unicam
407 1701 545 1737 plerisque
572 1703 721 1731 denotabat
743 1710 771 1732 et
785 1705 988 1734 subindicabat.

205 1746 288 1779 Quod
301 1746 325 1774 si
349 1747 435 1775 Filius
457 1751 505 1774 aut
523 1747 643 1783 Spiritus
672 1751 902 1785 annuntiarctur,
930 1752 991 1780 dua:

205 1799 318 1826 prorsus
340 1792 502 1828 hypostases
525 1794 553 1820 in
581 1794 708 1823 confesso
729 1801 818 1824 crant.
844 1796 896 1830 Qui
917 1798 989 1825 enim

205 1837 268 1865 Filii
295 1845 396 1865 nomen
420 1838 560 1872 audiebat,
585 1847 618 1867 ex
644 1841 797 1868 continenti
821 1841 854 1868 ad
881 1842 990 1870 Patrem

205 1884 295 1910 animo
313 1884 463 1912 ferebatur.
478 1884 553 1912 Idem
569 1893 681 1920 prorsus
694 1887 721 1913 in
736 1887 856 1921 Spiritus
869 1889 990 1923 appella-

206 1930 280 1957 tione
298 1930 486 1965 contingebat.
503 1925 652 1966 Cujusnani
678 1933 750 1960 enim
773 1933 893 1968 Spiritus
917 1940 991 1963 esset

206 1975 276 2002 ratio
291 1975 471 2010 disquirebat.
489 1975 590 2011 Atque,
609 1980 639 2003 ut
654 1978 690 2004 ita
706 1977 796 2004 dicam
808 1998 815 2012 ,
832 1979 990 2015 quicunque

206 2020 292 2048 Deum
310 2021 426 2048 rationis
436 2027 578 2056 expertem
594 2029 650 2049 non
668 2023 815 2057 proﬁtetur
827 2044 835 2057 ,
853 2025 877 2052 is
892 2026 989 2053 eadem

206 2074 319 2102 pror5us
344 2073 428 2100 opera
443 2067 558 2094 rationis
581 2067 743 2102 participem
760 2073 820 2096 esse
836 2071 988 2098 contendit.

207 2114 272 2148 Ejus
288 2120 371 2148 porro
387 2113 433 2148 qui
445 2118 487 2141 est
503 2114 676 2145 immortalis,
703 2114 856 2143 immortale
880 2123 991 2151 quoque

1036 206 1070 232 Et
1084 205 1149 240 quia
1169 212 1228 232 lllOS
1243 205 1289 231 hic
1303 204 1428 236 inolevit,
1448 209 1478 231 ut
1494 211 1555 230 cum
1572 203 1606 230 de
1622 202 1685 230 liliis
1694 201 1848 229 nostrati-

1036 250 1088 277 bus
1112 250 1272 284 loquimur,
1301 253 1441 276 recentem
1470 255 1567 275 eorum
1600 247 1850 282 generationem.

1036 296 1156 330 Spiritus
1176 301 1267 322 autem
1289 295 1493 330 processionem
1525 294 1669 325 dicamus;
1700 294 1740 320 ait
1757 293 1850 319 enim

1036 341 1186 375 Scriptura,
1200 340 1314 375 Spiritus
1325 341 1421 367 vadens
1433 344 1456 366 et
1468 348 1519 366 non
1530 339 1659 371 rediens‘;
1674 339 1758 365 item:
1773 337 1853 364 Eri-

1036 387 1071 412 bil
1084 387 1190 420 spiritus
1206 386 1284 421 ejus‘;
1300 386 1366 413 item
1379 394 1387 413 :
1398 385 1512 420 Spiritus
1529 384 1700 419 pertransibit
1715 384 1744 410 in
1761 391 1810 414 eo,
1823 388 1853 409 et

1037 440 1089 458 non
1103 432 1225 458 subsistet
1238 432 1258 459 ".
1271 431 1351 464 Quia,
1367 431 1479 466 inquam
1496 450 1504 464 ,
1521 430 1548 457 in
1566 430 1710 456 hominum
1727 436 1847 464 genere

1038 476 1107 503 Filio
1130 476 1241 510 quidem
1258 477 1482 511 generationem,
1509 474 1624 509 Spiritui
1646 479 1740 501 autem
1769 480 1850 508 pro-

1038 521 1189 548 cessionem
1204 521 1401 553 attribuitnus;
1417 520 1515 548 eodem
1536 526 1651 555 prorsus
1673 519 1790 546 ratione
1812 519 1847 544 in

1037 571 1135 593 natura
1146 567 1192 594 illa
1201 567 1332 594 inetTabiii
1345 571 1373 593 et
1384 565 1587 601 supernaturali
1601 565 1701 593 Filium
1718 564 1846 598 quidem

1038 613 1158 646 genitum
1173 620 1245 645 esse,
1263 612 1430 644 didicimus;
1446 611 1635 646 Spiritumque
1658 610 1846 637 convenien-

1040 664 1081 686 tcr
1097 659 1153 685 Deo
1179 659 1329 693 procedere
1354 658 1514 686 commoniti
1540 664 1647 684 smnus.
1666 656 1739 683 llinc
1757 656 1846 682 enim

1037 704 1138 730 factum
1155 708 1197 730 cst
1211 723 1218 736 ,
1244 707 1273 730 ut
1291 704 1380 730 Patris
1402 703 1514 738 quidem
1530 702 1669 736 Spiritus,
1686 701 1748 728 Fil.i
1769 707 1846 726 vero

1040 749 1167 783 Spiritus.
1185 749 1301 776 Sanctus
1324 749 1415 776 dictus
1439 749 1489 780 sit,
1516 748 1651 782 siquidem
1681 746 1757 781 apud
1783 753 1843 772 nos

1040 796 1185 830 utriusque
1207 795 1306 822 horum
1320 795 1439 829 Spiritus
1453 793 1565 821 dicitur.
1579 793 1659 820 Pater
1679 797 1775 818 autem
1792 792 1840 818 vel

1003 832 1026 861 Β
1041 840 1127 868 Filius
1144 841 1231 876 ipsius
1245 840 1364 874 Spiritus
1378 848 1432 867 non
1448 839 1534 872 item,
1557 839 1653 866 saltem
1670 837 1744 872 apud
1771 845 1841 864 nos.

1040 887 1175 913 Cit-terum
1194 886 1368 913 Divinitatem
1383 891 1431 912 sua
1444 885 1530 918 ipsius
1547 887 1643 910 natura
1661 882 1841 909 inetfabiicm

1039 939 1112 964 esse,
1129 939 1244 965 eamque
1265 932 1334 958 adeo
1344 951 1351 963 ,
1365 938 1447 965 quam
1462 929 1508 956 vix
1523 929 1664 956 intellectu
1680 928 1838 962 quisquam

1039 978 1172 1012 consequi
1187 978 1292 1012 possit,
1308 977 1384 1004 nulla
1399 968 1427 1004 id
1441 976 1516 1003 notio
1530 974 1685 1002 communis
1698 974 1839 1008 opiniove

1039 1022 1171 1050 dillitetur
1188 1031 1195 1050 :
1213 1024 1284 1050 idem
1300 1030 1410 1058 quoque
1430 1022 1569 1057 plerisque
1596 1021 1625 1047 in
1653 1020 1723 1047 locis
1747 1027 1836 1046 sacra

1039 1069 1183 1104 Scriptura
1199 1069 1347 1103 praedicat,
1364 1068 1574 1104 sapientumque
1588 1067 1700 1094 Patrum
1716 1070 1838 1092 nostro-

1039 1123 1099 1142 rum
1115 1115 1172 1142 fere
1186 1115 1287 1142 chorus
1303 1114 1393 1142 omnis
1406 1118 1561 1141 attestatur.

1338 1195 1414 1222 CAP.
1436 1194 1532 1222 XXXI.

1093 1274 1228 1309 Expositio
1250 1273 1417 1308 Fideijquw
1436 1273 1637 1308 prrccerlenlium
1656 1273 1778 1299 omnium

1180 1309 1382 1344 anacophaleosi
1399 1309 1532 1335 succincta
1559 1311 1686 1342 constat.)

1076 1388 1225 1421 llactenus,
1240 1389 1379 1423 congestis
1395 1392 1553 1416 sanctorum
1576 1387 1689 1414 Patrum
1714 1389 1833 1412 senten-

1040 1433 1107 1466 tiis,
1139 1433 1302 1461 Trinitatem
1334 1433 1458 1468 ejusdem
1487 1438 1616 1464 naturas,
1652 1431 1832 1466 majestatis,

1041 1479 1168 1514 potentize
1204 1484 1286 1514 atque
1320 1479 1484 1506 azternitatis
1511 1485 1572 1505 esse
1596 1476 1662 1504 satis
1689 1482 1832 1510 superque

1041 1525 1194 1558 docuimus,
1205 1525 1320 1560 Filiique
1331 1526 1358 1552 in
1367 1532 1449 1552 carne
1465 1524 1613 1551 adventura
1624 1522 1829 1557 subjunximus.

1040 1572 1109 1604 Quia
1124 1579 1189 1599 vero
1203 1572 1326 1600 facturus
1339 1579 1429 1607 operae
1446 1571 1564 1606 pretium
1578 1569 1644 1596 mihi
1661 1569 1758 1595 videor
1771 1587 1778 1599 ,
1805 1567 1828 1594 si

1040 1625 1101 1652 qua:
1127 1618 1222 1644 multis
1247 1623 1274 1646 et
1299 1618 1382 1644 variis
1398 1617 1550 1644 dictionum
1569 1614 1826 1647 sententiarumque

1040 1663 1299 1690 circumcisionibus
1314 1669 1342 1691 et
1356 1663 1526 1690 anfractibus
1550 1662 1623 1689 dicta
1641 1665 1723 1692 sunt,
1747 1664 1775 1686 et
1792 1658 1827 1686 de

1040 1709 1202 1742 Zoarchica,
1216 1709 1270 1736 hoc
1288 1714 1330 1737 est
1348 1709 1410 1736 vitae
1425 1707 1552 1743 pricside,
1573 1707 1718 1739 Trinitate,
1741 1710 1770 1732 et
1793 1704 1826 1732 de

1042 1755 1124 1782 unius
1139 1763 1171 1782 ex
1189 1755 1246 1786 illa,
1263 1755 1393 1782 nimirum
1410 1754 1504 1785 Verbi.
1528 1753 1731 1784 incarnatione,
1745 1759 1778 1778 ex
1795 1758 1826 1777 ea

1040 1808 1114 1828 nunc
1143 1801 1301 1828 summatim
1330 1801 1453 1836 colligam
1473 1800 1651 1835 :prazsertim
1671 1799 1694 1826 si
1716 1797 1826 1833 quando
1859 1826 1863 1830 ,

1041 1852 1149 1883 tempus
1169 1848 1258 1882 ferat,
1287 1854 1318 1876 ut
1343 1848 1503 1876 orthodoxae
1529 1847 1592 1874 ﬁdei
1619 1851 1721 1873 nostra:
1755 1845 1826 1871 ratio

1041 1893 1181 1920 nonnullis
1205 1893 1344 1920 reddenda
1367 1895 1421 1926 sit,
1446 1893 1540 1928 ejusve
1556 1900 1572 1919 a
1592 1892 1672 1919 nobis
1691 1890 1826 1925 expositio

1041 1940 1199 1974 requiratur
1219 1947 1226 1966 :
1248 1939 1353 1967 idcirco
1378 1939 1436 1967 haec
1463 1946 1525 1973 quae
1546 1937 1754 1973 subsequuntur
1777 1935 1825 1962 ad-

1041 1984 1108 2011 didi.

1075 2029 1222 2057 Credimus
1240 2029 1267 2056 in
1285 2029 1394 2057 Patrem
1408 2033 1436 2056 ct
1451 2028 1549 2056 Filium
1565 2033 1592 2056 et
1610 2028 1742 2063 Spiritum
1763 2035 1824 2054 san-

1042 2079 1127 2108 ctum,
1145 2075 1308 2103 Trinitatem
1324 2075 1351 2102 in
1368 2075 1482 2107 unitate,
1498 2079 1526 2102 et
1541 2075 1676 2101 unitatem
1693 2073 1719 2099 in
1736 2073 1825 2099 Trini-

1045 2124 1097 2148 tate
1108 2128 1118 2149 ε
1129 2121 1260 2147 unitatem
1269 2120 1381 2155 quidem
1392 2119 1497 2147 ratione
1509 2119 1643 2146 naturalis
1656 2118 1824 2152 conjunctio—

208 2159 321 2187 verbum
338 2164 477 2186 censetur.
504 2159 563 2186 Jam
589 2159 744 2187 immortale
771 2161 887 2189 verbum
903 2163 989 2196 aliud,
1006 2166 1105 2199 bnis,
1135 2171 1162 2193 et
1188 2165 1400 2198 dominationis,
1432 2164 1595 2192 Trinitatem
1623 2171 1689 2191 vero
1720 2163 1823 2190 ratione

206 2205 240 2232 ab
270 2212 327 2238 eo,
361 2212 444 2240 quem
479 2205 579 2233 Filium
616 2206 756 2240 dicimus,
794 2215 875 2235 nemo
916 2214 991 2237 recte

207 2250 317 2278 dixerit.

242 2296 321 2329 Quod
337 2297 360 2324 si
375 2297 438 2332 quis
455 2297 573 2329 dubitet.
592 2298 641 2333 qui
668 2298 715 2325 liat
731 2302 769 2331 ut,
787 2306 848 2326 cum
864 2300 950 2328 Filius
964 2307 992 2328 et

209 2341 329 2377 Spiritus
344 2350 422 2378 atquo
440 2343 527 2378 gradu
542 2352 575 2371 ex
592 2344 673 2372 Patre
683 2344 846 2379 procedant,
861 2346 905 2373 ille
918 2346 991 2381 Filii,

208 2389 254 2417 hic
269 2389 389 2424 Spiritus
406 2391 519 2417 nomine
534 2396 650 2418 vocetur
665 2399 672 2418 :
692 2399 743 2419 nec
759 2388 840 2419 ambo
862 2392 923 2420 Filii
944 2401 993 2429 ap-

208 2437 394 2472 pellationem,
410 2437 640 2471 quemadmodum
654 2443 681 2465 et
696 2438 827 2472 habitum,
841 2440 993 2468 retineant:

196 2485 246 2511 .ita
266 2483 489 2519 respondendum
502 2488 559 2517 est,
570 2484 643 2519 quod
659 2485 686 2511 in
702 2485 863 2513 universum
889 2491 995 2514 natura:

208 2530 308 2558 divin?
328 2530 477 2564 Thcologia
495 2529 523 2556 id
542 2531 631 2564 ipsum
646 2538 660 2556 a
676 2531 831 2559 notioribus
850 2532 931 2560 nobis
947 2532 995 2561 de-

206 2577 342 2609 scribens,
356 2577 430 2612 quod
445 2576 472 2603 iu
488 2576 623 2604 Trinitate
640 2576 792 2611 legitimum
810 2579 992 2610 est,honore-

208 2629 262 2656 que
275 2621 409 2656 persimili
426 2621 536 2654 colitur,
555 2622 715 2649 nominibus
731 2622 820 2650 Patris
835 2628 863 2650 et
887 2623 948 2651 Filii
965 2628 992 2650 et

208 2666 328 2708 Spiritus
344 2667 436 2695 Sancti
455 2667 592 2695 inelfabile
606 2667 760 2696 divinitatis
775 2676 873 2696 nomen
887 2690 894 2701 ,
910 2670 992 2696 trulli-

209 2721 262 2748 que
277 2713 429 2741 intellectui
443 2713 589 2748 pervium,
606 2714 839 2750 appellationibus
854 2716 927 2743 inter
941 2723 992 2743 nos

247 2801 257 2816 ⁸
270 2801 341 2828 Psal.
355 2809 458 2836 txxvn,
478 2803 524 2830 59.
561 2807 572 2818 ⁵
591 2804 662 2831 l’sal.
680 2811 794 2837 cxxxxv,
811 2805 837 2830 ι.

1039 2213 1265 2248 τρισυποστάτῠυ,
1289 2212 1341 2238 hoc
1355 2215 1398 2238 est
1414 2210 1515 2245 triplici
1529 2217 1645 2245 persona
1663 2209 1822 2241 constantis,

1042 2258 1231 2293 perfectionis,
1254 2263 1282 2285 et
1305 2258 1412 2285 ratione
1435 2257 1594 2284 divitiarum
1611 2257 1822 2290 supernaturalis

1042 2303 1196 2331 Trinitatis.
1213 2303 1310 2331 Unitas
1333 2303 1406 2330 enim
1437 2310 1533 2330 revera
1551 2306 1593 2329 est
1618 2301 1739 2328 Trinitas
1762 2301 1821 2333 illa,

1042 2357 1103 2384 quae
1119 2349 1266 2377 Divinitate
1289 2349 1481 2384 conjungitur,
1499 2353 1527 2376 et
1552 2347 1673 2375 Trinitas
1688 2346 1820 2379 vicissim,

1044 2403 1138 2422 revera
1154 2395 1199 2422 illa
1227 2395 1406 2430 διαιρουμένη
1423 2395 1484 2425 ταῖς
1500 2394 1615 2428 ἰδιότησι
1630 2393 1678 2419 καὶ
1693 2392 1723 2418 οὺ
1745 2400 1821 2427 μερι-

1045 2441 1161 2475 ζομένη,
1174 2448 1234 2475 qua:
1242 2441 1459 2476 proprietatibus
1476 2440 1514 2467 ita
1528 2439 1672 2471 dividitur,
1688 2443 1718 2465 ut
1735 2443 1820 2465 tamen

1044 2487 1070 2514 in
1087 2491 1180 2523 partes
1195 2487 1406 2521 haudquaquam
1421 2486 1584 2518 dissecetur,
1602 2485 1698 2512 eadem
1712 2489 1820 2512 coaeter-

1043 2542 1089 2567 na,
1105 2535 1239 2570 cujusque
1253 2533 1414 2561 substantiae
1431 2541 1481 2568 par
1495 2533 1585 2560 honor
1598 2531 1756 2559 exhibetur.
1769 2531 1820 2557 Nec

1044 2579 1117 2606 enim
1134 2585 1239 2615 tempus
1252 2584 1305 2612 est,
1325 2583 1372 2607 aut
1388 2579 1450 2612 fuit,
1468 2586 1524 2613 quo
1542 2577 1653 2613 quidem
1671 2584 1733 2604 cum
1747 2576 1819 2604 Patre

1042 2625 1127 2652 Filius
1143 2633 1199 2652 non
1213 2625 1295 2652 fuerit
1311 2634 1317 2652 :
1335 2625 1382 2660 qui
1400 2625 1475 2652 enim
1492 2624 1550 2655 ﬂat,
1568 2629 1597 2650 ut
1612 2624 1694 2650 l‘ater
1706 2622 1818 2652 dicatur,

1043 2670 1095 2698 nisi
1111 2675 1267 2698 consortem
1287 2671 1396 2706 imperii
1410 2670 1510 2697 Filium
1528 2668 1646 2697 habeat?
1661 2667 1756 2702 Neque
1773 2665 1819 2693 fuit

1007 2746 1009 2748 _
1041 2724 1163 2752 unquam
1180 2722 1304 2753 tempus,
1320 2726 1374 2753 quo
1389 2718 1510 2754 Spiritus
1523 2717 1641 2745 Sanctus
1663 2722 1728 2744 cum
1750 2719 1817 2742 utro-

877 2804 887 2820 '
901 2804 972 2832 Psal.
989 2811 1038 2838 cn,
1054 2805 1098 2833 l6.
