1949 3073
173 116 241 153 “£5

798 116 994 148 THESAURI
1017 119 1089 149 Lm.
1112 111 1140 148 it

1716 112 1784 150 1:85

169 184 222 211 que
237 183 290 203 non
305 173 397 202 fuerit.
414 174 481 202 Cum
505 177 561 200 tres
582 173 653 200 inter
668 181 696 200 se
713 173 852 208 conjuncti
876 180 947 200 unus
963 178 985 206 Α
997 181 1050 208 que
1066 174 1202 208 specimen
1217 172 1398 200 attribuamns
1413 173 1480 200 :alla
1494 172 1604 207 quidem
1618 174 1722 202 ratione
1734 176 1786 203 mi;

170 221 206 246 sit
233 219 314 250 Deus,
341 219 398 246 sola
425 219 558 253 cujusque
586 217 743 245 differentia
769 218 797 244 in
824 218 953 244 essential.

171 265 364 292 communione
381 263 524 291 individue
542 271 686 298 personam
704 263 853 290 dividente.
874 262 954 290 Solus

171 310 242 336 enim
272 309 369 340 Pater,
397 309 487 336 Pater.
515 309 595 336 Solus
620 309 721 341 Filius,
748 309 843 335 Filius.
874 307 955 335 Solus

172 354 292 388 Spiritus
318 354 452 385 Sanctus,
477 352 605 388 Spiritus.
621 353 669 380 llis
692 353 765 380 enim
792 352 956 380 differentiis

172 407 227 426 non
241 403 441 426 convertuntur
463 399 536 425 inter
560 406 599 425 se.
621 398 675 426 Sed
698 399 724 425 in
750 398 794 425 his
815 397 955 424 individue

171 445 280 479 quidem
298 445 468 476 dividuntur,
485 444 609 471 essentia:
628 448 720 470 autem
747 444 852 470 ratione
879 451 955 469 com-

175 492 327 518 municant.
346 490 476 521 Trinitas,
493 490 617 523 simplex,
634 489 802 521 insecabilis,
814 489 956 523 incompo-

176 537 238 568 sita,
256 545 288 564 ex
305 536 392 563 tribus
413 535 542 570 perfectis
558 543 606 570 per
631 542 660 562 se
686 535 817 570 perfecta,
843 539 871 562 et
895 536 957 569 plus

175 589 256 616 quam
273 581 394 616 perfecta
420 585 471 608 est.
497 580 581 615 Cujus
606 589 658 608 una
682 585 797 612 natura,
828 573 957 607 divinitas

174 627 345 657 etvoluntas,
357 635 409 653 una
430 626 548 661 denique
562 626 633 653 actio
645 626 822 661 gloriﬁcatur.
835 626 956 659 Quorum

173 672 248 699 enim
263 677 359 699 natura
377 680 429 698 una
443 676 494 704 est,
506 679 602 698 eorum
624 672 747 699 voluntas
761 676 787 699 et
801 672 872 698 actio
889 679 954 703 nna,

172 717 401 752 quemadmodum
418 717 623 755 hecate-Basilio
637 717 751 744 docente
763 717 919 744 didicimus.

209 759 378 790 Confitemur
392 762 456 788 item
482 769 562 788 unam
579 766 678 788 sancta:
702 761 845 789 Trinitatis
861 769 955 796 perso-

173 812 249 839 nam,
268 806 451 841 unigenitum,
480 806 602 840 inquam,
623 806 671 832 Dei
694 806 955 841 Filiutn,Deumque

172 857 312 885 nostrum,
336 852 407 879 Patri
435 856 463 878 et
489 851 605 886 Spiritui
631 851 731 879 Sancto
746 857 911 879 .consortem
932 857 958 878 et

172 904 339 926 coaeternum
355 907 361 924 :
377 906 392 925 a
410 898 488 924 Patre
503 897 612 932 quidem
629 903 690 924 ante
709 897 807 924 saecula
823 897 956 932 genitum,

172 951 309 979 quantum
335 943 367 970 ad
385 944 558 970 divinitatem
575 952 581 970 :
612 943 794 978 eumdcmquc
812 944 839 970 in
855 944 958 970 ultimis

171 996 203 1018 et
215 990 356 1025 praefinitis
373 990 552 1024 temporibus,
570 995 598 1016 tit
619 997 705 1025 genus
726 989 878 1016 humanum
901 997 958 1016 ser-

175 1041 253 1063 varet
268 1041 297 1062 ct
312 1036 483 1065 rcforniaret.
500 1043 515 1062 e
539 1035 618 1062 cmlis
641 1035 828 1064 descendisse.
845 1043 893 1062 sctt
909 1043 958 1062 vo-

173 1080 293 1107 luntaria
313 1080 482 1107 exinanitum
509 1079 663 1106 humilitate
693 1088 766 1115 pura:
786 1079 959 1114 Deiparteqtte

175 1126 295 1160 Virginis
326 1126 415 1153 Mariae
443 1131 551 1153 uterttm
581 1126 706 1158 subiisse,
727 1133 787 1160 qua":
815 1134 829 1152 a
855 1126 958 1160 Spiritu

176 1176 272 1198 sancto
295 1175 465 1205 praepurgata
494 1177 610 1204 corpore
635 1174 663 1196 et
689 1170 781 1197 animo
806 1170 906 1201 fuerat,
925 1178 960 1197 ex

176 1217 290 1251 ejusque
317 1220 410 1244 sancta
425 1221 454 1244 et
470 1218 629 1251 incorrupta
645 1224 738 1247 eat-ne,
759 1216 787 1242 iit
803 1216 959 1243 subsisten-

177 1261 214 1287 tia
228 1260 338 1294 propria
365 1267 476 1287 carnem
502 1261 682 1294 assumpsisse
699 1269 705 1287 :
724 1261 761 1287 ita
791 1265 820 1287 ut
839 1261 960 1288 consub-

175 1306 310 1334 stantialis
335 1306 415 1334 nobis
442 1306 567 1339 effectus,
586 1314 646 1334 eain
671 1307 699 1334 in
727 1307 795 1341 ipsa,
822 1307 959 1335 mediante

176 1352 266 1378 anima
286 1352 400 1379 rationis
412 1356 440 1379 et
463 1353 620 1380 intellectus
642 1353 784 1388 participe,
801 1353 960 1388 compinge-

177 1403 220 1424 ret
236 1403 316 1432 atque
334 1397 500 1424 edormaret.
525 1398 576 1431 Qui
602 1406 636 1425 ex
652 1398 748 1426 eadem
764 1398 875 1432 Virgine
892 1398 961 1424 inte-

177 1448 334 1478 meralaquc
347 1443 431 1470 Matre
447 1448 527 1471 natus
550 1448 602 1477 est,
619 1452 700 1478 supra
724 1451 804 1478 quatit
830 1443 885 1470 dici
913 1448 961 1470 aut

176 1489 325 1524 excogitari
351 1489 439 1516 ullove
469 1489 606 1516 intellectu
638 1490 742 1524 percipi
774 1490 868 1524 possit.
892 1489 960 1516 Cum

176 1534 251 1560 enim
277 1534 337 1561 sine
370 1535 484 1566 seniin‘e,
515 1535 788 1570 supernaturalisquo
817 1535 960 1569 conceptio

176 1578 285 1611 fuisset,
303 1580 450 1606 ineffabilis
465 1587 574 1614 quoque
595 1585 690 1615 partus
716 1585 744 1607 et
771 1579 962 1607 inenarrabilis

177 1624 242 1651 fuit.
261 1625 334 1652 More
349 1625 440 1659 itaque
463 1631 568 1656 nostro.
584 1626 631 1660 qui
647 1634 729 1660 supra
747 1633 796 1652 nos
807 1630 866 1652 erat
879 1624 960 1653 Chri-

176 1662 237 1697 stus
248 1675 277 1697 et
293 1670 424 1697 Dominus
439 1671 581 1705 processit,
609 1672 700 1697 omnia
717 1677 810 1698 nostra
826 1671 962 1698 essentia-

176 1715 242 1742 iitcr
258 1716 284 1742 in
302 1723 329 1742 se
341 1716 443 1748 ferens,
460 1723 515 1743 uno
528 1721 640 1750 peccato
651 1715 772 1750 dempto,
792 1721 866 1743 totus
880 1716 962 1745 homo

176 1760 276 1793 factus,
295 1765 422 1794 totusque
436 1760 508 1790 Deus
534 1769 659 1795 manens,
675 1759 756 1790 idem
782 1767 908 1790 terrenus
936 1767 964 1789 et

178 1806 307 1839 celestis.
337 1805 452 1835 visibilis
480 1813 508 1834 et
539 1808 695 1840 invisibilis,
721 1808 844 1834 mortalis
864 1812 890 1834 et
912 1807 963 1833 im-

179 1855 314 1882 mortalis.
334 1855 397 1882 Duaa
416 1855 490 1881 enim
506 1859 609 1880 natura:
625 1853 760 1880 indivulsa
769 1852 963 1887 conjunctione

179 1901 350 1928 coherentes
363 1907 447 1926 unum
459 1899 539 1926 nobis
553 1898 756 1926 Emmanuelcm
769 1897 942 1932 perfecerunt
955 1905 962 1923 :

178 1945 216 1972 ita
253 1949 354 1976 tamen,
391 1948 421 1970 ut
448 1943 516 1970 citra
556 1943 641 1970 ullum
669 1942 804 1969 defectum
840 1941 964 1977 proprie-

179 1995 250 2019 tates
279 1996 452 2022 naturarum,
485 1997 519 2016 ex
558 1989 659 2024 quibus
698 1987 868 2023 compositus
910 1992 964 2020 est,

179 2042 269 2066 sartas
285 2041 371 2064 tectas
385 2040 572 2064 conservaret.
586 2035 653 2063 Cutn
668 2036 741 2062 cnitn
759 2039 833 2062 totus
848 2034 965 2069 simplex

158 2072 262 2115 ‘csset,
290 2083 440 2110 secundum
461 2081 592 2113 divinant,
610 2080 790 2115 eamdemque
821 2084 963 2115 paternam

176 2134 206 2157 et
219 2132 348 2156 alernam
360 2127 576 2162 generationem,
593 2127 696 2162 duplex
714 2126 852 2161 processit
866 2134 965 2153 secun-

179 2177 245 2202 dum
267 2179 418 2201 maternam
438 2173 618 2207 eamdemque
647 2173 841 2206 tetnpurariam
859 2176 887 2199 et
901 2179 963 2199 cor-

179 2220 299 2256 poralem
314 2219 529 2254 generationem.
543 2218 637 2252 Itaque
656 2217 763 2244 tametsi
778 2217 845 2244 duas
860 2217 962 2244 Christi

181 2266 228 2294 Dei
248 2266 333 2293 nostri
349 2264 538 2299 generationes
561 2262 749 2298 profiteantur,
766 2270 849 2289 unam
872 2266 962 2288 tamen

179 2313 240 2346 ejus
254 2317 399 2345 personam
418 2309 608 2344 pradicatnus,
627 2308 706 2342 cujus
720 2307 839 2334 essentia
857 2307 962 2334 duabus

180 2358 206 2383 in
224 2355 330 2382 naturis
356 2354 485 2388 perfectis
502 2353 650 2380 elucescat.
674 2352 805 2385 Quamvis
820 2352 894 2379 enim
909 2360 962 2379 una

181 2406 281 2428 sanetae
291 2400 434 2427 Trinitatis
448 2406 566 2434 persona
580 2402 663 2430 esset,
684 2397 785 2424 mansit
800 2402 900 2429 tamen,
919 2397 961 2424 vel

180 2454 242 2473 cum
260 2444 379 2472 Verbum
400 2451 464 2471 caro
480 2443 581 2470 factum
603 2447 655 2474 est,
672 2442 811 2477 perfectus
837 2442 864 2468 in
889 2441 963 2468 Divi-

181 2493 275 2523 nitate,
291 2491 418 2524 idemque
441 2489 579 2524 perfectus
597 2490 623 2516 in
649 2489 818 2516 humanitate
835 2497 843 2515 :
860 2488 965 2515 Divini-

182 2542 235 2565 tate
260 2536 371 2571 quidem
389 2536 445 2562 Deo
473 2535 546 2562 Patri
563 2534 817 2564 consubstantialis,
835 2534 963 2568 idemque

182 2583 260 2610 nobis
270 2581 439 2608 humanitate
454 2581 697 2608 consubstantialis
714 2589 722 2607 ε
738 2579 858 2615 patibilis
869 2587 961 2612 carne,

182 2628 339 2663 impatibilis
355 2627 512 2654 Divinitate.
533 2627 609 2654 Unde
626 2627 666 2660 fit,
695 2631 724 2654 ut
750 2627 794 2654 alii
820 2626 962 2658 miracula,

183 2677 208 2699 et
221 2673 267 2700 alii
283 2673 425 2707 passiones
453 2680 507 2700 non
525 2672 723 2700 distribuamus
742 2682 748 2700 :
767 2672 814 2700 sed
832 2677 960 2707 tanquam

185 2718 228 2745 uni
239 2718 383 2753 eidemque
398 2719 513 2746 Domino
530 2723 623 2746 nostro
638 2718 701 2746 Iesu
717 2717 828 2746 Christo
858 2723 964 2746 utrum-

217 2809 225 2824 '
237 2809 247 2836 Ι
261 2809 323 2838 Cor.
341 2816 384 2843 xv,
398 2809 442 2837 55.

1007 218 1096 245 racula
1109 217 1212 249 edenti,
1227 217 1280 244 alia
1307 218 1371 244 item
1387 218 1512 253 patienti.
1529 219 1632 246 Divina:
1649 220 1784 255 siquidem

1005 268 1110 290 naturae
1123 264 1226 290 ratione
1238 263 1377 298 signorum
1400 264 1529 291 virtutem
1551 265 1729 300 deprompsit,
1753 268 1787 294 ex

1005 308 1133 334 humana:
1149 313 1239 335 autent
1263 310 1358 335 forma:
1385 309 1555 343 praescripto,
1577 318 1623 336 eas
1646 311 1788 344 passiones

1006 361 1060 380 non
1075 353 1248 386 detrectavit,
1265 354 1364 389 quibus
1382 362 1413 381 ca
1439 361 1535 382 natura
1549 356 1666 383 obnoxia
1688 362 1741 389 est,
1758 362 1788 384 ut

1007 398 1034 425 in
1050 398 1141 432 seipso
1153 399 1294 432 passiones
1308 404 1415 427 nostras
1440 400 1467 427 in
1492 400 1649 435 passionum
1664 403 1787 429 vacuitas

1009 448 1061 470 tem
1092 443 1310 476 transformaret,
1341 450 1422 478 prout
1453 446 1493 472 his
1527 447 1619 473 verbis
1645 449 1787 474 attestatur

1006 489 1153 523 Apostolus
1169 488 1291 523 :Opartct
1317 491 1485 525 corruptibile
1508 491 1554 518 hoc
1578 493 1685 518 induere
1702 494 1789 519 incor-

1007 533 1163 567 ruptionem.
1182 537 1207 560 et
1224 533 1335 560 mortale
1347 535 1393 565 liae
1411 535 1518 562 induere
1532 537 1788 563 t'nmtorfalifafem.‘.

1007 576 1062 603 Nec
1081 578 1155 604 enini
1168 577 1212 604 ille
1228 578 1339 604 humani
1356 580 1464 612 generis
1491 586 1596 606 amator
1611 581 1748 612 humanis,
1763 587 1791 608 at

1007 622 1074 649 nulli
1089 623 1298 657 reprehensioni
1312 624 1448 654 obnoxiis.
1465 625 1638 658 passionibus
1654 628 1745 661 olijici,
1762 632 1790 654 et

1008 669 1132 703 quamvis
1168 670 1240 696 Deus
1271 674 1344 697 esset
1381 670 1552 702 immortalis,
1586 672 1676 699 anima
1700 678 1788 700 tamen

1008 714 1146 741 mediante
1161 715 1341 749 corporaliter
1366 716 1446 742 morti
1465 716 1533 751 adigi
1553 717 1714 752 dedignatus
1724 724 1764 745 est
1781 727 1788 744 :

1012 760 1118 791 anima,
1136 760 1259 795 inquam,
1276 761 1405 788 omnibus
1421 762 1447 788 in
1475 763 1556 789 rebus
1571 765 1699 796 perfecta.
1719 765 1789 790 suis-

1009 813 1062 840 que
1081 807 1205 833 numeris
1239 806 1375 838 absoluta,
1398 812 1425 834 et
1453 808 1496 834 cui
1521 809 1589 835 nihil
1618 810 1728 836 omnino
1756 809 1789 836 ad

977 863 994 888 υ
1009 851 1188 878 humanitatis
1206 851 1402 885 perfectionem
1417 853 1536 880 deesset.
1553 853 1681 880 Humana!
1707 863 1790 888 porro

1009 897 1186 932 perfectionis
1204 897 1285 924 index
1311 906 1388 925 mcns
1403 899 1461 933 ipsa
1474 904 1526 930 est,
1543 907 1596 933 qua
1612 900 1746 930 volumus.
1762 901 1790 928 et

1009 949 1024 968 a
1049 942 1138 969 brutis
1165 942 1350 970 animantibus
1379 944 1542 971 differimus.
1577 944 1679 971 Eorum
1715 946 1789 972 enim

1010 995 1070 1021 qua:
1091 988 1192 1015 mentis
1220 989 1342 1023 expertia
1369 994 1444 1021 sunt,
1467 990 1574 1016 nullum
1594 990 1664 1017 velle
1690 996 1789 1025 potest.

1009 1033 1148 1068 Quidquid
1162 1040 1253 1060 autem
1266 1035 1417 1068 voluntate,
1440 1035 1513 1062 idem
1529 1041 1555 1063 et
1569 1036 1706 1064 ii‘flellcctu
1724 1045 1792 1072 pra“

1010 1078 1098 1104 dittttn
1113 1083 1164 1105 est.
1184 1078 1235 1106 Ubi
1251 1079 1325 1107 enitn
1343 1088 1430 1111 mens,
1449 1081 1486 1108 ibi
1515 1083 1596 1108 etiant
1613 1091 1725 1117 prorsus
1751 1083 1792 1110 in-

1012 1123 1138 1150 tellectus
1149 1128 1200 1150 cst.
1213 1124 1272 1151 Jam
1293 1125 1317 1153 si
1343 1125 1471 1152 Servatur
1484 1127 1620 1161 perfectus
1636 1128 1716 1154 homo
1730 1129 1790 1160 fuit,

1011 1166 1037 1193 in
1053 1167 1197 1195 Divinitate
1226 1169 1345 1202 perfecta
1367 1178 1488 1202 manens,
1502 1172 1595 1206 procul
1607 1173 1691 1199 dubio
1703 1181 1794 1207 neque

1012 1217 1112 1243 mente,
1130 1220 1219 1248 neque
1237 1215 1377 1242 voluntate
1395 1216 1494 1244 caruit.
1510 1216 1561 1250 Qui
1585 1223 1676 1244 autem
1699 1219 1794 1245 humao'

1011 1265 1081 1285 nam'
1091 1257 1193 1286 Christi
1204 1260 1323 1287 animam
1336 1262 1454 1288 naturali
1471 1262 1611 1289 voluntate
1625 1264 1733 1297 privare
1746 1272 1793 1290 co-

1011 1308 1123 1336 nantur,
1140 1312 1199 1331 eam
1227 1306 1326 1332 mentis
1341 1311 1493 1340 expertem,
1510 1307 1560 1341 ipsi
1586 1310 1685 1336 mentis
1698 1317 1795 1343 exper-

1012 1353 1053 1377 tes
1069 1349 1286 1384 descripserunt,
1309 1356 1337 1378 et
1363 1352 1519 1386 passionem
1535 1358 1563 1380 et
1578 1361 1691 1381 mortem
1709 1356 1795 1390 impa-

1012 1395 1083 1422 tibili
1102 1402 1210 1424 natura:
1231 1397 1410 1425 ascribentes.
1427 1398 1485 1431 Qua
1500 1399 1611 1433 quidem
1633 1401 1730 1428 haeresi
1744 1403 1796 1429 hoc

1015 1447 1232 1476 consequuntur,
1252 1446 1281 1469 ut
1292 1443 1413 1477 perfecte
1426 1444 1493 1471 salvi
1503 1445 1626 1472 factinon
1640 1447 1793 1474 videamur.

1012 1486 1068 1513 Nec
1079 1487 1152 1513 enim
1177 1488 1330 1515 naturalem
1347 1489 1528 1517 humanitatis
1542 1492 1601 1526 ejus
1616 1492 1794 1524 voluntatem.

1014 1530 1201 1557 naturalemve
1217 1532 1352 1558 actionem
1363 1540 1509 1567 negamus.
1525 1541 1559 1561 ne
1576 1543 1629 1562 una
1645 1537 1795 1572 eademque

1014 1582 1097 1609 opera
1113 1575 1328 1610 dispensationis
1352 1578 1449 1605 salutis
1468 1583 1569 1608 nostrae
1584 1586 1665 1616 caput
1678 1586 1706 1609 et
1722 1591 1796 1610 sum-

1014 1628 1084 1647 mam
1100 1622 1286 1656 antiquemus,
1306 1628 1334 1650 et
1366 1623 1508 1652 Divinitati
1538 1627 1681 1661 passiones
1713 1630 1796 1656 ascri-

1014 1665 1120 1699 bamus,
1143 1672 1171 1694 ut
1183 1674 1307 1697 asttuerc
1324 1671 1417 1698 conati
1434 1677 1499 1699 sunt
1517 1672 1567 1704 illi,
1589 1674 1636 1707 qui
1652 1682 1705 1701 una
1721 1675 1795 1702 illum

1014 1712 1166 1744 voluntate,
1181 1721 1289 1747 unaque
1310 1715 1427 1746 actione,
1441 1723 1497 1742 non
1513 1716 1573 1742 sine
1588 1725 1685 1751 magna
1701 1718 1797 1753 impie-

1013 1761 1079 1788 tate,
1096 1764 1192 1784 recens
1206 1757 1396 1791 excogitarunt
1410 1758 1578 1793 impiumque
1597 1760 1666 1791 Arii,
1689 1761 1795 1795 Apotlia

1015 1802 1095 1833 narii,
1111 1802 1252 1837 Eutychis,
1268 1807 1295 1829 et
1312 1802 1407 1830 Severi
1418 1803 1534 1832 baaresin
1550 1805 1727 1833 innovarunt.

1050 1847 1105 1874 Nos
1136 1853 1229 1875 autem
1259 1848 1419 1876 orthodoxa:
1441 1850 1622 1877 confessionis
1643 1854 1797 1879 assertores

1017 1901 1100 1921 unum
1128 1895 1312 1930 eumdemque
1349 1896 1490 1924 Christum
1520 1897 1620 1924 Filium
1650 1898 1795 1926 Dominum

1016 1939 1187 1974 unigenitum
1207 1941 1369 1973 astruimus,
1390 1943 1437 1976 qui
1459 1942 1565 1970 duabus
1588 1944 1613 1970 in
1636 1945 1742 1971 naturis
1757 1945 1798 1971 in‘

1016 1983 1142 2016 confuse,
1159 1986 1331 2020 simpliciter,
1346 1987 1579 2022 inseparabiliter,
1596 1989 1738 2016 individue
1757 1990 1798 2016 di-

1015 2031 1166 2066 gnoscitur.
1184 2031 1223 2058 Ita
1254 2036 1357 2065 tamen,
1391 2037 1421 2060 ut
1447 2034 1606 2061 nullatenus
1637 2039 1797 2062 naturarum

1015 2077 1171 2105 differentia
1186 2078 1213 2105 vi
1229 2079 1432 2114 conjunctionis
1444 2080 1551 2107 sublata
1573 2082 1619 2113 sit,
1638 2081 1693 2107 imo
1707 2082 1799 2116 potius

1019 2124 1164 2158 utriusque
1190 2129 1295 2152 natura:
1312 2126 1466 2160 proprietas
1487 2126 1591 2161 integra
1605 2127 1795 2161 permanserit,

1016 2173 1043 2196 et
1060 2169 1088 2196 in
1119 2177 1199 2196 unam
1224 2178 1366 2204 personam
1384 2178 1519 2206 unamque
1546 2172 1705 2207 hypostasin
1733 2180 1801 2200 cond

1014 2215 1132 2242 currerit
1144 2224 1150 2242 :
1162 2223 1216 2242 non
1230 2220 1260 2243 ut
1279 2217 1306 2243 in
1326 2216 1395 2243 duas
1415 2224 1546 2251 personas
1562 2218 1737 2252 partitionem
1759 2218 1800 2245 di-

1015 2260 1183 2288 visionemve
1198 2261 1351 2293 admiserit,
1380 2261 1428 2289 sed
1460 2270 1532 2289 unus
1560 2263 1688 2299 idetnque
1716 2264 1801 2291 Filius

1015 2306 1182 2340 unigenitus,
1195 2307 1267 2334 Deus
1281 2306 1411 2338 Verbum,
1430 2307 1561 2336 Dominus
1581 2309 1661 2337 Jesus
1673 2309 1801 2338 Christus

1014 2352 1236 2386 perseveraverit
1250 2361 1256 2379 :
1273 2353 1503 2387 quemadmodum
1529 2355 1718 2389 superioribus
1733 2361 1801 2383 tem-

1015 2398 1128 2431 poribus
1141 2398 1282 2433 prophetae
1293 2399 1326 2426 de
1342 2399 1402 2434 ipso
1418 2400 1557 2428 vaticinati
1585 2406 1660 2434 sunt,
1686 2402 1799 2437 ipseque

1015 2442 1085 2469 adeo
1102 2442 1181 2470 Jesus
1194 2443 1320 2471 Christus
1335 2452 1386 2472 nos
1403 2445 1507 2479 docuit,
1523 2452 1736 2481 sanctorumque
1751 2447 1800 2474 Pa-

1017 2494 1089 2514 trum
1111 2488 1264 2524 symbolum
1287 2490 1367 2524 nobis
1386 2491 1462 2526 quasi
1487 2499 1536 2526 per
1563 2499 1661 2518 manus
1678 2492 1799 2518 tradidit.

1016 2535 1089 2561 Duas
1105 2534 1132 2561 iu
1147 2535 1244 2562 eodem
1259 2532 1416 2568 voliti'ones,
1429 2544 1477 2564 seu
1497 2536 1661 2568 voluntates,
1677 2537 1800 2571 duasque

1016 2581 1148 2612 actiones,
1170 2581 1238 2608 citra
1260 2581 1438 2614 divisionem,
1463 2583 1655 2613 mutationem,
1675 2582 1801 2617 partitio-

1017 2635 1091 2660 nem,
1117 2627 1372 2665 confusionemquc,
1396 2635 1429 2654 ex
1457 2632 1615 2655 sanctorum
1641 2627 1801 2662 praescripta

1016 2672 1127 2700 Patrum
1140 2673 1331 2708 praedicamus,
1342 2672 1490 2704 naturales,
1502 2672 1624 2707 inquam,
1634 2672 1801 2704 voluntates,

1016 2726 1072 2746 non
1095 2719 1258 2752 contrarias,
1281 2718 1511 2753 quemadmodum
1530 2718 1606 2753 impii
1624 2717 1800 2746 astruxerunt
