1949 3073
167 107 235 140 1161

792 107 938 140 NICE'LE
958 106 1158 139 ΕΗΟΝΙΑΤΑΞ

1711 107 1789 141 nos
1814 149 1820 153 ν

165 165 297 198 Ιιπῐθιίεί,
313 165 384 193 absit
402 167 408 192 !
426 164 474 193 sed
493 166 688 200 obsequentem
717 166 778 201 ejus
803 165 948 192 humanam
964 169 985 196 Α
1001 164 1135 199 ceptionis
1146 168 1284 191 momento
1298 164 1325 190 in
1347 167 1450 190 tantam
1466 151 1594 191 coierunt
1609 165 1793 200 conjunctio-

166 211 348 243 voluntatem,
363 215 390 237 at
403 218 460 237 non
487 211 659 238 resistentem
688 215 735 238 aut
760 210 950 243 reluctantem,

167 257 221 284 imo
236 257 328 291 potius
339 256 439 283 divina:
467 257 527 291 ejus
554 260 582 283 et
609 257 792 290 omnipotenti
816 257 950 284 voluntati

166 303 340 336 morigeram.
361 301 502 336 Siquidem
518 309 565 336 par
587 308 657 334 erat,
674 306 705 328 ut
720 302 809 329 carnis
825 302 952 328 voluntas

161 351 332 379 amoveretur;
363 347 463 374 divinae
485 351 576 374 tamen
599 348 734 374 voluntati
757 347 951 382 subjiceretur,

168 397 198 419 ut
212 392 433 427 sapientissimus
448 393 494 420 ille
515 392 612 420 scribit
624 393 799 420 Athanasius.
817 393 954 425 Quemad-

166 437 277 464 modum
294 439 367 464 enim
395 446 458 465 caro
488 439 547 474 ejus
568 446 631 465 caro
659 439 708 465 Dei
729 439 831 466 dicitur
856 443 884 465 et
899 442 950 470 est,

168 483 206 509 ita
222 487 250 510 et
277 483 411 510 naturalis
426 483 553 510 voluntas
571 484 662 511 carnis
687 484 746 518 ejus
774 484 883 518 propria
904 483 953 510 Dei

168 529 248 556 Verbi
264 528 366 556 dicitur
380 534 408 555 et
421 533 463 556 est
480 538 487 556 :
500 530 610 556 utidem
625 530 663 556 ait
676 538 682 556 :
695 530 825 556 Descendi
838 530 869 556 de
879 530 953 562 rmlo,

168 582 219 600 non
247 579 275 600 ut
298 575 397 608 faciam
423 575 583 601 voluntatem
602 583 698 606 meam,
724 578 771 602 sed
793 577 954 602 voluntatem

167 620 225 654 ejus
237 620 282 654 qui
311 620 381 647 misit
398 628 437 646 me
455 619 545 647 Putris
558 621 577 646 ⁷.
592 620 697 653 Quibus
709 621 801 648 verbis
815 621 954 655 propriam

173 663 265 689 carnis
278 663 338 698 ejus
364 664 531 690 voluntatem
562 664 700 699 intelligit.
726 665 953 699 Quandoquidem

169 707 228 742 ipsa
242 715 352 742 quoque
367 716 431 735 caro
446 709 472 736 ei
499 710 615 744 propria
638 710 700 741 fuit,
727 711 954 744 quemadmodum

169 753 243 780 enim
258 754 428 782 sanctissima
447 755 482 789 [et
508 756 643 790 inculpata
662 756 721 791 ejus
737 757 855 783 animata
880 764 953 789 caro,

169 807 231 826 cum
243 799 367 826 deiﬁcata
389 804 441 832 est,
457 800 670 835 haudquaquam
695 802 793 836 periit;
809 802 845 829 ita
865 809 955 836 neque

166 844 261 871 carnis
276 845 336 879 ejus
351 844 478 872 voluntas
492 845 585 880 periit,
598 845 654 872 imo
668 846 760 880 potius
773 847 877 880 integra
893 854 955 881 per-

163 888 280 919 mansit,
294 888 489 923 utTheologus
516 889 662 924 Gregorius
684 890 728 917 his
747 890 839 917 verbis
860 895 956 917 auctor

162 939 219 961 est.
239 934 314 962 illius
328 935 402 961 enim
412 935 549 968 voluntas,
565 935 613 970 qui
628 943 678 970 pro
700 935 846 964 Servatore
873 936 955 963 intel-

165 979 275 1014 ligitur,
291 979 503 1015 haudquaquam
524 981 580 1008 Deo
593 982 730 1008 contraria
754 986 807 1014 est,
825 988 886 1008 cum
900 985 954 1007 tota

170 1025 259 1052 Deum
274 1026 408 1053 redoleat.
432 1026 465 1053 1n
491 1034 522 1054 ea
539 1034 619 1062 porro
638 1027 772 1054 sententia
788 1035 894 1059 sumus,
925 1031 955 1054 ut

168 1071 308 1098 naturales
324 1071 392 1099 duas
405 1071 529 1098 actiones
542 1072 612 1098 citra
634 1072 814 1105 divisionem,
824 1072 954 1099 mutatio-

168 1125 242 1150 nem,
262 1117 461 1145 confusionem.
495 1118 685 1152 partitionem,
717 1118 746 1145 in
775 1118 873 1145 eodem
903 1119 955 1146 Do-

168 1163 244 1190 mino
283 1168 377 1190 nostro
413 1163 478 1190 Jesu
518 1163 628 1191 Christo
656 1164 713 1191 Deo
743 1171 808 1192 vero
837 1165 953 1200 conjun-

168 1216 226 1237 ctas
259 1217 320 1237 esse
353 1217 518 1243 asseramus,
551 1210 603 1236 hoc
638 1213 681 1237 est
711 1209 831 1237 divinam
867 1211 954 1237 actio-

168 1262 243 1286 nem,
269 1260 300 1282 ut
323 1255 420 1282 beatus
453 1254 499 1281 ille
537 1254 593 1281 Leo
632 1255 713 1289 paulo
745 1255 868 1290 apertius
904 1254 952 1282 ait.

168 1300 305 1335 Operatur
320 1306 436 1335 utraque
451 1300 539 1327 forma
551 1308 613 1327 cum
632 1301 745 1328 alterius
760 1300 954 1329 cotnmunione

167 1347 354 1382 proprietatis,
387 1346 477 1373 Verbo
504 1346 609 1373 scilicet
644 1346 672 1373 id
708 1352 850 1381 operante,
880 1347 954 1382 quod

167 1399 247 1420 suum
261 1396 319 1423 est;
336 1396 365 1418 et
378 1399 494 1426 corpore
518 1391 638 1418 vicissim
662 1399 694 1418 ea
717 1391 863 1425 etIiciente,
894 1400 955 1427 qua:

169 1442 235 1464 sunt
262 1437 398 1471 corporis.
424 1435 504 1462 Nullo
533 1437 606 1463 enim
626 1441 706 1471 pacto
728 1438 850 1463 eamdem
871 1437 954 1465 fuisse

1002 217 1076 242 nem,
1094 214 1123 236 ut
1138 217 1172 237 ne
1187 209 1313 236 humana:
1328 209 1438 244 quidem
1459 217 1502 237 res
1517 210 1575 237 sine
1588 210 1679 237 divina
1692 219 1794 238 essen-

1004 254 1040 281 tia
1053 254 1169 282 ﬂerent:
1195 255 1242 282 sed
1258 259 1372 289 utraque
1388 259 1484 281 natura
1504 262 1565 281 cum
1582 255 1695 282 alterius
1710 264 1796 283 com-

1003 308 1135 327 munione
1159 308 1190 327 ea
1212 308 1273 335 qua:
1297 300 1349 328 sibi
1374 300 1484 335 propria
1504 305 1592 332 erant,
1613 306 1641 328 et
1656 301 1740 328 vellet
1762 306 1797 329 et

1004 351 1107 381 ageret.
1122 346 1255 379 Quocirca
1276 347 1342 373 duas
1363 347 1445 373 etiam
1457 347 1597 374 naturales
1620 347 1796 378 voluntates,

1005 391 1172 426 totidemque
1196 392 1323 419 actiones
1350 392 1382 418 ad
1406 392 1518 418 humani
1539 392 1647 426 generis
1672 392 1796 419 salutem

1005 445 1058 464 una
1070 438 1242 464 concurrisse
1256 437 1414 464 asserimus.
1428 437 1518 470 Quare
1531 445 1593 464 cum
1609 438 1679 464 beati
1695 438 1799 465 Patres

1005 483 1062 509 haec
1078 482 1114 509 ita
1126 489 1233 509 summo
1248 490 1311 509 cutn
1335 482 1428 509 studio
1449 487 1477 509 et
1498 482 1639 517 diligentia
1666 482 1796 517 undique

1004 527 1193 562 congesserint
1221 532 1249 554 et
1272 527 1467 561 expresserim,
1488 535 1535 561 par
1560 532 1613 559 est,
1640 532 1670 553 ut
1697 528 1798 554 nullus

1005 573 1084 599 aliter
1099 572 1232 607 proterat,
1261 573 1433 605 autscribat,
1457 577 1505 600 aut
1531 574 1642 606 sentiat,
1666 578 1713 600 aut
1741 573 1797 600 do-

1005 623 1065 646 ceat
1082 627 1088 645 :
1106 620 1161 645 imo
1176 626 1242 646 vero
1261 626 1295 645 ne
1310 618 1447 645 diversum
1472 618 1582 652 quidem
1599 620 1633 646 ab
1648 619 1700 645 hoc
1726 619 1796 646 ﬁdei

1005 663 1157 698 symbolum
1178 663 1212 690 iis
1237 668 1383 698 proponat,
1396 663 1443 697 qui
1463 663 1506 690 vel
1524 671 1557 690 ex
1581 664 1706 698 gentibus
1724 684 1731 695 ,
1749 664 1796 690 vel

1005 716 1038 736 ex
1052 708 1164 740 Judzeis,
1178 709 1221 735 vel
1234 716 1267 735 ex
1280 708 1377 735 haeresi
1398 708 1521 743 qualibet
1536 709 1570 735 ad
1599 709 1724 737 veritatis
1742 717 1798 737 co-

1005 753 1157 788 gnitionem
1177 758 1387 781 convertuntur.

1295 809 1369 837 CAP.
1388 809 1496 837 XXXII.

1006 853 1086 881 Fides
1110 854 1226 882 revelata
1251 856 1415 882 sanctissima
1438 855 1561 890 Gregorio
1585 856 1707 890 miri/ica,
1731 862 1799 883 tan-

1040 898 1119 923 quam
1146 898 1177 916 επ
1201 895 1376 924 super'sancta:
1406 890 1453 916 Dei
1477 891 1625 923 Geuilricis,
1651 896 1675 918 el
1706 893 1798 919 sancti

1041 924 1154 959 apostoli
1165 924 1277 951 Joannis
1296 924 1464 960 evangelista:
1479 925 1608 953 doctrina.

1042 980 1174 1008 Unus’est
1187 981 1260 1008 Deus
1275 981 1440 1015 principium
1454 985 1482 1007 et
1499 981 1579 1008 Pater
1599 981 1677 1009 Verbi
1696 981 1796 1009 viven—

1006 1026 1051 1058 tis,
1070 1026 1211 1061 sapientia:
1227 1026 1414 1056 subsistentis,
1429 1033 1539 1052 necnon
1564 1026 1676 1053 virtutis
1692 1031 1720 1054 et
1737 1027 1797 1054 for-

1006 1078 1056 1098 ma:
1071 1076 1190 1103 alternat,
1208 1072 1345 1107 perlectus
1365 1070 1478 1106 perfecti
1493 1071 1612 1106 genitor,
1630 1072 1712 1099 Pater
1727 1073 1793 1100 Filii

1007 1117 1152 1149 unigeniti.

1045 1163 1120 1191 Unus
1136 1163 1200 1190 item
1229 1167 1272 1191 est
1290 1163 1430 1197 Dominus,
1446 1165 1522 1192 solus
1536 1171 1569 1191 ex
1587 1163 1655 1196 solo,
1670 1164 1744 1190 Deus
1758 1171 1795 1191 ex

1007 1209 1070 1241 Deo,
1090 1210 1179 1244 imago
1204 1217 1328 1244 persona:
1343 1210 1441 1242 Patris,
1459 1211 1531 1237 Deus
1549 1210 1666 1238 Verbum
1694 1217 1792 1244 agens,

1006 1256 1052 1290 qui
1069 1264 1161 1283 reruni
1186 1256 1310 1283 omnium
1334 1256 1492 1291 ltypostasin
1517 1255 1618 1283 creavit
1645 1255 1794 1289 sapientia,

988 1306 1066 1337 ‘quze
1094 1303 1286 1329 universorum
1311 1303 1533 1329 constitutionem
1557 1302 1680 1329 continet
1704 1303 1796 1329 virtus

1005 1348 1128 1375 onmium
1139 1353 1326 1374 creaturarum
1337 1348 1470 1375 etl‘eetrix.
1482 1348 1587 1375 Veritas
1595 1356 1628 1374 ex
1637 1355 1733 1374 verace
1743 1347 1796 1374 Pa-

1007 1399 1056 1424 tre,
1079 1393 1224 1420 invisibilis
1232 1401 1265 1420 ex
1278 1393 1419 1425 invisibili,
1430 1393 1643 1427 iucorruptibilis
1654 1400 1687 1419 ex
1702 1393 1796 1420 incor-

1007 1437 1304 1472 ruptibili,immortalis
1311 1446 1344 1464 ex
1355 1438 1633 1469 immortali,a:teruus
1641 1442 1794 1464 exaeterno.

168 1483 321 1509 naturalem
337 1483 383 1509 Dei
404 1487 432 1509 et
456 1487 590 1509 creatum
604 1482 738 1509 actionem
754 1483 930 1510 concedimus
946 1492 952 1510 :
968 1496 991 1526 Ο
1042 1483 1118 1510 Unus
1133 1482 1252 1517 denique
1271 1482 1389 1517 Spiritus
1414 1487 1525 1509 sanctus
1552 1482 1702 1516 perfectus,
1729 1488 1793 1516 per—

169 1534 205 1553 ne
230 1526 273 1552 vel
287 1531 440 1552 creaturam
455 1525 602 1561 impattbili
619 1527 744 1552 essentia:
773 1527 953 1560 ascribamus,

168 1572 212 1599 vel
237 1572 338 1598 divinae
367 1577 472 1598 natura:
491 1571 681 1598 excellentiam
712 1572 740 1598 in
766 1577 955 1599 creaturarum

169 1617 294 1645 ordinem
319 1617 485 1652 redigamus.
502 1616 589 1644 Unius
615 1617 688 1644 enim
712 1618 890 1653 ejusdemque
906 1619 958 1645 mi-

169 1663 262 1690 racula
275 1667 303 1690 ct
318 1663 462 1697 passiones
475 1662 560 1689 fuisse
575 1663 703 1690 novimus
721 1672 727 1690 :
746 1664 796 1690 alia
809 1669 891 1698 atque
903 1665 956 1691 alia

168 1713 338 1740 naturarum,
349 1716 382 1735 ex
393 1708 494 1742 quibus
502 1712 621 1741 constat,
632 1709 736 1736 ratione
749 1709 851 1742 habita,
860 1710 886 1736 in
896 1710 957 1745 qui-

168 1754 274 1788 busque
283 1755 342 1788 ejus
350 1754 469 1780 essentia
478 1754 612 1786 consistit,
632 1759 661 1781 ut
672 1754 769 1782 beatus
779 1754 896 1790 Cyrillus
908 1756 955 1782 ait.

203 1800 243 1827 Eo
254 1801 344 1834 itaque
354 1800 426 1834 quod
440 1799 616 1826 ittcout‘usum
631 1805 659 1827 et
671 1801 818 1828 indivisum
830 1805 871 1828 est
882 1802 957 1828 omni

168 1852 203 1872 ex
219 1850 296 1880 parte
309 1849 428 1876 servato,
445 1845 498 1873 hoc
519 1845 547 1872 in
565 1853 673 1872 sutnma
687 1846 858 1881 proﬁtemur,
874 1854 957 1873 unam

169 1896 272 1918 sancta:
291 1890 435 1917 Trinitatis
466 1897 624 1924 personam,
658 1891 806 1918 Dominum
830 1896 956 1918 nostrum

169 1936 264 1963 Jesum
281 1936 421 1963 Christum
438 1942 535 1962 verum
556 1935 642 1962 Deum
664 1940 788 1963 nostrum
815 1943 876 1963 esse
896 1944 957 1963 cre-

169 1981 276 2013 dentes,
294 1981 433 2013 duas‘ejus
445 1985 560 2008 naturas
574 1982 736 2014 asserimus,
758 1990 819 2017 qua:
847 1982 876 2009 in
902 1989 956 2009 una

168 2027 229 2062 ejus
247 2035 365 2061 persona
387 2030 555 2062 eluceseant,
583 2030 610 2056 in
628 2036 682 2063 qua
701 2029 832 2055 miracula
848 2033 875 2055 et
891 2036 956 2063 pas-

169 2073 270 2104 siones,
287 2074 409 2108 quandiu
435 2083 469 2102 ex
482 2075 687 2110 d:spensatione
703 2075 847 2101 nobiscunt
865 2082 957 2101 versa-

170 2123 214 2145 tus
231 2123 284 2152 est,
310 2127 363 2147 non
377 2121 520 2155 phantasia
542 2126 569 2148 et
594 2121 779 2152 simulatione,
797 2120 843 2147 sed
860 2128 956 2148 revera

141 2197 144 2200 ἢ
169 2164 305 2198 exhibuit,
337 2173 400 2192 cum
428 2165 579 2201 praesertim
601 2167 734 2193 naturalis
751 2165 907 2192 ditl'crentia
927 2165 954 2192 in
968 2160 1108 2204 puerum
1133 2178 1165 2203 de
1181 2182 1272 2203 sum,“
1298 2175 1429 2202 Τνίηηαιε

171 2210 228 2244 ipsa
245 2212 323 2237 unica
336 2218 455 2245 persona
473 2217 654 2247 cognoscatur
668 2221 674 2238 :
690 2220 744 2239 non
760 2212 824 2246 quia
837 2219 955 2246 persona

163 2261 269 2290 epraeter
288 2261 401 2284 naturas
416 2258 482 2285 alias
501 2260 546 2290 sit,
563 2258 610 2286 sed
625 2259 689 2293 quia
709 2259 737 2285 in
759 2263 857 2284 nattlra
880 2258 956 2293 ejus-

169 2301 231 2328 dem
261 2309 385 2336 personte
405 2308 460 2331 tota
475 2309 574 2332 natura
592 2304 711 2332 humana
740 2305 882 2332 etl'ormata
907 2305 954 2331 sit.

168 2346 289 2381 Quaque
313 2355 424 2375 suarum
451 2355 515 2377 sunt
530 2350 650 2385 partium
683 2358 715 2377 ea
730 2350 769 2377 sic
783 2349 954 2384 exsequitur,

169 2392 278 2420 utnihil
296 2393 385 2422 desit:
408 2402 469 2422 ctttn
492 2403 545 2431 qua
561 2397 671 2431 quidem
689 2403 806 2431 persona
824 2397 953 2431 hyposta-

170 2438 253 2464 ticum
279 2437 398 2467 Verbum
420 2440 585 2473 cohaerebat,
615 2449 670 2467 uno
696 2446 808 2475 peccato
831 2441 952 2475 derupto.

168 2483 403 2515 Quemadmodum
418 2485 501 2512 etiam
510 2485 630 2513 Verbum
647 2485 769 2513 vicissim
786 2493 817 2512 ea
832 2485 953 2520 perfecte

168 2532 196 2554 et
210 2528 333 2557 absolute
358 2530 534 2565 operabatur,
558 2538 620 2566 quae
648 2531 702 2558 sibi
726 2532 838 2567 propria
865 2537 954 2565 erant,

166 2573 252 2609 idque
261 2580 324 2602 cum
333 2575 463 2604 "humana
478 2577 524 2604 illa
536 2581 646 2610 natura,
663 2585 744 2612 quam
757 2581 954 2612 assumpscrat.

169 2620 327 2648 Proferatur
358 2622 386 2649 in
417 2622 540 2660 medium
568 2622 660 2650 denuo
685 2623 876 2650 sanctissimus
911 2623 956 2650 ille

166 2664 234 2697 Leo,
251 2666 299 2700 qui
319 2667 347 2693 in
363 2668 479 2702 epistola
493 2669 526 2695 ad
549 2665 671 2695 Leoneni
694 2668 887 2703 imperatorem
919 2669 957 2696 ita

168 2710 264 2736 scribit
277 2717 290 2744 :1
300 2711 434 2740 Divinitas
451 2719 478 2741 et
493 2714 650 2742 humanitas
671 2715 730 2749 ipso
745 2715 871 2749 virgineae
883 2722 957 2742 con-

207 2800 217 2816 ‘
230 2801 310 2827 Joau.
326 2809 359 2835 vi,
376 2803 420 2830 38.

1007 1530 1077 1557 fecta
1093 1529 1245 1557 viventium
1261 1529 1316 1555 vita
1335 1537 1342 1554 :
1357 1528 1496 1559 sanctitas,
1510 1532 1538 1554 et
1553 1528 1706 1554 sanctitatis
1720 1528 1793 1560 fons,

1007 1580 1087 1609 atque
1101 1574 1252 1602 sanctitatis
1265 1573 1387 1607 largitor.
1412 1572 1451 1599 Ex
1465 1580 1520 1606 quo
1535 1572 1575 1604 tit,
1596 1577 1624 1598 ut
1639 1572 1711 1600 Deus
1735 1579 1794 1599 om-

1006 1623 1081 1649 nium
1099 1620 1269 1648 credentium
1291 1619 1396 1646 calculo
1422 1620 1459 1646 sit
1484 1626 1567 1652 super
1584 1619 1686 1650 omnia,
1706 1618 1794 1645 Filius

1008 1675 1057 1703 per
1070 1667 1173 1698 omnia,
1194 1665 1315 1700 Spiritus
1330 1668 1441 1692 sanctus
1466 1664 1494 1690 in
1508 1664 1646 1696 omnibus,
1672 1664 1794 1691 Trinitas

1007 1711 1139 1747 perfecta,
1153 1711 1232 1745 cujus
1260 1710 1359 1741 honor,
1395 1709 1599 1743 scmpiternitas
1621 1713 1650 1735 et
1679 1716 1792 1744 regnum

1007 1765 1096 1791 neque
1109 1757 1272 1787 dissecatur,
1304 1762 1394 1789 neque
1424 1755 1565 1781 alteratur.
1580 1755 1670 1786 Quare
1687 1754 1717 1780 in
1733 1754 1792 1781 Tri-

1008 1802 1094 1828 nitate
1120 1805 1242 1828 creatum
1274 1800 1343 1826 nihil
1371 1804 1435 1827 est:
1461 1807 1550 1833 neque
1579 1799 1740 1830 aseititium,
1761 1806 1793 1826 ac

1008 1849 1029 1876 si
1048 1847 1113 1882 quid
1134 1855 1193 1874 esse
1210 1850 1302 1880 postea
1320 1846 1445 1879 cmperit,
1467 1844 1539 1879 quod
1557 1849 1636 1870 antea
1655 1851 1709 1870 non
1735 1843 1794 1871 fue-

1007 1894 1054 1920 rit.
1072 1893 1151 1920 Nullo
1167 1893 1240 1920 enim
1268 1899 1388 1926 unquam
1409 1896 1534 1925 tempore
1550 1890 1637 1916 Filius
1656 1889 1730 1916 Patri
1745 1889 1794 1917 de-

1007 1940 1070 1971 fuit,
1088 1946 1178 1973 ncque
1203 1937 1272 1964 Filio
1294 1937 1421 1970 Spiritus,
1437 1944 1488 1963 nec
1507 1936 1597 1962 unitas
1613 1936 1640 1962 in
1655 1935 1791 1962 binarium

1007 1984 1139 2016 excrevit,
1159 1990 1209 2010 nec
1227 1982 1348 2009 biuarius
1361 1982 1388 2008 in
1409 1981 1585 2014 Trinitatem,
1613 1981 1660 2008 sed
1685 1989 1793 2015 semper

1007 2039 1061 2058 una
1083 2030 1236 2064 eadetnque
1264 2028 1384 2055 Trinitas
1406 2029 1474 2056 citra
1499 2028 1582 2055 ullam
1609 2028 1788 2055 mutationem

1008 2077 1231 2104 alterationemve
1247 2075 1360 2101 mansit.

1295 2131 1370 2158 CAP.
1389 2131 1509 2158 XXXIII.

1468 2175 1510 2211 (de
1540 2176 1630 2207 Patre,
1657 2175 1736 2208 Filio,
1767 2180 1790 2202 et

1039 2212 1139 2247 Spiritu
1154 2219 1256 2242 sancto,
1281 2212 1402 2247 distinctu
1427 2211 1507 2247 simul
1526 2216 1549 2236 et
1566 2212 1705 2244 conjuncta
1723 2212 1791 2237 Divi-

1039 2245 1131 2274 nilalis
1142 2247 1221 2278 ratio,
1237 2254 1267 2272 ea;
1282 2245 1314 2272 Β.
1328 2245 1432 2272 Joanne
1443 2246 1618 2277 Damasreno,
1631 2253 1690 2280 cap.
1705 2247 1746 2280 8.)

1039 2305 1136 2339 Itaque
1153 2303 1292 2330 credimus
1320 2303 1348 2329 in
1371 2309 1458 2329 unum
1483 2303 1580 2334 Deum,
1605 2303 1717 2329 unicum
1733 2302 1790 2328 sine

1005 2349 1142 2385 principio
1169 2349 1346 2384 principium,
1375 2348 1540 2379 increatum,
1558 2353 1700 2379 aeternum,
1719 2348 1789 2382 inge-

1008 2397 1109 2426 nitum,
1133 2394 1371 2428 incorruptibilem
1409 2399 1490 2428 atque
1522 2392 1715 2425 immortalem,
1742 2393 1789 2420 im-

1009 2449 1145 2472 mcnsum,
1162 2440 1244 2467 nullis
1270 2439 1370 2466 liuibus
1394 2439 1643 2473 circumscriptum,
1665 2439 1788 2466 indeﬁni-

1011 2494 1082 2520 tum,
1104 2487 1244 2514 immensw
1254 2485 1409 2520 potestatis,
1429 2485 1554 2519 simplex,
1569 2485 1788 2519 incompositum,

1006 2533 1212 2567 incorporeum,
1237 2530 1442 2560 inevhaustum,
1471 2530 1713 2564 imperturbatum,
1742 2530 1790 2557 im-

1006 2577 1148 2607 mobilem,
1178 2574 1388 2606 immutabilem,
1412 2575 1590 2607 invisitriletp,
1620 2575 1750 2601 bonitatis
1764 2579 1788 2601 et

1006 2581 1148 2607 mobilem,
1178 2581 1388 2606 numutanuem,
1412 2581 1561 2601 mvrsttrnei
1582 2596 1590 2607 ,
1620 2581 1750 2601 bonitatis
1764 2581 1788 2601 et

1004 2622 1117 2658 justiti-.1:
1145 2621 1260 2653 tentent,
1290 2619 1382 2646 lumen
1410 2581 1591 2653 intelligibirc,
1625 2619 1788 2646 inaccessam

1008 2668 1158 2704 potentiam
1171 2675 1231 2702 qua:
1244 2666 1318 2693 nulla
1334 2673 1461 2693 mensura
1477 2665 1658 2700 dignoscitur,
1673 2665 1721 2692 sed
1736 2664 1788 2691 sola

1009 2716 1127 2750 scipsam
1148 2713 1256 2748 propria
1280 2712 1420 2740 voluntate
1434 2712 1587 2739 dimetitur.
1615 2711 1788 2746 Quaccuuque
