1949 3073
162 145 230 178 1169

794 150 994 181 THESAURI
1013 144 1085 184 Lis.
1111 154 1155 186 II.

1403 128 1435 135 ων
1452 127 1539 133 *μμ-ν-

1721 155 1786 188 1170

160 205 232 232 enim
258 205 326 237 vult,
351 207 445 233 eadem
468 213 577 241 quoque
602 209 702 241 potest,
731 210 761 233 ut
794 214 855 241 qua
876 213 953 233 crea-
969 208 990 235 Δ
1006 211 1098 241 postea
1112 207 1211 235 Filium
1232 208 1384 242 habuisset,
1398 214 1493 245 postea
1505 218 1614 246 quoque
1626 210 1706 239 Pater
1724 219 1786 245 esse

981 282 987 287 .
1004 254 1146 288 coepisset,
1162 263 1223 281 cum
1239 255 1320 282 Pater
1333 253 1413 283 antea
1430 264 1485 284 non
1496 262 1670 291 esset,alque
1685 266 1718 285 ex
1735 266 1788 285 non

161 255 237 277 turas
253 257 348 277 omnes
363 251 485 278 visibiles
510 256 538 278 et
555 251 709 278 invisibiles
726 251 874 281 creaverit.
891 258 950 277 om—

162 302 211 322 nes
233 297 384 329 contineat,
410 297 540 324 omnibus
570 297 698 331 imperet,
730 302 758 323 et
791 297 949 323 dominetur

162 348 257 376 regno,
274 343 347 375 quod
365 343 433 369 nulli
453 342 499 370 lini
517 343 635 370 mortive
649 343 798 369 obnoxium
821 346 874 374 est,
900 349 952 369 nec

164 387 191 412 in
223 393 252 413 se
277 387 428 422 quidquam
460 388 630 415 contrarium
659 387 753 420 habet,
775 395 835 422 quae.
860 386 952 413 omnia

162 432 333 466 plenitudine
362 441 425 460 suas
436 434 578 468 complens
604 441 619 460 a
640 433 716 460 nullo
735 432 952 468 comprehenda-

165 481 220 509 tur,
249 479 304 505 imo
320 479 412 513 potius
441 479 533 506 omnia
553 478 781 514 comprehendat,
801 479 952 508 contineat,

164 529 192 552 et
202 530 359 560 exsuperet,
374 533 434 560 quae
459 526 561 552 nullam
594 532 649 552 non
674 524 821 552 essentiam
839 524 955 550 inteme-

164 578 222 599 rata
235 577 367 607 permeet,
388 580 525 607 supraque
542 572 632 599 omnia
652 572 765 603 feratur,
778 578 838 605 qua:
850 571 952 597 nullam

169 628 223 647 non
239 621 386 648 essentiam
402 624 558 654 exsuperet,
585 619 865 654 supersubstantialis,
882 622 910 646 et
923 626 954 646 ea

166 673 226 700 quae
256 671 319 693 sunt
349 667 559 696 tranSrcndens.
575 666 720 701 plusquam
746 665 849 698 divina,
877 665 954 699 plus-

167 720 248 747 quam
278 713 359 745 bona,
373 713 516 747 plusquam
529 712 620 746 plena,
634 719 695 746 quae
711 711 846 746 principia
863 710 955 738 omnia

169 758 334 793 ordinesque
349 759 471 788 deﬁniat.
488 758 578 785 omnis
599 757 727 792 principii
756 761 838 791 atque
852 755 957 784 ordinis

170 810 282 838 praeses,
298 811 359 837 quae
375 803 478 830 nullam
496 811 550 830 non
570 803 731 836 essentiam,
747 803 842 835 vitam,
871 802 956 829 ratio-

169 856 243 879 nem,
257 853 339 884 atque
356 849 550 884 cogitationem
565 855 720 884 exsuperet,
744 849 834 884 ipsum
852 849 956 881 lumen,

171 894 228 929 ipsa
243 895 361 926 bonitas,
381 896 438 929 ipsa
456 895 535 928 ,vita,
557 895 615 930 ipsa
639 895 768 929 essentia,
795 900 824 922 ut
838 903 897 930 quae
916 895 957 922 al-

172 941 258 968 terius
277 941 411 968 beneficio
427 950 480 968 non
494 942 554 973 ,sit,
582 946 630 969 aut
656 942 759 976 aliquid
783 949 878 969 eorum
898 949 959 977 qua:

171 992 235 1014 sunt
250 988 374 1020 exsistat,
391 989 446 1015 imo
471 988 504 1016 iis
523 987 590 1023 quae
599 993 663 1016 sunt
679 989 815 1020 essentia,
844 988 878 1016 iis
898 996 959 1023 quae

174 1033 277 1064 vivunt,
296 1034 368 1066 vitm,
385 1034 419 1061 iis
432 1042 492 1068 qua:
508 1034 614 1061 ratione
629 1037 745 1060 utuntur
758 1033 873 1060 rationis
887 1032 958 1064 fons,

176 1079 305 1106 omnibus
336 1080 455 1114 denique
488 1080 624 1107 bonorum
649 1080 773 1106 omnium
799 1086 882 1106 causa
913 1079 959 1112 sit,

177 1134 236 1160 quae
248 1127 337 1153 omnia
353 1130 417 1153 ante
437 1134 532 1154 eorum
561 1127 765 1161 generationem
792 1126 877 1157 norit,
899 1129 961 1152 tan-

174 1180 255 1207 quam
274 1180 327 1200 una
344 1173 476 1201 essentia.
493 1180 547 1198 una
562 1172 703 1203 divinitas,
725 1179 778 1199 una
790 1171 888 1203 virtus,
907 1178 961 1198 una

175 1218 312 1249 voluntas,
332 1226 386 1244 una
407 1217 490 1250 actio,
505 1225 591 1244 unum
614 1216 770 1252 imperium,
787 1224 840 1243 una
863 1220 961 1250 poten.

175 1263 222 1295 tia,
240 1271 293 1290 una
311 1263 471 1302 dominatio,
488 1271 571 1290 unum
590 1271 715 1298 regnum,
742 1262 817 1297 quod
846 1262 875 1289 in
907 1261 961 1288 tri-

174 1307 227 1335 bus
246 1309 373 1343 perfectis
390 1309 516 1343 personis
542 1309 727 1343 cognoscitur,
750 1312 778 1336 ct
802 1307 967 1335 adorationo

176 1364 228 1382 una
241 1356 352 1382 colitur.
366 1356 496 1384 Creditur
523 1361 613 1383 autem
630 1360 658 1383 et
682 1355 812 1382 adoratur
833 1355 867 1382 ab
888 1355 962 1382 omni

176 1406 301 1429 creatura
318 1402 434 1428 rationis
458 1402 602 1436 participe,
624 1402 748 1435 citraque
767 1401 850 1427 ullam
869 1400 964 1427 confu-

177 1447 281 1473 sionem
296 1446 485 1480 conjungitur,
509 1450 537 1473 et
559 1446 627 1473 citra
641 1446 849 1472 distractionem
864 1444 964 1470 distin-

178 1491 284 1526 guitur.
302 1491 385 1526 (quod
399 1491 499 1517 mirum
515 1491 580 1524 est),
608 1490 635 1518 in
663 1491 784 1522 Patrem,
804 1495 832 1517 et
850 1489 962 1520 Filium,

178 1540 206 1563 et
225 1535 359 1570 Spiritum
380 1541 516 1567 sanctum,
532 1536 560 1563 in
577 1543 646 1570 quos
658 1535 787 1570 baptizati
797 1543 905 1570 quoque
919 1543 965 1562 su-

179 1589 251 1608 mus.
267 1582 305 1609 lta
321 1583 394 1609 enim
412 1582 544 1609 Dominus
563 1582 693 1617 apostolis
709 1581 858 1614 mandavit,
873 1586 902 1608 ut
913 1581 964 1608 ba-

179 1626 323 1661 ptizarent,
357 1627 399 1653 his
424 1627 516 1654 verbis
534 1636 539 1653 :
557 1627 728 1662 Baptizantcs
746 1635 788 1653 eos
808 1627 834 1653 in
861 1627 965 1653 nomine

179 1672 282 1705 Patris,
303 1677 327 1700 et
343 1673 414 1704 Filii,
435 1678 459 1700 et
478 1673 593 1708 Spiritus
610 1674 696 1700 sancti
716 1673 737 1700 ⁸.
763 1673 792 1700 1n
809 1681 894 1699 unum
913 1672 965 1699 Pa-

181 1723 259 1748 trem.
276 1719 322 1754 qui
340 1720 461 1746 omnium
477 1719 640 1754 principium
655 1723 683 1746 et
699 1726 780 1746 causa
794 1722 846 1751 est,
858 1726 872 1745 a
888 1718 965 1745 nullo

181 1765 313 1799 genitum,
344 1766 389 1799 qui
416 1764 491 1792 solus
517 1765 575 1791 sine
598 1772 690 1796 causa,
714 1767 742 1790 et
758 1763 898 1798 ingenitus
913 1768 966 1793 est,

182 1810 304 1836 omnium
322 1810 431 1843 quidem
455 1809 579 1841 Creator,
595 1814 622 1836 at
644 1809 726 1836 unius
743 1813 847 1836 tantum
870 1809 964 1843 unige-

184 1854 234 1882 niti
245 1855 304 1881 Filii
324 1855 377 1887 sui,
391 1855 499 1881 Domini
514 1859 605 1881 autem
622 1854 681 1886 Dei,
706 1858 734 1881 et
754 1853 905 1881 Servatoris
919 1861 969 1880 no-

181 1900 308 1928 striJesu
325 1901 426 1928 Christi
454 1905 554 1928 natura
571 1900 662 1932 Pater,
685 1900 773 1927 sancti
789 1904 880 1927 autem
908 1899 969 1934 Spi-

182 1948 253 1974 ritus
264 1947 381 1974 emissor
397 1946 521 1973 exsistat.

220 1992 364 2019 Credimus
382 1993 447 2020 item
464 1993 491 2020 in
509 2000 592 2020 unum
607 1993 706 2020 Filium
720 1992 768 2020 Dei
785 1992 969 2027 unigenitum,

182 2038 329 2066 Dominum
346 2043 469 2066 nostrum
487 2039 580 2067 Jesum
596 2039 746 2071 Christum,
762 2039 808 2073 qui
832 2046 866 2066 ex
888 2039 970 2065 Patre

184 2089 264 2111 natus
276 2090 318 2112 est
336 2090 400 2112 ante
420 2085 512 2111 omnia
543 2086 651 2116 saecula,
680 2085 774 2112 lumen
797 2086 830 2112 de
854 2084 969 2116 lumine,

186 2129 270 2156 Deum
286 2137 380 2156 verum
401 2135 435 2156 de
460 2130 516 2156 Deo
539 2137 616 2162 vero,
632 2130 771 2164 genitum,
788 2137 843 2156 non
858 2129 969 2160 factum,

184 2175 445 2202 consubstantialem
463 2175 548 2207 Patri,
563 2183 613 2210 per
625 2183 705 2210 quem
715 2174 806 2202 omnia
815 2174 885 2201 facta
895 2179 968 2202 sunt.

974 873 994 899 Β

1003 298 1087 326 Patre
1101 299 1128 326 in
1149 300 1257 327 Patrem
1273 306 1394 329 mutatus
1419 302 1525 334 fuisset,
1548 311 1600 338 qua
1621 304 1789 338 blasphemia

1003 343 1081 377 quid,
1112 352 1213 379 quaeso,
1240 346 1326 378 magis
1362 346 1477 381 impium
1506 347 1655 382 excogitari
1681 347 1791 382 potest?

1003 388 1076 416 Fieri
1093 390 1167 417 enim
1181 398 1235 417 non
1252 395 1351 425 potest,
1366 397 1395 419 ut
1410 393 1482 419 Deus
1497 393 1614 420 naturali
1643 393 1789 426 generandi

1003 434 1028 461 vi
1048 435 1169 469 privatus
1184 436 1303 468 dicatur,
1317 437 1464 471 generandi
1478 443 1569 464 autem
1585 438 1626 464 vis
1639 438 1665 464 in
1680 445 1713 465 eo
1724 445 1790 464 con-
1810 431 1811 434 l

1006 481 1088 512 sistit,
1105 485 1133 507 ut
1150 489 1182 508 ex
1206 482 1306 517 seipso.
1324 482 1381 510 sive
1406 484 1517 518 propria
1547 491 1580 510 ex
1597 483 1718 511 essentia
1735 483 1790 510 sibi

1005 532 1102 555 natura
1126 528 1242 555 similem
1257 533 1395 563 procreet.
1411 529 1451 556 Ex
1466 537 1519 563 quo
1537 530 1575 561 lit,
1592 535 1622 556 ut
1642 531 1665 557 si
1691 529 1752 564 quis
1766 529 1792 556 in

1005 572 1067 600 Filii
1093 574 1269 608 generatione
1293 577 1401 610 tempus
1432 574 1631 607 intercessisse,
1658 580 1704 603 aut
1732 579 1793 609 post

1006 618 1127 650 Patrem,
1146 619 1321 647 subsecutam
1342 619 1426 647 fuisse
1442 621 1502 647 Filii
1522 621 1727 648 subsistentiam
1750 620 1794 646 di-

1008 670 1062 697 cat,
1086 665 1187 700 impius
1219 666 1362 694 habendus
1385 667 1485 694 merito
1501 667 1545 694 sit.
1562 667 1601 695 Ex
1627 667 1685 701 ipso
1709 666 1793 698 enim,

1007 711 1059 738 hoc
1073 715 1115 738 est
1130 719 1163 738 ex
1181 711 1270 739 Patris
1286 717 1383 739 natura
1400 713 1605 747 generationem
1629 712 1688 739 Filii
1711 712 1796 738 fuisse

1007 757 1136 785 dicimus.
1160 758 1195 785 Et
1219 758 1273 785 nisi
1291 758 1389 785 Filium
1406 759 1439 785 ab
1456 759 1535 786 initio
1555 766 1606 785 una
1635 766 1697 786 cum
1717 758 1796 785 Patre

1009 803 1105 835 fuisse,
1136 807 1167 831 ut
1198 812 1231 831 ex
1257 805 1316 838 ipso
1331 805 1465 838 genitum,
1481 804 1673 835 concedamus.
1702 804 1796 838 utique

1008 849 1134 876 Paterna
1146 856 1270 884 personae
1285 849 1464 876 mutationem
1493 849 1694 877 introducimus
1712 858 1718 876 :
1733 848 1796 883 quia

1008 895 1138 922 nimirum
1161 903 1223 922 cum
1251 895 1332 922 Pater
1355 900 1434 922 antea
1459 902 1515 922 non
1533 899 1614 926 esset,
1642 895 1722 921 Pater
1738 902 1797 921 esse

1011 942 1120 969 tandem
1150 941 1273 976 cmperit.
1307 940 1428 967 Tametsi
1455 940 1529 967 enim
1554 943 1680 967 creatura
1702 944 1798 974 postea

1010 987 1082 1014 facta
1098 987 1160 1019 fuit,
1179 995 1232 1014 non
1260 991 1350 1014 tamen
1373 994 1406 1013 ex
1432 985 1480 1013 Dei
1498 986 1628 1017 essentia,
1646 985 1692 1012 sed
1707 992 1741 1012 ex
1765 992 1798 1012 eo

1010 1035 1083 1068 quod
1100 1041 1154 1060 non
1174 1038 1234 1061 erat
1248 1033 1274 1060 in
1292 1033 1318 1060 id
1332 1032 1405 1067 quod
1424 1037 1466 1060 est
1480 1033 1620 1060 voluntate
1637 1035 1664 1059 et
1677 1029 1798 1064 potentia

1010 1079 1071 1114 ejus
1085 1078 1218 1113 producta
1231 1078 1292 1105 fuit.

1045 1125 1102 1152 Nec
1126 1133 1192 1152 vero
1218 1125 1366 1153 mutationi
1385 1129 1481 1152 natura
1501 1124 1594 1151 divina
1610 1123 1728 1151 obnoxia
1745 1127 1796 1150 est.

1012 1170 1158 1198 Generatio
1174 1171 1247 1198 enim
1262 1177 1315 1204 est,
1332 1179 1394 1198 cum
1420 1171 1446 1197 id
1467 1170 1540 1205 quod
1556 1169 1676 1204 gignitur
1703 1176 1796 1196 essen-

1014 1217 1051 1244 tia
1068 1216 1157 1244 simile
1171 1225 1203 1244 ex
1226 1217 1385 1252 generantis
1407 1216 1526 1243 essentia
1552 1215 1654 1250 prodit.
1668 1214 1799 1241 Creatura

1013 1268 1080 1288 vero
1104 1265 1132 1288 ct
1155 1261 1325 1296 ﬁgmentum,
1346 1261 1370 1287 id
1387 1261 1460 1295 quod
1477 1260 1659 1291 extrinsecus,
1676 1266 1729 1285 non
1752 1266 1800 1285 au-

1015 1311 1068 1334 tem
1085 1314 1118 1333 ex
1135 1306 1253 1333 creantis
1281 1305 1441 1340 lingentisve
1471 1305 1623 1333 substantia
1641 1312 1684 1331 res
1709 1308 1800 1331 creata

1015 1356 1112 1381 tictavc
1125 1353 1304 1388 depromitur,
1325 1361 1386 1388 quae
1403 1354 1513 1388 quidem
1539 1352 1692 1379 substantia
1714 1358 1794 1386 pror-

1015 1407 1061 1427 sus
1074 1400 1209 1427 absimilis
1220 1400 1345 1427 exsistat.
1356 1399 1496 1432 ‘Quocirca
1521 1397 1665 1433 generatio
1682 1402 1709 1424 et
1724 1404 1802 1424 crea-

1017 1445 1056 1473 tio
1071 1445 1233 1479 impatibilis
1250 1449 1292 1472 est
1310 1444 1336 1471 in
1359 1453 1414 1472 uno
1432 1445 1564 1472 duntaxat
1577 1444 1641 1475 Deo,
1662 1442 1709 1477 qui
1726 1441 1802 1469 solus

1017 1491 1188 1526 impatibilis,
1208 1491 1388 1518 inalterabilis
1419 1481 1447 1518 et
1468 1489 1650 1517 immutabilis
1665 1492 1717 1519 est,
1731 1494 1801 1514 scm-

1016 1545 1119 1572 perque
1133 1537 1228 1564 eodem
1245 1535 1273 1564 se
1288 1537 1369 1564 modo
1397 1535 1489 1563 habet.
1516 1536 1583 1563 Cum
1613 1534 1687 1561 enim
1704 1537 1801 1560 natura

1017 1583 1190 1618 impatibilis,
1207 1583 1398 1614 inexhaustus,
1413 1582 1529 1617 simplex
1548 1586 1575 1609 et
1602 1579 1802 1614 incompositus

1016 1631 1140 1661 exsistat,
1152 1630 1185 1657 ad
1203 1631 1358 1665 passionem
1373 1630 1456 1657 ullam
1479 1631 1637 1663 {laxumque
1648 1627 1800 1657 ferendum,

1017 1685 1109 1712 neque
1127 1681 1295 1712 generando,
1324 1683 1414 1710 neque
1444 1675 1572 1706 creando,
1592 1673 1802 1708 haudquaquam

1017 1722 1135 1749 idoneus
1147 1725 1198 1754 est,
1212 1728 1262 1748 nec
1276 1721 1331 1748 ullo
1344 1720 1481 1755 adjutorio
1502 1723 1574 1754 eget.
1593 1719 1644 1746 Sed
1662 1717 1801 1753 generatio

1018 1768 1127 1801 quidem
1145 1767 1281 1802 principio
1309 1773 1406 1793 carens
1435 1770 1464 1792 et
1484 1769 1586 1792 :eterna
1607 1769 1659 1795 cst,
1677 1770 1740 1790 cum
1768 1763 1804 1789 sit

1018 1820 1089 1847 opus
1107 1816 1225 1843 naturaa,
1241 1816 1324 1845 atque
1345 1818 1377 1837 ex
1397 1811 1457 1844 ejus
1471 1810 1588 1838 essentia
1603 1808 1753 1844 procedat:
1769 1815 1804 1834 no

1019 1857 1163 1884 mutationi
1175 1856 1283 1891 genitor
1298 1856 1334 1883 sit
1350 1855 1484 1882 obnoxius
1498 1865 1504 1882 :
1521 1862 1589 1882 nevc
1613 1854 1685 1881 Deus
1699 1853 1804 1888 primus

1018 1904 1055 1931 sit
1082 1910 1110 1931 et
1134 1907 1299 1938 postremus,
1331 1907 1413 1936 atque
1451 1902 1652 1928 incrementum
1678 1899 1802 1934 recipiat.

1019 1949 1127 1977 Creatio
1143 1956 1208 1976 vero
1225 1955 1287 1975 cum
1304 1948 1403 1975 divinae
1416 1947 1567 1987 voluntatis
1591 1953 1661 1981 opus
1689 1945 1734 1978 sit,
1749 1945 1804 1971 Deo

1020 2000 1156 2022 coceterna
1174 2002 1230 2021 non
1242 1998 1295 2025 est,
1310 1993 1532 2029 quandoquidem
1551 1997 1651 2019 natura
1662 1992 1714 2019 hoc
1730 1998 1804 2018 com-

1022 2045 1148 2077 paratum
1166 2048 1220 2068 non
1246 2043 1297 2072 est,
1315 2044 1346 2067 ut
1367 2039 1393 2066 id
1416 2038 1488 2074 quod
1506 2046 1542 2066 ex.
1555 2037 1640 2064 nihilo
1658 2037 1687 2063 in
1712 2043 1803 2064 rerum

1022 2090 1147 2113 naturam
1165 2085 1340 2121 producitur,
1357 2085 1381 2112 ei
1394 2089 1561 2112 comternum
1575 2084 1621 2115 sit,
1637 2081 1710 2117 quod
1729 2081 1805 2118 prin-

1021 2133 1093 2168 cipio
1107 2137 1192 2164 caret,
1210 2138 1373 2166 semperque
1389 2135 1442 2158 est.
1461 2130 1554 2164 itaque
1574 2128 1804 2163 quemadmodum

1022 2186 1077 2206 non
1092 2177 1190 2205 eodem
1218 2177 1299 2205 modo
1312 2178 1385 2205 Deus
1410 2181 1437 2204 ct
1452 2177 1534 2203 homo
1562 2179 1692 2210 operatur
1713 2175 1806 2210 (homo

185 2219 253 2247 Cum
281 2221 399 2248 dicimus
422 2221 493 2248 Ante
513 2221 606 2248 omnia
629 2221 737 2252 scecula,
762 2220 968 2256 generationem
986 2228 1007 2255 1)
1022 2223 1094 2251 enim
1114 2231 1147 2250 ex
1164 2222 1252 2250 nihilo
1267 2222 1335 2249 nihil
1355 2222 1504 2257 quidquam
1521 2221 1548 2248 in
1570 2228 1661 2248 rerum
1678 2225 1805 2247 naturam

184 2265 246 2301 ejus
262 2267 393 2301 temporis
417 2272 445 2294 et
461 2267 590 2301 principii
613 2272 754 2302 expertem
784 2275 844 2294 esse
867 2266 972 2294 indica-

187 2320 258 2339 mus.
276 2312 332 2340 Nec
345 2313 418 2340 enim
442 2321 474 2340 ex
490 2320 523 2340 eo
538 2313 611 2348 quod
628 2321 681 2340 non
696 2317 755 2341 erat
781 2313 808 2340 in
823 2313 971 2341 essentiam

187 2358 338 2389 productus
361 2363 404 2385 est
421 2358 507 2386 Filius
524 2358 582 2390 Dei,
608 2358 737 2393 splendor
756 2358 860 2393 gloriae,
884 2359 972 2393 imago

186 2408 307 2437 paterna:
331 2411 466 2439 personas,
494 2404 591 2432 vivens
624 2403 758 2438 sapientia
781 2409 810 2431 et
837 2405 971 2439 potentia,

187 2447 308 2474 Verbum
324 2455 373 2483 per
387 2456 416 2476 se
441 2449 607 2481 subsistens,
624 2449 790 2480 essentialis,
805 2449 926 2483 perfecta
942 2453 970 2477 et

185 2493 248 2520 viva
263 2493 351 2528 imago
368 2494 415 2521 Dei
433 2494 588 2527 invisibilis,
600 2495 646 2521 sed
658 2502 766 2530 semper
778 2494 830 2522 fuit
847 2502 909 2522 cum
922 2495 971 2522 Pa-

186 2541 240 2569 tre.
254 2542 282 2566 et
295 2539 322 2565 in
336 2539 404 2573 ipso,
418 2540 452 2566 ab
463 2545 576 2573 artemo,
593 2545 620 2568 et
637 2541 696 2568 sine
714 2541 848 2576 principio
861 2549 895 2568 ex
910 2542 971 2576 ipso

187 2585 306 2618 genitus.
323 2585 379 2613 Nec
394 2587 467 2613 enim
480 2586 537 2612 ullo
549 2594 668 2620 unquam
681 2592 804 2622 tempore
820 2590 900 2614 Pater
911 2587 973 2622 fuit,

187 2637 242 2664 quo
259 2630 344 2658 Filius
359 2639 411 2658 non
429 2631 522 2663 fuerit.
537 2632 582 2659 sed
597 2639 659 2659 cum
682 2632 801 2668 primum
814 2632 865 2660 fuit
880 2633 972 2666 Pater,

188 2675 240 2703 fuit
254 2679 281 2702 et
298 2675 383 2703 Filius
393 2684 426 2704 cx
439 2684 472 2704 eo
485 2677 603 2709 genitus.
621 2674 681 2705 Nec
699 2678 772 2707 enim
787 2678 844 2705 ﬁeri
871 2684 972 2713 potest,

189 2725 219 2747 ut
230 2721 332 2756 absque
352 2722 420 2749 Filio
437 2723 518 2750 Pater
535 2728 659 2751 vocetur.
676 2724 754 2758 Quod
769 2725 792 2752 si
807 2724 906 2752 Filium
918 2733 971 2752 non

189 2766 342 2800 habuisset,
368 2767 448 2795 Pater
490 2768 702 2805 haudquaquam
746 2769 853 2802 fuisset,
885 2774 912 2798 ct
949 2772 972 2798 si

224 2859 234 2874 ⁸
254 2859 348 2888 Matth.
365 2867 461 2892 xxviii,
477 2859 517 2886 l9.

1021 2269 1137 2304 prolcrt,
1158 2269 1205 2296 sed
1234 2268 1368 2303 quidquid
1390 2268 1467 2301 facit,
1485 2267 1512 2294 id
1528 2275 1563 2294 ex
1579 2267 1701 2302 subjecta
1721 2269 1807 2293 mate-

1022 2315 1062 2343 ria
1083 2315 1160 2347 facit,
1178 2315 1349 2350 przcccdente
1373 2321 1427 2341 non
1452 2314 1592 2341 voluntate
1619 2317 1735 2343 tantum,
1759 2311 1806 2339 sed

1022 2361 1104 2388 etiam
1122 2359 1356 2395 praecogitatione,
1375 2364 1403 2387 et
1430 2360 1489 2395 ejus
1515 2359 1553 2387 rei
1570 2359 1597 2386 in
1613 2359 1706 2386 animo
1721 2357 1808 2385 infor-

1023 2407 1154 2438 matione,
1167 2414 1250 2441 quam
1272 2406 1364 2434 facere
1380 2406 1508 2438 instituit,
1524 2409 1657 2440 sequente
1671 2411 1737 2431 vero
1750 2410 1806 2429 ma—

1024 2461 1108 2480 nuum
1122 2453 1295 2487 operatione,
1313 2460 1367 2480 una
1382 2460 1443 2480 cum
1458 2452 1559 2480 laboris
1586 2456 1613 2479 et
1639 2450 1710 2478 taedii
1740 2449 1807 2476 tole-

1024 2499 1113 2527 rantia
1133 2508 1140 2526 :
1158 2500 1196 2526 ita
1213 2503 1316 2532 tamen,
1330 2504 1360 2526 ut
1375 2499 1581 2534 exspectatione
1603 2505 1652 2525 sua
1675 2503 1746 2531 saepe
1758 2495 1807 2522 de-

1024 2545 1178 2576 l'raudetur,
1196 2552 1247 2572 nec
1265 2552 1309 2572 res
1322 2545 1358 2572 ita
1375 2544 1516 2575 succedat,
1528 2549 1611 2578 prout
1637 2541 1729 2568 animo
1744 2547 1808 2575 pro-

1023 2594 1153 2625 posuerat
1168 2599 1174 2617 :
1200 2591 1273 2618 Deus
1287 2594 1379 2618 autem
1392 2590 1436 2616 vel
1451 2589 1507 2616 sola
1521 2588 1662 2615 voluntate
1676 2594 1710 2614 ex
1721 2584 1807 2612 nihilo

1022 2640 1121 2662 cuncta
1137 2635 1164 2661 in
1180 2643 1272 2662 rerum
1284 2640 1410 2662 naturam
1427 2632 1580 2670 produxit),
1594 2633 1630 2661 ita
1642 2640 1694 2664 nec
1709 2630 1806 2659 eodem

1023 2681 1105 2709 modo
1120 2681 1192 2708 Deus
1205 2685 1233 2708 et
1249 2681 1331 2708 homo
1342 2684 1465 2716 generat.
1484 2680 1556 2707 Deus
1568 2679 1652 2710 enim,
1671 2685 1733 2706 cum
1747 2676 1806 2704 sine

1024 2731 1147 2761 tempore
1160 2731 1189 2754 et
1199 2726 1259 2754 sine
1271 2725 1405 2760 principio
1428 2726 1474 2758 sit,
1489 2725 1521 2752 ad
1551 2725 1609 2752 haec
1634 2722 1805 2759 impatibilis,

1024 2772 1214 2805 inexhaustus,
1246 2772 1425 2808 incorporeus
1462 2777 1489 2800 et
1515 2771 1600 2803 solus,
1624 2770 1678 2798 ﬁne
1704 2772 1805 2800 careat,
