1949 3073
164 113 228 150 μ’ῗί

789 115 935 145 ΝΙΕΕΤᾸΞ
956 115 1158 146 CHONIAT/E

1711 114 1784 145 “72

160 172 263 199 idcirco
277 170 336 198 sine
351 175 485 205 tempore.
500 173 528 197 et
545 169 604 196 sine
617 169 764 204 principio,
781 168 874 196 adluec
887 170 946 197 sine
962 179 983 208 Α
998 175 1088 200 tamen
1113 172 1140 199 id
1153 172 1340 207 generatione,
1365 170 1427 198 sed‘
1439 171 1612 206 processioue
1637 170 1675 197 ﬁt.
1703 169 1785 196 Alius

158 216 286 252 passione
301 221 327 243 et
344 217 415 243 fluxu
436 220 560 250 generat,
577 220 659 250 atque
676 215 745 242 adeo
769 215 835 242 citra
855 222 942 249 copu—

158 263 223 295 lam,
248 262 437 297 principioque
452 261 571 296 denique
587 265 614 289 et
638 261 690 288 ﬁne
715 266 789 288 caret
812 262 871 296 ejus
898 262 942 288 in-

158 308 356 342 comprehensa
373 307 523 342 generatio.
543 307 577 334 Et
590 307 726 342 principio
760 306 871 342 quidem
897 315 942 333 ca—

157 361 208 383 ret.
222 354 268 388 qui
286 352 466 380 immutabilis
476 358 533 386 est;
557 353 630 380 [luxu
653 358 743 380 autem
758 353 821 388 quia
835 353 943 388 impati-

156 399 218 425 Μιῑε
233 404 260 425 et
277 399 438 433 incorporea
455 408 461 425 :
480 400 549 426 citra
561 399 686 433 copulam
703 406 780 430 vero,
791 399 854 434 quia
870 399 942 427 Deus

157 437 337 477 incorporeus
359 446 404 477 sit,
418 445 531 472 clsolus
552 445 666 472 alterius
691 452 742 479 ope
766 453 820 472 nou
841 450 940 480 egeat:

157 490 216 516 sine
233 490 285 516 ﬁne
314 495 406 518 autent
432 494 460 517 et
487 491 685 520 indesinenter.
707 491 770 524 quia
793 490 939 525 principio,

156 540 280 570 tempore
308 536 415 571 ﬁneque
440 541 542 567 careat,
561 536 624 570 quia
640 536 758 570 denique
773 543 881 570 semper
895 543 942 563 eo-

156 581 218 607 dem
247 589 277 608 se
306 582 388 608 modo
413 582 522 608 habeat.
541 581 679 616 Quidquid
705 581 777 609 enim
806 580 942 616 principio

156 631 240 658 caret,
256 626 327 653 idem
345 627 397 653 ﬁne
409 634 517 661 quoque
526 631 612 657 caret,
628 630 709 660 atque
718 633 746 653 se
755 625 836 653 modo
844 625 940 653 eodem

156 680 265 706 semper
280 672 372 699 habet.
389 672 439 705 Qui
459 680 524 699 vero
535 680 584 706 per
597 671 710 706 gratiam
724 671 776 698 ﬁne
787 675 871 702 caret,
886 678 940 697 non

118 726 121 729 ·
154 717 247 745 statim
266 716 325 743 sine
354 716 491 751 principio
515 720 578 744 est:
596 715 826 751 quemadmodum
841 715 939 750 angeli.

154 762 272 789 General
288 762 371 797 igitur
390 762 436 797 qui
454 770 564 796 semper
578 767 620 789 est
633 762 705 789 Deus
717 762 839 789 Verbum
859 768 940 788 suum

155 808 242 840 ipsius
257 808 418 842 perfectum,
439 808 521 842 idque
551 807 609 835 sine
624 808 759 842 principio
773 812 800 834 et
812 806 875 838 ﬁne,
907 814 941 834 ne

996 218 1041 245 hic
1056 222 1097 245 est
1108 218 1292 245 subsistentia:
1308 218 1421 248 modus,
1438 217 1683 250 incomprehensus
1696 221 1724 242 et
1737 216 1767 241 in
1779 229 1787 236 -

997 265 1123 300 cognitus
1141 265 1373 297 quemadmodum
1397 269 1424 293 et
1450 264 1511 292 Filii
1541 263 1691 296 generatio.
1708 261 1787 296 Quo-

997 312 1069 339 circa
1087 319 1257 347 quacunque
1274 312 1354 339 Pater
1376 311 1469 342 habet.
1486 319 1517 337 ea
1539 310 1623 337 habet
1640 314 1669 336 et
1684 308 1786 339 Filius.

999 362 1097 393 praeter
1112 366 1194 393 quam
1211 359 1283 394 quod
1299 358 1438 392 ingenitus
1454 365 1508 385 non
1525 361 1577 387 est,
1595 364 1648 390 qua
1667 355 1783 390 quidem

997 411 1027 431 re
1042 411 1132 438 neque
1148 404 1274 431 essentiae
1296 403 1461 434 diﬁerentia,
1481 409 1570 437 neque
1588 401 1715 436 dignitas,
1733 399 1785 426 sed

995 449 1163 479 exsistentiie
1199 449 1296 476 modus
1331 449 1520 484 signiﬁcatur,
1552 445 1785 481 quemadmodum

996 493 1118 521 Adamus
1135 501 1245 528 quoque
1262 494 1402 527 ingenitus
1426 498 1479 525 est,
1501 499 1563 519 cum
1590 491 1637 518 Dei
1654 494 1784 517 creatura
1818 489 1826 494 ⁵

996 539 1032 566 sit
1052 548 1058 565 :
1076 539 1176 566 Sethus
1191 544 1283 567 autem
1296 539 1416 574 genitus.
1437 539 1501 573 quia
1516 537 1611 564 Adami
1633 535 1729 563 Filius.
1747 535 1786 562 At

996 584 1052 611 Eva
1076 592 1109 612 ex
1125 584 1222 612 Adami
1247 585 1332 612 latere
1358 591 1512 619 progressa,
1532 589 1583 609 nec
1599 581 1672 608 enim
1688 580 1784 614 genita

996 635 1049 658 est.
1069 631 1100 657 lli
1116 638 1218 658 omnes-
1228 631 1441 665 haudquaquam
1457 632 1554 655 natura
1575 627 1647 654 inter
1661 633 1690 652 se
1705 625 1786 652 ditl'c.

996 680 1071 708 runt,
1087 683 1150 703 cum
1177 676 1233 703 sint
1256 676 1392 706 homines,
1419 674 1465 701 sed
1493 672 1660 701 exsistentiae
1686 669 1782 697 modo.

996 720 1155 756 [Sciendum
1181 721 1255 748 enim
1279 725 1330 751 est,
1352 720 1424 755 quod
1437 719 1579 754 ἀγένητον,
1601 717 1624 744 si
1646 724 1695 751 per
1720 714 1784 741 uni-

995 776 1057 796 eum
1065 776 1079 794 ν
1093 767 1239 798 scribatur,
1253 767 1279 794 id
1292 765 1518 802 signiﬁcat,'quod
1528 772 1578 792 uec
1587 767 1719 792 creatum.
1730 768 1785 788 nec

995 813 1096 841 factum
1117 817 1170 846 est;
1186 812 1332 847 ἀγέννητον
1345 819 1422 844 vero,
1438 819 1487 846 per
1503 810 1605 844 duplex
1619 817 1647 840 ι),
1664 807 1690 834 id
1700 806 1785 841 signi-

156 853 183 879 in
199 857 322 888 tempore
341 854 428 888 pariat
441 853 521 884 Deus,
547 853 626 888 cujus
647 857 744 879 natura
772 857 799 879 et
822 852 942 879 essentia
959 857 979 884 Β
995 860 1069 893 “cm,
1087 860 1160 895 quod
1181 860 1302 895 genuum
1314 866 1368 886 ηοη
1383 862 1435 886 ρει,
1449 857 1507 884 Jam
1520 856 1613 892 priore
1628 853 1783 889 signiﬁcato

155 902 263 932 tempus
300 906 380 925 omne
417 902 540 932 superat.
572 898 659 925 Homo
688 902 778 925 autem
804 897 946 925 contrario

155 941 229 968 haud
243 942 326 969 dubie
340 943 422 970 modo
442 946 567 978 generat,
597 947 627 969 ut
655 942 701 976 qui
731 942 901 977 generationi
918 947 946 970 et

155 988 341 1022 corruptioni,
363 989 447 1015 lluxui
462 993 490 1015 et
509 988 729 1023 multiplicationi
741 988 781 1015 'sit
794 984 944 1021 obnoxius,

154 1036 235 1066 atque
250 1041 363 1067 corpore
379 1033 505 1065 vestitus,
521 1034 599 1068 cuius
617 1038 722 1060 natura
747 1033 849 1068 duplici
865 1041 942 1064 sexu,

154 1080 319 1111 masculino,
337 1079 458 1114 inquam.
477 1084 504 1106 et
520 1080 653 1107 feminino
669 1079 802 1113 distincta
817 1083 871 1107 est.
890 1079 945 1106 Ma-

155 1125 290 1151 sculinum
306 1126 377 1152 enim
394 1125 518 1153 feminini
530 1125 667 1160 adjutorio
678 1129 738 1159 eget
754 1133 760 1152 :
775 1125 944 1160 Parcatmihi

153 1170 297 1203 Dominus,
309 1173 354 1206 qui
372 1172 455 1199 rebus
468 1172 596 1199 omnibus
614 1175 714 1206 prmest
726 1179 890 1206 omnemque
905 1171 946 1198 in-

155 1215 291 1244 tellectum
301 1220 328 1243 ct
343 1224 450 1243 onmem
463 1215 772 1250 mentiseoucrptionem
789 1219 943 1250 exsuperat.

434 1271 511 1299 CAP.
532 1271 650 1299 XXXIV.

153 1316 601 1352 Prm‘cdenliumanacephalwosis,
618 1317 770 1352 AYEVVVﬁTOU
782 1320 804 1343 et
813 1316 944 1352 ἀγενήτῳ

192 1353 351 1386 differentia.
377 1352 563 1383 Paternitatis,
592 1351 751 1385 ﬁtiatianis,
774 1351 945 1387 pracessionis

189 1390 272 1421 origo,
288 1392 342 1415 etc.

190 1444 275 1470 Decet
290 1444 381 1478 itaque
393 1450 498 1476 sancta,
516 1443 668 1475 catholica,
685 1448 712 1470 et
725 1441 876 1478 apostolica
890 1441 945 1468 Ee-

155 1489 237 1520 clesia
252 1489 361 1515 Patri-in
383 1494 410 1516 et
432 1489 600 1524 unigenitum
623 1489 682 1524 ejus
702 1488 811 1520 Filium,
830 1487 864 1514 ab
885 1487 946 1522 ipso

157 1535 219 1561 sine
238 1540 373 1568 tempore,
391 1535 476 1566 ﬂuxu,
491 1535 617 1568 passione
637 1542 643 1561 :
659 1538 741 1568 atque
757 1533 793 1559 ita
809 1532 943 1567 genitum,

155 1587 213 1611 uta
230 1581 304 1606 nullo
330 1581 526 1614 comprehendi
553 1585 657 1615 queat:
687 1580 734 1609 ita,
764 1579 886 1613 inquam,
913 1584 943 1606 ut

156 1627 232 1654 Solus
248 1627 320 1653 Deus
337 1627 527 1653 universorum
541 1631 716 1660 perspectum
736 1625 830 1656 habet,
846 1632 944 1659 quem-

156 1672 304 1703 admodum
323 1672 402 1706 ignis,
432 1677 459 1699 et
481 1679 515 1699 ex
540 1679 572 1698 eo
589 1671 740 1705 proci-dens
756 1671 847 1697 lumen
863 1670 943 1697 simul

157 1723 185 1746 et
203 1727 255 1745 una
272 1723 346 1749 sunt,
366 1726 416 1746 nec
438 1718 571 1752 prmccdit
589 1717 670 1752 ignis.
689 1717 872 1752 sequiturque
900 1716 943 1743 lu-

156 1770 230 1794 men,
247 1763 295 1789 sed
322 1762 402 1789 simul
421 1767 449 1789 et
472 1771 527 1789 una
550 1766 631 1793 sunt;
657 1766 684 1788 et
713 1761 943 1796 quemadmodum

155 1810 249 1837 lumen
267 1817 301 1836 cx
324 1809 384 1844 igne
403 1817 511 1844 semper
537 1809 668 1844 gignitur,
692 1811 719 1834 et
743 1815 852 1842 semper
868 1808 894 1834 in
911 1815 944 1834 eo

155 1860 273 1886 ost,nec
302 1855 357 1882 ullo
380 1855 462 1882 modo
492 1855 526 1881 ab
551 1854 599 1881 illo
623 1859 779 1888 separatur,
798 1854 834 1894 ita
861 1854 944 1880 Filius

156 1902 239 1935 etiam
256 1910 288 1929 ex
309 1903 389 1929 Patre
413 1906 570 1936 generatur,
600 1905 630 1928 ut
649 1901 682 1928 ab
708 1901 768 1935 ipso
788 1901 945 1928 nullatenus

158 1953 313 1983 separetur,
342 1947 389 1975 sed
417 1947 444 1974 in
466 1955 500 1974 eo
520 1955 630 1981 semper
645 1951 697 1973 est.
713 1947 748 1973 At
764 1953 830 1973 vero
852 1946 944 1972 lumen

161 1993 263 2026 ipsum,
279 1992 352 2026 quod
378 1999 411 2019 ex
436 1992 496 2027 igne
522 1984 744 2025 inseparabiliter
759 1991 892 2022 nascitur,
917 1995 945 2017 et

157 2046 266 2073 semper
285 2038 311 2064 in
324 2037 460 2064 coma‘net
483 2037 621 2071 propriam
647 2036 819 2071 hypostasin,
846 2041 893 2063 aut
910 2036 944 2062 ab

157 2085 218 2119 igne
250 2084 401 2120 sejunctam
434 2091 488 2109 non
520 2082 618 2114 habet,
646 2089 708 2109 cum
744 2082 780 2108 sit
812 2081 945 2108 naturalis

157 2105 218 2119 ,ουν
250 2105 278 2110 ..ν
294 2105 401 2110 mm“...
434 2105 488 2109 μη..
520 2105 618 2114 ..__-.,
649 2105 707 2109 μμ..
744 2105 779 2108 -.-
813 2105 944 2108 ..μω-,η

157 2105 288 2164 qualitasJ
301 2130 387 2164 ipsius
414 2129 494 2164 ignis.
521 2128 684 2162 Unigeuitus
711 2131 803 2154 autem
822 2127 869 2154 Dei
901 2127 946 2154 Fi-

995 906 1117 933 essentia
1133 904 1224 932 diﬁ'ert
1240 905 1274 931 ab
1291 903 1422 931 essentia.
1436 903 1495 929 Alia
1515 901 1588 929 enim
1604 898 1724 927 essentia
1739 902 1784 924 est

995 950 1129 982 increata,
1151 957 1198 976 seu
1212 949 1344 983 ἀγένητος
1355 955 1404 982 per
1417 947 1528 974 unicum
1543 955 1567 977 ν,
1581 945 1688 978 aliaque
1715 943 1783 968 item

995 995 1107 1030 γενητὴ,
1123 1003 1171 1022 seu
1189 998 1290 1022 creata.
1303 993 1458 1021 Posteriore
1477 999 1542 1019 vero
1563 989 1715 1025 signiﬁcato
1738 995 1785 1014 es-

996 1041 1084 1070 sentia
1103 1041 1171 1068 nihil
1195 1039 1344 1074 quidquam
1362 1039 1396 1066 ab
1413 1038 1532 1065 essantia
1549 1035 1665 1070 diﬁ‘ert.]
1686 1033 1784 1060 Omnis

995 1087 1068 1114 enim
1078 1086 1258 1113 animantium
1268 1085 1368 1121 speciei
1380 1085 1466 1119 prima
1475 1082 1631 1118 hypostasis
1639 1081 1784 1114 ἁγένητῡς,

996 1132 1049 1160 hoc
1073 1136 1116 1159 est
1141 1132 1272 1166 ingenita,
1296 1139 1350 1158 non
1375 1136 1468 1157 autem
1492 1130 1649 1163 ἀγὲ-θνητος,
1666 1127 1719 1153 hoc
1738 1129 1782 1151 est

996 1178 1130 1206 increata.
1147 1178 1210 1205 fuit.
1233 1177 1418 1215 Crealagnim
1444 1184 1458 1203 a
1481 1175 1624 1202 conditore
1645 1174 1702 1200 Deo
1716 1175 1782 1198 sunt

998 1232 1041 1257 ea,
1061 1231 1234 1258 quaecunque
1249 1224 1335 1251 verbo
1355 1231 1405 1251 suo
1423 1223 1467 1249 ille
1491 1222 1518 1248 in
1541 1227 1632 1247 rerum
1656 1223 1781 1245 naturam

983 1269 1127 1306 ‘produxit
1145 1270 1254 1304 :genita
1270 1276 1337 1296 vero
1350 1268 1563 1302 haudquaquam
1576 1265 1699 1295 fuerunt,
1717 1269 1781 1290 cum

995 1315 1100 1343 nullum
1127 1315 1250 1350 ejusdem
1273 1314 1375 1348 speciei
1404 1313 1505 1340 animal
1531 1317 1610 1339 antea
1630 1314 1713 1341 esset,
1745 1316 1779 1334 ex

995 1369 1050 1396 quo
1065 1360 1136 1396 gigni
1153 1364 1274 1395 possent.
1289 1360 1346 1387 lam
1369 1358 1391 1386 si
1415 1358 1532 1393 priorem
1551 1355 1782 1391 signiﬁcationem

997 1406 1133 1440 sequaris,
1157 1410 1213 1432 tres
1230 1405 1283 1432 illa:
1298 1405 1398 1431 divina:
1411 1404 1572 1439 hypostases
1586 1402 1656 1428 inter
1673 1407 1702 1426 se
1714 1406 1782 1426 con-

996 1451 1121 1483 veniunt,
1142 1458 1203 1484 qua:
1224 1450 1252 1476 in
1270 1454 1364 1476 sancta
1386 1447 1531 1474 divinitate
1561 1446 1730 1475 elucescunt,
1745 1442 1768 1470 si

1000 1496 1111 1531 quidem
1131 1494 1379 1523 consubstantiales
1391 1498 1419 1520 et
1437 1493 1565 1519 incrcatae
1583 1495 1647 1518 sunt
1662 1497 1669 1515 :
1688 1493 1782 1524 poste-

997 1543 1101 1569 riorem
1123 1549 1189 1569 vero
1203 1539 1428 1575 signiﬁcationem
1448 1538 1469 1564 si
1489 1536 1623 1571 sequaris,
1638 1535 1782 1569 haudqua-

996 1596 1078 1624 quam
1094 1587 1273 1615 conwniunt.
1288 1586 1369 1612 Solus
1384 1585 1456 1612 cuitu
1473 1584 1555 1612 Pater
1573 1582 1713 1616 ingenitus
1727 1585 1780 1611 est.

995 1642 1047 1661 nec
1065 1634 1150 1664 enim,
1167 1637 1196 1660 ut
1213 1633 1259 1664 sit,
1275 1632 1309 1659 ab
1328 1632 1380 1659 alia
1403 1629 1545 1666 hypostasi
1573 1629 1656 1655 habet
1672 1636 1678 1654 :
1706 1626 1782 1654 solus

995 1687 1104 1714 quoque
1129 1679 1214 1706 Filius
1240 1678 1359 1713 genitus,
1375 1677 1420 1711 qui
1443 1683 1475 1702 ex
1502 1675 1590 1702 Patris
1612 1673 1730 1701 essentia
1748 1671 1783 1698 ab

997 1730 1100 1752 teterno
1114 1730 1142 1752 et
1165 1725 1224 1750 sine
1250 1728 1372 1757 tempore
1398 1722 1509 1757 genitus
1529 1730 1534 1747 :
1563 1720 1638 1747 solus
1661 1719 1782 1752 denique

996 1771 1116 1806 Spiritus
1132 1775 1245 1798 sanctus
1269 1769 1395 1804 procedit
1414 1776 1446 1795 ex
1465 1769 1523 1802 ipsa
1540 1766 1628 1806 Patris
1650 1766 1687 1798 (ct
1709 1763 1782 1799 Filii)

995 1817 1125 1847 essentia,
1142 1823 1197 1842 non
1213 1815 1332 1850 genitus.
1344 1814 1392 1841 sed
1409 1802 1572 1848 procedens,
1589 1817 1618 1839 ut
1635 1818 1712 1838 sacra
1731 1818 1782 1837 nos

996 1860 1138 1894 Scriptura
1151 1859 1239 1887 docet.
1255 1858 1380 1892 quamvis
1392 1857 1503 1884 inierint
1521 1864 1572 1883 nec
1597 1855 1782 1890 generationis

997 1913 1046 1932 nec
1060 1905 1245 1940 processiouis
1261 1903 1359 1930 modus
1374 1902 1569 1937 comprehendi
1588 1901 1684 1936 possit.

1032 1950 1089 1977 lloc
1107 1957 1189 1984 porro
1208 1948 1353 1976 sciendum
1368 1952 1420 1979 est,
1432 1946 1618 1982 paternitatis,
1642 1943 1783 1971 ﬁliatiouis

998 2001 1025 2023 ct
1054 1994 1238 2030 processionis
1264 2000 1365 2020 nomen
1390 1993 1602 2026 haudquaquam
1617 1998 1632 2016 a
1652 1989 1733 2016 nobis
1748 1988 1781 2015 ad

996 2045 1102 2071 beatam
1117 2042 1278 2070 Trinitatem
1295 2040 1448 2070 lransiisse.
1475 2040 1530 2066 imo
1553 2046 1568 2066 e
1591 2037 1702 2065 diverso
1718 2036 1783 2063 inde

998 2090 1031 2117 ad
1044 2097 1095 2116 nos
1111 2087 1269 2119 devenisse,
1285 2091 1314 2114 ut
1328 2087 1424 2114 beatus
1443 2085 1590 2120 Apostolus
1599 2083 1636 2111 ait
1650 2092 1657 2110 :
1670 2083 1785 2116 Propter

997 2136 1044 2162 hoc
1056 2136 1132 2170 ﬂecto
1148 2140 1233 2167 genua
1249 2141 1305 2159 mea
1320 2132 1355 2158 ad
1377 2131 1460 2157 Deum
1483 2129 1600 2160 Patrem,
1621 2136 1652 2154 ea:
1672 2136 1722 2163 quo
1736 2136 1785 2162 pa-

155 2177 221 2207 ]ius,
238 2184 253 2203 a
270 2177 349 2203 Patre
364 2175 582 2210 inseparabiliter
597 2178 625 2201 et
642 2173 799 2200 indistincte
824 2173 942 2208 genitus,

997 2181 1104 2208 ternitns
1126 2180 1210 2206 omnis
1235 2179 1261 2206 in
1282 2178 1345 2205 caelo
1370 2183 1394 2204 et
1420 2178 1445 2203 in
1478 2176 1593 2202 terra".
1626 2175 1685 2202 lam
1718 2182 1783 2200 vero

158 2227 241 2256 atque
265 2230 375 2255 semper
399 2221 426 2248 in
455 2229 489 2248 eo
509 2227 636 2252 manens,
663 2220 802 2254 propriam
821 2224 847 2246 et
862 2227 876 2246 a
896 2227 944 2254 pa-

158 2273 235 2294 terna
251 2268 402 2302 sejunclam
428 2267 587 2302 hypostasin
611 2266 703 2293 habet.
724 2265 858 2298 Quocirca
882 2264 947 2292 Ver-

158 2313 223 2340 bum
238 2318 266 2339 et
284 2313 413 2346 splendor
429 2312 542 2343 dicitur,
559 2312 624 2346 quia
638 2311 707 2339 citra
727 2311 864 2345 copulam,
887 2311 945 2338 sine

159 2358 298 2394 passione,
316 2363 448 2392 tempore,
464 2357 538 2384 ﬁuxu
564 2362 592 2385 et
619 2357 800 2391 separatione,
827 2364 841 2383 a
867 2356 957 2383 Patre'

158 2405 268 2440 genitus
286 2404 340 2436 sit;
369 2404 455 2431 Filius
472 2412 536 2431 vero
565 2408 593 2430 et
622 2403 800 2438 hypostaseos
826 2406 946 2437 paterna:

158 2452 313 2482 character,
329 2451 393 2485 quia
416 2451 553 2485 perfectus
567 2453 620 2481 est,
645 2457 695 2484 per
710 2457 794 2484 seque
811 2449 945 2482 subsistit,

158 2505 208 2532 per
220 2498 311 2525 omnia
336 2496 409 2524 Patri
434 2497 544 2527 similis,
569 2500 749 2531 prteterquam
778 2494 851 2529 quod
872 2494 947 2530 inge-

159 2544 235 2571 nitus
256 2551 312 2570 non
340 2543 386 2570 sit.
414 2542 577 2577 Uuigenitus
603 2546 706 2573 autem,
726 2540 797 2575 quod
822 2540 898 2569 solus
913 2547 947 2567 ex

159 2591 219 2618 solo
241 2590 322 2618 Patre
346 2589 435 2616 solum
462 2588 573 2623 genitus
585 2587 629 2614 sit.
644 2587 700 2614 Nec
721 2587 794 2613 enim
816 2586 868 2613 alia
889 2586 945 2613 ulla

160 2639 301 2672 generatio
313 2640 366 2666 cst,
379 2642 440 2670 quae
455 2641 517 2662 cum
542 2633 604 2661 Filii
619 2632 668 2663 Dei
685 2632 861 2667 generatione
879 2639 945 2659 cou-

161 2680 226 2716 t’erri
240 2685 333 2715 queat,
349 2687 412 2708 eum
431 2680 503 2708 alius
525 2680 560 2707 ab
580 2686 613 2707 eo
637 2678 685 2706 Dei
709 2677 795 2705 Filius
818 2685 873 2705 non
898 2677 944 2704 sit.

162 2726 219 2762 Etsi
234 2726 307 2754 enim
330 2725 450 2761 Spiritus
468 2729 579 2755 sanctus
596 2732 629 2753 ex
644 2724 723 2752 Patre
740 2723 873 2758 procedit,
892 2730 944 2750 nun

201 2815 220 2829 ⁵⁵
239 2814 308 2848 th.
325 2823 364 2846 tn,
388 2815 428 2849 li.

997 2225 1124 2261 quamvis
1136 2225 1256 2255 Patrem,
1272 2222 1438 2258 principium
1454 2221 1528 2251 Filii.
1542 2228 1629 2255 eoque
1651 2220 1783 2255 majorem

997 2279 1056 2299 esse
1071 2270 1206 2301 dicamus,
1220 2277 1273 2296 non
1286 2273 1376 2295 tamen
1394 2275 1457 2294 eum
1485 2266 1554 2293 Filio
1579 2266 1698 2300 priorem
1716 2270 1785 2291 tem-

998 2323 1062 2351 pore
1084 2320 1131 2342 aut
1156 2320 1253 2341 natura
1279 2313 1363 2340 fuisse
1390 2313 1577 2347 signiﬁcamus
1608 2311 1677 2346 (per
1694 2311 1782 2345 ipsum

997 2362 1070 2388 enim
1086 2360 1150 2388 fecit
1165 2359 1286 2394 saecula),
1308 2366 1397 2393 neque
1412 2358 1464 2385 alia
1482 2358 1536 2384 ulla
1553 2366 1592 2389 re,
1612 2358 1665 2384 nisi
1682 2364 1783 2385 Larisa.

998 2405 1051 2432 hoc
1067 2409 1110 2432 est
1121 2404 1184 2440 quia
1198 2404 1283 2431 Filius
1300 2411 1334 2430 ex
1347 2404 1425 2431 Patre
1440 2403 1549 2438 genitus
1561 2403 1606 2436 sit,
1623 2410 1678 2429 non
1692 2407 1783 2429 autem

997 2451 1078 2479 Pater
1105 2458 1138 2477 ex
1161 2450 1240 2477 Filio.
1258 2450 1335 2482 Item,
1349 2449 1413 2484 quia
1437 2449 1518 2477 Pater
1539 2448 1701 2476 naturaliter
1722 2447 1782 2474 Filii

998 2503 1080 2522 causa
1107 2499 1160 2526 est,
1191 2494 1423 2529 quemadmodum
1446 2501 1501 2520 non
1521 2501 1554 2521 ex
1570 2493 1673 2520 lumine
1695 2493 1783 2527 ignem

997 2541 1149 2576 procedere
1179 2540 1307 2572 dicimus,
1335 2540 1390 2566 imo
1417 2540 1510 2574 potius
1534 2547 1567 2566 ex
1592 2539 1654 2573 igne
1680 2538 1782 2564 lumen.

999 2588 1094 2622 itaque
1109 2586 1218 2622 quoties
1240 2586 1348 2613 Patrem
1369 2585 1431 2612 Filii
1454 2585 1619 2620 principium
1641 2591 1713 2613 esse,
1743 2583 1785 2610 Fi-

999 2633 1093 2667 lioque
1114 2621 1245 2666 maj5rem
1271 2632 1423 2663 audiemus.
1445 2637 1527 2659 causa
1552 2631 1578 2658 id
1606 2637 1701 2658 verum
1726 2636 1785 2656 esse

1001 2677 1194 2711 intelligamus.
1209 2677 1243 2703 Et
1255 2676 1485 2711 quemadmodum
1499 2675 1580 2703 aliam
1594 2674 1673 2709 ignis,
1689 2673 1785 2700 aliam-

1001 2731 1054 2758 que
1077 2723 1188 2751 luminis
1212 2724 1359 2751 essentiam
1379 2731 1433 2751 non
1452 2723 1580 2755 dicimus.
1598 2722 1635 2749 ita
1654 2720 1713 2748 ﬁeri
1730 2726 1784 2754 non
