1949 3073
146 142 214 176 11¹Ι3

145 198 245 231 potest,

146 241 242 269 eadem
263 239 346 266 fuerit
370 237 500 265 essentia.
525 236 559 263 Et
583 233 815 270 quemadmodum
838 231 928 265 ignem

146 285 251 313 lumine
267 283 340 319 quod
355 283 506 318 ejaculatur
520 282 612 308 lucere
629 279 756 310 dicimus,
772 283 823 304 nec
840 280 930 303 tamen

148 330 256 358 interim
267 329 357 356 lumen
373 328 428 363 igni
443 326 617 354 subserviens
632 325 845 352 instrumentum
858 328 929 354 esse,

148 378 203 402 imo
222 374 314 410 potius
337 373 391 400 vim
415 372 565 400 naturalem
587 371 746 401 assi'rimus;
765 369 801 395 ita
824 368 932 395 Patrem

149 427 258 454 quoque
276 424 376 446 cuncta
391 425 451 452 qua:
477 417 553 448 facit,
576 423 625 450 per
642 415 813 450 unigenitum
833 412 932 439 Filium

150 475 231 494 suum
248 465 337 493 facere
355 464 514 495 astruimus,
540 470 596 489 non
619 467 748 495 tanquam
766 467 815 495 per
831 459 933 486 instru-

150 514 271 537 mentum
296 504 482 539 subsc'rvicns,
510 506 557 535 sed
575 515 623 541 per
640 507 695 533 vim
721 504 885 534 naturalem,
906 506 935 530 et

151 563 211 589 qua:
226 562 274 589 per
288 561 317 581 se
329 553 410 588 vique
423 560 471 580 sua
486 552 620 579 subsistit.
647 551 679 578 Et
696 548 928 585 quemadmodum

153 599 242 633 ignem
273 599 365 625 lucere
391 598 519 627 dicimus,
547 597 668 631 itemque
698 595 792 621 lumen
824 594 936 628 igneum

153 644 246 670 lucere
258 643 420 674 asserimns,
434 642 469 669 ita
479 648 650 676 quzecunque
663 640 742 667 Pater
751 638 825 671 facit,
841 632 937 665 itidem

153 688 257 715 facitet
271 688 366 715 Filius.
387 687 445 714 Non
462 691 553 714 tamen
571 685 671 713 lumini
689 683 798 718 propria
813 682 937 717 quaedam

154 737 206 765 est,
225 735 259 760 ab
272 734 367 768 igneve
388 733 511 767 scjuncta
525 730 691 766 hypostasis,
715 733 742 756 at
767 724 854 755 Filius
877 735 940 762 per-

155 778 226 806 fecta
245 778 398 815 hypostasis
414 781 466 809 est,
492 777 526 804 ab
544 775 679 811 hypostasi
701 779 815 810 paterna
833 774 940 807 insepa-

156 823 263 854 rabilis,
280 828 310 850 ut
326 830 408 857 supra
423 822 579 849 docuimus.
602 821 681 848 Nulla
708 820 782 847 enim
808 818 836 846 in
857 818 939 846 rebus

156 869 257 896 creatis
273 869 362 903 imago
378 867 497 894 inveniri
517 869 616 901 potest,
639 873 700 901 qum
719 865 789 892 citra
811 863 940 891 mutatio-

158 922 219 941 nem
235 914 260 940 in
276 913 366 947 seipsa
388 912 499 939 modum
524 911 601 938 illum
629 911 740 943 referat,
766 916 821 944 quo
843 912 940 936 sancta

159 959 278 986 Trinitas
294 963 411 986 constat.
427 957 479 991 Qui
499 957 572 985 enim
595 957 652 988 fiat,
671 960 700 983 ut
716 955 789 990 quod
806 958 938 985 creatum,

159 1006 352 1039 compositum,
380 1004 494 1034 fluxum.
524 1003 666 1035 mutabile,
686 1001 939 1035 circumscriptum,

161 1051 306 1085 figuratum
320 1055 346 1077 et
361 1049 541 1084 corruptibile
555 1053 609 1080 est,
626 1047 714 1075 oculis
730 1047 851 1073 divinam
867 1045 941 1072 illam

161 1095 308 1123 essentiam
326 1095 454 1128 subjiciat
470 1102 530 1129 qum
544 1094 578 1120 ab
597 1093 631 1120 iis
642 1092 771 1120 omnibus
784 1091 870 1118 libera
882 1090 944 1117 nul-

163 1142 215 1168 lam
230 1150 284 1168 non
307 1141 454 1168 essentiam
471 1139 637 1174 exsuperat?
661 1138 741 1172 Atqui
767 1136 944 1171 perspicuum

163 1192 204 1214 cst
229 1194 337 1214 omnem
356 1190 510 1213 creaturam
533 1193 626 1212 eorum
642 1185 780 1220 plerisque
799 1182 944 1209 obnoxiam

164 1240 234 1263 esse.
244 1236 326 1267 atque
339 1240 371 1258 ex
386 1239 434 1258 sua
451 1231 537 1266 ipsius
546 1234 643 1257 natura
657 1227 945 1263 corruptionisnbjici.

456 1287 531 1315 CAP.
552 1287 660 1314 XXXV.

195 1334 281 1361 Tertia
295 1341 357 1361 ears
368 1334 537 1368 confessionis
551 1332 612 1366 fidei
631 1331 741 1358 Joannis
765 1329 921 1357 Damasceni

425 1371 456 1395 de
479 1368 582 1403 Spiritu
599 1372 699 1393 sancto.

202 1415 347 1442 Credimus
374 1414 492 1448 denique
513 1413 541 1440 in
566 1419 650 1439 unum
674 1418 783 1446 quoque
810 1409 944 1444 Spiritum

170 1467 294 1488 sanctum
308 1461 464 1492 Dominum,
482 1458 674 1488 vivificantem,
689 1457 736 1491 qui
751 1464 784 1483 ex
803 1456 881 1483 Patre
898 1455 954 1489 (Fi-

171 1507 274 1542 lioque)
288 1506 422 1541 procedit.
439 1509 466 1532 et
480 1505 507 1531 in
524 1503 594 1531 Filio
616 1502 796 1537 conquiescit.
819 1500 870 1533 Qui
891 1507 953 1527 cum
968 1504 988 1533 ο

173 1553 252 1580 Patre
278 1557 306 1580 et
325 1552 395 1579 Filio
415 1551 495 1578 simul
517 1549 648 1577 adoratur
671 1553 699 1576 et
722 1546 954 1582 conglorificatur,

174 1603 303 1634 tanquam
321 1596 563 1625 consubstantialis
588 1599 616 1622 et
633 1598 795 1622 coaeternus.
822 1592 869 1620 Dei
896 1591 957 1626 Spi—

174 1646 244 1672 ritus
256 1651 357 1676 rectus,
373 1642 547 1678 principalis,
560 1641 621 1669 fons
640 1641 701 1667 vitae
717 1643 744 1667 et
762 1637 958 1667 sanctificatio—

175 1691 226 1717 nis.
250 1690 321 1716 Deus
341 1688 388 1723 qui
413 1695 475 1715 cum
492 1687 571 1714 Patre
591 1689 644 1719 est,
670 1685 817 1716 increatus,
844 1683 952 1717 plenus,

174 1740 292 1768 creator;
307 1734 399 1762 omnia
427 1731 682 1767 comprehendcns,
703 1729 828 1757 omnium
855 1727 956 1762 opifex,

175 1780 360 1814 omnipotens,
392 1777 504 1813 infinitae
533 1775 674 1810 potentiae,
709 1773 842 1801 Dominus
868 1772 959 1799 omnis

176 1829 318 1857 creaturae,
332 1823 435 1850 nullius
448 1821 570 1849 dominio
584 1819 729 1854 subiacens
745 1826 752 1845 τ
770 1818 890 1851 replens,
905 1823 960 1843 non

177 1871 316 1904 repletus:
342 1868 470 1903 largiens,
496 1871 523 1893 et
550 1866 584 1893 ab
613 1865 667 1891 alio
697 1863 767 1903 nihil
798 1861 959 1896 accipiens:

178 1915 365 1946 sanctificans,
380 1921 434 1940 non
449 1911 634 1939 sanctificatus
647 1917 654 1935 :
666 1897 824 1936 consolator
837 1905 961 1933 omnium

178 1959 415 1988 consolationibus
431 1964 503 1984 unus
517 1955 656 1983 sufﬁciens
672 1963 678 1980 :
697 1953 772 1980 Patri
786 1957 812 1980 et
828 1951 897 1978 Filio
914 1958 962 1986 per

179 2006 271 2033 omnia
298 2004 413 2032 similis:
443 2003 489 2037 qui
512 2010 545 2029 cx
564 2002 641 2028 Patre
660 1995 807 2035 (Filioque)
827 1997 963 2032 procedit,

181 2058 263 2086 atque
277 2059 325 2086 per
342 2051 439 2077 Filium
455 2048 597 2075 tribuitur.
621 2046 704 2080 Cujus
726 2044 816 2071 omnis
836 2048 964 2070 creatura

182 2098 319 2132 particeps
332 2101 384 2127 est,
401 2095 448 2129 qui
467 2102 514 2129 per
529 2102 558 2120 se
573 2096 648 2120 creat
663 2096 689 2118 et
704 2091 805 2117 animat
826 2090 964 2121 universa,

182 2142 335 2169 sanctificat
352 2144 388 2174 ζει
413 2139 546 2170 continet,
565 2137 676 2172 propria
695 2136 814 2170 denique
843 2135 871 2161 in
897 2141 966 2169 pcr-

183 2195 249 2214 sona
265 2195 313 2222 per
325 2194 354 2213 se
365 2184 500 2216 subsistit,
517 2184 554 2210 ita
570 2188 672 2213 tamen,
686 2186 741 2208 uta
753 2181 830 2208 Patre
843 2180 967 2213 Filioque

184 2232 304 2267 separari
320 2236 347 2258 ει
357 2231 494 2258 divertere
507 2230 583 2256 nullo
603 2228 684 2254 modo
698 2231 790 2261 queat,
805 2225 966 2258 imo_omnia

186 2279 231 2306 illa
255 2277 366 2308 habeat,
393 2282 562 2310 quacunque
585 2274 665 2301 Pater
682 2277 709 2299 et
739 2272 826 2298 Filius
851 2270 966 2302 habent,

187 2328 367 2358 prmterquam
384 2320 457 2355 quod
473 2327 524 2347 nec
541 2319 689 2354 ingenitus,
711 2325 763 2344 nec
783 2317 893 2352 genitus
915 2320 967 2343 est.

187 2367 267 2394 Pater
281 2367 356 2394 enim
380 2372 463 2392 causa
492 2369 586 2392 caret:
614 2363 806 2398 ingenitusquo
831 2366 884 2394 est,
914 2367 967 2388 nec

187 2414 259 2440 enim
280 2421 294 2440 a
308 2419 457 2447 quoquam,
476 2418 526 2437 nec
541 2418 555 2436 a
571 2409 663 2443 seipse
684 2408 796 2443 quidem
812 2407 968 2442 processit':

189 2466 240 2486 nec
254 2466 349 2486 eorum
364 2466 423 2492 quae
444 2457 528 2484 habet
542 2455 703 2490 quidquam,
729 2454 784 2480 imo
796 2452 899 2488 ‘potius
914 2453 971 2487 ipse
985 2470 987 2472 -

191 2505 369 2540 principium,
386 2507 414 2529 et
438 2506 532 2529 auctor
553 2501 680 2528 essentia;
706 2504 769 2526 est:
794 2499 916 2533 facitque
941 2502 972 2524 ut

192 2548 319 2576 universa
346 2555 456 2582 quoque
481 2546 562 2573 modo
592 2554 621 2573 se
651 2545 816 2572 naturaliter
842 2543 971 2571 habeant.

191 2594 312 2621 Verbum
328 2598 418 2620 autem
435 2592 593 2628 generative
613 2599 628 2618 a
647 2592 729 2618 Patre
745 2589 890 2625 processit.
912 2589 974 2624 Spi-

192 2638 262 2666 ritus
284 2638 402 2672 denique
428 2641 540 2664 sanctus
562 2644 576 2663 a
605 2635 684 2664 Patre
710 2635 793 2663 etiam
817 2643 872 2662 non
896 2642 975 2670 gene-

194 2685 282 2712 rative
298 2684 346 2711 sed
362 2683 518 2718 processive
535 2682 647 2717 prodiit.
664 2681 734 2715 Quid
753 2689 836 2716 porro
862 2688 877 2708 a
893 2688 974 2715 gene-

196 2730 301 2757 ratione
331 2729 469 2763 proccssio
494 2728 614 2758 differat.
638 2729 695 2764 jam
722 2727 892 2759 didicimus;
913 2727 976 2762 quis

196 2778 286 2802 autem
304 2774 401 2801 modus
413 2772 575 2800 differentia:
591 2773 636 2804 sit,
653 2780 706 2800 non
719 2772 794 2799 item.
807 2772 978 2807 Γεννήματις

196 2828 270 2854 ergo,
287 2821 313 2848 id
329 2825 370 2848 est
387 2819 519 2856 genitura:
537 2819 646 2846 nomine
659 2825 686 2846 et
701 2819 758 2855 ipsa
775 2817 834 2846 Filii
851 2825 882 2846 ex
898 2817 978 2845 Patre

771 129 922 163 TIIESAU
929 128 969 158 ΠΙ
992 127 1066 158 LIB.
1088 125 1132 157 II.

274 198 305 221 ut
318 192 408 221 Patris
431 190 496 223 alia,
514 189 631 224 Filiique
660 188 722 220 alia,
747 188 803 214 imo
824 192 878 213 una
898 186 926 210 et
939 183 963 211 Δ
976 181 1115 216 γέννησις,
1139 179 1192 207 hoc
1202 181 1245 206 est
1262 173 1414 213 generatio,
1436 174 1518 206 atque
1536 165 1624 195 sancti
1641 163 1761 224 Spiritus

1692 107 1759 142 117i.

981 210 1143 260 inrisus};
1168 231 1215 251 seu
1242 210 1380 257 processio
1405 215 1519 251 intelligi
1547 219 1626 248 posse
1640 210 1762 260 videtur.

980 253 1070 302 Qnarc
1081 253 1252 303 quaecunque
1264 265 1349 292 Filius
1359 267 1386 290 et
1395 259 1516 296 Spiritus
1526 260 1639 285 sanctus
1650 253 1763 303 habent,
1795 275 1799 278 .

981 322 1012 341 ea
1026 322 1057 341 ex
1073 297 1153 341 Platre
1163 297 1275 341 habent,
1289 313 1371 347 atque
1381 307 1469 341 ipsam
1482 309 1591 338 quoque
1604 297 1762 329 essentiam,

982 365 1010 388 et
1026 360 1078 388 nisi
1095 359 1131 386 sit
1147 358 1236 388 Pater,
1252 345 1458 383 nullus‘Fiiius,
1482 349 1575 376 nullus
1597 351 1626 373 et
1643 343 1765 379 Spiritus

983 414 1043 434 esse
1057 409 1158 440 potest,
1173 407 1202 430 et
1219 402 1241 429 si
1254 408 1308 436 qua
1324 407 1353 426 re
1365 401 1456 425 careat
1467 396 1557 425 Pater,
1571 391 1665 419 eadem
1681 389 1767 417 Filius

984 457 1012 480 ct
1026 437 1144 486 Spiritus
1160 451 1263 476 carent.
1280 446 1367 479 Atque
1386 446 1500 478 propter
1517 441 1636 470 Patrem,
1652 437 1705 463 hoc
1715 437 1767 464 est,

986 479 1054 533 quia.
1077 496 1157 523 Pater
1173 497 1215 521 est
1238 491 1325 518 Filius
1338 495 1446 523 quoque
1470 490 1496 512 et
1517 483 1635 518 Spiritus
1655 484 1709 508 est.
1735 479 1769 506 Et

987 528 1099 579 propter
1117 540 1225 567 Patrem
1241 535 1327 564 Filius
1341 540 1369 561 et
1387 531 1505 566 Spiritus
1521 528 1624 556 habent
1639 531 1770 561 quaecun-

987 572 1047 624 que.
1059 587 1171 618 habent,
1188 585 1239 611 hoc
1250 586 1303 614 est,
1319 579 1383 616 quia
1402 585 1434 605 ea
1447 577 1529 604 Pater
1543 574 1638 605 habet,
1655 572 1768 606 ingene—

992 615 1110 662 ratione.
1129 627 1305 665 generatione
1328 615 1361 652 et
1383 620 1560 658 processione
1577 617 1705 652 demptis.
1725 615 1773 642 His

989 678 1061 706 enim
1093 663 1161 704 solis
1193 677 1221 702 et
1254 668 1433 707 hypostaticis
1470 663 1684 703 proprietatibus
1718 664 1773 688 tres

990 722 1259 756 sanctzehypostases
1270 706 1342 744 inter
1357 722 1385 742 se
1407 713 1539 741 differunt
1554 718 1560 736 :
1584 714 1673 743 neque
1693 706 1718 733 id
1730 713 1775 732 es-

991 768 1091 799 sentia,
1106 755 1152 794 sed
1165 764 1228 799 quia
1237 761 1354 798 proprize
1369 760 1547 795 hypostaseos
1557 755 1714 782 charactere
1727 758 1776 778 seu

993 815 1069 850 signo
1086 810 1227 840 individue
1242 807 1412 836 dividuntur.
1425 803 1547 831 Dicimus
1561 804 1653 828 autem
1673 805 1773 825 unum-

994 841 1130 895 quemque
1142 864 1176 884 ex
1189 855 1276 882 tribus
1287 851 1398 888 propria
1408 848 1550 885 praeditum
1560 853 1619 873 esse
1628 841 1777 879 hypostasi,

994 888 1029 933 ne
1039 888 1126 932 tribus
1136 910 1169 929 ex
1177 897 1342 934 imperfectis
1353 902 1432 923 unam
1445 893 1590 929 perfectam
1601 888 1779 923 compositam

999 931 1126 976 naturam
1142 931 1333 981 profiteamur.
1360 939 1409 968 sed
1432 939 1460 965 in
1479 936 1570 964 tribus
1588 932 1717 970 perfectis
1733 931 1783 966 hy-

998 979 1155 1027 postasibus
1170 996 1252 1016 unam
1269 985 1422 1020 simplicem
1438 980 1576 1017 ὑπερτελῆ
1598 987 1628 1005 τε
1654 979 1701 1003 καὶ
1717 984 1783 1011 προ-

998 1038 1112 1069 τέλειον,
1130 1036 1182 1062 hoe
1194 1037 1236 1062 est
1247 1040 1308 1068 qum
1324 1029 1519 1066 perfectionem
1538 1032 1647 1053 omnem
1669 1022 1783 1050 excedat

1000 1087 1028 1111 et
1044 1066 1191 1118 priscedat.
1216 1066 1355 1113 Quidquid
1376 1075 1449 1103 enim
1473 1081 1508 1102 ex
1533 1066 1700 1106 imperfectis
1720 1075 1786 1095 con-

1001 1111 1054 1154 stat
1069 1124 1141 1152 haud
1163 1111 1245 1150 dubie
1261 1111 1444 1155 compositum
1468 1121 1521 1149 est,
1541 1120 1568 1143 at
1595 1123 1627 1142 ex
1658 1111 1786 1148 perfectis

1002 1169 1196 1207 hypostasibns
1225 1167 1283 1194 ﬁeri
1299 1173 1353 1192 non
1374 1167 1475 1199 potest,
1491 1166 1521 1189 ut
1534 1160 1685 1196 quidquam
1714 1165 1787 1185 com-

1005 1204 1134 1252 ponatur.
1158 1213 1223 1241 inde
1241 1213 1271 1239 fit
1285 1216 1315 1238 ut
1331 1210 1449 1244 speciem
1466 1216 1521 1235 non
1536 1215 1569 1234 ex
1582 1204 1708 1241 personis
1725 1211 1787 1238 pro-

1011 1262 1120 1294 cedere,
1150 1260 1196 1288 seil
1214 1257 1341 1294 personis
1359 1256 1493 1284 inhzcrere
1508 1253 1645 1281 dicamus.
1661 1249 1788 1287 imperfe-

1005 1307 1056 1335 ctis
1069 1310 1158 1333 autem
1172 1304 1301 1335 diximus,
1324 1302 1377 1329 hoc
1395 1305 1435 1328 est
1449 1299 1483 1327 iis
1516 1306 1577 1334 quae
1593 1296 1711 1332 speciem
1732 1294 1790 1330 ejus

1007 1354 1046 1380 rei
1058 1361 1112 1380 non
1126 1354 1247 1382 servant,
1260 1356 1321 1384 quae
1335 1357 1369 1376 ex
1393 1347 1460 1382 ipsis
1477 1345 1593 1374 conﬂata
1616 1347 1671 1376 est,
1700 1341 1786 1376 siqui-

1004 1398 1161 1432 dem'lapis,
1178 1397 1282 1432 lignum
1301 1399 1328 1422 et
1359 1394 1462 1421 ferrum
1490 1399 1538 1427 per
1553 1399 1582 1418 se
1595 1389 1706 1424 quidem
1727 1394 1790 1422 per—

1006 1446 1077 1474 fecta
1099 1445 1206 1481 singula
1227 1447 1303 1473 sunt,
1329 1441 1352 1469 si
1380 1439 1519 1475 propriam
1544 1444 1641 1464 eorum
1665 1438 1792 1462 naturam

1006 1492 1221 1523 consideremus,
1237 1493 1264 1516 at
1275 1489 1297 1516 si
1313 1487 1409 1515 eadem
1432 1485 1476 1513 illa
1497 1485 1525 1512 in
1539 1482 1655 1511 aedificio
1670 1485 1794 1509 contem—

1008 1538 1126 1573 plemur,
1142 1535 1215 1572 quod
1231 1543 1263 1562 ex
1285 1534 1352 1569 ipsis
1367 1531 1512 1563 conflatur,
1535 1529 1694 1564 imperfecta
1718 1531 1793 1554 sunt.

1006 1586 1107 1613 Eorum
1124 1583 1197 1611 enim
1212 1581 1319 1609 nullum
1339 1586 1387 1614 per
1403 1585 1432 1605 se
1450 1577 1548 1616 domus
1560 1579 1610 1602 est.
1625 1574 1718 1608 Itaque
1735 1580 1797 1607 per-

1007 1632 1092 1660 fectas
1117 1631 1278 1669 hypostases
1301 1625 1428 1655 dicimus,
1455 1631 1489 1650 ne
1511 1619 1738 1656 compositionem
1753 1618 1797 1644 di.

1007 1678 1078 1705 vina:
1106 1665 1210 1707 naturae
1243 1674 1336 1700 inesse
1376 1670 1573 1704 intelligamus.
1611 1664 1798 1693 Dissensionis

1009 1724 1082 1752 enim
1097 1721 1264 1757 principium
1284 1720 1342 1753 ipsa
1356 1721 1398 1745 est
1420 1714 1593 1750 compositio.
1618 1713 1724 1739 Rursus
1742 1715 1798 1737 tres

1011 1770 1170 1804 hypostases
1195 1766 1221 1792 in
1246 1763 1345 1799 seipsis
1382 1765 1478 1788 mutuo
1502 1760 1592 1786 inesse
1615 1757 1744 1787 dicimus,
1763 1763 1797 1782 ne

1011 1802 1216 1841 multitudinem
1246 1808 1414 1844 populumve
1438 1805 1553 1833 deorum
1579 1802 1796 1830 introducamus.

1012 1857 1153 1893 Siquidem
1178 1855 1259 1882 trium
1276 1854 1457 1889 hypostaseon
1474 1851 1581 1878 ratione
1596 1848 1699 1875 nullam
1719 1847 1745 1874 in
1763 1847 1798 1874 iis

1013 1901 1242 1937 compositionem
1259 1904 1306 1926 aut
1334 1896 1523 1924 confusionem
1547 1903 1554 1922 :
1581 1893 1686 1920 ratione
1707 1898 1799 1919 autem

1013 1948 1148 1980 essentiae,
1161 1951 1189 1974 ct
1202 1945 1265 1980 quia
1279 1944 1459 1980 hypostaseon
1472 1941 1525 1968 alia
1541 1940 1587 1968 alii
1600 1939 1680 1970 inest,
1697 1937 1800 1964 Idcirco

1015 1995 1183 2024 individuam
1199 1995 1225 2020 in
1237 1993 1333 2020 iisdem
1348 1989 1532 2020 identitatem,
1545 1991 1574 2014 ut
1586 1986 1685 2016 dicam,
1704 1989 1731 2012 et
1751 1992 1802 2011 vo-

1016 2043 1159 2071 luntatem.
1179 2045 1207 2066 et
1226 2038 1374 2068 actionem,
1391 2039 1420 2063 et
1437 2033 1588 2070 potentiam
1607 2033 1706 2063 inesse,
1720 2035 1803 2064 atque

1017 2096 1102 2116 unum
1119 2088 1204 2114 Deum
1216 2092 1276 2113 esse
1293 2081 1494 2117 cognoscimus.
1513 2080 1583 2106 Deus
1594 2078 1678 2106 enim.
1695 2081 1722 2104 et
1736 2076 1802 2103 Ver-

1019 2135 1094 2161 bum.
1105 2133 1217 2168 ejusque
1224 2129 1354 2165 Spiritus,
1365 2134 1436 2154 unus
1442 2126 1552 2153 demum
1563 2128 1591 2151 et
1599 2116 1741 2150 verebeus
1748 2125 1802 2149 est.

1305 2184 1381 2212 CAP.
1398 2181 1519 2210 XXXVI.

1023 2237 1059 2264 Re
1079 2237 1136 2270 ipsa
1150 2239 1173 2262 et
1192 2234 1282 2261 animo
1302 2230 1487 2270 contemplari.
1505 2226 1641 2270 Quomodq
1655 2232 1805 2270 gemmane;

1057 2259 1146 2298 rentum
1165 2259 1281 2296 omnium
1297 2259 1414 2294 notiones
1430 2259 1641 2298 dignoscantur?
1653 2259 1807 2298 Ouidide

1058 2315 1073 2332 a
1090 2305 1170 2332 simili
1183 2294 1285 2339 differat
1297 2302 1308 2328 ?
1320 2302 1435 2329 Persona
1448 2294 1566 2334 ᾒενεοηω
1578 2296 1706 2332 quomodo
1721 2294 1783 2321 insit
1796 2294 1808 2319 .’

1059 2361 1207 2390 Sciendum
1235 2356 1366 2387 estaliud
1394 2363 1455 2384 esse
1481 2361 1510 2381 re
1528 2354 1585 2388 ipsa
1615 2349 1807 2385 contemplari.

1024 2407 1144 2442 itemque
1159 2405 1233 2433 aliud
1247 2403 1353 2431 ratione
1366 2406 1394 2429 et
1410 2399 1583 2436 cogitatione.
1599 2397 1658 2425 1am
1674 2396 1703 2434 in
1716 2395 1808 2421 omni-

1024 2453 1078 2480 bus
1096 2452 1178 2479 rebus
1191 2451 1290 2477 creatis
1310 2454 1489 2484 personarum
1507 2443 1605 2472 divisio
1625 2450 1655 2469 re
1672 2442 1730 2476 ipsa
1742 2447 1810 2466 con-

1026 2497 1153 2533 spicitur.
1177 2495 1367 2524 Communitas
1384 2496 1476 2521 autem
1498 2495 1526 2518 et
1553 2487 1691 2524 cognatio,
1717 2489 1810 2512 meate

1027 2532 1248 2578 cogitationeque
1275 2539 1401 2576 patescit.
1427 2537 1495 2565 Nam
1526 2538 1617 2562 mente
1641 2532 1810 2567 percipimus

1028 2590 1138 2617 Petrum
1154 2592 1181 2614 et
1198 2587 1314 2614 Paulum
1341 2582 1464 2618 ejusdem
1484 2587 1544 2608 esse
1570 2583 1686 2609 naturae,
1701 2582 1811 2610 unaque

1028 2632 1168 2661 communi
1190 2635 1317 2660 constare
1344 2633 1453 2656 natura.
1481 2626 1581 2653 Eorum
1598 2622 1671 2651 enim
1695 2626 1812 2655 uterque

1029 2680 1129 2708 animal
1154 2682 1197 2706 est
1220 2677 1325 2704 ratione
1351 2673 1509 2710 praeditum,
1538 2669 1620 2697 morti
1649 2667 1810 2695 obnoxium.

1032 2727 1099 2754 Item
1125 2729 1240 2758 uterque
1254 2728 1319 2749 caro
1331 2725 1383 2751 est,
1397 2718 1441 2746 cui
1459 2716 1549 2744 anima
1573 2713 1688 2742 rationis
1704 2711 1813 2739 intelle-

1031 2777 1145 2805 ctusque
1160 2769 1296 2804 particeps
1311 2766 1401 2803 infusa
1416 2768 1467 2792 est.
1478 2759 1639 2789 Communis
1653 2758 1745 2792 itaque
1763 2763 1813 2783 na—

1035 2803 1220 2846 tura-ratione
1233 2810 1348 2849 perspici
1360 2812 1463 2846 potest.
1478 2805 1532 2833 Nec
1549 2803 1621 2832 enim
1635 2803 1815 2838 hyposlaseon
