1949 3073
642 69 675 83 τινε

206 97 274 129 1175

819 102 967 132 NlCET/E
986 101 1186 132 CllONlAT/E

1576 84 1621 95 Γστ-
1645 88 1647 90 -

1769 107 1862 141 1176

205 155 259 182 alia
273 155 318 182 alii
338 156 418 188 inest,
442 156 488 183 sed
503 147 630 191 privatim
658 161 685 184 et
700 158 726 185 in
753 163 829 192 parte
852 157 995 192 quaelibet,
1010 157 1036 185 Α
1050 157 1220 185 identitatem
1238 165 1322 185 untttn
1336 158 1475 194 quidpiam
1490 160 1621 197 idemque
1639 163 1858 199 imaginentur.

201 202 262 229 sive
280 209 329 236 per
356 210 385 229 se
417 202 513 237 ipsam,
528 203 615 230 divisa
643 209 695 236 est,
720 203 851 238 pleraque
876 211 907 230 ex
924 203 988 234 alio,

202 248 305 282 quibus
321 247 470 280 dividatur,
485 249 601 276 habens.
618 250 684 276 Nam
701 254 728 277 et
744 250 806 276 loco
822 250 935 280 distant,
959 253 987 275 et

201 301 323 330 tempore
334 295 474 327 diﬂ‘erunt,
486 296 621 323 sententia
633 296 762 331 denique,
773 296 890 327 viribus,
901 295 989 322 forma

201 350 248 369 seu
273 343 368 376 ﬁgura,
384 341 491 370 habitu.
510 347 740 376 temperamento,
762 341 907 376 dignitate,
925 342 988 368 vita:

200 387 337 417 instituto,
351 392 377 414 ct
390 388 518 414 omnibus
532 387 683 422 ﬁgurativis
698 387 922 422 proprietatibus.
934 387 988 414 lm-

199 433 296 467 prim‘s
312 437 413 464 autem,
439 434 503 466 quia
517 433 568 460 alia
584 433 629 459 alii
657 440 711 459 non
736 433 814 465 inest,
839 432 887 459 sed
910 440 987 470 sepa-

199 485 258 506 rata
279 483 380 506 manet.
398 479 475 506 Unde
498 478 528 505 ﬁt
552 484 581 505 ut
600 480 652 505 duo
669 484 696 506 et
717 485 772 506 tres
792 479 919 506 homines
943 478 987 505 (Ιί-

198 529 305 555 cantur,
323 529 351 550 et
366 523 456 552 multi.
472 523 528 550 lloc
544 528 617 550 certe
629 523 739 550 inomni
755 528 879 551 creatura
895 524 986 550 locum

197 568 291 595 habet.
311 569 346 596 At
361 569 388 596 in
404 575 507 602 sancta,
532 570 790 605 supersubstantiali
803 591 810 603 ,
825 574 923 597 cuncta
939 577 988 597 su-

197 620 322 650 perante,
341 621 369 642 et
386 616 617 650 ineomprehensa
643 616 778 644 Trinitate
795 623 875 643 secus
895 623 923 644 se
942 623 986 643 res

199 661 292 688 habet.
310 661 387 694 Quod
404 662 478 688 cnim
496 661 521 688 in
546 661 591 688 illa
607 669 752 688 commune
773 667 801 689 et
824 669 909 688 unum
932 666 985 693 est,

199 707 227 734 id
249 716 277 734 re
293 707 351 742 ipsa
367 707 568 735 consideratur.
593 708 670 741 Quod
695 709 824 735 nimirum
840 711 985 740 cozeterna,

196 753 269 786 quod
286 754 416 785 essentia,
431 753 600 788 operatione,
615 759 642 780 et
654 753 792 781 voluntate
808 754 905 781 iisdem
920 761 986 789 prae-

197 799 252 826 dita
267 804 319 830 est.
334 800 408 833 quod
426 799 544 833 denique
559 800 616 834 ipse
637 800 710 827 idem
723 805 751 828 et
768 801 838 828 velle
853 805 881 828 et
898 802 982 833 nolle,

1043 201 1145 229 Eorum
1158 210 1225 230 vero
1257 203 1363 231 ratione
1393 204 1498 236 habita,
1519 206 1545 234 in
1572 208 1673 242 quibus
1699 210 1856 239 divinitas

1044 248 1128 278 inest.
1151 249 1194 275 vel
1212 254 1242 276 ut
1256 249 1386 276 subtilius
1404 250 1506 282 dicam,
1526 259 1586 286 qua:
1611 258 1674 281 sunt
1698 255 1857 284 divinitas

1042 294 1110 329 ipsa,
1126 302 1240 329 quaeque
1268 295 1342 327 inde,
1360 300 1492 330 tanquam
1509 305 1523 323 a
1539 298 1639 332 prima,
1662 308 1759 333 causa,
1779 302 1856 330 sine

1042 345 1177 374 tempore,
1195 341 1291 367 eadem
1305 349 1419 375 prorsus
1431 350 1493 369 cum
1512 342 1610 378 gloria,
1626 350 1653 372 et
1666 346 1853 375 indistincte

1040 385 1204 420 procedunt,
1219 387 1271 413 hoc
1290 381 1332 413 est
1360 387 1543 422 hypostaseon
1566 397 1614 418 seu
1634 399 1850 427 personarum,

1041 431 1093 457 tria
1108 435 1173 460 sunt
1185 431 1256 458 haud
1273 432 1357 459 dubie
1389 441 1451 467 quae
1467 433 1630 462 adorantur.
1653 438 1729 465 Unus
1754 439 1852 467 Pater

1039 477 1120 504 Pater
1131 482 1184 509 cst,
1200 481 1227 504 et
1245 477 1308 504 sine
1324 478 1473 513 principio,
1495 480 1548 508 hoc
1567 487 1611 509 est
1628 483 1687 510 sine
1707 492 1813 518 causa,
1833 494 1850 512 a

1038 522 1114 549 nullo
1129 523 1201 550 enim
1214 523 1346 558 procedit.
1366 524 1444 562 Unus
1465 525 1551 553 Filius
1566 527 1651 554 Filius
1662 533 1714 561 est,
1735 534 1766 556 at
1782 539 1850 558 non

1040 569 1099 595 sine
1116 568 1262 603 principio,
1280 569 1332 597 hoc
1348 574 1400 600 est.
1416 578 1471 598 non
1485 571 1544 599 sine
1558 580 1651 604 causa,
1664 574 1811 609 siquidem
1830 585 1847 604 a

1044 614 1125 641 Patre
1144 615 1280 649 procedit.
1296 615 1374 648 Quod
1390 617 1412 644 si
1431 619 1583 652 temporale
1600 621 1771 655 principium
1796 621 1849 648 in-

1043 659 1160 695 telligas,
1187 663 1316 688 eumdem
1355 662 1414 690 sine
1445 664 1583 699 principio
1613 666 1696 693 etiam
1735 668 1845 696 dicere

1037 714 1133 741 queas.
1152 707 1209 734 Nec
1223 708 1296 735 enim
1316 709 1432 744 tempori
1448 710 1572 745 subjacet
1589 711 1622 744 is,
1639 712 1685 746 qui
1703 718 1844 748 tempora

1037 752 1169 780 condidit.
1183 753 1259 781 Unus
1271 753 1389 788 Spiritus
1403 760 1526 788 sanctus,
1553 755 1683 791 Spiritus,
1707 766 1722 784 a
1748 759 1843 786 Patre

1037 797 1150 832 quidem
1177 799 1411 834 procedens'non
1435 801 1558 834 ﬁliative,
1581 803 1628 829 sed
1657 804 1838 837 processive.

196 845 293 871 eadem
315 837 554 879 potentia,‘virtus
581 850 609 872 ct
630 846 739 873 bonitas
769 847 840 874 inest
862 837 1019 881 (eadem,B
1038 844 1078 871 ita
1111 849 1141 871 ut
1172 852 1262 880 neque
1291 846 1372 873 Pater
1400 846 1552 881 ingenitus,
1581 848 1654 882 quod
1685 850 1838 882 genuerit,

196 892 317 925 inquam,
334 899 386 918 non
399 891 517 925 similis),
529 899 583 918 una
598 892 714 926 denique
725 897 816 919 motus
827 893 982 928 ejaculatio.

196 936 254 963 Utta
276 937 349 963 enim
369 937 498 969 essentia,
527 945 579 964 una
603 938 721 970 bonitas,
743 947 797 966 una
819 939 915 972 virtus,
929 948 982 968 una

194 982 332 1012 voluntas,
352 990 404 1008 una
431 982 513 1014 actio,
533 990 587 1009 una
611 983 746 1017 potentia,
764 992 829 1016 una,
858 985 981 1019 inquam,

194 1031 222 1054 et
239 1027 333 1054 eadem
349 1032 401 1054 est.
425 1027 484 1054 Non
499 1033 553 1054 tres
568 1028 640 1056 inter
653 1036 682 1056 se
696 1029 811 1060 similes,
835 1030 884 1057 sed
912 1038 983 1058 unus

194 1077 222 1100 et
239 1073 309 1099 idem
329 1073 411 1100 trium
441 1066 619 1108 personarum
652 1080 752 1102 tnotus.
780 1076 880 1102 Earum
907 1077 981 1103 enim

194 1119 309 1154 singulae
323 1127 375 1145 non
391 1120 482 1146 minus
499 1120 526 1146 in
544 1121 604 1147 aliis
621 1129 702 1155 quam
715 1121 742 1147 in
755 1121 854 1156 seipsis
868 1122 979 1153 habent,

195 1167 249 1192 hoc
276 1169 329 1193 est,
344 1166 408 1199 quia
424 1166 448 1192 in
463 1166 590 1193 omnibus
614 1174 698 1193 unum
712 1172 777 1193 sunt
792 1167 881 1199 Pater,
896 1166 981 1194 Filius

193 1217 220 1238 et
239 1211 358 1246 Spiritus
374 1213 501 1244 Sanctus,
526 1212 650 1247 ingeniti,
663 1213 748 1248 geniti
765 1218 793 1240 et
808 1214 980 1248 procedentis

192 1259 309 1286 veribus
337 1259 466 1292 demptis,
495 1259 659 1292 cogitatione
685 1263 775 1286 autent
805 1260 978 1287 dividuntur.

192 1305 282 1333 Unum
299 1304 371 1331 enim
390 1305 473 1331 Deum
490 1305 691 1338 cognoscimus,
712 1310 738 1331 at
754 1305 781 1331 in
799 1305 864 1332 solis
889 1311 981 1340 pater-

192 1351 300 1382 nitatis,
332 1350 471 1377 ﬁliationis
496 1356 524 1377 et
546 1351 730 1384 processionis
753 1352 978 1386 proprietatibus.

192 1396 258 1422 item
274 1403 307 1422 cx
327 1404 409 1422 causa
425 1401 453 1423 et
469 1396 580 1428 effectu,
599 1400 627 1423 et
655 1397 824 1430 perfectione
841 1405 975 1432 personat.

192 1441 255 1468 Sive
271 1441 382 1467 modum
404 1441 581 1472 exsisteutim,
604 1441 690 1475 ipsam
711 1449 772 1469 esse
789 1441 977 1470 diderentiam

192 1491 284 1513 mente
298 1487 479 1520 concipimus.
494 1486 550 1513 Nec
572 1487 645 1513 enim
670 1486 728 1513 ﬁeri
742 1492 842 1521 potest,
861 1493 888 1514 ut
903 1489 977 1515 loca-

191 1532 245 1559 lem
278 1532 434 1558 distantiam
458 1531 491 1559 de
521 1531 678 1564 Divinitate,
703 1540 764 1567 quae
789 1533 978 1561 circumscribi

193 1577 302 1611 nequit,
321 1577 414 1603 itidem
432 1580 461 1602 ut
479 1577 512 1603 de
533 1577 611 1604 nobis
640 1578 762 1605 dicamus
787 1578 977 1612 (personarum

193 1622 270 1648 enim
296 1622 348 1648 alia
376 1621 421 1648 alii
441 1621 521 1653 inest,
540 1630 594 1648 non
618 1627 646 1648 ut
663 1623 859 1656 confundatur,
882 1625 929 1652 sed
948 1629 979 1652 ut

192 1667 333 1695 inha‘reat.
347 1667 581 1700 Quemadmodum
601 1669 657 1704 ipse
669 1669 801 1696 Dominus
813 1671 850 1697 ait
862 1679 869 1697 :
884 1671 940 1705 Ego
952 1673 977 1699 in

192 1713 285 1743 Patre,
302 1718 326 1740 τι
342 1713 423 1739 Pater
436 1715 462 1740 in
478 1722 517 1740 me
526 1719 563 1741 est
574 1715 583 1730 π
598 1714 619 1750 ),
635 1722 686 1743 nec
695 1715 844 1743 voluntatis
858 1722 905 1744 aut
916 1725 979 1744 scn-

196 1759 299 1790 tentite,
314 1763 360 1786 aut
379 1758 506 1791 actionis,
528 1764 575 1786 aut
590 1760 711 1793 virtutis,
736 1765 782 1787 aut
799 1760 869 1788 alius
885 1762 977 1796 cujus-

191 1804 264 1838 piam
293 1804 490 1831 diti‘erentiam.
506 1804 572 1837 Quae
591 1806 702 1839 quidem
725 1807 816 1834 omnia
844 1807 873 1834 in
898 1807 979 1834 nobis

192 1859 223 1877 re
250 1851 307 1884 ipsa
332 1855 360 1876 et
390 1850 482 1877 animo
510 1850 674 1877 divisionem
700 1852 819 1885 pariunt.
844 1852 977 1885 Quocirca

191 1904 282 1930 neque
308 1902 364 1923 tres
389 1896 460 1923 Deos
486 1897 646 1929 Patrcm,ct
665 1896 775 1928 Filium,
794 1902 821 1924 et
846 1898 977 1933 Spiritum

192 1948 316 1970 sanctum
332 1943 460 1975 dicimus,
475 1943 529 1970 imo
541 1944 632 1977 potius
645 1952 729 1970 unum
745 1944 842 1977 Deum,
856 1951 977 1972 sanctam

193 1988 357 2015 Trinitatem
371 1997 378 2015 :
398 1989 468 2015 Filio
480 1994 507 2016 et
523 1988 627 2023 Spiritu
651 1989 685 2016 ad
703 1997 784 2016 unam
800 1990 979 2025 eamdemque

193 2042 315 2066 causam,
331 2035 461 2061 nimirum
475 2036 506 2062 ad
524 2026 632 2062 Patrem
658 2035 762 2063 relatis.
788 2044 842 2063 non
865 2043 978 2071 compo-

193 2080 263 2110 sitis,
291 2088 380 2114 neque
406 2080 613 2115 congiutinatis,
641 2085 671 2107 ut
693 2080 805 2108 Sabellii
827 2082 979 2109 contraetio

198 2126 288 2153 voluit
305 2134 312 2156 ;
327 2126 364 2152 ita
381 2126 454 2153 enim
486 2126 690 2162 conjunguntttr
702 2134 835 2161 personae,
848 2128 979 2162 quemad-

192 2172 303 2198 modum
318 2171 449 2204 diximus,
469 2177 498 2199 ut
512 2180 566 2199 non
582 2172 796 2206 confundantur,
815 2174 863 2200 sed
879 2179 907 2201 ut
918 2174 977 2201 alie

191 2217 253 2244 a'iis
267 2217 435 2249 adhtcreant,
453 2222 605 2252 mutuoque
631 2225 661 2244 se
682 2218 852 2252 contingant,
873 2219 977 2254 absque

194 2262 249 2290 ulla
261 2262 453 2289 commistione
476 2267 503 2289 et
527 2263 703 2290 concretione
718 2272 724 2290 :
741 2272 791 2291 nec
817 2265 854 2291 ita
872 2265 978 2299 disjun.

194 2313 298 2341 guntur
320 2312 349 2334 ul.
363 2308 480 2335 essentia
504 2308 666 2341 dissideant,
693 2314 722 2336 ut
742 2310 799 2336 Arii
822 2309 921 2338 divisio
940 2310 980 2336 i'a-

194 2355 314 2381 imlatur.
331 2355 368 2381 Ea
383 2358 425 2381 est
441 2356 513 2382 enim
530 2355 660 2382 divinitas
684 2361 713 2382 ut
729 2356 755 2382 in
772 2356 878 2387 divisis,
897 2357 920 2383 si
937 2363 980 2383 res

193 2401 220 2427 in
261 2401 455 2434 compendium
490 2401 678 2428 contrahenda
720 2402 766 2433 sit,
805 2401 980 2429 indivisibiiis

194 2450 313 2479 maneat,
330 2451 358 2473 et
373 2446 603 2481 quemadmodum
631 2447 658 2473 in
689 2447 777 2474 tribus
800 2447 904 2474 solibus
927 2446 980 2473 sibi

193 2498 289 2520 tnutuo
301 2493 470 2520 intercutibus
483 2497 510 2520 et
528 2493 704 2525 indistinctis,
719 2501 770 2519 una
783 2492 896 2519 iuntinis
911 2498 981 2519 tem-

163 2549 166 2552 ’
194 2544 289 2573 perata
306 2539 398 2566 mistio
421 2544 450 2566 et
476 2539 574 2573 copula
596 2544 649 2570 est,
681 2538 744 2565 inde
769 2539 799 2565 tit
825 2543 853 2564 ut
878 2538 980 2564 divini-

195 2585 257 2612 tatis
287 2586 379 2612 habita
402 2585 518 2617 ratione,
545 2593 656 2612 causam
674 2593 767 2615 unam,
789 2584 978 2610 monarchiatn

194 2639 241 2658 seu
259 2632 372 2658 unitatis
389 2631 547 2665 imperium,
562 2638 702 2665 unumque
719 2636 747 2657 et
767 2629 893 2656 eumdem
907 2629 979 2655 divi-

195 2676 300 2707 nitatis,
319 2681 349 2702 ut
370 2676 406 2702 ita
435 2675 536 2707 dicam,
558 2680 661 2702 motum
690 2680 770 2709 atque
796 2674 977 2705 voluntatem.

194 2721 320 2749 essentia:
340 2721 458 2756 denique
488 2721 574 2756 ipsius
594 2721 721 2752 actionis,
738 2725 764 2748 et
785 2719 979 2747 dominationis

233 2808 323 2839 “Joau
357 2817 410 2841 xxx,
429 2808 470 2834 10.
511 2809 621 2835 “Rom.
659 2816 718 2841 \‘lll,
746 2808 771 2834 ι).
814 2808 1018 2841 “103mm,?

993 1511 1016 1542 C

1037 898 1127 925 neqtte
1140 890 1225 918 Filius
1245 891 1364 926 genitus,
1381 892 1446 926 quia
1459 900 1492 920 ex
1508 893 1631 928 ingenito
1646 896 1836 928 processerit,

1036 944 1097 964 esse
1110 936 1228 966 desinat.
1238 937 1289 970 Qui
1304 938 1376 964 enim
1393 938 1451 964 ﬁeri
1467 938 1519 965 hoc
1529 939 1634 973 possit?
1649 940 1743 974 Neque
1762 941 1835 967 item

1037 981 1157 1016 Spiritus
1178 987 1225 1008 aut
1242 981 1268 1008 in
1294 982 1416 1014 Patrem,
1431 987 1478 1010 aut
1502 983 1529 1010 in
1549 984 1648 1011 Filium
1667 984 1834 1018 degeneret,

1036 1027 1099 1060 quia
1122 1027 1257 1060 procedit,
1283 1032 1312 1054 et
1328 1027 1399 1055 Deus
1415 1032 1468 1056 cst.
1495 1029 1652 1063 Proprietas
1673 1030 1750 1057 cuitu
1772 1039 1833 1058 non

1036 1077 1172 1099 movetur.
1189 1072 1257 1099 Nam
1272 1073 1319 1107 qui
1341 1072 1400 1100 ﬁeri
1416 1073 1483 1101 alias
1497 1075 1594 1108 possit,
1623 1081 1653 1103 ut
1670 1075 1832 1110 proprietas

1035 1123 1157 1145 mutetur
1182 1124 1210 1145 ct
1226 1119 1391 1153 degeneret?
1403 1118 1430 1146 Si
1446 1121 1519 1147 enim
1537 1121 1631 1150 Filius.
1645 1129 1699 1148 non
1713 1122 1831 1156 proprie

1034 1164 1115 1191 Pater
1140 1168 1193 1196 est,
1225 1172 1287 1191 cum
1313 1173 1387 1191 unus
1407 1165 1515 1200 proprie
1534 1165 1624 1192 «Pater
1645 1166 1688 1192 sit.
1716 1167 1786 1193 item
1804 1166 1830 1193 si

1035 1209 1123 1240 Pater,
1146 1217 1199 1235 non
1222 1210 1333 1244 proprie
1358 1210 1442 1237 Filius
1458 1215 1510 1243 est,
1529 1219 1601 1238 unus
1622 1212 1694 1238 enim
1711 1213 1828 1246 proprie

1037 1255 1133 1286 Filius,
1150 1259 1178 1281 et
1196 1263 1267 1281 unus
1287 1255 1406 1290 Spiritus
1429 1261 1548 1284 sanctus.
1574 1257 1721 1285 Sciendum
1743 1267 1829 1293 porro

1034 1305 1077 1328 est
1104 1300 1176 1335 quod
1195 1301 1302 1328 Patrem
1325 1308 1359 1328 ex
1379 1301 1432 1328 ullo
1448 1303 1597 1336 procedere
1621 1312 1672 1331 nec
1694 1304 1827 1336 dicimus.

1033 1353 1096 1372 eum
1110 1350 1200 1372 autem
1218 1345 1280 1372 Filii
1302 1346 1410 1373 Patrem
1426 1347 1590 1381 asserimus,
1616 1354 1644 1375 at
1671 1349 1770 1376 Filium
1798 1355 1828 1377 et

1034 1391 1168 1426 Spiritum
1188 1399 1270 1418 causa
1286 1399 1382 1419 carere
1402 1399 1574 1427 nequaquam
1594 1394 1720 1421 dicimus.
1742 1396 1824 1423 illum

1036 1442 1127 1464 autem
1145 1445 1178 1464 ex
1196 1437 1277 1464 Patre
1293 1442 1374 1472 atque
1388 1438 1486 1465 Filium
1504 1439 1601 1472 l’atris,
1620 1440 1693 1467 hunc
1710 1448 1775 1468 vero
1788 1449 1823 1468 ex

1033 1483 1114 1510 Patre
1127 1491 1236 1518 quoque
1256 1489 1283 1510 et
1302 1483 1370 1510 Filio
1388 1488 1415 1510 et
1432 1484 1520 1512 Patris
1540 1485 1671 1520 Spiritum
1693 1487 1823 1514 nomina-

1033 1538 1105 1557 mus.
1122 1530 1255 1564 Spiritum
1268 1535 1363 1556 autem
1381 1538 1414 1557 ex
1429 1530 1507 1563 Filio,
1523 1539 1576 1558 non
1594 1532 1670 1559 item.
1685 1532 1738 1559 Sed
1760 1532 1823 1560 Filii

1030 1576 1162 1603 duntaxat
1177 1575 1309 1609 Spiritum
1323 1575 1448 1602 dicimus.
1463 1577 1507 1603 Ait
1522 1577 1596 1604 enim
1610 1578 1641 1604 Β.
1656 1577 1821 1612 Apostolus:

1031 1622 1061 1649 Si
1075 1623 1132 1657 quis
1148 1622 1247 1649 Christi
1273 1621 1403 1656 Spiritum
1417 1630 1468 1648 non
1493 1623 1569 1649 habet
1582 1623 1614 1650 “’.
1632 1624 1821 1659 Eumdemque

1030 1668 1110 1695 nobis
1126 1676 1174 1701 per
1188 1667 1286 1694 Filium
1305 1667 1478 1694 innotescere
1497 1673 1578 1702 atque
1594 1669 1677 1695 tribui
1691 1669 1820 1698 fatemur:

1029 1714 1073 1741 Ait
1084 1714 1155 1740 enim
1168 1713 1317 1747 Szriptura,
1329 1713 1484 1748 Inntﬂiavit,
1496 1718 1519 1739 et
1529 1714 1595 1740 dixit
1603 1715 1737 1749 discipulis
1748 1717 1802 1743 suis
1812 1725 1821 1743 :

1029 1760 1143 1794 Accipite
1170 1759 1301 1793 Spiritum
1327 1759 1498 1786 sanctum".
1525 1760 1761 1792 Quemadmodum
1787 1770 1819 1789 ex

1030 1806 1086 1833 sole
1104 1805 1197 1832 radius
1211 1809 1239 1832 et
1256 1804 1396 1839 splendor.
1423 1805 1471 1832 ille
1489 1805 1562 1832 enim
1579 1806 1650 1833 radii
1676 1810 1703 1833 et
1728 1808 1819 1842 splen-

1030 1851 1106 1878 doris
1134 1850 1194 1877 i'ons
1221 1855 1248 1877 et
1277 1850 1353 1885 origo
1376 1854 1429 1878 est.
1444 1850 1502 1878 Jam
1525 1858 1592 1878 vero
1618 1851 1698 1879 nobis
1726 1851 1819 1880 radius

1030 1896 1202 1931 splendorem
1221 1895 1346 1930 largitur,
1371 1899 1399 1922 et
1425 1896 1448 1922 is
1462 1900 1514 1926 est,
1531 1895 1580 1930 qui
1598 1904 1650 1923 nos
1670 1897 1817 1930 illuminat,

1003 1951 1008 1954 ε
1031 1943 1166 1977 cujusque
1182 1941 1331 1976 participes
1346 1948 1451 1968 sumus.
1468 1941 1564 1969 Filium
1579 1950 1644 1969 vero
1653 1950 1742 1977 neque
1755 1943 1817 1977 Spi-

994 2179 1017 2208 D

1006 2810 1019 2823 2

1032 1988 1113 2014 ritum
1131 1995 1201 2020 csse,
1219 1994 1310 2022 neque
1333 1994 1365 2013 ex
1387 1987 1490 2021 Spiritu
1515 1988 1665 2022 procedere
1687 1988 1815 2017 dicimus.

1310 2043 1388 2071 CAP.
1408 2043 1538 2072 XXXVII.

1032 2091 1159 2126 Ejusdem
1176 2090 1358 2126 (Damasceni)
1377 2088 1413 2115 De
1432 2090 1463 2126 iis
1480 2098 1537 2124 (μίαν
1554 2090 1585 2116 de
1606 2090 1658 2117 Deo
1685 2091 1815 2123 dicuntur,

1067 2126 1187 2160 quodque
1202 2125 1237 2151 ad
1249 2125 1380 2152 Imbiltmt.
1395 2125 1523 2150 actionem
1534 2131 1558 2151 et
1571 2130 1667 2152 cwlera
1683 2127 1710 2152 id
1723 2134 1814 2160 genus,

1068 2169 1120 2187 non
1136 2165 1226 2188 autent
1240 2160 1274 2186 ad
1287 2159 1427 2186 essentiam
1440 2160 1577 2193 referenda
1594 2161 1658 2186 sint.

1066 2218 1138 2245 Dens
1152 2217 1268 2251 simplex
1282 2220 1335 2246 est,
1355 2219 1383 2242 et
1404 2215 1518 2242 minime
1543 2216 1724 2250 compositus.
1739 2216 1812 2249 Quod

1030 2269 1122 2290 autem
1134 2270 1167 2289 ex
1180 2261 1273 2288 multis
1288 2264 1370 2293 atque
1384 2258 1503 2287 diversis
1520 2264 1640 2291 constat,
1656 2260 1683 2287 id
1706 2268 1801 2294 compa

1032 2309 1113 2336 situm
1129 2307 1255 2334 est..lam
1278 2312 1344 2332 vero
1367 2305 1388 2330 si
1412 2305 1485 2338 quod
1504 2306 1655 2332 iuereatum
1679 2309 1731 2337 est,
1745 2306 1813 2340 quod

1031 2354 1168 2390 principio
1182 2356 1269 2383 caret,
1281 2350 1353 2385 quod
1364 2349 1482 2384 denique
1493 2351 1695 2385 incorporeum,
1707 2351 1814 2378 immor—

1033 2401 1096 2432 tale,
1113 2399 1322 2434 scmpiternum,
1339 2396 1453 2428 bonum,
1466 2397 1589 2423 omnium
1605 2397 1698 2431 opifex
1718 2401 1768 2428 est,
1788 2403 1813 2424 et

1032 2451 1129 2474 cetera
1153 2445 1179 2471 id
1203 2451 1300 2479 genus,
1328 2444 1489 2471 csseatiales
1517 2444 1542 2470 in
1574 2443 1628 2469 Deo
1649 2442 1813 2470 differentias

1032 2499 1092 2519 esse
1110 2491 1240 2520 diximus.
1258 2490 1284 2516 id
1301 2489 1373 2524 quod
1389 2498 1421 2518 ex
1443 2496 1482 2518 tot
1496 2489 1579 2516 rebus
1595 2487 1742 2518 constabit,
1765 2489 1813 2514 mi-

1034 2537 1106 2564 nime
1124 2537 1240 2570 simplex
1254 2535 1317 2566 erit,
1332 2534 1381 2561 sed
1401 2535 1595 2570 compositum.
1615 2533 1693 2566 Quod
1708 2533 1812 2567 quidem

1034 2583 1108 2609 nulla
1127 2590 1181 2608 non
1196 2582 1335 2615 impietate
1351 2581 1467 2607 laborat.
1486 2580 1531 2607 Sie
1557 2580 1639 2614 igitur
1661 2579 1813 2606 existiman-

1033 2629 1098 2655 dum
1113 2633 1164 2658 est,
1181 2628 1213 2654 de
1232 2627 1348 2661 singulis
1363 2634 1459 2653 eorum
1477 2634 1538 2660 qua:
1553 2626 1585 2651 de
1610 2625 1666 2651 Deo
1678 2624 1811 2654 dicuntur,

1034 2680 1064 2701 ιιι
1079 2673 1225 2701 essentiale
1242 2672 1309 2699 nihil
1322 2671 1488 2706 signiﬁcent,
1503 2671 1549 2698 sed
1570 2671 1623 2701 vel,
1638 2675 1666 2696 nt
1679 2670 1752 2705 quod
1772 2671 1811 2698 ille

1035 2724 1150 2752 nonest,
1164 2719 1188 2746 id
1205 2719 1379 2754 perspicuum
1394 2717 1493 2745 iaciant
1506 2717 1546 2744 vel
1564 2719 1568 2742 l
1582 2717 1684 2745 abitum
1700 2716 1810 2751 aliquem

1024 2809 1050 2836 Ξ,
