  <div class='ocr_page' id='page_1' title='image "/cluster/home/n/w/nwhite01/storage/ocr_20150623/139/njp.32101077773131/606.png"; bbox 0 0 1949 3073; ppageno 0'>
   <div class='ocr_carea' id='block_1_1' title="bbox 15 133 101 165">
    <p class='ocr_par' dir='ltr' id='par_1_1' title="bbox 15 133 101 165">
     <span class='ocr_line' id='line_1_1' title="bbox 15 133 101 165; baseline 0.012 -1"><span class='ocrx_word' id='word_1_1' title='bbox 15 133 101 165; x_wconf 85' lang='grc'><strong>1177</strong></span> 
     </span>
    </p>
   </div>
   <div class='ocr_carea' id='block_1_2' title="bbox 674 133 1030 166">
    <p class='ocr_par' dir='ltr' id='par_1_2' title="bbox 674 133 1030 166">
     <span class='ocr_line' id='line_1_2' title="bbox 674 133 1030 166; baseline -0.003 0"><span class='ocrx_word' id='word_1_2' title='bbox 674 133 871 166; x_wconf 72' lang='lat' dir='ltr'><strong>THESAURI</strong></span> <span class='ocrx_word' id='word_1_3' title='bbox 893 134 965 165; x_wconf 77' lang='lat' dir='ltr'><strong>LIB.</strong></span> <span class='ocrx_word' id='word_1_4' title='bbox 992 136 1030 165; x_wconf 87' lang='lat' dir='ltr'><strong>ll.</strong></span> 
     </span>
    </p>
   </div>
   <div class='ocr_carea' id='block_1_3' title="bbox 1604 132 1674 165">
    <p class='ocr_par' dir='ltr' id='par_1_3' title="bbox 1604 132 1674 165">
     <span class='ocr_line' id='line_1_3' title="bbox 1604 132 1674 165; baseline -0.029 0"><span class='ocrx_word' id='word_1_5' title='bbox 1604 132 1674 165; x_wconf 73' lang='lat' dir='ltr'><strong>H78</strong></span> 
     </span>
    </p>
   </div>
   <div class='ocr_carea' id='block_1_4' title="bbox 15 190 1674 228">
    <p class='ocr_par' dir='ltr' id='par_1_4' title="bbox 15 190 1674 228">
     <span class='ocr_line' id='line_1_4' title="bbox 15 190 1674 228; baseline 0.001 -11"><span class='ocrx_word' id='word_1_6' title='bbox 15 191 55 217; x_wconf 86' lang='lat' dir='ltr'><strong>ad</strong></span> <span class='ocrx_word' id='word_1_7' title='bbox 72 191 282 225; x_wconf 76' lang='lat' dir='ltr'><strong>oppositurum</strong></span> <span class='ocrx_word' id='word_1_8' title='bbox 294 193 335 220; x_wconf 89' lang='lat' dir='ltr'><strong>vel</strong></span> <span class='ocrx_word' id='word_1_9' title='bbox 351 196 448 220; x_wconf 84' lang='lat' dir='ltr'><strong>natura</strong></span> <span class='ocrx_word' id='word_1_10' title='bbox 464 193 692 228; x_wconf 85' lang='lat' dir='ltr'><strong>consequentium</strong></span> <span class='ocrx_word' id='word_1_11' title='bbox 708 190 832 226; x_wconf 76' lang='lat' dir='ltr'><strong>aliquod.</strong></span> <span class='ocrx_word' id='word_1_12' title='bbox 851 191 871 218; x_wconf 79' lang='grc' dir='ltr'><strong>Δ</strong></span> <span class='ocrx_word' id='word_1_13' title='bbox 886 192 946 226; x_wconf 82' lang='lat' dir='ltr'><strong>ejus</strong></span> <span class='ocrx_word' id='word_1_14' title='bbox 964 191 1005 218; x_wconf 87' lang='lat' dir='ltr'><strong>vel</strong></span> <span class='ocrx_word' id='word_1_15' title='bbox 1034 191 1150 223; x_wconf 87' lang='lat' dir='ltr'><strong>candor,</strong></span> <span class='ocrx_word' id='word_1_16' title='bbox 1173 192 1214 219; x_wconf 86' lang='lat' dir='ltr'><strong>vel</strong></span> <span class='ocrx_word' id='word_1_17' title='bbox 1243 192 1357 227; x_wconf 80' lang='lat' dir='ltr'><strong>nigredo</strong></span> <span class='ocrx_word' id='word_1_18' title='bbox 1384 192 1546 219; x_wconf 89' lang='lat' dir='ltr'><strong>innotuerit.</strong></span> <span class='ocrx_word' id='word_1_19' title='bbox 1571 190 1625 218; x_wconf 89' lang='lat' dir='ltr'><strong>Sed</strong></span> <span class='ocrx_word' id='word_1_20' title='bbox 1641 198 1674 219; x_wconf 83' lang='lat' dir='ltr'><strong>ea</strong></span> 
     </span>
    </p>
   </div>
   <div class='ocr_carea' id='block_1_5' title="bbox 16 237 832 273">
    <p class='ocr_par' dir='ltr' id='par_1_5' title="bbox 16 237 832 273">
     <span class='ocr_line' id='line_1_5' title="bbox 16 237 832 273; baseline 0.001 -12"><span class='ocrx_word' id='word_1_21' title='bbox 16 237 69 264; x_wconf 65' lang='lat' dir='ltr'><strong>vel</strong></span> <span class='ocrx_word' id='word_1_22' title='bbox 102 237 252 264; x_wconf 84' lang='lat' dir='ltr'><strong>actionem</strong></span> <span class='ocrx_word' id='word_1_23' title='bbox 278 237 422 266; x_wconf 86' lang='lat' dir='ltr'><strong>denotent.</strong></span> <span class='ocrx_word' id='word_1_24' title='bbox 449 239 544 273; x_wconf 87' lang='lat' dir='ltr'><strong>itaque</strong></span> <span class='ocrx_word' id='word_1_25' title='bbox 570 240 642 266; x_wconf 89' lang='lat' dir='ltr'><strong>inter</strong></span> <span class='ocrx_word' id='word_1_26' title='bbox 668 246 765 265; x_wconf 87' lang='lat' dir='ltr'><strong>omnes</strong></span> <span class='ocrx_word' id='word_1_27' title='bbox 784 237 832 263; x_wconf 82' lang='lat' dir='ltr'><strong>Dei</strong></span> 
     </span>
    </p>
   </div>
   <div class='ocr_carea' id='block_1_6' title="bbox 17 282 832 319">
    <p class='ocr_par' dir='ltr' id='par_1_6' title="bbox 17 282 832 319">
     <span class='ocr_line' id='line_1_6' title="bbox 17 282 832 319; baseline -0.001 -11"><span class='ocrx_word' id='word_1_28' title='bbox 17 284 270 310; x_wconf 86' lang='lat' dir='ltr'><strong>nomenclaturas</strong></span> <span class='ocrx_word' id='word_1_29' title='bbox 291 285 366 311; x_wconf 89' lang='lat' dir='ltr'><strong>nulla</strong></span> <span class='ocrx_word' id='word_1_30' title='bbox 383 284 449 311; x_wconf 89' lang='lat' dir='ltr'><strong>mihi</strong></span> <span class='ocrx_word' id='word_1_31' title='bbox 474 285 560 319; x_wconf 76' lang='lat' dir='ltr'><strong>magis</strong></span> <span class='ocrx_word' id='word_1_32' title='bbox 587 284 697 319; x_wconf 81' lang='lat' dir='ltr'><strong>proprie</strong></span> <span class='ocrx_word' id='word_1_33' title='bbox 714 282 832 314; x_wconf 82' lang='lat' dir='ltr'><strong>vitietur,</strong></span> 
     </span>
    </p>
   </div>
   <div class='ocr_carea' id='block_1_7' title="bbox 18 327 834 364">
    <p class='ocr_par' dir='ltr' id='par_1_7' title="bbox 18 327 834 364">
     <span class='ocr_line' id='line_1_7' title="bbox 18 327 834 364; baseline 0.002 -12"><span class='ocrx_word' id='word_1_34' title='bbox 18 335 118 360; x_wconf 86' lang='lat' dir='ltr'><strong>quam</strong></span> <span class='ocrx_word' id='word_1_35' title='bbox 139 329 155 353; x_wconf 77' lang='grc' dir='ltr'>ὁ</span> <span class='ocrx_word' id='word_1_36' title='bbox 173 328 223 359; x_wconf 77' lang='grc' dir='ltr'><strong>ὢν,</strong></span> <span class='ocrx_word' id='word_1_37' title='bbox 237 336 295 357; x_wconf 87' lang='lat' dir='ltr'><strong>seu.</strong></span> <span class='ocrx_word' id='word_1_38' title='bbox 310 329 333 356; x_wconf 84' lang='lat' dir='ltr'><strong>is</strong></span> <span class='ocrx_word' id='word_1_39' title='bbox 348 330 394 364; x_wconf 86' lang='lat' dir='ltr'><strong>qui</strong></span> <span class='ocrx_word' id='word_1_40' title='bbox 408 335 460 356; x_wconf 90' lang='lat' dir='ltr'><strong>est.</strong></span> <span class='ocrx_word' id='word_1_41' title='bbox 477 330 716 363; x_wconf 76' lang='lat' dir='ltr'><strong>Quemadmodum</strong></span> <span class='ocrx_word' id='word_1_42' title='bbox 732 329 789 362; x_wconf 87' lang='lat' dir='ltr'><strong>ipsa</strong></span> <span class='ocrx_word' id='word_1_43' title='bbox 807 327 834 353; x_wconf 89' lang='lat' dir='ltr'><strong>in</strong></span> 
     </span>
    </p>
   </div>
   <div class='ocr_carea' id='block_1_8' title="bbox 19 373 835 409">
    <p class='ocr_par' dir='ltr' id='par_1_8' title="bbox 19 373 835 409">
     <span class='ocr_line' id='line_1_8' title="bbox 19 373 835 409; baseline 0 -11"><span class='ocrx_word' id='word_1_44' title='bbox 19 378 132 399; x_wconf 83' lang='lat' dir='ltr'><strong>monte</strong></span> <span class='ocrx_word' id='word_1_45' title='bbox 150 373 255 400; x_wconf 81' lang='lat' dir='ltr'><strong>Mosem</strong></span> <span class='ocrx_word' id='word_1_46' title='bbox 269 375 411 409; x_wconf 80' lang='lat' dir='ltr'><strong>alloquens</strong></span> <span class='ocrx_word' id='word_1_47' title='bbox 422 375 477 402; x_wconf 89' lang='lat' dir='ltr'><strong>ait:</strong></span> <span class='ocrx_word' id='word_1_48' title='bbox 491 376 575 402; x_wconf 76' lang='lat' dir='ltr'><strong>Dicito</strong></span> <span class='ocrx_word' id='word_1_49' title='bbox 595 375 740 402; x_wconf 65' lang='lat' dir='ltr'><strong>Israelitis:</strong></span> <span class='ocrx_word' id='word_1_50' title='bbox 750 374 777 400; x_wconf 74' lang='lat' dir='ltr'><strong>Is</strong></span> <span class='ocrx_word' id='word_1_51' title='bbox 790 374 835 408; x_wconf 79' lang='lat' dir='ltr'><strong>qui</strong></span> 
     </span>
    </p>
   </div>
   <div class='ocr_carea' id='block_1_9' title="bbox 21 419 834 448">
    <p class='ocr_par' dir='ltr' id='par_1_9' title="bbox 21 419 834 448">
     <span class='ocr_line' id='line_1_9' title="bbox 21 419 834 448; baseline 0.001 -4"><span class='ocrx_word' id='word_1_52' title='bbox 21 423 65 444; x_wconf 78' lang='lat' dir='ltr'><strong>est</strong></span> <span class='ocrx_word' id='word_1_53' title='bbox 86 426 135 444; x_wconf 86' lang='lat' dir='ltr'><strong>me</strong></span> <span class='ocrx_word' id='word_1_54' title='bbox 154 419 226 445; x_wconf 73' lang='lat' dir='ltr'><strong>misit</strong></span> <span class='ocrx_word' id='word_1_55' title='bbox 240 420 273 445; x_wconf 84' lang='lat'><strong>”.</strong></span> <span class='ocrx_word' id='word_1_56' title='bbox 288 420 312 446; x_wconf 89' lang='lat' dir='ltr'><strong>Is</strong></span> <span class='ocrx_word' id='word_1_57' title='bbox 336 421 408 446; x_wconf 90' lang='lat' dir='ltr'><strong>enim</strong></span> <span class='ocrx_word' id='word_1_58' title='bbox 429 421 532 447; x_wconf 89' lang='lat' dir='ltr'><strong>nttllam</strong></span> <span class='ocrx_word' id='word_1_59' title='bbox 555 429 609 448; x_wconf 90' lang='lat' dir='ltr'><strong>non</strong></span> <span class='ocrx_word' id='word_1_60' title='bbox 634 421 782 447; x_wconf 74' lang='lat' dir='ltr'><strong>essentiam</strong></span> <span class='ocrx_word' id='word_1_61' title='bbox 807 420 834 445; x_wconf 95' lang='lat' dir='ltr'><strong>in</strong></span> 
     </span>
    </p>
   </div>
   <div class='ocr_carea' id='block_1_10' title="bbox 23 465 835 500">
    <p class='ocr_par' dir='ltr' id='par_1_10' title="bbox 23 465 835 500">
     <span class='ocr_line' id='line_1_10' title="bbox 23 465 835 500; baseline 0.002 -10"><span class='ocrx_word' id='word_1_62' title='bbox 23 472 57 491; x_wconf 84' lang='lat' dir='ltr'><strong>se</strong></span> <span class='ocrx_word' id='word_1_63' title='bbox 77 465 297 499; x_wconf 75' lang='lat' dir='ltr'><strong>complectitur,</strong></span> <span class='ocrx_word' id='word_1_64' title='bbox 318 470 448 500; x_wconf 84' lang='lat' dir='ltr'><strong>tanquam</strong></span> <span class='ocrx_word' id='word_1_65' title='bbox 472 473 579 494; x_wconf 82' lang='lat' dir='ltr'><strong>vastum</strong></span> <span class='ocrx_word' id='word_1_66' title='bbox 602 467 696 494; x_wconf 88' lang='lat' dir='ltr'><strong>nescio</strong></span> <span class='ocrx_word' id='word_1_67' title='bbox 712 466 785 500; x_wconf 88' lang='lat' dir='ltr'><strong>quod</strong></span> <span class='ocrx_word' id='word_1_68' title='bbox 807 470 835 492; x_wconf 89' lang='lat' dir='ltr'><strong>et</strong></span> 
     </span>
    </p>
   </div>
   <div class='ocr_carea' id='block_1_11' title="bbox 27 510 834 546">
    <p class='ocr_par' dir='ltr' id='par_1_11' title="bbox 27 510 834 546">
     <span class='ocr_line' id='line_1_11' title="bbox 27 510 834 546; baseline 0.004 -12"><span class='ocrx_word' id='word_1_69' title='bbox 27 510 214 536; x_wconf 73' lang='lat' dir='ltr'><strong>immensum</strong></span> <span class='ocrx_word' id='word_1_70' title='bbox 230 512 358 538; x_wconf 76' lang='lat' dir='ltr'><strong>essentite</strong></span> <span class='ocrx_word' id='word_1_71' title='bbox 374 512 496 546; x_wconf 80' lang='lat' dir='ltr'><strong>pelagus.</strong></span> <span class='ocrx_word' id='word_1_72' title='bbox 510 512 545 539; x_wconf 92' lang='lat' dir='ltr'><strong>Ut</strong></span> <span class='ocrx_word' id='word_1_73' title='bbox 561 517 653 539; x_wconf 89' lang='lat' dir='ltr'><strong>autem</strong></span> <span class='ocrx_word' id='word_1_74' title='bbox 671 512 750 538; x_wconf 83' lang='lat' dir='ltr'><strong>beato</strong></span> <span class='ocrx_word' id='word_1_75' title='bbox 768 511 834 537; x_wconf 86' lang='lat' dir='ltr'><strong>Dio-</strong></span> 
     </span>
    </p>
   </div>
   <div class='ocr_carea' id='block_1_12' title="bbox 24 554 836 590">
    <p class='ocr_par' dir='ltr' id='par_1_12' title="bbox 24 554 836 590">
     <span class='ocr_line' id='line_1_12' title="bbox 24 554 836 590; baseline 0.002 -11"><span class='ocrx_word' id='word_1_76' title='bbox 24 554 116 588; x_wconf 71' lang='lat' dir='ltr'><strong>nysio</strong></span> <span class='ocrx_word' id='word_1_77' title='bbox 128 554 253 585; x_wconf 85' lang='lat' dir='ltr'><strong>videtur,</strong></span> <span class='ocrx_word' id='word_1_78' title='bbox 267 555 358 582; x_wconf 87' lang='lat' dir='ltr'><strong>Bonus</strong></span> <span class='ocrx_word' id='word_1_79' title='bbox 375 557 491 582; x_wconf 84' lang='lat' dir='ltr'><strong>maxime</strong></span> <span class='ocrx_word' id='word_1_80' title='bbox 505 557 615 590; x_wconf 85' lang='lat' dir='ltr'><strong>propria</strong></span> <span class='ocrx_word' id='word_1_81' title='bbox 629 557 675 583; x_wconf 92' lang='lat' dir='ltr'><strong>Dei</strong></span> <span class='ocrx_word' id='word_1_82' title='bbox 688 555 836 589; x_wconf 73' lang='lat' dir='ltr'><strong>appellatio</strong></span> 
     </span>
    </p>
   </div>
   <div class='ocr_carea' id='block_1_13' title="bbox 24 601 836 636">
    <p class='ocr_par' dir='ltr' id='par_1_13' title="bbox 24 601 836 636">
     <span class='ocr_line' id='line_1_13' title="bbox 24 601 836 636; baseline 0.004 -11"><span class='ocrx_word' id='word_1_83' title='bbox 24 604 87 629; x_wconf 62' lang='lat' dir='ltr'><strong>est,</strong></span> <span class='ocrx_word' id='word_1_84' title='bbox 104 608 163 626; x_wconf 88' lang='lat' dir='ltr'><strong>nec</strong></span> <span class='ocrx_word' id='word_1_85' title='bbox 182 601 255 626; x_wconf 89' lang='lat' dir='ltr'><strong>enim</strong></span> <span class='ocrx_word' id='word_1_86' title='bbox 276 601 394 628; x_wconf 84' lang='lat' dir='ltr'><strong>essentia</strong></span> <span class='ocrx_word' id='word_1_87' title='bbox 419 601 445 627; x_wconf 88' lang='lat' dir='ltr'><strong>in</strong></span> <span class='ocrx_word' id='word_1_88' title='bbox 464 602 519 628; x_wconf 90' lang='lat' dir='ltr'><strong>Deo</strong></span> <span class='ocrx_word' id='word_1_89' title='bbox 543 602 693 628; x_wconf 89' lang='lat' dir='ltr'><strong>bonitatetn</strong></span> <span class='ocrx_word' id='word_1_90' title='bbox 720 608 836 636; x_wconf 66' lang='lat' dir='ltr'><strong>praeces-</strong></span> 
     </span>
    </p>
   </div>
   <div class='ocr_carea' id='block_1_14' title="bbox 27 645 835 679">
    <p class='ocr_par' dir='ltr' id='par_1_14' title="bbox 27 645 835 679">
     <span class='ocr_line' id='line_1_14' title="bbox 27 645 835 679; baseline 0.002 -9"><span class='ocrx_word' id='word_1_91' title='bbox 27 645 108 671; x_wconf 84' lang='lat' dir='ltr'><strong>sisse</strong></span> <span class='ocrx_word' id='word_1_92' title='bbox 127 645 186 671; x_wconf 87' lang='lat' dir='ltr'><strong>dici</strong></span> <span class='ocrx_word' id='word_1_93' title='bbox 207 649 306 679; x_wconf 81' lang='lat' dir='ltr'><strong>potest.</strong></span> <span class='ocrx_word' id='word_1_94' title='bbox 325 646 449 672; x_wconf 80' lang='lat' dir='ltr'><strong>Alterum</strong></span> <span class='ocrx_word' id='word_1_95' title='bbox 468 654 567 674; x_wconf 78' lang='lat' dir='ltr'><strong>nomen</strong></span> <span class='ocrx_word' id='word_1_96' title='bbox 589 647 657 677; x_wconf 65' lang='lat' dir='ltr'><strong>05b;</strong></span> <span class='ocrx_word' id='word_1_97' title='bbox 684 647 756 674; x_wconf 87' lang='lat' dir='ltr'><strong>Deus</strong></span> <span class='ocrx_word' id='word_1_98' title='bbox 782 651 835 678; x_wconf 79' lang='lat' dir='ltr'><strong>est,</strong></span> 
     </span>
    </p>
   </div>
   <div class='ocr_carea' id='block_1_15' title="bbox 27 690 837 727">
    <p class='ocr_par' dir='ltr' id='par_1_15' title="bbox 27 690 837 727">
     <span class='ocr_line' id='line_1_15' title="bbox 27 690 837 727; baseline 0.001 -11"><span class='ocrx_word' id='word_1_99' title='bbox 27 691 112 724; x_wconf 84' lang='lat' dir='ltr'><strong>quod</strong></span> <span class='ocrx_word' id='word_1_100' title='bbox 133 690 241 717; x_wconf 82' lang='lat' dir='ltr'><strong>dicitur</strong></span> <span class='ocrx_word' id='word_1_101' title='bbox 269 691 311 718; x_wconf 81' lang='lat' dir='ltr'><strong>vel</strong></span> <span class='ocrx_word' id='word_1_102' title='bbox 336 694 368 718; x_wconf 81' lang='grc' dir='ltr'>ἐκ</span> <span class='ocrx_word' id='word_1_103' title='bbox 395 692 442 718; x_wconf 84' lang='grc' dir='ltr'><strong>τοῦ</strong></span> <span class='ocrx_word' id='word_1_104' title='bbox 469 692 551 725; x_wconf 78' lang='grc' dir='ltr'><strong>Οέειν,</strong></span> <span class='ocrx_word' id='word_1_105' title='bbox 569 693 617 718; x_wconf 75' lang='grc' dir='ltr'><strong>καὶ</strong></span> <span class='ocrx_word' id='word_1_106' title='bbox 638 693 779 727; x_wconf 79' lang='grc' dir='ltr'><strong>περιέπειν</strong></span> <span class='ocrx_word' id='word_1_107' title='bbox 801 692 837 717; x_wconf 75' lang='grc' dir='ltr'>τὰ</span> 
     </span>
    </p>
   </div>
   <div class='ocr_carea' id='block_1_16' title="bbox 28 736 838 771">
    <p class='ocr_par' dir='ltr' id='par_1_16' title="bbox 28 736 838 771">
     <span class='ocr_line' id='line_1_16' title="bbox 28 736 838 771; baseline 0.002 -10"><span class='ocrx_word' id='word_1_108' title='bbox 28 736 205 769; x_wconf 69' lang='grc' dir='ltr'><strong>σύμπαντα.</strong></span> <span class='ocrx_word' id='word_1_109' title='bbox 222 736 274 763; x_wconf 86' lang='lat' dir='ltr'><strong>hoc</strong></span> <span class='ocrx_word' id='word_1_110' title='bbox 291 742 343 768; x_wconf 87' lang='lat' dir='ltr'><strong>est,</strong></span> <span class='ocrx_word' id='word_1_111' title='bbox 363 738 436 771; x_wconf 88' lang='lat' dir='ltr'><strong>quod</strong></span> <span class='ocrx_word' id='word_1_112' title='bbox 449 745 531 764; x_wconf 80' lang='lat' dir='ltr'><strong>cursu</strong></span> <span class='ocrx_word' id='word_1_113' title='bbox 546 745 596 765; x_wconf 88' lang='lat' dir='ltr'><strong>suo</strong></span> <span class='ocrx_word' id='word_1_114' title='bbox 610 742 638 764; x_wconf 89' lang='lat' dir='ltr'><strong>et</strong></span> <span class='ocrx_word' id='word_1_115' title='bbox 653 737 757 764; x_wconf 83' lang='lat' dir='ltr'><strong>ambitu</strong></span> <span class='ocrx_word' id='word_1_116' title='bbox 773 745 838 764; x_wconf 84' lang='lat' dir='ltr'><strong>cott-</strong></span> 
     </span>
    </p>
   </div>
   <div class='ocr_carea' id='block_1_17' title="bbox 29 781 838 814">
    <p class='ocr_par' dir='ltr' id='par_1_17' title="bbox 29 781 838 814">
     <span class='ocr_line' id='line_1_17' title="bbox 29 781 838 814; baseline 0.001 -7"><span class='ocrx_word' id='word_1_117' title='bbox 29 781 128 808; x_wconf 87' lang='lat' dir='ltr'><strong>tineat</strong></span> <span class='ocrx_word' id='word_1_118' title='bbox 146 781 288 812; x_wconf 74' lang='lat' dir='ltr'><strong>universa,</strong></span> <span class='ocrx_word' id='word_1_119' title='bbox 303 783 345 808; x_wconf 82' lang='lat' dir='ltr'><strong>vel</strong></span> <span class='ocrx_word' id='word_1_120' title='bbox 360 783 391 808; x_wconf 74' lang='grc' dir='ltr'><strong>ἐκ</strong></span> <span class='ocrx_word' id='word_1_121' title='bbox 407 783 454 808; x_wconf 72' lang='grc' dir='ltr'><strong>τοῦ</strong></span> <span class='ocrx_word' id='word_1_122' title='bbox 469 783 569 814; x_wconf 71' lang='grc' dir='ltr'><strong>αἴθειν,</strong></span> <span class='ocrx_word' id='word_1_123' title='bbox 588 783 614 809; x_wconf 92' lang='lat' dir='ltr'><strong>id</strong></span> <span class='ocrx_word' id='word_1_124' title='bbox 632 788 675 810; x_wconf 86' lang='lat' dir='ltr'><strong>est</strong></span> <span class='ocrx_word' id='word_1_125' title='bbox 691 782 725 809; x_wconf 83' lang='lat' dir='ltr'><strong>ab</strong></span> <span class='ocrx_word' id='word_1_126' title='bbox 738 782 838 809; x_wconf 89' lang='lat' dir='ltr'><strong>arden-</strong></span> 
     </span>
    </p>
   </div>
   <div class='ocr_carea' id='block_1_18' title="bbox 28 829 836 864">
    <p class='ocr_par' dir='ltr' id='par_1_18' title="bbox 28 829 836 864">
     <span class='ocr_line' id='line_1_18' title="bbox 28 829 836 864; baseline 0.001 -9"><span class='ocrx_word' id='word_1_127' title='bbox 28 829 81 857; x_wconf 87' lang='lat' dir='ltr'><strong>do.</strong></span> <span class='ocrx_word' id='word_1_128' title='bbox 103 829 181 856; x_wconf 86' lang='lat' dir='ltr'><strong>Deus</strong></span> <span class='ocrx_word' id='word_1_129' title='bbox 197 830 270 856; x_wconf 87' lang='lat' dir='ltr'><strong>enim</strong></span> <span class='ocrx_word' id='word_1_130' title='bbox 285 829 355 863; x_wconf 78' lang='lat' dir='ltr'><strong>ignis</strong></span> <span class='ocrx_word' id='word_1_131' title='bbox 370 833 423 861; x_wconf 85' lang='lat' dir='ltr'><strong>est,</strong></span> <span class='ocrx_word' id='word_1_132' title='bbox 447 837 503 864; x_wconf 88' lang='lat' dir='ltr'><strong>quo</strong></span> <span class='ocrx_word' id='word_1_133' title='bbox 520 830 616 857; x_wconf 90' lang='lat' dir='ltr'><strong>vitium</strong></span> <span class='ocrx_word' id='word_1_134' title='bbox 637 837 718 856; x_wconf 86' lang='lat' dir='ltr'><strong>omne</strong></span> <span class='ocrx_word' id='word_1_135' title='bbox 735 837 836 856; x_wconf 85' lang='lat' dir='ltr'><strong>consu—</strong></span> 
     </span>
    </p>
   </div>
   <div class='ocr_carea' id='block_1_19' title="bbox 30 874 833 910">
    <p class='ocr_par' dir='ltr' id='par_1_19' title="bbox 30 874 833 910">
     <span class='ocr_line' id='line_1_19' title="bbox 30 874 833 910; baseline 0.002 -10"><span class='ocrx_word' id='word_1_136' title='bbox 30 874 139 906; x_wconf 85' lang='lat' dir='ltr'><strong>mitur,</strong></span> <span class='ocrx_word' id='word_1_137' title='bbox 158 876 200 900; x_wconf 79' lang='lat' dir='ltr'><strong>VeI</strong></span> <span class='ocrx_word' id='word_1_138' title='bbox 219 874 273 900; x_wconf 74' lang='grc' dir='ltr'><strong>ἀπὸ</strong></span> <span class='ocrx_word' id='word_1_139' title='bbox 288 874 334 901; x_wconf 78' lang='grc' dir='ltr'><strong>τοῦ</strong></span> <span class='ocrx_word' id='word_1_140' title='bbox 352 875 512 901; x_wconf 51' lang='lat' dir='ltr'><strong>Osinium):</strong></span> <span class='ocrx_word' id='word_1_141' title='bbox 530 876 630 909; x_wconf 78' lang='grc' dir='ltr'>πάντα,</span> <span class='ocrx_word' id='word_1_142' title='bbox 652 875 726 910; x_wconf 89' lang='lat' dir='ltr'><strong>quod</strong></span> <span class='ocrx_word' id='word_1_143' title='bbox 742 876 833 902; x_wconf 84' lang='lat' dir='ltr'><strong>omnia</strong></span> 
     </span>
    </p>
   </div>
   <div class='ocr_carea' id='block_1_20' title="bbox 31 919 833 954">
    <p class='ocr_par' dir='ltr' id='par_1_20' title="bbox 31 919 833 954">
     <span class='ocr_line' id='line_1_20' title="bbox 31 919 833 954; baseline 0 -8"><span class='ocrx_word' id='word_1_144' title='bbox 31 920 198 946; x_wconf 89' lang='lat' dir='ltr'><strong>intueatur.</strong></span> <span class='ocrx_word' id='word_1_145' title='bbox 212 919 290 946; x_wconf 87' lang='lat' dir='ltr'><strong>Illum</strong></span> <span class='ocrx_word' id='word_1_146' title='bbox 305 921 379 947; x_wconf 87' lang='lat' dir='ltr'><strong>enim</strong></span> <span class='ocrx_word' id='word_1_147' title='bbox 402 920 470 947; x_wconf 83' lang='lat' dir='ltr'><strong>nihil</strong></span> <span class='ocrx_word' id='word_1_148' title='bbox 494 920 571 952; x_wconf 84' lang='lat' dir='ltr'><strong>latet,</strong></span> <span class='ocrx_word' id='word_1_149' title='bbox 586 926 683 954; x_wconf 83' lang='lat' dir='ltr'><strong>estque</strong></span> <span class='ocrx_word' id='word_1_150' title='bbox 709 921 833 947; x_wconf 87' lang='lat' dir='ltr'><strong>omnitttn</strong></span> 
     </span>
    </p>
   </div>
   <div class='ocr_carea' id='block_1_21' title="bbox 31 967 836 1001">
    <p class='ocr_par' dir='ltr' id='par_1_21' title="bbox 31 967 836 1001">
     <span class='ocr_line' id='line_1_21' title="bbox 31 967 836 1001; baseline 0.001 -9"><span class='ocrx_word' id='word_1_151' title='bbox 31 974 135 993; x_wconf 88' lang='lat' dir='ltr'><strong>rerutn</strong></span> <span class='ocrx_word' id='word_1_152' title='bbox 155 967 322 1000; x_wconf 60' lang='lat' dir='ltr'><strong>Speculator;</strong></span> <span class='ocrx_word' id='word_1_153' title='bbox 338 974 400 994; x_wconf 76' lang='lat' dir='ltr'><strong>nam</strong></span> <span class='ocrx_word' id='word_1_154' title='bbox 417 967 576 1001; x_wconf 88' lang='lat' dir='ltr'><strong>specttlatus</strong></span> <span class='ocrx_word' id='word_1_155' title='bbox 593 971 635 993; x_wconf 86' lang='lat' dir='ltr'><strong>est</strong></span> <span class='ocrx_word' id='word_1_156' title='bbox 658 967 750 992; x_wconf 86' lang='lat' dir='ltr'><strong>omnia</strong></span> <span class='ocrx_word' id='word_1_157' title='bbox 771 974 836 1000; x_wconf 89' lang='lat' dir='ltr'><strong>pro-</strong></span> 
     </span>
    </p>
   </div>
   <div class='ocr_carea' id='block_1_22' title="bbox 32 1012 836 1047">
    <p class='ocr_par' dir='ltr' id='par_1_22' title="bbox 32 1012 836 1047">
     <span class='ocr_line' id='line_1_22' title="bbox 32 1012 836 1047; baseline 0 -9"><span class='ocrx_word' id='word_1_158' title='bbox 32 1012 167 1039; x_wconf 69' lang='lat' dir='ltr'><strong>videntia</strong></span> <span class='ocrx_word' id='word_1_159' title='bbox 186 1020 244 1041; x_wconf 87' lang='lat' dir='ltr'><strong>sua,</strong></span> <span class='ocrx_word' id='word_1_160' title='bbox 261 1013 421 1047; x_wconf 83' lang='lat' dir='ltr'><strong>priusquam</strong></span> <span class='ocrx_word' id='word_1_161' title='bbox 438 1012 589 1044; x_wconf 78' lang='lat' dir='ltr'><strong>orirentur,</strong></span> <span class='ocrx_word' id='word_1_162' title='bbox 607 1017 633 1038; x_wconf 87' lang='lat' dir='ltr'><strong>et</strong></span> <span class='ocrx_word' id='word_1_163' title='bbox 660 1020 756 1039; x_wconf 88' lang='lat' dir='ltr'><strong>eorum</strong></span> <span class='ocrx_word' id='word_1_164' title='bbox 779 1013 836 1039; x_wconf 86' lang='lat' dir='ltr'><strong>sin-</strong></span> 
     </span>
    </p>
   </div>
   <div class='ocr_carea' id='block_1_23' title="bbox 35 1058 836 1093">
    <p class='ocr_par' dir='ltr' id='par_1_23' title="bbox 35 1058 836 1093">
     <span class='ocr_line' id='line_1_23' title="bbox 35 1058 836 1093; baseline -0.001 -8"><span class='ocrx_word' id='word_1_165' title='bbox 35 1059 103 1093; x_wconf 76' lang='lat' dir='ltr'><strong>gula</strong></span> <span class='ocrx_word' id='word_1_166' title='bbox 123 1059 279 1085; x_wconf 84' lang='lat' dir='ltr'><strong>voluntaria</strong></span> <span class='ocrx_word' id='word_1_167' title='bbox 303 1067 351 1086; x_wconf 81' lang='lat' dir='ltr'><strong>sua</strong></span> <span class='ocrx_word' id='word_1_168' title='bbox 377 1058 557 1093; x_wconf 82' lang='lat' dir='ltr'><strong>cogitatione,</strong></span> <span class='ocrx_word' id='word_1_169' title='bbox 583 1066 645 1092; x_wconf 79' lang='lat' dir='ltr'><strong>qua:</strong></span> <span class='ocrx_word' id='word_1_170' title='bbox 666 1058 776 1092; x_wconf 86' lang='lat' dir='ltr'><strong>quidem</strong></span> <span class='ocrx_word' id='word_1_171' title='bbox 793 1062 836 1084; x_wconf 87' lang='lat' dir='ltr'><strong>est</strong></span> 
     </span>
    </p>
   </div>
   <div class='ocr_carea' id='block_1_24' title="bbox 36 1104 837 1138">
    <p class='ocr_par' dir='ltr' id='par_1_24' title="bbox 36 1104 837 1138">
     <span class='ocr_line' id='line_1_24' title="bbox 36 1104 837 1138; baseline 0 -8"><span class='ocrx_word' id='word_1_172' title='bbox 36 1105 262 1138; x_wconf 66' lang='lat' dir='ltr'><strong>praedestinatio,</strong></span> <span class='ocrx_word' id='word_1_173' title='bbox 279 1104 378 1137; x_wconf 67' lang='lat' dir='ltr'><strong>imago,</strong></span> <span class='ocrx_word' id='word_1_174' title='bbox 394 1109 422 1131; x_wconf 90' lang='lat' dir='ltr'><strong>et</strong></span> <span class='ocrx_word' id='word_1_175' title='bbox 452 1105 592 1138; x_wconf 77' lang='lat' dir='ltr'><strong>exemplar</strong></span> <span class='ocrx_word' id='word_1_176' title='bbox 609 1105 635 1130; x_wconf 88' lang='lat' dir='ltr'><strong>itt</strong></span> <span class='ocrx_word' id='word_1_177' title='bbox 651 1111 679 1130; x_wconf 92' lang='lat' dir='ltr'><strong>re</strong></span> <span class='ocrx_word' id='word_1_178' title='bbox 695 1104 837 1138; x_wconf 61' lang='lat' dir='ltr'><strong>praedesti-</strong></span> 
     </span>
    </p>
   </div>
   <div class='ocr_carea' id='block_1_25' title="bbox 37 1149 835 1183">
    <p class='ocr_par' dir='ltr' id='par_1_25' title="bbox 37 1149 835 1183">
     <span class='ocr_line' id='line_1_25' title="bbox 37 1149 835 1183; baseline 0 -8"><span class='ocrx_word' id='word_1_179' title='bbox 37 1153 118 1181; x_wconf 84' lang='lat' dir='ltr'><strong>nata,</strong></span> <span class='ocrx_word' id='word_1_180' title='bbox 134 1150 162 1175; x_wconf 90' lang='lat' dir='ltr'><strong>in</strong></span> <span class='ocrx_word' id='word_1_181' title='bbox 191 1157 244 1183; x_wconf 88' lang='lat' dir='ltr'><strong>qtta</strong></span> <span class='ocrx_word' id='word_1_182' title='bbox 270 1150 309 1176; x_wconf 90' lang='lat' dir='ltr'><strong>lit.</strong></span> <span class='ocrx_word' id='word_1_183' title='bbox 334 1150 395 1177; x_wconf 84' lang='lat' dir='ltr'><strong>.lam</strong></span> <span class='ocrx_word' id='word_1_184' title='bbox 415 1149 507 1183; x_wconf 86' lang='lat' dir='ltr'><strong>priore</strong></span> <span class='ocrx_word' id='word_1_185' title='bbox 531 1149 740 1176; x_wconf 81' lang='lat' dir='ltr'><strong>nomenclatura</strong></span> <span class='ocrx_word' id='word_1_186' title='bbox 765 1150 835 1183; x_wconf 67' lang='lat' dir='ltr'><strong>ejus,</strong></span> 
     </span>
    </p>
   </div>
   <div class='ocr_carea' id='block_1_26' title="bbox 39 1195 836 1229">
    <p class='ocr_par' dir='ltr' id='par_1_26' title="bbox 39 1195 836 1229">
     <span class='ocr_line' id='line_1_26' title="bbox 39 1195 836 1229; baseline -0.001 -8"><span class='ocrx_word' id='word_1_187' title='bbox 39 1195 193 1225; x_wconf 84' lang='lat' dir='ltr'><strong>nimirum,</strong></span> <span class='ocrx_word' id='word_1_188' title='bbox 210 1195 235 1222; x_wconf 85' lang='lat' dir='ltr'><strong>is</strong></span> <span class='ocrx_word' id='word_1_189' title='bbox 247 1195 294 1229; x_wconf 89' lang='lat' dir='ltr'><strong>qtti</strong></span> <span class='ocrx_word' id='word_1_190' title='bbox 309 1199 361 1225; x_wconf 83' lang='lat' dir='ltr'><strong>est,</strong></span> <span class='ocrx_word' id='word_1_191' title='bbox 380 1195 437 1229; x_wconf 72' lang='lat' dir='ltr'><strong>ipsa</strong></span> <span class='ocrx_word' id='word_1_192' title='bbox 462 1195 582 1222; x_wconf 78' lang='lat' dir='ltr'><strong>essentia</strong></span> <span class='ocrx_word' id='word_1_193' title='bbox 599 1195 756 1226; x_wconf 86' lang='lat' dir='ltr'><strong>exhibetur,</strong></span> <span class='ocrx_word' id='word_1_194' title='bbox 781 1203 836 1221; x_wconf 92' lang='lat' dir='ltr'><strong>non</strong></span> 
     </span>
    </p>
   </div>
   <div class='ocr_carea' id='block_1_27' title="bbox 39 1235 836 1276">
    <p class='ocr_par' dir='ltr' id='par_1_27' title="bbox 39 1235 836 1276">
     <span class='ocr_line' id='line_1_27' title="bbox 39 1235 836 1276; baseline 0 -9"><span class='ocrx_word' id='word_1_195' title='bbox 39 1246 136 1268; x_wconf 86' lang='lat' dir='ltr'><strong>autem</strong></span> <span class='ocrx_word' id='word_1_196' title='bbox 153 1241 226 1275; x_wconf 80' lang='lat' dir='ltr'><strong>quod</strong></span> <span class='ocrx_word' id='word_1_197' title='bbox 246 1241 310 1276; x_wconf 91' lang='lat' dir='ltr'><strong>quid</strong></span> <span class='ocrx_word' id='word_1_198' title='bbox 327 1235 386 1274; x_wconf 81' lang='lat' dir='ltr'><strong>est;</strong></span> <span class='ocrx_word' id='word_1_199' title='bbox 419 1241 572 1274; x_wconf 80' lang='lat' dir='ltr'><strong>posteriore</strong></span> <span class='ocrx_word' id='word_1_200' title='bbox 593 1249 669 1272; x_wconf 81' lang='lat' dir='ltr'><strong>vero,</strong></span> <span class='ocrx_word' id='word_1_201' title='bbox 689 1241 763 1268; x_wconf 85' lang='lat' dir='ltr'><strong>actio</strong></span> <span class='ocrx_word' id='word_1_202' title='bbox 778 1241 836 1275; x_wconf 82' lang='lat' dir='ltr'><strong>ipsa</strong></span> 
     </span>
    </p>
   </div>
   <div class='ocr_carea' id='block_1_28' title="bbox 41 1287 837 1322">
    <p class='ocr_par' dir='ltr' id='par_1_28' title="bbox 41 1287 837 1322">
     <span class='ocr_line' id='line_1_28' title="bbox 41 1287 837 1322; baseline 0 -9"><span class='ocrx_word' id='word_1_203' title='bbox 41 1287 297 1322; x_wconf 64' lang='lat' dir='ltr'><strong>patelit.C:etvrutn</strong></span> <span class='ocrx_word' id='word_1_204' title='bbox 319 1287 378 1314; x_wconf 68' lang='lat' dir='ltr'><strong>btt-c.</strong></span> <span class='ocrx_word' id='word_1_205' title='bbox 398 1288 521 1318; x_wconf 89' lang='lat' dir='ltr'><strong>nomina,</strong></span> <span class='ocrx_word' id='word_1_206' title='bbox 546 1288 674 1322; x_wconf 66' lang='grc' dir='ltr'><strong>ἆναρχῡν,</strong></span> <span class='ocrx_word' id='word_1_207' title='bbox 700 1287 837 1321; x_wconf 83' lang='lat' dir='ltr'><strong>principio</strong></span> 
     </span>
    </p>
   </div>
   <div class='ocr_carea' id='block_1_29' title="bbox 42 1332 836 1367">
    <p class='ocr_par' dir='ltr' id='par_1_29' title="bbox 42 1332 836 1367">
     <span class='ocr_line' id='line_1_29' title="bbox 42 1332 836 1367; baseline -0.003 -8"><span class='ocrx_word' id='word_1_208' title='bbox 42 1340 153 1363; x_wconf 85' lang='lat' dir='ltr'><strong>carens,</strong></span> <span class='ocrx_word' id='word_1_209' title='bbox 176 1333 396 1367; x_wconf 84' lang='lat' dir='ltr'><strong>incorruptibile,</strong></span> <span class='ocrx_word' id='word_1_210' title='bbox 421 1332 572 1367; x_wconf 77' lang='lat' dir='ltr'><strong>ingenitum</strong></span> <span class='ocrx_word' id='word_1_211' title='bbox 597 1332 655 1359; x_wconf 82' lang='lat' dir='ltr'><strong>sive</strong></span> <span class='ocrx_word' id='word_1_212' title='bbox 672 1332 836 1363; x_wconf 72' lang='lat' dir='ltr'><strong>increalum,</strong></span> 
     </span>
    </p>
   </div>
   <div class='ocr_carea' id='block_1_30' title="bbox 43 1379 838 1414">
    <p class='ocr_par' dir='ltr' id='par_1_30' title="bbox 43 1379 838 1414">
     <span class='ocr_line' id='line_1_30' title="bbox 43 1379 838 1414; baseline -0.004 -7"><span class='ocrx_word' id='word_1_213' title='bbox 43 1381 252 1414; x_wconf 87' lang='lat' dir='ltr'><strong>incorporeum,</strong></span> <span class='ocrx_word' id='word_1_214' title='bbox 267 1380 415 1410; x_wconf 79' lang='lat' dir='ltr'><strong>invisibile,</strong></span> <span class='ocrx_word' id='word_1_215' title='bbox 430 1384 457 1406; x_wconf 88' lang='lat' dir='ltr'><strong>el</strong></span> <span class='ocrx_word' id='word_1_216' title='bbox 476 1379 587 1411; x_wconf 87' lang='lat' dir='ltr'><strong>similia,</strong></span> <span class='ocrx_word' id='word_1_217' title='bbox 601 1379 626 1405; x_wconf 90' lang='lat' dir='ltr'><strong>id</strong></span> <span class='ocrx_word' id='word_1_218' title='bbox 641 1379 713 1413; x_wconf 88' lang='lat' dir='ltr'><strong>quod</strong></span> <span class='ocrx_word' id='word_1_219' title='bbox 730 1386 782 1404; x_wconf 85' lang='lat' dir='ltr'><strong>non</strong></span> <span class='ocrx_word' id='word_1_220' title='bbox 795 1383 838 1405; x_wconf 86' lang='lat' dir='ltr'><strong>cst</strong></span> 
     </span>
    </p>
   </div>
   <div class='ocr_carea' id='block_1_31' title="bbox 45 1424 837 1458">
    <p class='ocr_par' dir='ltr' id='par_1_31' title="bbox 45 1424 837 1458">
     <span class='ocr_line' id='line_1_31' title="bbox 45 1424 837 1458; baseline -0.003 -7"><span class='ocrx_word' id='word_1_221' title='bbox 45 1425 181 1456; x_wconf 86' lang='lat' dir='ltr'><strong>indicant,</strong></span> <span class='ocrx_word' id='word_1_222' title='bbox 200 1425 252 1452; x_wconf 91' lang='lat' dir='ltr'><strong>hoc</strong></span> <span class='ocrx_word' id='word_1_223' title='bbox 268 1429 321 1457; x_wconf 86' lang='lat' dir='ltr'><strong>est,</strong></span> <span class='ocrx_word' id='word_1_224' title='bbox 341 1424 367 1451; x_wconf 90' lang='lat' dir='ltr'><strong>id</strong></span> <span class='ocrx_word' id='word_1_225' title='bbox 381 1424 453 1458; x_wconf 86' lang='lat' dir='ltr'><strong>quod</strong></span> <span class='ocrx_word' id='word_1_226' title='bbox 465 1431 525 1451; x_wconf 86' lang='lat' dir='ltr'><strong>esse</strong></span> <span class='ocrx_word' id='word_1_227' title='bbox 548 1432 601 1451; x_wconf 92' lang='lat' dir='ltr'><strong>non</strong></span> <span class='ocrx_word' id='word_1_228' title='bbox 622 1425 715 1458; x_wconf 71' lang='lat' dir='ltr'><strong>cmpit.</strong></span> <span class='ocrx_word' id='word_1_229' title='bbox 742 1424 837 1458; x_wconf 84' lang='lat' dir='ltr'><strong>Neque</strong></span> 
     </span>
    </p>
   </div>
   <div class='ocr_carea' id='block_1_32' title="bbox 43 1471 836 1505">
    <p class='ocr_par' dir='ltr' id='par_1_32' title="bbox 43 1471 836 1505">
     <span class='ocr_line' id='line_1_32' title="bbox 43 1471 836 1505; baseline -0.003 -8"><span class='ocrx_word' id='word_1_230' title='bbox 43 1471 120 1497; x_wconf 83' lang='lat' dir='ltr'><strong>enim</strong></span> <span class='ocrx_word' id='word_1_231' title='bbox 142 1471 342 1505; x_wconf 82' lang='lat' dir='ltr'><strong>corrumpitur,</strong></span> <span class='ocrx_word' id='word_1_232' title='bbox 364 1478 452 1502; x_wconf 85' lang='lat' dir='ltr'><strong>neque</strong></span> <span class='ocrx_word' id='word_1_233' title='bbox 478 1473 586 1496; x_wconf 83' lang='lat' dir='ltr'><strong>creatus</strong></span> <span class='ocrx_word' id='word_1_234' title='bbox 602 1474 652 1500; x_wconf 83' lang='lat' dir='ltr'><strong>est.</strong></span> <span class='ocrx_word' id='word_1_235' title='bbox 671 1476 761 1503; x_wconf 88' lang='lat' dir='ltr'><strong>neque</strong></span> <span class='ocrx_word' id='word_1_236' title='bbox 775 1477 836 1496; x_wconf 91' lang='lat' dir='ltr'><strong>cor-</strong></span> 
     </span>
    </p>
   </div>
   <div class='ocr_carea' id='block_1_33' title="bbox 47 1516 415 1551">
    <p class='ocr_par' dir='ltr' id='par_1_33' title="bbox 47 1516 415 1551">
     <span class='ocr_line' id='line_1_33' title="bbox 47 1516 415 1551; baseline -0.003 -9"><span class='ocrx_word' id='word_1_237' title='bbox 47 1523 102 1551; x_wconf 88' lang='lat' dir='ltr'><strong>pus</strong></span> <span class='ocrx_word' id='word_1_238' title='bbox 115 1521 167 1547; x_wconf 85' lang='lat' dir='ltr'><strong>cst,</strong></span> <span class='ocrx_word' id='word_1_239' title='bbox 190 1523 279 1550; x_wconf 88' lang='lat' dir='ltr'><strong>neque</strong></span> <span class='ocrx_word' id='word_1_240' title='bbox 295 1516 415 1542; x_wconf 81' lang='lat' dir='ltr'><strong>videtur.</strong></span> 
     </span>
    </p>
   </div>
   <div class='ocr_carea' id='block_1_34' title="bbox 83 1559 837 1595">
    <p class='ocr_par' dir='ltr' id='par_1_34' title="bbox 83 1559 837 1595">
     <span class='ocr_line' id='line_1_34' title="bbox 83 1559 837 1595; baseline -0.001 -9"><span class='ocrx_word' id='word_1_241' title='bbox 83 1561 189 1587; x_wconf 86' lang='lat' dir='ltr'><strong>Bonum</strong></span> <span class='ocrx_word' id='word_1_242' title='bbox 206 1567 309 1591; x_wconf 86' lang='lat' dir='ltr'><strong>autem,</strong></span> <span class='ocrx_word' id='word_1_243' title='bbox 325 1562 442 1595; x_wconf 84' lang='lat' dir='ltr'><strong>justum,</strong></span> <span class='ocrx_word' id='word_1_244' title='bbox 459 1566 487 1588; x_wconf 83' lang='lat' dir='ltr'><strong>et</strong></span> <span class='ocrx_word' id='word_1_245' title='bbox 507 1567 642 1592; x_wconf 86' lang='lat' dir='ltr'><strong>sanctum,</strong></span> <span class='ocrx_word' id='word_1_246' title='bbox 655 1565 761 1587; x_wconf 65' lang='lat' dir='ltr'><strong>natura:</strong></span> <span class='ocrx_word' id='word_1_247' title='bbox 776 1559 837 1594; x_wconf 56' lang='lat' dir='ltr'><strong>quia</strong></span> 
     </span>
    </p>
   </div>
   <div class='ocr_carea' id='block_1_35' title="bbox 47 1606 837 1647">
    <p class='ocr_par' dir='ltr' id='par_1_35' title="bbox 47 1606 837 1647">
     <span class='ocr_line' id='line_1_35' title="bbox 47 1606 837 1647; baseline 0.001 -16"><span class='ocrx_word' id='word_1_248' title='bbox 47 1606 110 1632; x_wconf 81' lang='lat' dir='ltr'><strong>dein</strong></span> <span class='ocrx_word' id='word_1_249' title='bbox 123 1607 306 1637; x_wconf 85' lang='lat' dir='ltr'><strong>conveniunt,</strong></span> <span class='ocrx_word' id='word_1_250' title='bbox 324 1606 409 1647; x_wconf 86' lang='lat' dir='ltr'><strong>ipsam</strong></span> <span class='ocrx_word' id='word_1_251' title='bbox 434 1615 500 1634; x_wconf 90' lang='lat' dir='ltr'><strong>vero</strong></span> <span class='ocrx_word' id='word_1_252' title='bbox 524 1609 670 1634; x_wconf 74' lang='lat' dir='ltr'><strong>essentiam</strong></span> <span class='ocrx_word' id='word_1_253' title='bbox 692 1606 837 1640; x_wconf 87' lang='lat' dir='ltr'><strong>haudqua-</strong></span> 
     </span>
    </p>
   </div>
   <div class='ocr_carea' id='block_1_36' title="bbox 47 1653 837 1688">
    <p class='ocr_par' dir='ltr' id='par_1_36' title="bbox 47 1653 837 1688">
     <span class='ocr_line' id='line_1_36' title="bbox 47 1653 837 1688; baseline 0.003 -11"><span class='ocrx_word' id='word_1_254' title='bbox 47 1659 130 1686; x_wconf 82' lang='lat' dir='ltr'><strong>quam</strong></span> <span class='ocrx_word' id='word_1_255' title='bbox 146 1653 344 1679; x_wconf 86' lang='lat' dir='ltr'><strong>demonstrant.</strong></span> <span class='ocrx_word' id='word_1_256' title='bbox 362 1653 492 1680; x_wconf 84' lang='lat' dir='ltr'><strong>Dominus</strong></span> <span class='ocrx_word' id='word_1_257' title='bbox 512 1653 642 1688; x_wconf 85' lang='lat' dir='ltr'><strong>denique,</strong></span> <span class='ocrx_word' id='word_1_258' title='bbox 667 1660 714 1680; x_wconf 85' lang='lat' dir='ltr'><strong>rex</strong></span> <span class='ocrx_word' id='word_1_259' title='bbox 739 1657 766 1679; x_wconf 82' lang='lat' dir='ltr'><strong>et</strong></span> <span class='ocrx_word' id='word_1_260' title='bbox 786 1659 837 1679; x_wconf 58' lang='lat' dir='ltr'><strong>ca)-</strong></span> 
     </span>
    </p>
   </div>
   <div class='ocr_carea' id='block_1_37' title="bbox 50 1697 835 1732">
    <p class='ocr_par' dir='ltr' id='par_1_37' title="bbox 50 1697 835 1732">
     <span class='ocr_line' id='line_1_37' title="bbox 50 1697 835 1732; baseline 0.003 -10"><span class='ocrx_word' id='word_1_261' title='bbox 50 1701 108 1723; x_wconf 88' lang='lat' dir='ltr'><strong>tera</strong></span> <span class='ocrx_word' id='word_1_262' title='bbox 133 1697 163 1724; x_wconf 88' lang='lat' dir='ltr'><strong>.id</strong></span> <span class='ocrx_word' id='word_1_263' title='bbox 193 1705 280 1732; x_wconf 75' lang='lat' dir='ltr'><strong>genus</strong></span> <span class='ocrx_word' id='word_1_264' title='bbox 306 1698 431 1725; x_wconf 83' lang='lat' dir='ltr'><strong>habitum</strong></span> <span class='ocrx_word' id='word_1_265' title='bbox 456 1698 488 1726; x_wconf 88' lang='lat' dir='ltr'><strong>ad</strong></span> <span class='ocrx_word' id='word_1_266' title='bbox 518 1699 644 1732; x_wconf 86' lang='lat' dir='ltr'><strong>opposita</strong></span> <span class='ocrx_word' id='word_1_267' title='bbox 668 1698 835 1732; x_wconf 67' lang='lat' dir='ltr'><strong>significant.</strong></span> 
     </span>
    </p>
   </div>
   <div class='ocr_carea' id='block_1_38' title="bbox 49 1741 835 1778">
    <p class='ocr_par' dir='ltr' id='par_1_38' title="bbox 49 1741 835 1778">
     <span class='ocr_line' id='line_1_38' title="bbox 49 1741 835 1778; baseline 0.003 -10"><span class='ocrx_word' id='word_1_268' title='bbox 49 1741 148 1769; x_wconf 87' lang='lat' dir='ltr'><strong>Eorum</strong></span> <span class='ocrx_word' id='word_1_269' title='bbox 165 1750 237 1769; x_wconf 79' lang='lat' dir='ltr'><strong>enim</strong></span> <span class='ocrx_word' id='word_1_270' title='bbox 255 1743 302 1778; x_wconf 89' lang='lat' dir='ltr'><strong>qui</strong></span> <span class='ocrx_word' id='word_1_271' title='bbox 318 1743 439 1770; x_wconf 90' lang='lat' dir='ltr'><strong>dominio</strong></span> <span class='ocrx_word' id='word_1_272' title='bbox 453 1743 570 1778; x_wconf 83' lang='lat' dir='ltr'><strong>subjecti</strong></span> <span class='ocrx_word' id='word_1_273' title='bbox 588 1749 662 1773; x_wconf 89' lang='lat' dir='ltr'><strong>sunt,</strong></span> <span class='ocrx_word' id='word_1_274' title='bbox 682 1743 815 1770; x_wconf 87' lang='lat' dir='ltr'><strong>Dominus</strong></span> <span class='ocrx_word' id='word_1_275' title='bbox 829 1752 835 1770; x_wconf 87' lang='lat'><strong>:</strong></span> 
     </span>
    </p>
   </div>
   <div class='ocr_carea' id='block_1_39' title="bbox 49 1789 835 1823">
    <p class='ocr_par' dir='ltr' id='par_1_39' title="bbox 49 1789 835 1823">
     <span class='ocr_line' id='line_1_39' title="bbox 49 1789 835 1823; baseline 0.001 -9"><span class='ocrx_word' id='word_1_276' title='bbox 49 1795 144 1814; x_wconf 88' lang='lat' dir='ltr'><strong>eorttm</strong></span> <span class='ocrx_word' id='word_1_277' title='bbox 172 1789 218 1823; x_wconf 87' lang='lat' dir='ltr'><strong>qtti</strong></span> <span class='ocrx_word' id='word_1_278' title='bbox 244 1796 347 1823; x_wconf 75' lang='lat' dir='ltr'><strong>regno,</strong></span> <span class='ocrx_word' id='word_1_279' title='bbox 374 1798 423 1816; x_wconf 76' lang='lat' dir='ltr'><strong>rex</strong></span> <span class='ocrx_word' id='word_1_280' title='bbox 455 1799 461 1816; x_wconf 90' lang='lat'><strong><em>:</em></strong></span> <span class='ocrx_word' id='word_1_281' title='bbox 487 1789 662 1823; x_wconf 63' lang='lat' dir='ltr'><strong>eorutn&#39;qui</strong></span> <span class='ocrx_word' id='word_1_282' title='bbox 689 1789 835 1818; x_wconf 86' lang='lat' dir='ltr'><strong>creationi.</strong></span> 
     </span>
    </p>
   </div>
   <div class='ocr_carea' id='block_1_40' title="bbox 51 1833 837 1869">
    <p class='ocr_par' dir='ltr' id='par_1_40' title="bbox 51 1833 837 1869">
     <span class='ocr_line' id='line_1_40' title="bbox 51 1833 837 1869; baseline -0.001 -8"><span class='ocrx_word' id='word_1_283' title='bbox 51 1839 156 1861; x_wconf 83' lang='lat' dir='ltr'><strong>creator</strong></span> <span class='ocrx_word' id='word_1_284' title='bbox 171 1843 178 1862; x_wconf 84' lang='lat'><strong>;</strong></span> <span class='ocrx_word' id='word_1_285' title='bbox 194 1842 291 1862; x_wconf 91' lang='lat' dir='ltr'><strong>eorum</strong></span> <span class='ocrx_word' id='word_1_286' title='bbox 308 1834 428 1869; x_wconf 86' lang='lat' dir='ltr'><strong>denique</strong></span> <span class='ocrx_word' id='word_1_287' title='bbox 448 1835 495 1869; x_wconf 90' lang='lat' dir='ltr'><strong>qui</strong></span> <span class='ocrx_word' id='word_1_288' title='bbox 520 1835 658 1869; x_wconf 87' lang='lat' dir='ltr'><strong>pastioni,</strong></span> <span class='ocrx_word' id='word_1_289' title='bbox 683 1839 775 1869; x_wconf 83' lang='lat' dir='ltr'><strong>pastor</strong></span> <span class='ocrx_word' id='word_1_290' title='bbox 797 1833 837 1860; x_wconf 89' lang='lat' dir='ltr'><strong>di-</strong></span> 
     </span>
    </p>
   </div>
   <div class='ocr_carea' id='block_1_41' title="bbox 52 1880 128 1906">
    <p class='ocr_par' dir='ltr' id='par_1_41' title="bbox 52 1880 128 1906">
     <span class='ocr_line' id='line_1_41' title="bbox 52 1880 128 1906; baseline 0 0"><span class='ocrx_word' id='word_1_291' title='bbox 52 1880 128 1906; x_wconf 78' lang='lat' dir='ltr'><strong>:itur.</strong></span> 
     </span>
    </p>
   </div>
   <div class='ocr_carea' id='block_1_42' title="bbox 850 1532 872 1563">
    <p class='ocr_par' dir='ltr' id='par_1_42' title="bbox 850 1532 872 1563">
     <span class='ocr_line' id='line_1_42' title="bbox 850 1532 872 1563; baseline 0 0"><span class='ocrx_word' id='word_1_292' title='bbox 850 1532 872 1563; x_wconf 89' lang='lat' dir='ltr'>C</span> 
     </span>
    </p>
   </div>
   <div class='ocr_carea' id='block_1_43' title="bbox 323 1937 562 1965">
    <p class='ocr_par' dir='ltr' id='par_1_43' title="bbox 323 1937 562 1965">
     <span class='ocr_line' id='line_1_43' title="bbox 323 1937 562 1965; baseline -0.004 0"><span class='ocrx_word' id='word_1_293' title='bbox 323 1937 399 1965; x_wconf 80' lang='lat' dir='ltr'><strong>CAP.</strong></span> <span class='ocrx_word' id='word_1_294' title='bbox 418 1937 562 1964; x_wconf 74' lang='lat' dir='ltr'><strong>XXXVI”.</strong></span> 
     </span>
    </p>
   </div>
   <div class='ocr_carea' id='block_1_44' title="bbox 54 1981 838 2018">
    <p class='ocr_par' dir='ltr' id='par_1_44' title="bbox 54 1981 838 2018">
     <span class='ocr_line' id='line_1_44' title="bbox 54 1981 838 2018; baseline 0 -10"><span class='ocrx_word' id='word_1_295' title='bbox 54 1981 174 2017; x_wconf 64' lang='lat' dir='ltr'><strong>Ejusdem</strong></span> <span class='ocrx_word' id='word_1_296' title='bbox 184 1982 295 2010; x_wconf 79' lang='lat' dir='ltr'><strong>Joannis</strong></span> <span class='ocrx_word' id='word_1_297' title='bbox 313 1984 480 2018; x_wconf 48' lang='lat' dir='ltr'><strong>Damus-aeni.</strong></span> <span class='ocrx_word' id='word_1_298' title='bbox 497 1982 535 2008; x_wconf 84' lang='lat' dir='ltr'><strong>De</strong></span> <span class='ocrx_word' id='word_1_299' title='bbox 551 1983 640 2018; x_wconf 75' lang='lat' dir='ltr'><strong>divina</strong></span> <span class='ocrx_word' id='word_1_300' title='bbox 655 1982 838 2014; x_wconf 79' lang='lat' dir='ltr'><strong>coniunctione</strong></span> 
     </span>
    </p>
   </div>
   <div class='ocr_carea' id='block_1_45' title="bbox 89 2017 837 2052">
    <p class='ocr_par' dir='ltr' id='par_1_45' title="bbox 89 2017 837 2052">
     <span class='ocr_line' id='line_1_45' title="bbox 89 2017 837 2052; baseline -0.001 -8"><span class='ocrx_word' id='word_1_301' title='bbox 89 2023 111 2043; x_wconf 85' lang='lat' dir='ltr'><strong>el</strong></span> <span class='ocrx_word' id='word_1_302' title='bbox 125 2019 280 2052; x_wconf 68' lang='lat' dir='ltr'><strong>discretione</strong></span> <span class='ocrx_word' id='word_1_303' title='bbox 306 2018 436 2052; x_wconf 76' lang='lat' dir='ltr'><strong>(quodque</strong></span> <span class='ocrx_word' id='word_1_304' title='bbox 462 2017 510 2044; x_wconf 83' lang='lat' dir='ltr'><strong>illa</strong></span> <span class='ocrx_word' id='word_1_305' title='bbox 531 2019 558 2044; x_wconf 83' lang='lat' dir='ltr'><strong>in</strong></span> <span class='ocrx_word' id='word_1_306' title='bbox 581 2017 721 2050; x_wconf 77' lang='lat' dir='ltr'><strong>Trinitate,</strong></span> <span class='ocrx_word' id='word_1_307' title='bbox 737 2018 791 2044; x_wconf 73' lang='lat' dir='ltr'><strong>licet:</strong></span> <span class='ocrx_word' id='word_1_308' title='bbox 809 2018 837 2044; x_wconf 83' lang='lat' dir='ltr'><strong>in</strong></span> 
     </span>
    </p>
   </div>
   <div class='ocr_carea' id='block_1_46' title="bbox 88 2051 481 2088">
    <p class='ocr_par' dir='ltr' id='par_1_46' title="bbox 88 2051 481 2088">
     <span class='ocr_line' id='line_1_46' title="bbox 88 2051 481 2088; baseline 0.003 -10"><span class='ocrx_word' id='word_1_309' title='bbox 88 2051 154 2078; x_wconf 82' lang='lat' dir='ltr'><strong>Filio</strong></span> <span class='ocrx_word' id='word_1_310' title='bbox 169 2053 225 2079; x_wconf 79' lang='lat' dir='ltr'><strong>solo</strong></span> <span class='ocrx_word' id='word_1_311' title='bbox 239 2051 410 2088; x_wconf 67' lang='lat' dir='ltr'><strong>intelligenda</strong></span> <span class='ocrx_word' id='word_1_312' title='bbox 425 2054 481 2087; x_wconf 75' lang='lat' dir='ltr'><strong>sit).</strong></span> 
     </span>
    </p>
   </div>
   <div class='ocr_carea' id='block_1_47' title="bbox 89 2108 836 2144">
    <p class='ocr_par' dir='ltr' id='par_1_47' title="bbox 89 2108 836 2144">
     <span class='ocr_line' id='line_1_47' title="bbox 89 2108 836 2144; baseline 0.001 -9"><span class='ocrx_word' id='word_1_313' title='bbox 89 2108 180 2135; x_wconf 82' lang='lat' dir='ltr'><strong>Omnia</strong></span> <span class='ocrx_word' id='word_1_314' title='bbox 196 2116 260 2143; x_wconf 79' lang='lat' dir='ltr'><strong>ergo</strong></span> <span class='ocrx_word' id='word_1_315' title='bbox 275 2109 469 2142; x_wconf 79' lang='lat' dir='ltr'><strong>communiter,</strong></span> <span class='ocrx_word' id='word_1_316' title='bbox 487 2109 584 2136; x_wconf 88' lang='lat' dir='ltr'><strong>eodetn</strong></span> <span class='ocrx_word' id='word_1_317' title='bbox 601 2110 683 2137; x_wconf 90' lang='lat' dir='ltr'><strong>modo</strong></span> <span class='ocrx_word' id='word_1_318' title='bbox 699 2109 836 2144; x_wconf 87' lang='lat' dir='ltr'><strong>simplici-</strong></span> 
     </span>
    </p>
   </div>
   <div class='ocr_carea' id='block_1_48' title="bbox 57 2153 835 2189">
    <p class='ocr_par' dir='ltr' id='par_1_48' title="bbox 57 2153 835 2189">
     <span class='ocr_line' id='line_1_48' title="bbox 57 2153 835 2189; baseline 0.001 -10"><span class='ocrx_word' id='word_1_319' title='bbox 57 2157 104 2185; x_wconf 73' lang='lat' dir='ltr'><strong>ter,</strong></span> <span class='ocrx_word' id='word_1_320' title='bbox 118 2153 240 2185; x_wconf 86' lang='lat' dir='ltr'><strong>indivise,</strong></span> <span class='ocrx_word' id='word_1_321' title='bbox 259 2157 287 2179; x_wconf 89' lang='lat' dir='ltr'><strong>ct</strong></span> <span class='ocrx_word' id='word_1_322' title='bbox 310 2154 456 2189; x_wconf 88' lang='lat' dir='ltr'><strong>conjunete</strong></span> <span class='ocrx_word' id='word_1_323' title='bbox 482 2154 516 2180; x_wconf 90' lang='lat' dir='ltr'><strong>de</strong></span> <span class='ocrx_word' id='word_1_324' title='bbox 540 2154 669 2181; x_wconf 78' lang='lat' dir='ltr'><strong>universa</strong></span> <span class='ocrx_word' id='word_1_325' title='bbox 691 2154 835 2180; x_wconf 83' lang='lat' dir='ltr'><strong>divinitate</strong></span> 
     </span>
    </p>
   </div>
   <div class='ocr_carea' id='block_1_49' title="bbox 57 2198 876 2235">
    <p class='ocr_par' dir='ltr' id='par_1_49' title="bbox 57 2198 876 2235">
     <span class='ocr_line' id='line_1_49' title="bbox 57 2198 876 2235; baseline 0.001 -10"><span class='ocrx_word' id='word_1_326' title='bbox 57 2198 205 2232; x_wconf 86' lang='lat' dir='ltr'><strong>accipienda</strong></span> <span class='ocrx_word' id='word_1_327' title='bbox 225 2203 300 2225; x_wconf 81' lang='lat' dir='ltr'><strong>sunt.</strong></span> <span class='ocrx_word' id='word_1_328' title='bbox 321 2199 453 2226; x_wconf 78' lang='lat' dir='ltr'><strong>Distincte</strong></span> <span class='ocrx_word' id='word_1_329' title='bbox 469 2207 548 2231; x_wconf 85' lang='lat' dir='ltr'><strong>vero,</strong></span> <span class='ocrx_word' id='word_1_330' title='bbox 565 2207 614 2232; x_wconf 83' lang='lat' dir='ltr'><strong>seu</strong></span> <span class='ocrx_word' id='word_1_331' title='bbox 630 2200 760 2231; x_wconf 77' lang='lat' dir='ltr'><strong>discreto,</strong></span> <span class='ocrx_word' id='word_1_332' title='bbox 786 2200 838 2226; x_wconf 84' lang='lat' dir='ltr'><strong>Pa-</strong></span> <span class='ocrx_word' id='word_1_333' title='bbox 855 2208 876 2235; x_wconf 81' lang='grc' dir='ltr'>ι)</span> 
     </span>
    </p>
   </div>
   <div class='ocr_carea' id='block_1_50' title="bbox 58 2245 837 2280">
    <p class='ocr_par' dir='ltr' id='par_1_50' title="bbox 58 2245 837 2280">
     <span class='ocr_line' id='line_1_50' title="bbox 58 2245 837 2280; baseline -0.001 -7"><span class='ocrx_word' id='word_1_334' title='bbox 58 2250 107 2275; x_wconf 82' lang='lat' dir='ltr'><strong>ter.</strong></span> <span class='ocrx_word' id='word_1_335' title='bbox 123 2245 202 2272; x_wconf 83' lang='lat' dir='ltr'><strong>Filius</strong></span> <span class='ocrx_word' id='word_1_336' title='bbox 232 2251 260 2272; x_wconf 89' lang='lat' dir='ltr'><strong>et</strong></span> <span class='ocrx_word' id='word_1_337' title='bbox 280 2246 412 2280; x_wconf 84' lang='lat' dir='ltr'><strong>Spiritus,</strong></span> <span class='ocrx_word' id='word_1_338' title='bbox 425 2246 610 2278; x_wconf 79' lang='lat' dir='ltr'><strong>incausatunt,</strong></span> <span class='ocrx_word' id='word_1_339' title='bbox 625 2251 779 2279; x_wconf 73' lang='lat' dir='ltr'><strong>causatum,</strong></span> <span class='ocrx_word' id='word_1_340' title='bbox 795 2247 837 2273; x_wconf 86' lang='lat' dir='ltr'><strong>in-</strong></span> 
     </span>
    </p>
   </div>
   <div class='ocr_carea' id='block_1_51' title="bbox 58 2292 837 2327">
    <p class='ocr_par' dir='ltr' id='par_1_51' title="bbox 58 2292 837 2327">
     <span class='ocr_line' id='line_1_51' title="bbox 58 2292 837 2327; baseline 0.003 -9"><span class='ocrx_word' id='word_1_341' title='bbox 58 2292 178 2326; x_wconf 68' lang='lat' dir='ltr'><strong>genitum,</strong></span> <span class='ocrx_word' id='word_1_342' title='bbox 196 2292 330 2326; x_wconf 70' lang='lat' dir='ltr'><strong>genitum,</strong></span> <span class='ocrx_word' id='word_1_343' title='bbox 352 2297 379 2319; x_wconf 87' lang='lat' dir='ltr'><strong>et</strong></span> <span class='ocrx_word' id='word_1_344' title='bbox 398 2293 562 2327; x_wconf 82' lang='lat' dir='ltr'><strong>procedens,</strong></span> <span class='ocrx_word' id='word_1_345' title='bbox 586 2300 647 2327; x_wconf 72' lang='lat' dir='ltr'><strong>qua:</strong></span> <span class='ocrx_word' id='word_1_346' title='bbox 663 2293 776 2327; x_wconf 82' lang='lat' dir='ltr'><strong>quidem</strong></span> <span class='ocrx_word' id='word_1_347' title='bbox 794 2301 837 2320; x_wconf 84' lang='lat' dir='ltr'><strong>es-</strong></span> 
     </span>
    </p>
   </div>
   <div class='ocr_carea' id='block_1_52' title="bbox 59 2337 836 2372">
    <p class='ocr_par' dir='ltr' id='par_1_52' title="bbox 59 2337 836 2372">
     <span class='ocr_line' id='line_1_52' title="bbox 59 2337 836 2372; baseline 0.001 -8"><span class='ocrx_word' id='word_1_348' title='bbox 59 2337 146 2364; x_wconf 74' lang='lat' dir='ltr'><strong>sentize</strong></span> <span class='ocrx_word' id='word_1_349' title='bbox 166 2338 398 2372; x_wconf 78' lang='lat' dir='ltr'><strong>signiﬁcationem</strong></span> <span class='ocrx_word' id='word_1_350' title='bbox 424 2338 526 2365; x_wconf 88' lang='lat' dir='ltr'><strong>nullatn</strong></span> <span class='ocrx_word' id='word_1_351' title='bbox 549 2338 661 2370; x_wconf 80' lang='lat' dir='ltr'><strong>habt-nt,</strong></span> <span class='ocrx_word' id='word_1_352' title='bbox 687 2338 734 2365; x_wconf 89' lang='lat' dir='ltr'><strong>sed</strong></span> <span class='ocrx_word' id='word_1_353' title='bbox 762 2339 836 2365; x_wconf 89' lang='lat' dir='ltr'><strong>tnodi</strong></span> 
     </span>
    </p>
   </div>
   <div class='ocr_carea' id='block_1_53' title="bbox 60 2383 835 2422">
    <p class='ocr_par' dir='ltr' id='par_1_53' title="bbox 60 2383 835 2422">
     <span class='ocr_line' id='line_1_53' title="bbox 60 2383 835 2422; baseline 0.003 -12"><span class='ocrx_word' id='word_1_354' title='bbox 60 2383 148 2414; x_wconf 85' lang='lat' dir='ltr'><strong>solius.</strong></span> <span class='ocrx_word' id='word_1_355' title='bbox 164 2391 217 2417; x_wconf 90' lang='lat' dir='ltr'><strong>quo</strong></span> <span class='ocrx_word' id='word_1_356' title='bbox 231 2391 260 2410; x_wconf 88' lang='lat' dir='ltr'><strong>se</strong></span> <span class='ocrx_word' id='word_1_357' title='bbox 268 2384 342 2411; x_wconf 88' lang='lat' dir='ltr'><strong>aliud</strong></span> <span class='ocrx_word' id='word_1_358' title='bbox 355 2385 387 2412; x_wconf 87' lang='lat' dir='ltr'><strong>ad</strong></span> <span class='ocrx_word' id='word_1_359' title='bbox 402 2385 476 2411; x_wconf 87' lang='lat' dir='ltr'><strong>aliud</strong></span> <span class='ocrx_word' id='word_1_360' title='bbox 491 2385 584 2422; x_wconf 81' lang='lat' dir='ltr'><strong>habet,</strong></span> <span class='ocrx_word' id='word_1_361' title='bbox 595 2389 623 2412; x_wconf 89' lang='lat' dir='ltr'><strong>et</strong></span> <span class='ocrx_word' id='word_1_362' title='bbox 638 2392 694 2420; x_wconf 92' lang='lat' dir='ltr'><strong>quo</strong></span> <span class='ocrx_word' id='word_1_363' title='bbox 715 2385 835 2412; x_wconf 82' lang='lat' dir='ltr'><strong>exsistit.</strong></span> 
     </span>
    </p>
   </div>
   <div class='ocr_carea' id='block_1_54' title="bbox 60 2429 835 2470">
    <p class='ocr_par' dir='ltr' id='par_1_54' title="bbox 60 2429 835 2470">
     <span class='ocr_line' id='line_1_54' title="bbox 60 2429 835 2470; baseline 0.004 -15"><span class='ocrx_word' id='word_1_364' title='bbox 60 2429 104 2456; x_wconf 87' lang='lat' dir='ltr'><strong>llis</strong></span> <span class='ocrx_word' id='word_1_365' title='bbox 119 2430 195 2464; x_wconf 77' lang='lat' dir='ltr'><strong>igitur</strong></span> <span class='ocrx_word' id='word_1_366' title='bbox 209 2430 337 2464; x_wconf 81' lang='lat' dir='ltr'><strong>cognitis,</strong></span> <span class='ocrx_word' id='word_1_367' title='bbox 356 2431 454 2465; x_wconf 85' lang='lat' dir='ltr'><strong>viaque</strong></span> <span class='ocrx_word' id='word_1_368' title='bbox 471 2431 542 2458; x_wconf 79' lang='lat' dir='ltr'><strong>inde</strong></span> <span class='ocrx_word' id='word_1_369' title='bbox 559 2430 592 2457; x_wconf 89' lang='lat' dir='ltr'><strong>ad</strong></span> <span class='ocrx_word' id='word_1_370' title='bbox 616 2432 765 2458; x_wconf 81' lang='lat' dir='ltr'><strong>essentiam</strong></span> <span class='ocrx_word' id='word_1_371' title='bbox 794 2431 835 2470; x_wconf 86' lang='lat' dir='ltr'><strong>ip-</strong></span> 
     </span>
    </p>
   </div>
   <div class='ocr_carea' id='block_1_55' title="bbox 61 2478 836 2514">
    <p class='ocr_par' dir='ltr' id='par_1_55' title="bbox 61 2478 836 2514">
     <span class='ocr_line' id='line_1_55' title="bbox 61 2478 836 2514; baseline 0.003 -10"><span class='ocrx_word' id='word_1_372' title='bbox 61 2485 123 2507; x_wconf 80' lang='lat' dir='ltr'><strong>sam,</strong></span> <span class='ocrx_word' id='word_1_373' title='bbox 140 2478 181 2504; x_wconf 85' lang='lat' dir='ltr'><strong>sed</strong></span> <span class='ocrx_word' id='word_1_374' title='bbox 197 2478 324 2505; x_wconf 73' lang='lat' dir='ltr'><strong>essentia:</strong></span> <span class='ocrx_word' id='word_1_375' title='bbox 347 2483 455 2505; x_wconf 84' lang='lat' dir='ltr'><strong>tantum</strong></span> <span class='ocrx_word' id='word_1_376' title='bbox 477 2479 630 2513; x_wconf 86' lang='lat' dir='ltr'><strong>adjaceutia</strong></span> <span class='ocrx_word' id='word_1_377' title='bbox 651 2479 836 2514; x_wconf 88' lang='lat' dir='ltr'><strong>comprehcn-</strong></span> 
     </span>
    </p>
   </div>
   <div class='ocr_carea' id='block_1_56' title="bbox 63 2523 835 2559">
    <p class='ocr_par' dir='ltr' id='par_1_56' title="bbox 63 2523 835 2559">
     <span class='ocr_line' id='line_1_56' title="bbox 63 2523 835 2559; baseline 0.003 -10"><span class='ocrx_word' id='word_1_378' title='bbox 63 2523 152 2550; x_wconf 84' lang='lat' dir='ltr'><strong>dimus.</strong></span> <span class='ocrx_word' id='word_1_379' title='bbox 167 2523 403 2556; x_wconf 87' lang='lat' dir='ltr'><strong>Quemadmodum</strong></span> <span class='ocrx_word' id='word_1_380' title='bbox 421 2532 472 2551; x_wconf 91' lang='lat' dir='ltr'><strong>nec</strong></span> <span class='ocrx_word' id='word_1_381' title='bbox 486 2526 507 2551; x_wconf 90' lang='lat' dir='ltr'><strong>si</strong></span> <span class='ocrx_word' id='word_1_382' title='bbox 525 2525 699 2558; x_wconf 79' lang='lat' dir='ltr'><strong>expleratnm</strong></span> <span class='ocrx_word' id='word_1_383' title='bbox 723 2525 835 2559; x_wconf 84' lang='lat' dir='ltr'><strong>quidem</strong></span> 
     </span>
    </p>
   </div>
   <div class='ocr_carea' id='block_1_57' title="bbox 65 2568 837 2606">
    <p class='ocr_par' dir='ltr' id='par_1_57' title="bbox 65 2568 837 2606">
     <span class='ocr_line' id='line_1_57' title="bbox 65 2568 837 2606; baseline 0.005 -12"><span class='ocrx_word' id='word_1_384' title='bbox 65 2568 199 2595; x_wconf 80' lang='lat' dir='ltr'><strong>habeamus</strong></span> <span class='ocrx_word' id='word_1_385' title='bbox 215 2569 332 2596; x_wconf 87' lang='lat' dir='ltr'><strong>animam</strong></span> <span class='ocrx_word' id='word_1_386' title='bbox 362 2570 498 2604; x_wconf 89' lang='lat' dir='ltr'><strong>corporis,</strong></span> <span class='ocrx_word' id='word_1_387' title='bbox 514 2571 676 2604; x_wconf 84' lang='lat' dir='ltr'><strong>quantitatis</strong></span> <span class='ocrx_word' id='word_1_388' title='bbox 702 2576 729 2598; x_wconf 90' lang='lat' dir='ltr'><strong>et</strong></span> <span class='ocrx_word' id='word_1_389' title='bbox 743 2571 837 2606; x_wconf 69' lang='lat' dir='ltr'><strong>ﬁgura:</strong></span> 
     </span>
    </p>
   </div>
   <div class='ocr_carea' id='block_1_58' title="bbox 64 2615 836 2651">
    <p class='ocr_par' dir='ltr' id='par_1_58' title="bbox 64 2615 836 2651">
     <span class='ocr_line' id='line_1_58' title="bbox 64 2615 836 2651; baseline 0.004 -11"><span class='ocrx_word' id='word_1_390' title='bbox 64 2618 188 2648; x_wconf 81' lang='lat' dir='ltr'><strong>expertem</strong></span> <span class='ocrx_word' id='word_1_391' title='bbox 206 2622 277 2646; x_wconf 75' lang='lat' dir='ltr'><strong>esse,</strong></span> <span class='ocrx_word' id='word_1_392' title='bbox 297 2615 431 2641; x_wconf 89' lang='lat' dir='ltr'><strong>continuo</strong></span> <span class='ocrx_word' id='word_1_393' title='bbox 462 2615 522 2649; x_wconf 81' lang='lat' dir='ltr'><strong>ejus</strong></span> <span class='ocrx_word' id='word_1_394' title='bbox 551 2617 698 2643; x_wconf 88' lang='lat' dir='ltr'><strong>essentiam</strong></span> <span class='ocrx_word' id='word_1_395' title='bbox 725 2624 836 2651; x_wconf 88' lang='lat' dir='ltr'><strong>quoque</strong></span> 
     </span>
    </p>
   </div>
   <div class='ocr_carea' id='block_1_59' title="bbox 64 2658 835 2696">
    <p class='ocr_par' dir='ltr' id='par_1_59' title="bbox 64 2658 835 2696">
     <span class='ocr_line' id='line_1_59' title="bbox 64 2658 835 2696; baseline 0.006 -12"><span class='ocrx_word' id='word_1_396' title='bbox 64 2658 322 2692; x_wconf 80' lang='lat' dir='ltr'><strong>comprehendimus,</strong></span> <span class='ocrx_word' id='word_1_397' title='bbox 344 2668 433 2695; x_wconf 76' lang='lat' dir='ltr'><strong>neque</strong></span> <span class='ocrx_word' id='word_1_398' title='bbox 455 2661 580 2696; x_wconf 86' lang='lat' dir='ltr'><strong>corporis</strong></span> <span class='ocrx_word' id='word_1_399' title='bbox 605 2661 670 2688; x_wconf 87' lang='lat' dir='ltr'><strong>item</strong></span> <span class='ocrx_word' id='word_1_400' title='bbox 697 2662 795 2696; x_wconf 84' lang='lat' dir='ltr'><strong>ipsius,</strong></span> <span class='ocrx_word' id='word_1_401' title='bbox 812 2663 835 2689; x_wconf 90' lang='lat' dir='ltr'><strong>si</strong></span> 
     </span>
    </p>
   </div>
   <div class='ocr_carea' id='block_1_60' title="bbox 100 2715 318 2749">
    <p class='ocr_par' dir='ltr' id='par_1_60' title="bbox 100 2715 318 2749">
     <span class='ocr_line' id='line_1_60' title="bbox 100 2715 318 2749; baseline 0.009 -7"><span class='ocrx_word' id='word_1_402' title='bbox 100 2717 119 2732; x_wconf 70' lang='grc' dir='ltr'>υ</span> <span class='ocrx_word' id='word_1_403' title='bbox 130 2715 207 2744; x_wconf 76' lang='lat' dir='ltr'><strong>Exod.</strong></span> <span class='ocrx_word' id='word_1_404' title='bbox 219 2724 260 2749; x_wconf 88' lang='grc' dir='ltr'>ιιι,</span> <span class='ocrx_word' id='word_1_405' title='bbox 276 2717 318 2744; x_wconf 71' lang='lat' dir='ltr'><strong>ll.</strong></span> 
     </span>
    </p>
   </div>
   <div class='ocr_carea' id='block_1_61' title="bbox 113 2775 743 2810">
    <p class='ocr_par' dir='ltr' id='par_1_61' title="bbox 113 2775 743 2810">
     <span class='ocr_line' id='line_1_61' title="bbox 113 2775 743 2810; baseline 0.006 -9"><span class='ocrx_word' id='word_1_406' title='bbox 113 2775 147 2805; x_wconf 74' lang='lat' dir='ltr'><strong>l9.)</strong></span> <span class='ocrx_word' id='word_1_407' title='bbox 159 2775 224 2802; x_wconf 74' lang='lat' dir='ltr'><strong>Vide</strong></span> <span class='ocrx_word' id='word_1_408' title='bbox 241 2775 402 2810; x_wconf 71' lang='lat' dir='ltr'><strong>Patrologiae</strong></span> <span class='ocrx_word' id='word_1_409' title='bbox 418 2780 481 2802; x_wconf 87' lang='lat' dir='ltr'><strong>tom.</strong></span> <span class='ocrx_word' id='word_1_410' title='bbox 502 2775 593 2806; x_wconf 81' lang='lat' dir='ltr'><strong>XCIV.</strong></span> <span class='ocrx_word' id='word_1_411' title='bbox 608 2778 660 2805; x_wconf 87' lang='lat' dir='ltr'><strong>col.</strong></span> <span class='ocrx_word' id='word_1_412' title='bbox 678 2777 743 2805; x_wconf 67' lang='grc'><strong>841.</strong></span> 
     </span>
    </p>
   </div>
   <div class='ocr_carea' id='block_1_62' title="bbox 111 2811 835 2847">
    <p class='ocr_par' dir='ltr' id='par_1_62' title="bbox 111 2811 835 2847">
     <span class='ocr_line' id='line_1_62' title="bbox 111 2811 835 2847; baseline 0.004 -10"><span class='ocrx_word' id='word_1_413' title='bbox 111 2811 146 2845; x_wconf 76' lang='grc'><strong>15)</strong></span> <span class='ocrx_word' id='word_1_414' title='bbox 165 2811 270 2838; x_wconf 72' lang='lat' dir='ltr'><strong>Nicetas</strong></span> <span class='ocrx_word' id='word_1_415' title='bbox 288 2811 452 2847; x_wconf 76' lang='grc' dir='ltr'><strong>σωματικῷς</strong></span> <span class='ocrx_word' id='word_1_416' title='bbox 469 2811 561 2841; x_wconf 82' lang='lat' dir='ltr'><strong>habet,</strong></span> <span class='ocrx_word' id='word_1_417' title='bbox 584 2818 609 2838; x_wconf 89' lang='lat' dir='ltr'><strong>at</strong></span> <span class='ocrx_word' id='word_1_418' title='bbox 627 2812 780 2847; x_wconf 75' lang='lat' dir='ltr'><strong>Zigabenus</strong></span> <span class='ocrx_word' id='word_1_419' title='bbox 797 2813 835 2840; x_wconf 83' lang='lat' dir='ltr'><strong>lc-</strong></span> 
     </span>
    </p>
   </div>
   <div class='ocr_carea' id='block_1_63' title="bbox 69 2846 834 2884">
    <p class='ocr_par' dir='ltr' id='par_1_63' title="bbox 69 2846 834 2884">
     <span class='ocr_line' id='line_1_63' title="bbox 69 2846 834 2884; baseline 0.001 -11"><span class='ocrx_word' id='word_1_420' title='bbox 69 2846 128 2882; x_wconf 70' lang='lat' dir='ltr'><strong>gisse</strong></span> <span class='ocrx_word' id='word_1_421' title='bbox 139 2847 238 2874; x_wconf 77' lang='lat' dir='ltr'><strong>videtur</strong></span> <span class='ocrx_word' id='word_1_422' title='bbox 248 2847 416 2881; x_wconf 67' lang='grc' dir='ltr'><strong>σημσιτικῶς,</strong></span> <span class='ocrx_word' id='word_1_423' title='bbox 429 2846 453 2873; x_wconf 89' lang='lat' dir='ltr'><strong>id</strong></span> <span class='ocrx_word' id='word_1_424' title='bbox 466 2851 518 2879; x_wconf 84' lang='lat' dir='ltr'><strong>est,</strong></span> <span class='ocrx_word' id='word_1_425' title='bbox 528 2846 834 2884; x_wconf 53' lang='lat' dir='ltr'><strong>signiﬁcatitaﬂtraque</strong></span> 
     </span>
    </p>
   </div>
   <div class='ocr_carea' id='block_1_64' title="bbox 851 862 872 889">
    <p class='ocr_par' dir='ltr' id='par_1_64' title="bbox 851 862 872 889">
     <span class='ocr_line' id='line_1_64' title="bbox 851 862 872 889; baseline 0 0"><span class='ocrx_word' id='word_1_426' title='bbox 851 862 872 889; x_wconf 81' lang='grc' dir='ltr'><strong>Β</strong></span> 
     </span>
    </p>
   </div>
   <div class='ocr_carea' id='block_1_65' title="bbox 887 237 1674 273">
    <p class='ocr_par' dir='ltr' id='par_1_65' title="bbox 887 237 1674 273">
     <span class='ocr_line' id='line_1_65' title="bbox 887 237 1674 273; baseline 0.001 -11"><span class='ocrx_word' id='word_1_427' title='bbox 887 241 991 263; x_wconf 73' lang='lat' dir='ltr'><strong>lantiunt</strong></span> <span class='ocrx_word' id='word_1_428' title='bbox 1011 237 1148 270; x_wconf 85' lang='lat' dir='ltr'><strong>novimus,</strong></span> <span class='ocrx_word' id='word_1_429' title='bbox 1162 246 1222 272; x_wconf 77' lang='lat' dir='ltr'><strong>qua:</strong></span> <span class='ocrx_word' id='word_1_430' title='bbox 1235 238 1258 264; x_wconf 85' lang='lat' dir='ltr'><strong>ei</strong></span> <span class='ocrx_word' id='word_1_431' title='bbox 1276 239 1410 273; x_wconf 67' lang='lat' dir='ltr'><strong>adjaCo-nt.</strong></span> <span class='ocrx_word' id='word_1_432' title='bbox 1426 239 1496 266; x_wconf 80' lang='lat' dir='ltr'><strong>Vera</strong></span> <span class='ocrx_word' id='word_1_433' title='bbox 1512 243 1604 265; x_wconf 89' lang='lat' dir='ltr'><strong>autem</strong></span> <span class='ocrx_word' id='word_1_434' title='bbox 1630 246 1674 264; x_wconf 90' lang='lat' dir='ltr'><strong>ra-</strong></span> 
     </span>
    </p>
   </div>
   <div class='ocr_carea' id='block_1_66' title="bbox 886 283 1675 319">
    <p class='ocr_par' dir='ltr' id='par_1_66' title="bbox 886 283 1675 319">
     <span class='ocr_line' id='line_1_66' title="bbox 886 283 1675 319; baseline 0.001 -11"><span class='ocrx_word' id='word_1_435' title='bbox 886 283 960 309; x_wconf 86' lang='lat' dir='ltr'><strong>tione</strong></span> <span class='ocrx_word' id='word_1_436' title='bbox 983 283 1156 315; x_wconf 88' lang='lat' dir='ltr'><strong>instruitnur,</strong></span> <span class='ocrx_word' id='word_1_437' title='bbox 1176 284 1328 319; x_wconf 77' lang='lat' dir='ltr'><strong>simplicem</strong></span> <span class='ocrx_word' id='word_1_438' title='bbox 1347 292 1415 315; x_wconf 71' lang='lat' dir='ltr'><strong>esse</strong></span> <span class='ocrx_word' id='word_1_439' title='bbox 1442 284 1540 316; x_wconf 86' lang='lat' dir='ltr'><strong>Deum,</strong></span> <span class='ocrx_word' id='word_1_440' title='bbox 1565 290 1675 317; x_wconf 83' lang='lat' dir='ltr'><strong>unaque</strong></span> 
     </span>
    </p>
   </div>
   <div class='ocr_carea' id='block_1_67' title="bbox 885 328 1674 364">
    <p class='ocr_par' dir='ltr' id='par_1_67' title="bbox 885 328 1674 364">
     <span class='ocr_line' id='line_1_67' title="bbox 885 328 1674 364; baseline 0 -10"><span class='ocrx_word' id='word_1_441' title='bbox 885 328 1004 362; x_wconf 85' lang='lat' dir='ltr'><strong>simplici</strong></span> <span class='ocrx_word' id='word_1_442' title='bbox 1017 329 1124 356; x_wconf 89' lang='lat' dir='ltr'><strong>actiotte</strong></span> <span class='ocrx_word' id='word_1_443' title='bbox 1139 329 1210 356; x_wconf 86' lang='lat' dir='ltr'><strong>bona</strong></span> <span class='ocrx_word' id='word_1_444' title='bbox 1228 330 1384 364; x_wconf 67' lang='lat' dir='ltr'><strong>pmditum,</strong></span> <span class='ocrx_word' id='word_1_445' title='bbox 1397 338 1457 364; x_wconf 72' lang='lat' dir='ltr'><strong>qua:</strong></span> <span class='ocrx_word' id='word_1_446' title='bbox 1475 330 1566 356; x_wconf 90' lang='lat' dir='ltr'><strong>omnia</strong></span> <span class='ocrx_word' id='word_1_447' title='bbox 1584 329 1674 355; x_wconf 89' lang='lat' dir='ltr'><strong>omni-</strong></span> 
     </span>
    </p>
   </div>
   <div class='ocr_carea' id='block_1_68' title="bbox 886 374 1674 410">
    <p class='ocr_par' dir='ltr' id='par_1_68' title="bbox 886 374 1674 410">
     <span class='ocr_line' id='line_1_68' title="bbox 886 374 1674 410; baseline 0.001 -10"><span class='ocrx_word' id='word_1_448' title='bbox 886 374 937 401; x_wconf 87' lang='lat' dir='ltr'><strong>bus</strong></span> <span class='ocrx_word' id='word_1_449' title='bbox 954 379 1093 409; x_wconf 77' lang='lat' dir='ltr'><strong>suggerat,</strong></span> <span class='ocrx_word' id='word_1_450' title='bbox 1119 375 1188 401; x_wconf 91' lang='lat' dir='ltr'><strong>radii</strong></span> <span class='ocrx_word' id='word_1_451' title='bbox 1203 376 1302 402; x_wconf 86' lang='lat' dir='ltr'><strong>solaris</strong></span> <span class='ocrx_word' id='word_1_452' title='bbox 1321 376 1418 404; x_wconf 83' lang='lat' dir='ltr'><strong>instar.</strong></span> <span class='ocrx_word' id='word_1_453' title='bbox 1436 376 1482 410; x_wconf 88' lang='lat' dir='ltr'><strong>qtti</strong></span> <span class='ocrx_word' id='word_1_454' title='bbox 1507 381 1606 402; x_wconf 71' lang='lat' dir='ltr'><strong>cuncta</strong></span> <span class='ocrx_word' id='word_1_455' title='bbox 1628 383 1674 401; x_wconf 92' lang='lat' dir='ltr'><strong>ca-</strong></span> 
     </span>
    </p>
   </div>
   <div class='ocr_carea' id='block_1_69' title="bbox 886 419 1674 455">
    <p class='ocr_par' dir='ltr' id='par_1_69' title="bbox 886 419 1674 455">
     <span class='ocr_line' id='line_1_69' title="bbox 886 419 1674 455; baseline 0 -10"><span class='ocrx_word' id='word_1_456' title='bbox 886 419 990 449; x_wconf 80' lang='lat' dir='ltr'><strong>lefacit,</strong></span> <span class='ocrx_word' id='word_1_457' title='bbox 1017 424 1044 446; x_wconf 88' lang='lat' dir='ltr'><strong>et</strong></span> <span class='ocrx_word' id='word_1_458' title='bbox 1067 420 1094 446; x_wconf 93' lang='lat' dir='ltr'><strong>in</strong></span> <span class='ocrx_word' id='word_1_459' title='bbox 1108 419 1234 454; x_wconf 80' lang='lat' dir='ltr'><strong>singulis.</strong></span> <span class='ocrx_word' id='word_1_460' title='bbox 1247 426 1330 455; x_wconf 81' lang='lat' dir='ltr'><strong>prout</strong></span> <span class='ocrx_word' id='word_1_461' title='bbox 1346 426 1407 454; x_wconf 87' lang='lat' dir='ltr'><strong>apta</strong></span> <span class='ocrx_word' id='word_1_462' title='bbox 1420 422 1584 455; x_wconf 79' lang='lat' dir='ltr'><strong>capaciaquc</strong></span> <span class='ocrx_word' id='word_1_463' title='bbox 1599 424 1674 449; x_wconf 77' lang='lat' dir='ltr'><strong>stitit,</strong></span> 
     </span>
    </p>
   </div>
   <div class='ocr_carea' id='block_1_70' title="bbox 886 465 1671 500">
    <p class='ocr_par' dir='ltr' id='par_1_70' title="bbox 886 465 1671 500">
     <span class='ocr_line' id='line_1_70' title="bbox 886 465 1671 500; baseline 0.001 -9"><span class='ocrx_word' id='word_1_464' title='bbox 886 470 1027 499; x_wconf 89' lang='lat' dir='ltr'><strong>operatur,</strong></span> <span class='ocrx_word' id='word_1_465' title='bbox 1040 465 1091 492; x_wconf 89' lang='lat' dir='ltr'><strong>hac</strong></span> <span class='ocrx_word' id='word_1_466' title='bbox 1108 466 1216 492; x_wconf 85' lang='lat' dir='ltr'><strong>actione</strong></span> <span class='ocrx_word' id='word_1_467' title='bbox 1231 465 1361 500; x_wconf 65' lang='lat' dir='ltr'><strong>przeditns</strong></span> <span class='ocrx_word' id='word_1_468' title='bbox 1377 466 1423 492; x_wconf 86' lang='lat' dir='ltr'><strong>Dei</strong></span> <span class='ocrx_word' id='word_1_469' title='bbox 1437 467 1570 492; x_wconf 55' lang='lat' dir='ltr'><strong>creatoris</strong></span> <span class='ocrx_word' id='word_1_470' title='bbox 1589 466 1671 492; x_wconf 47' lang='lat' dir='ltr'><strong>bene.</strong></span> 
     </span>
    </p>
   </div>
   <div class='ocr_carea' id='block_1_71' title="bbox 887 510 1676 546">
    <p class='ocr_par' dir='ltr' id='par_1_71' title="bbox 887 510 1676 546">
     <span class='ocr_line' id='line_1_71' title="bbox 887 510 1676 546; baseline 0.001 -9"><span class='ocrx_word' id='word_1_471' title='bbox 887 510 960 537; x_wconf 83' lang='lat' dir='ltr'><strong>ﬁcio.</strong></span> <span class='ocrx_word' id='word_1_472' title='bbox 981 511 1103 538; x_wconf 77' lang='lat' dir='ltr'><strong>Discreta</strong></span> <span class='ocrx_word' id='word_1_473' title='bbox 1122 519 1204 545; x_wconf 85' lang='lat' dir='ltr'><strong>porro</strong></span> <span class='ocrx_word' id='word_1_474' title='bbox 1221 515 1285 538; x_wconf 85' lang='lat' dir='ltr'><strong>sunt</strong></span> <span class='ocrx_word' id='word_1_475' title='bbox 1303 517 1331 538; x_wconf 91' lang='lat' dir='ltr'><strong>et</strong></span> <span class='ocrx_word' id='word_1_476' title='bbox 1346 513 1479 545; x_wconf 81' lang='lat' dir='ltr'><strong>s--junc1a,</strong></span> <span class='ocrx_word' id='word_1_477' title='bbox 1502 520 1676 546; x_wconf 60' lang='lat' dir='ltr'><strong>quaecunque</strong></span> 
     </span>
    </p>
   </div>
   <div class='ocr_carea' id='block_1_72' title="bbox 887 556 1677 591">
    <p class='ocr_par' dir='ltr' id='par_1_72' title="bbox 887 556 1677 591">
     <span class='ocr_line' id='line_1_72' title="bbox 887 556 1677 591; baseline 0.003 -9"><span class='ocrx_word' id='word_1_478' title='bbox 887 556 919 582; x_wconf 88' lang='lat' dir='ltr'><strong>ad</strong></span> <span class='ocrx_word' id='word_1_479' title='bbox 934 556 1056 583; x_wconf 76' lang='lat' dir='ltr'><strong>divinam</strong></span> <span class='ocrx_word' id='word_1_480' title='bbox 1068 561 1096 584; x_wconf 86' lang='lat' dir='ltr'><strong>et</strong></span> <span class='ocrx_word' id='word_1_481' title='bbox 1110 557 1290 584; x_wconf 86' lang='lat' dir='ltr'><strong>immanitatis</strong></span> <span class='ocrx_word' id='word_1_482' title='bbox 1307 557 1415 591; x_wconf 81' lang='lat' dir='ltr'><strong>plenam</strong></span> <span class='ocrx_word' id='word_1_483' title='bbox 1427 558 1473 584; x_wconf 83' lang='lat' dir='ltr'><strong>Dei</strong></span> <span class='ocrx_word' id='word_1_484' title='bbox 1488 558 1568 584; x_wconf 86' lang='lat' dir='ltr'><strong>Verbi</strong></span> <span class='ocrx_word' id='word_1_485' title='bbox 1588 559 1677 584; x_wconf 86' lang='lat' dir='ltr'><strong>incar—</strong></span> 
     </span>
    </p>
   </div>
   <div class='ocr_carea' id='block_1_73' title="bbox 887 602 1677 636">
    <p class='ocr_par' dir='ltr' id='par_1_73' title="bbox 887 602 1677 636">
     <span class='ocr_line' id='line_1_73' title="bbox 887 602 1677 636; baseline 0.001 -8"><span class='ocrx_word' id='word_1_486' title='bbox 887 602 1026 629; x_wconf 87' lang='lat' dir='ltr'><strong>nationem</strong></span> <span class='ocrx_word' id='word_1_487' title='bbox 1066 603 1216 636; x_wconf 86' lang='lat' dir='ltr'><strong>pertinent.</strong></span> <span class='ocrx_word' id='word_1_488' title='bbox 1245 604 1346 629; x_wconf 79' lang='lat' dir='ltr'><strong>Eorum</strong></span> <span class='ocrx_word' id='word_1_489' title='bbox 1381 604 1455 631; x_wconf 83' lang='lat' dir='ltr'><strong>enim</strong></span> <span class='ocrx_word' id='word_1_490' title='bbox 1485 604 1562 630; x_wconf 91' lang='lat' dir='ltr'><strong>nullo</strong></span> <span class='ocrx_word' id='word_1_491' title='bbox 1596 603 1677 630; x_wconf 88' lang='lat' dir='ltr'><strong>modo</strong></span> 
     </span>
    </p>
   </div>
   <div class='ocr_carea' id='block_1_74' title="bbox 888 646 1676 682">
    <p class='ocr_par' dir='ltr' id='par_1_74' title="bbox 888 646 1676 682">
     <span class='ocr_line' id='line_1_74' title="bbox 888 646 1676 682; baseline 0 -8"><span class='ocrx_word' id='word_1_492' title='bbox 888 647 969 674; x_wconf 82' lang='lat' dir='ltr'><strong>Pater</strong></span> <span class='ocrx_word' id='word_1_493' title='bbox 994 651 1022 674; x_wconf 86' lang='lat' dir='ltr'><strong>et</strong></span> <span class='ocrx_word' id='word_1_494' title='bbox 1050 646 1168 682; x_wconf 85' lang='lat' dir='ltr'><strong>Spiritus</strong></span> <span class='ocrx_word' id='word_1_495' title='bbox 1198 648 1348 682; x_wconf 80' lang='lat' dir='ltr'><strong>participes</strong></span> <span class='ocrx_word' id='word_1_496' title='bbox 1380 654 1455 681; x_wconf 88' lang='lat' dir='ltr'><strong>sunt,</strong></span> <span class='ocrx_word' id='word_1_497' title='bbox 1486 649 1538 676; x_wconf 79' lang='lat' dir='ltr'><strong>nisi</strong></span> <span class='ocrx_word' id='word_1_498' title='bbox 1570 653 1676 675; x_wconf 78' lang='lat' dir='ltr'><strong>tantum</strong></span> 
     </span>
    </p>
   </div>
   <div class='ocr_carea' id='block_1_75' title="bbox 887 693 1674 728">
    <p class='ocr_par' dir='ltr' id='par_1_75' title="bbox 887 693 1674 728">
     <span class='ocr_line' id='line_1_75' title="bbox 887 693 1674 728; baseline 0.001 -9"><span class='ocrx_word' id='word_1_499' title='bbox 887 693 952 727; x_wconf 83' lang='lat' dir='ltr'><strong>quia</strong></span> <span class='ocrx_word' id='word_1_500' title='bbox 970 693 1079 727; x_wconf 89' lang='lat' dir='ltr'><strong>utrique</strong></span> <span class='ocrx_word' id='word_1_501' title='bbox 1108 693 1178 720; x_wconf 88' lang='lat' dir='ltr'><strong>bene</strong></span> <span class='ocrx_word' id='word_1_502' title='bbox 1204 695 1399 728; x_wconf 86' lang='lat' dir='ltr'><strong>complacitum</strong></span> <span class='ocrx_word' id='word_1_503' title='bbox 1426 701 1477 725; x_wconf 77' lang='lat' dir='ltr'><strong>est,</strong></span> <span class='ocrx_word' id='word_1_504' title='bbox 1505 699 1534 721; x_wconf 92' lang='lat' dir='ltr'><strong>et</strong></span> <span class='ocrx_word' id='word_1_505' title='bbox 1557 695 1674 720; x_wconf 80' lang='lat' dir='ltr'><strong>miracu-</strong></span> 
     </span>
    </p>
   </div>
   <div class='ocr_carea' id='block_1_76' title="bbox 888 738 1679 774">
    <p class='ocr_par' dir='ltr' id='par_1_76' title="bbox 888 738 1679 774">
     <span class='ocr_line' id='line_1_76' title="bbox 888 738 1679 774; baseline 0.003 -10"><span class='ocrx_word' id='word_1_506' title='bbox 888 738 979 765; x_wconf 90' lang='lat' dir='ltr'><strong>lorum</strong></span> <span class='ocrx_word' id='word_1_507' title='bbox 1003 738 1088 765; x_wconf 85' lang='lat' dir='ltr'><strong>editio</strong></span> <span class='ocrx_word' id='word_1_508' title='bbox 1113 739 1158 766; x_wconf 85' lang='lat' dir='ltr'><strong>illa</strong></span> <span class='ocrx_word' id='word_1_509' title='bbox 1189 739 1381 767; x_wconf 88' lang='lat' dir='ltr'><strong>inenarrabilis</strong></span> <span class='ocrx_word' id='word_1_510' title='bbox 1407 741 1595 774; x_wconf 69' lang='lat' dir='ltr'><strong>arrisitzqnze</strong></span> <span class='ocrx_word' id='word_1_511' title='bbox 1617 740 1679 773; x_wconf 74' lang='lat' dir='ltr'><strong>qui—</strong></span> 
     </span>
    </p>
   </div>
   <div class='ocr_carea' id='block_1_77' title="bbox 889 781 1678 815">
    <p class='ocr_par' dir='ltr' id='par_1_77' title="bbox 889 781 1678 815">
     <span class='ocr_line' id='line_1_77' title="bbox 889 781 1678 815; baseline 0.003 -7"><span class='ocrx_word' id='word_1_512' title='bbox 889 781 952 808; x_wconf 89' lang='lat' dir='ltr'><strong>dem</strong></span> <span class='ocrx_word' id='word_1_513' title='bbox 979 790 994 808; x_wconf 88' lang='lat' dir='ltr'><strong>a</strong></span> <span class='ocrx_word' id='word_1_514' title='bbox 1021 782 1110 809; x_wconf 83' lang='lat' dir='ltr'><strong>Verbo</strong></span> <span class='ocrx_word' id='word_1_515' title='bbox 1136 783 1209 815; x_wconf 86' lang='lat' dir='ltr'><strong>Deo,</strong></span> <span class='ocrx_word' id='word_1_516' title='bbox 1234 783 1316 810; x_wconf 88' lang='lat' dir='ltr'><strong>etiam</strong></span> <span class='ocrx_word' id='word_1_517' title='bbox 1346 784 1457 810; x_wconf 87' lang='lat' dir='ltr'><strong>homine</strong></span> <span class='ocrx_word' id='word_1_518' title='bbox 1486 784 1565 811; x_wconf 90' lang='lat' dir='ltr'><strong>nobis</strong></span> <span class='ocrx_word' id='word_1_519' title='bbox 1594 784 1678 810; x_wconf 88' lang='lat' dir='ltr'><strong>simili</strong></span> 
     </span>
    </p>
   </div>
   <div class='ocr_carea' id='block_1_78' title="bbox 888 828 1678 864">
    <p class='ocr_par' dir='ltr' id='par_1_78' title="bbox 888 828 1678 864">
     <span class='ocr_line' id='line_1_78' title="bbox 888 828 1678 864; baseline 0.003 -9"><span class='ocrx_word' id='word_1_520' title='bbox 888 828 971 861; x_wconf 83' lang='lat' dir='ltr'><strong>facto,</strong></span> <span class='ocrx_word' id='word_1_521' title='bbox 988 834 1118 864; x_wconf 85' lang='lat' dir='ltr'><strong>tanquam</strong></span> <span class='ocrx_word' id='word_1_522' title='bbox 1140 830 1197 857; x_wconf 89' lang='lat' dir='ltr'><strong>Deo</strong></span> <span class='ocrx_word' id='word_1_523' title='bbox 1214 830 1391 863; x_wconf 86' lang='lat' dir='ltr'><strong>immutabili,</strong></span> <span class='ocrx_word' id='word_1_524' title='bbox 1405 835 1434 856; x_wconf 87' lang='lat' dir='ltr'><strong>et</strong></span> <span class='ocrx_word' id='word_1_525' title='bbox 1448 830 1496 857; x_wconf 88' lang='lat' dir='ltr'><strong>Dei</strong></span> <span class='ocrx_word' id='word_1_526' title='bbox 1512 830 1592 862; x_wconf 75' lang='lat' dir='ltr'><strong>Filio,</strong></span> <span class='ocrx_word' id='word_1_527' title='bbox 1604 832 1678 858; x_wconf 81' lang='lat' dir='ltr'><strong>edita</strong></span> 
     </span>
    </p>
   </div>
   <div class='ocr_carea' id='block_1_79' title="bbox 887 880 961 903">
    <p class='ocr_par' dir='ltr' id='par_1_79' title="bbox 887 880 961 903">
     <span class='ocr_line' id='line_1_79' title="bbox 887 880 961 903; baseline 0.014 -1"><span class='ocrx_word' id='word_1_528' title='bbox 887 880 961 903; x_wconf 68' lang='grc' dir='ltr'>ευιιι.</span> 
     </span>
    </p>
   </div>
   <div class='ocr_carea' id='block_1_80' title="bbox 1177 920 1394 948">
    <p class='ocr_par' dir='ltr' id='par_1_80' title="bbox 1177 920 1394 948">
     <span class='ocr_line' id='line_1_80' title="bbox 1177 920 1394 948; baseline -0.005 0"><span class='ocrx_word' id='word_1_529' title='bbox 1177 920 1253 948; x_wconf 74' lang='lat' dir='ltr'><strong>CAP.</strong></span> <span class='ocrx_word' id='word_1_530' title='bbox 1271 921 1394 948; x_wconf 74' lang='lat' dir='ltr'><strong>XXXIX.</strong></span> 
     </span>
    </p>
   </div>
   <div class='ocr_carea' id='block_1_81' title="bbox 886 965 1680 1001">
    <p class='ocr_par' dir='ltr' id='par_1_81' title="bbox 886 965 1680 1001">
     <span class='ocr_line' id='line_1_81' title="bbox 886 965 1680 1001; baseline 0.003 -9"><span class='ocrx_word' id='word_1_531' title='bbox 886 965 906 1001; x_wconf 61' lang='grc' dir='ltr'><strong>-ξ-</strong></span> <span class='ocrx_word' id='word_1_532' title='bbox 926 965 1050 1001; x_wconf 75' lang='lat' dir='ltr'><strong>Ejusdem</strong></span> <span class='ocrx_word' id='word_1_533' title='bbox 1074 975 1106 993; x_wconf 73' lang='lat' dir='ltr'><strong>ea;</strong></span> <span class='ocrx_word' id='word_1_534' title='bbox 1132 975 1191 1000; x_wconf 83' lang='lat' dir='ltr'><strong>cap.</strong></span> <span class='ocrx_word' id='word_1_535' title='bbox 1212 967 1244 993; x_wconf 74' lang='lat' dir='ltr'><strong>M</strong></span> <span class='ocrx_word' id='word_1_536' title='bbox 1265 968 1297 993; x_wconf 83' lang='lat' dir='ltr'><strong>de</strong></span> <span class='ocrx_word' id='word_1_537' title='bbox 1320 968 1352 994; x_wconf 76' lang='lat' dir='ltr'><strong>iis</strong></span> <span class='ocrx_word' id='word_1_538' title='bbox 1375 975 1434 1000; x_wconf 73' lang='lat' dir='ltr'><strong>qua:</strong></span> <span class='ocrx_word' id='word_1_539' title='bbox 1457 967 1631 1001; x_wconf 80' lang='lat' dir='ltr'><strong>corporaliter</strong></span> <span class='ocrx_word' id='word_1_540' title='bbox 1647 967 1680 994; x_wconf 75' lang='lat' dir='ltr'><strong>de</strong></span> 
     </span>
    </p>
   </div>
   <div class='ocr_carea' id='block_1_82' title="bbox 934 1002 1418 1037">
    <p class='ocr_par' dir='ltr' id='par_1_82' title="bbox 934 1002 1418 1037">
     <span class='ocr_line' id='line_1_82' title="bbox 934 1002 1418 1037; baseline 0 -9"><span class='ocrx_word' id='word_1_541' title='bbox 934 1004 936 1006; x_wconf 66' lang='grc'><strong>⁷</strong></span> <span class='ocrx_word' id='word_1_542' title='bbox 1143 1002 1195 1028; x_wconf 84' lang='lat' dir='ltr'><strong>Deo</strong></span> <span class='ocrx_word' id='word_1_543' title='bbox 1211 1003 1335 1029; x_wconf 82' lang='lat' dir='ltr'><strong>dicuntur</strong></span> <span class='ocrx_word' id='word_1_544' title='bbox 1352 1003 1418 1037; x_wconf 70' lang='lat' dir='ltr'><strong>(l2).</strong></span> 
     </span>
    </p>
   </div>
   <div class='ocr_carea' id='block_1_83' title="bbox 924 1058 1681 1093">
    <p class='ocr_par' dir='ltr' id='par_1_83' title="bbox 924 1058 1681 1093">
     <span class='ocr_line' id='line_1_83' title="bbox 924 1058 1681 1093; baseline 0 -9"><span class='ocrx_word' id='word_1_545' title='bbox 924 1059 991 1092; x_wconf 83' lang='lat' dir='ltr'><strong>Quia</strong></span> <span class='ocrx_word' id='word_1_546' title='bbox 1023 1065 1087 1085; x_wconf 87' lang='lat' dir='ltr'><strong>vero</strong></span> <span class='ocrx_word' id='word_1_547' title='bbox 1102 1059 1234 1093; x_wconf 86' lang='lat' dir='ltr'><strong>pleraque</strong></span> <span class='ocrx_word' id='word_1_548' title='bbox 1250 1059 1337 1085; x_wconf 84' lang='lat' dir='ltr'><strong>sacris</strong></span> <span class='ocrx_word' id='word_1_549' title='bbox 1359 1058 1512 1092; x_wconf 82' lang='lat' dir='ltr'><strong>Seripturis</strong></span> <span class='ocrx_word' id='word_1_550' title='bbox 1536 1058 1572 1085; x_wconf 80' lang='lat' dir='ltr'><strong>ita</strong></span> <span class='ocrx_word' id='word_1_551' title='bbox 1591 1066 1681 1085; x_wconf 87' lang='lat' dir='ltr'><strong>enun-</strong></span> 
     </span>
    </p>
   </div>
   <div class='ocr_carea' id='block_1_84' title="bbox 889 1102 1678 1138">
    <p class='ocr_par' dir='ltr' id='par_1_84' title="bbox 889 1102 1678 1138">
     <span class='ocr_line' id='line_1_84' title="bbox 889 1102 1678 1138; baseline -0.004 -7"><span class='ocrx_word' id='word_1_552' title='bbox 889 1105 953 1131; x_wconf 82' lang='lat' dir='ltr'><strong>tiata</strong></span> <span class='ocrx_word' id='word_1_553' title='bbox 975 1103 1218 1138; x_wconf 76' lang='lat' dir='ltr'><strong>deprehendimus,</strong></span> <span class='ocrx_word' id='word_1_554' title='bbox 1248 1108 1278 1129; x_wconf 89' lang='lat' dir='ltr'><strong>ut</strong></span> <span class='ocrx_word' id='word_1_555' title='bbox 1305 1111 1469 1136; x_wconf 83' lang='lat' dir='ltr'><strong>corporeum</strong></span> <span class='ocrx_word' id='word_1_556' title='bbox 1487 1103 1542 1138; x_wconf 83' lang='grc'><strong>(15)</strong></span> <span class='ocrx_word' id='word_1_557' title='bbox 1560 1102 1678 1137; x_wconf 73' lang='lat' dir='ltr'><strong>aliquid,</strong></span> 
     </span>
    </p>
   </div>
   <div class='ocr_carea' id='block_1_85' title="bbox 888 1148 1679 1185">
    <p class='ocr_par' dir='ltr' id='par_1_85' title="bbox 888 1148 1679 1185">
     <span class='ocr_line' id='line_1_85' title="bbox 888 1148 1679 1185; baseline -0.005 -7"><span class='ocrx_word' id='word_1_558' title='bbox 888 1151 963 1178; x_wconf 81' lang='lat' dir='ltr'><strong>velut</strong></span> <span class='ocrx_word' id='word_1_559' title='bbox 991 1159 1024 1177; x_wconf 79' lang='lat' dir='ltr'><strong>ex</strong></span> <span class='ocrx_word' id='word_1_560' title='bbox 1051 1151 1210 1185; x_wconf 81' lang='lat' dir='ltr'><strong>conjectura</strong></span> <span class='ocrx_word' id='word_1_561' title='bbox 1227 1149 1383 1183; x_wconf 73' lang='lat' dir='ltr'><strong>designent,</strong></span> <span class='ocrx_word' id='word_1_562' title='bbox 1401 1149 1542 1175; x_wconf 88' lang='lat' dir='ltr'><strong>sciendum</strong></span> <span class='ocrx_word' id='word_1_563' title='bbox 1561 1153 1603 1175; x_wconf 88' lang='lat' dir='ltr'><strong>est</strong></span> <span class='ocrx_word' id='word_1_564' title='bbox 1620 1148 1679 1174; x_wconf 79' lang='lat' dir='ltr'><strong>ﬁeri</strong></span> 
     </span>
    </p>
   </div>
   <div class='ocr_carea' id='block_1_86' title="bbox 888 1194 1679 1231">
    <p class='ocr_par' dir='ltr' id='par_1_86' title="bbox 888 1194 1679 1231">
     <span class='ocr_line' id='line_1_86' title="bbox 888 1194 1679 1231; baseline -0.005 -7"><span class='ocrx_word' id='word_1_565' title='bbox 888 1205 942 1224; x_wconf 89' lang='lat' dir='ltr'><strong>non</strong></span> <span class='ocrx_word' id='word_1_566' title='bbox 961 1204 1052 1231; x_wconf 80' lang='lat' dir='ltr'><strong>posse.</strong></span> <span class='ocrx_word' id='word_1_567' title='bbox 1068 1200 1098 1222; x_wconf 89' lang='lat' dir='ltr'><strong>ut</strong></span> <span class='ocrx_word' id='word_1_568' title='bbox 1114 1203 1174 1225; x_wconf 88' lang='lat' dir='ltr'><strong>nos.</strong></span> <span class='ocrx_word' id='word_1_569' title='bbox 1193 1203 1256 1222; x_wconf 90' lang='lat' dir='ltr'><strong>cum</strong></span> <span class='ocrx_word' id='word_1_570' title='bbox 1272 1195 1399 1221; x_wconf 85' lang='lat' dir='ltr'><strong>homines</strong></span> <span class='ocrx_word' id='word_1_571' title='bbox 1414 1195 1501 1221; x_wconf 91' lang='lat' dir='ltr'><strong>simus</strong></span> <span class='ocrx_word' id='word_1_572' title='bbox 1517 1194 1568 1221; x_wconf 89' lang='lat' dir='ltr'><strong>ltac</strong></span> <span class='ocrx_word' id='word_1_573' title='bbox 1579 1202 1679 1221; x_wconf 87' lang='lat' dir='ltr'><strong>carnea</strong></span> 
     </span>
    </p>
   </div>
   <div class='ocr_carea' id='block_1_87' title="bbox 888 1239 1679 1272">
    <p class='ocr_par' dir='ltr' id='par_1_87' title="bbox 888 1239 1679 1272">
     <span class='ocr_line' id='line_1_87' title="bbox 888 1239 1679 1272; baseline -0.004 -3"><span class='ocrx_word' id='word_1_574' title='bbox 888 1250 978 1269; x_wconf 81' lang='lat' dir='ltr'><strong>massa</strong></span> <span class='ocrx_word' id='word_1_575' title='bbox 1000 1241 1183 1271; x_wconf 89' lang='lat' dir='ltr'><strong>circnmtecti,</strong></span> <span class='ocrx_word' id='word_1_576' title='bbox 1202 1240 1320 1271; x_wconf 87' lang='lat' dir='ltr'><strong>divinas,</strong></span> <span class='ocrx_word' id='word_1_577' title='bbox 1346 1239 1482 1272; x_wconf 70' lang='lat' dir='ltr'><strong>excelsas,</strong></span> <span class='ocrx_word' id='word_1_578' title='bbox 1495 1244 1528 1267; x_wconf 83' lang='lat' dir='ltr'><strong>.et</strong></span> <span class='ocrx_word' id='word_1_579' title='bbox 1545 1239 1579 1265; x_wconf 89' lang='lat' dir='ltr'><strong>ah</strong></span> <span class='ocrx_word' id='word_1_580' title='bbox 1606 1239 1679 1266; x_wconf 88' lang='lat' dir='ltr'><strong>omni</strong></span> 
     </span>
    </p>
   </div>
   <div class='ocr_carea' id='block_1_88' title="bbox 888 1284 1682 1318">
    <p class='ocr_par' dir='ltr' id='par_1_88' title="bbox 888 1284 1682 1318">
     <span class='ocr_line' id='line_1_88' title="bbox 888 1284 1682 1318; baseline -0.006 -3"><span class='ocrx_word' id='word_1_581' title='bbox 888 1287 1005 1316; x_wconf 87' lang='lat' dir='ltr'><strong>materia</strong></span> <span class='ocrx_word' id='word_1_582' title='bbox 1022 1290 1153 1318; x_wconf 84' lang='lat' dir='ltr'><strong>remotas,</strong></span> <span class='ocrx_word' id='word_1_583' title='bbox 1170 1284 1324 1312; x_wconf 80' lang='lat' dir='ltr'><strong>divinitatis</strong></span> <span class='ocrx_word' id='word_1_584' title='bbox 1338 1286 1461 1312; x_wconf 78' lang='lat' dir='ltr'><strong>actiones</strong></span> <span class='ocrx_word' id='word_1_585' title='bbox 1478 1284 1620 1310; x_wconf 74' lang='lat' dir='ltr'><strong>intellectu</strong></span> <span class='ocrx_word' id='word_1_586' title='bbox 1638 1291 1682 1310; x_wconf 85' lang='lat' dir='ltr'><strong>as-</strong></span> 
     </span>
    </p>
   </div>
   <div class='ocr_carea' id='block_1_89' title="bbox 888 1329 1678 1368">
    <p class='ocr_par' dir='ltr' id='par_1_89' title="bbox 888 1329 1678 1368">
     <span class='ocr_line' id='line_1_89' title="bbox 888 1329 1678 1368; baseline -0.005 -8"><span class='ocrx_word' id='word_1_587' title='bbox 888 1341 1045 1368; x_wconf 84' lang='lat' dir='ltr'><strong>sequamur,</strong></span> <span class='ocrx_word' id='word_1_588' title='bbox 1062 1337 1110 1358; x_wconf 90' lang='lat' dir='ltr'><strong>aut</strong></span> <span class='ocrx_word' id='word_1_589' title='bbox 1125 1331 1218 1358; x_wconf 83' lang='lat' dir='ltr'><strong>verbis</strong></span> <span class='ocrx_word' id='word_1_590' title='bbox 1237 1331 1424 1365; x_wconf 78' lang='lat' dir='ltr'><strong>exprimamus</strong></span> <span class='ocrx_word' id='word_1_591' title='bbox 1447 1339 1454 1357; x_wconf 89' lang='lat'><strong>:</strong></span> <span class='ocrx_word' id='word_1_592' title='bbox 1478 1330 1529 1357; x_wconf 89' lang='lat' dir='ltr'><strong>nisi</strong></span> <span class='ocrx_word' id='word_1_593' title='bbox 1550 1329 1678 1365; x_wconf 81' lang='lat' dir='ltr'><strong>imagini-</strong></span> 
     </span>
    </p>
   </div>
   <div class='ocr_carea' id='block_1_90' title="bbox 889 1376 1679 1413">
    <p class='ocr_par' dir='ltr' id='par_1_90' title="bbox 889 1376 1679 1413">
     <span class='ocr_line' id='line_1_90' title="bbox 889 1376 1679 1413; baseline -0.003 -7"><span class='ocrx_word' id='word_1_594' title='bbox 889 1380 951 1409; x_wconf 87' lang='lat' dir='ltr'><strong>bus,</strong></span> <span class='ocrx_word' id='word_1_595' title='bbox 969 1379 1064 1405; x_wconf 62' lang='lat' dir='ltr'><strong>l‘ormis</strong></span> <span class='ocrx_word' id='word_1_596' title='bbox 1087 1383 1114 1405; x_wconf 88' lang='lat' dir='ltr'><strong>et</strong></span> <span class='ocrx_word' id='word_1_597' title='bbox 1127 1377 1259 1413; x_wconf 82' lang='lat' dir='ltr'><strong>symbolis</strong></span> <span class='ocrx_word' id='word_1_598' title='bbox 1275 1377 1346 1403; x_wconf 86' lang='lat' dir='ltr'><strong>inter</strong></span> <span class='ocrx_word' id='word_1_599' title='bbox 1356 1384 1407 1403; x_wconf 86' lang='lat' dir='ltr'><strong>nos</strong></span> <span class='ocrx_word' id='word_1_600' title='bbox 1422 1376 1540 1411; x_wconf 81' lang='lat' dir='ltr'><strong>cognitis</strong></span> <span class='ocrx_word' id='word_1_601' title='bbox 1559 1381 1679 1404; x_wconf 87' lang='lat' dir='ltr'><strong>utamur.</strong></span> 
     </span>
    </p>
   </div>
   <div class='ocr_carea' id='block_1_91' title="bbox 888 1423 1679 1458">
    <p class='ocr_par' dir='ltr' id='par_1_91' title="bbox 888 1423 1679 1458">
     <span class='ocr_line' id='line_1_91' title="bbox 888 1423 1679 1458; baseline -0.001 -7"><span class='ocrx_word' id='word_1_602' title='bbox 888 1426 1065 1458; x_wconf 70' lang='lat' dir='ltr'><strong>Quaecunque</strong></span> <span class='ocrx_word' id='word_1_603' title='bbox 1081 1431 1146 1458; x_wconf 73' lang='lat' dir='ltr'><strong>ergo</strong></span> <span class='ocrx_word' id='word_1_604' title='bbox 1160 1423 1194 1450; x_wconf 85' lang='lat' dir='ltr'><strong>de</strong></span> <span class='ocrx_word' id='word_1_605' title='bbox 1212 1423 1267 1450; x_wconf 86' lang='lat' dir='ltr'><strong>Deo</strong></span> <span class='ocrx_word' id='word_1_606' title='bbox 1286 1423 1469 1457; x_wconf 87' lang='lat' dir='ltr'><strong>corporaliter</strong></span> <span class='ocrx_word' id='word_1_607' title='bbox 1485 1423 1679 1450; x_wconf 88' lang='lat' dir='ltr'><strong>cnnntiantur.</strong></span> 
     </span>
    </p>
   </div>
   <div class='ocr_carea' id='block_1_92' title="bbox 889 1467 1680 1504">
    <p class='ocr_par' dir='ltr' id='par_1_92' title="bbox 889 1467 1680 1504">
     <span class='ocr_line' id='line_1_92' title="bbox 889 1467 1680 1504; baseline -0.005 -8"><span class='ocrx_word' id='word_1_608' title='bbox 889 1477 920 1496; x_wconf 76' lang='lat' dir='ltr'><strong>ex</strong></span> <span class='ocrx_word' id='word_1_609' title='bbox 942 1470 1102 1504; x_wconf 86' lang='lat' dir='ltr'><strong>conjectura</strong></span> <span class='ocrx_word' id='word_1_610' title='bbox 1117 1468 1284 1502; x_wconf 83' lang='lat' dir='ltr'><strong>dependent,</strong></span> <span class='ocrx_word' id='word_1_611' title='bbox 1309 1467 1337 1493; x_wconf 87' lang='lat' dir='ltr'><strong>itt</strong></span> <span class='ocrx_word' id='word_1_612' title='bbox 1357 1468 1390 1494; x_wconf 91' lang='lat' dir='ltr'><strong>iis</strong></span> <span class='ocrx_word' id='word_1_613' title='bbox 1413 1472 1505 1494; x_wconf 88' lang='lat' dir='ltr'><strong>autem</strong></span> <span class='ocrx_word' id='word_1_614' title='bbox 1533 1467 1680 1494; x_wconf 87' lang='lat' dir='ltr'><strong>sublimior</strong></span> 
     </span>
    </p>
   </div>
   <div class='ocr_carea' id='block_1_93' title="bbox 889 1514 1681 1551">
    <p class='ocr_par' dir='ltr' id='par_1_93' title="bbox 889 1514 1681 1551">
     <span class='ocr_line' id='line_1_93' title="bbox 889 1514 1681 1551; baseline -0.003 -9"><span class='ocrx_word' id='word_1_615' title='bbox 889 1516 990 1551; x_wconf 82' lang='lat' dir='ltr'><strong>aliquis</strong></span> <span class='ocrx_word' id='word_1_616' title='bbox 1005 1523 1102 1542; x_wconf 80' lang='lat' dir='ltr'><strong>sensus</strong></span> <span class='ocrx_word' id='word_1_617' title='bbox 1116 1514 1265 1542; x_wconf 80' lang='lat' dir='ltr'><strong>delitescit.</strong></span> <span class='ocrx_word' id='word_1_618' title='bbox 1292 1514 1414 1548; x_wconf 85' lang='lat' dir='ltr'><strong>Simplex</strong></span> <span class='ocrx_word' id='word_1_619' title='bbox 1440 1514 1512 1541; x_wconf 89' lang='lat' dir='ltr'><strong>enim</strong></span> <span class='ocrx_word' id='word_1_620' title='bbox 1541 1514 1612 1540; x_wconf 85' lang='lat' dir='ltr'><strong>Deus</strong></span> <span class='ocrx_word' id='word_1_621' title='bbox 1626 1518 1681 1545; x_wconf 82' lang='lat' dir='ltr'><strong>est,</strong></span> 
     </span>
    </p>
   </div>
   <div class='ocr_carea' id='block_1_94' title="bbox 889 1561 1679 1598">
    <p class='ocr_par' dir='ltr' id='par_1_94' title="bbox 889 1561 1679 1598">
     <span class='ocr_line' id='line_1_94' title="bbox 889 1561 1679 1598; baseline -0.005 -7"><span class='ocrx_word' id='word_1_622' title='bbox 889 1571 979 1598; x_wconf 88' lang='lat' dir='ltr'><strong>tteque</strong></span> <span class='ocrx_word' id='word_1_623' title='bbox 1002 1563 1056 1590; x_wconf 90' lang='lat' dir='ltr'><strong>ulla</strong></span> <span class='ocrx_word' id='word_1_624' title='bbox 1081 1563 1168 1598; x_wconf 78' lang='lat' dir='ltr'><strong>ﬁgura</strong></span> <span class='ocrx_word' id='word_1_625' title='bbox 1194 1562 1406 1589; x_wconf 87' lang='lat' dir='ltr'><strong>lineatncntisve</strong></span> <span class='ocrx_word' id='word_1_626' title='bbox 1434 1561 1546 1596; x_wconf 66' lang='lat' dir='ltr'><strong>depingi</strong></span> <span class='ocrx_word' id='word_1_627' title='bbox 1578 1565 1679 1596; x_wconf 80' lang='lat' dir='ltr'><strong>potest.</strong></span> 
     </span>
    </p>
   </div>
   <div class='ocr_carea' id='block_1_95' title="bbox 889 1606 1680 1647">
    <p class='ocr_par' dir='ltr' id='par_1_95' title="bbox 889 1606 1680 1647">
     <span class='ocr_line' id='line_1_95' title="bbox 889 1606 1680 1647; baseline -0.008 -8"><span class='ocrx_word' id='word_1_628' title='bbox 889 1613 975 1647; x_wconf 79' lang='lat' dir='ltr'><strong>Igitur</strong></span> <span class='ocrx_word' id='word_1_629' title='bbox 990 1611 1144 1641; x_wconf 88' lang='lat' dir='ltr'><strong>oculorum,</strong></span> <span class='ocrx_word' id='word_1_630' title='bbox 1167 1609 1375 1644; x_wconf 85' lang='lat' dir='ltr'><strong>palpebrarum,</strong></span> <span class='ocrx_word' id='word_1_631' title='bbox 1393 1613 1615 1642; x_wconf 88' lang='lat' dir='ltr'><strong>conspectusque</strong></span> <span class='ocrx_word' id='word_1_632' title='bbox 1633 1606 1680 1633; x_wconf 84' lang='lat' dir='ltr'><strong>Dei</strong></span> 
     </span>
    </p>
   </div>
   <div class='ocr_carea' id='block_1_96' title="bbox 889 1652 1681 1690">
    <p class='ocr_par' dir='ltr' id='par_1_96' title="bbox 889 1652 1681 1690">
     <span class='ocr_line' id='line_1_96' title="bbox 889 1652 1681 1690; baseline -0.009 -6"><span class='ocrx_word' id='word_1_633' title='bbox 889 1657 1001 1685; x_wconf 87' lang='lat' dir='ltr'><strong>nomine</strong></span> <span class='ocrx_word' id='word_1_634' title='bbox 1019 1656 1074 1682; x_wconf 87' lang='lat' dir='ltr'><strong>vim</strong></span> <span class='ocrx_word' id='word_1_635' title='bbox 1095 1656 1155 1690; x_wconf 88' lang='lat' dir='ltr'><strong>ejus</strong></span> <span class='ocrx_word' id='word_1_636' title='bbox 1177 1654 1368 1688; x_wconf 83' lang='lat' dir='ltr'><strong>intelligimus,</strong></span> <span class='ocrx_word' id='word_1_637' title='bbox 1386 1661 1439 1687; x_wconf 87' lang='lat' dir='ltr'><strong>qtta</strong></span> <span class='ocrx_word' id='word_1_638' title='bbox 1467 1660 1512 1679; x_wconf 89' lang='lat' dir='ltr'><strong>res</strong></span> <span class='ocrx_word' id='word_1_639' title='bbox 1534 1652 1681 1678; x_wconf 77' lang='lat' dir='ltr'><strong>universas</strong></span> 
     </span>
    </p>
   </div>
   <div class='ocr_carea' id='block_1_97' title="bbox 888 1695 1679 1736">
    <p class='ocr_par' dir='ltr' id='par_1_97' title="bbox 888 1695 1679 1736">
     <span class='ocr_line' id='line_1_97' title="bbox 888 1695 1679 1736; baseline -0.011 -6"><span class='ocrx_word' id='word_1_640' title='bbox 888 1702 1103 1736; x_wconf 86' lang='lat' dir='ltr'><strong>contemplatur,</strong></span> <span class='ocrx_word' id='word_1_641' title='bbox 1119 1707 1237 1734; x_wconf 83' lang='lat' dir='ltr'><strong>eamque</strong></span> <span class='ocrx_word' id='word_1_642' title='bbox 1262 1699 1330 1725; x_wconf 85' lang='lat' dir='ltr'><strong>adeo</strong></span> <span class='ocrx_word' id='word_1_643' title='bbox 1352 1697 1549 1732; x_wconf 78' lang='lat' dir='ltr'><strong>cognitionem,</strong></span> <span class='ocrx_word' id='word_1_644' title='bbox 1572 1704 1624 1730; x_wconf 88' lang='lat' dir='ltr'><strong>qua</strong></span> <span class='ocrx_word' id='word_1_645' title='bbox 1640 1695 1679 1727; x_wconf 86' lang='lat' dir='ltr'><strong>lit,</strong></span> 
     </span>
    </p>
   </div>
   <div class='ocr_carea' id='block_1_98' title="bbox 889 1741 1680 1779">
    <p class='ocr_par' dir='ltr' id='par_1_98' title="bbox 889 1741 1680 1779">
     <span class='ocr_line' id='line_1_98' title="bbox 889 1741 1680 1779; baseline -0.009 -4"><span class='ocrx_word' id='word_1_646' title='bbox 889 1753 919 1776; x_wconf 89' lang='lat' dir='ltr'><strong>ut</strong></span> <span class='ocrx_word' id='word_1_647' title='bbox 946 1748 1014 1775; x_wconf 91' lang='lat' dir='ltr'><strong>nihil</strong></span> <span class='ocrx_word' id='word_1_648' title='bbox 1043 1747 1120 1774; x_wconf 89' lang='lat' dir='ltr'><strong>illum</strong></span> <span class='ocrx_word' id='word_1_649' title='bbox 1148 1747 1241 1777; x_wconf 86' lang='lat' dir='ltr'><strong>lateat,</strong></span> <span class='ocrx_word' id='word_1_650' title='bbox 1267 1745 1331 1779; x_wconf 89' lang='lat' dir='ltr'><strong>quia</strong></span> <span class='ocrx_word' id='word_1_651' title='bbox 1361 1743 1493 1770; x_wconf 87' lang='lat' dir='ltr'><strong>nimirum</strong></span> <span class='ocrx_word' id='word_1_652' title='bbox 1521 1741 1680 1776; x_wconf 85' lang='lat' dir='ltr'><strong>ltujnsmodi</strong></span> 
     </span>
    </p>
   </div>
   <div class='ocr_carea' id='block_1_99' title="bbox 888 1788 1680 1827">
    <p class='ocr_par' dir='ltr' id='par_1_99' title="bbox 888 1788 1680 1827">
     <span class='ocr_line' id='line_1_99' title="bbox 888 1788 1680 1827; baseline -0.011 -5"><span class='ocrx_word' id='word_1_653' title='bbox 888 1802 986 1822; x_wconf 81' lang='lat' dir='ltr'><strong>sensus</strong></span> <span class='ocrx_word' id='word_1_654' title='bbox 1001 1793 1136 1820; x_wconf 82' lang='lat' dir='ltr'><strong>beneﬁcio</strong></span> <span class='ocrx_word' id='word_1_655' title='bbox 1150 1791 1343 1827; x_wconf 78' lang='lat' dir='ltr'><strong>periectiorem</strong></span> <span class='ocrx_word' id='word_1_656' title='bbox 1361 1797 1454 1816; x_wconf 79' lang='lat' dir='ltr'><strong>rerum</strong></span> <span class='ocrx_word' id='word_1_657' title='bbox 1479 1788 1680 1823; x_wconf 78' lang='lat' dir='ltr'><strong>cognitionem,</strong></span> 
     </span>
    </p>
   </div>
   <div class='ocr_carea' id='block_1_100' title="bbox 887 1832 1681 1872">
    <p class='ocr_par' dir='ltr' id='par_1_100' title="bbox 887 1832 1681 1872">
     <span class='ocr_line' id='line_1_100' title="bbox 887 1832 1681 1872; baseline -0.009 -7"><span class='ocrx_word' id='word_1_658' title='bbox 887 1845 915 1866; x_wconf 90' lang='lat' dir='ltr'><strong>et</strong></span> <span class='ocrx_word' id='word_1_659' title='bbox 937 1838 1083 1865; x_wconf 84' lang='lat' dir='ltr'><strong>certiorem</strong></span> <span class='ocrx_word' id='word_1_660' title='bbox 1106 1836 1312 1872; x_wconf 86' lang='lat' dir='ltr'><strong>persuasionem</strong></span> <span class='ocrx_word' id='word_1_661' title='bbox 1331 1835 1539 1869; x_wconf 87' lang='lat' dir='ltr'><strong>consequimur.</strong></span> <span class='ocrx_word' id='word_1_662' title='bbox 1563 1832 1681 1860; x_wconf 84' lang='lat' dir='ltr'><strong>Auriutn</strong></span> 
     </span>
    </p>
   </div>
   <div class='ocr_carea' id='block_1_101' title="bbox 888 1877 1680 1917">
    <p class='ocr_par' dir='ltr' id='par_1_101' title="bbox 888 1877 1680 1917">
     <span class='ocr_line' id='line_1_101' title="bbox 888 1877 1680 1917; baseline -0.008 -7"><span class='ocrx_word' id='word_1_663' title='bbox 888 1884 954 1911; x_wconf 87' lang='lat' dir='ltr'><strong>item</strong></span> <span class='ocrx_word' id='word_1_664' title='bbox 972 1883 1139 1917; x_wconf 89' lang='lat' dir='ltr'><strong>auditusque</strong></span> <span class='ocrx_word' id='word_1_665' title='bbox 1154 1882 1266 1909; x_wconf 91' lang='lat' dir='ltr'><strong>nomine</strong></span> <span class='ocrx_word' id='word_1_666' title='bbox 1283 1881 1499 1916; x_wconf 86' lang='lat' dir='ltr'><strong>placabilitatem</strong></span> <span class='ocrx_word' id='word_1_667' title='bbox 1516 1880 1586 1914; x_wconf 88' lang='lat' dir='ltr'><strong>ejus,</strong></span> <span class='ocrx_word' id='word_1_668' title='bbox 1603 1883 1630 1906; x_wconf 83' lang='lat' dir='ltr'><strong>et</strong></span> <span class='ocrx_word' id='word_1_669' title='bbox 1646 1877 1680 1904; x_wconf 90' lang='lat' dir='ltr'><strong>ad</strong></span> 
     </span>
    </p>
   </div>
   <div class='ocr_carea' id='block_1_102' title="bbox 888 1927 1679 1964">
    <p class='ocr_par' dir='ltr' id='par_1_102' title="bbox 888 1927 1679 1964">
     <span class='ocr_line' id='line_1_102' title="bbox 888 1927 1679 1964; baseline -0.008 -6"><span class='ocrx_word' id='word_1_670' title='bbox 888 1936 951 1958; x_wconf 86' lang='lat' dir='ltr'><strong>vota</strong></span> <span class='ocrx_word' id='word_1_671' title='bbox 965 1936 1058 1958; x_wconf 84' lang='lat' dir='ltr'><strong>nostra</strong></span> <span class='ocrx_word' id='word_1_672' title='bbox 1076 1937 1227 1964; x_wconf 88' lang='lat' dir='ltr'><strong>precesque</strong></span> <span class='ocrx_word' id='word_1_673' title='bbox 1250 1928 1462 1963; x_wconf 83' lang='lat' dir='ltr'><strong>propensionem</strong></span> <span class='ocrx_word' id='word_1_674' title='bbox 1489 1927 1679 1960; x_wconf 76' lang='lat' dir='ltr'><strong>designamns.</strong></span> 
     </span>
    </p>
   </div>
   <div class='ocr_carea' id='block_1_103' title="bbox 889 1969 1682 2011">
    <p class='ocr_par' dir='ltr' id='par_1_103' title="bbox 889 1969 1682 2011">
     <span class='ocr_line' id='line_1_103' title="bbox 889 1969 1682 2011; baseline -0.01 -7"><span class='ocrx_word' id='word_1_675' title='bbox 889 1977 944 2004; x_wconf 81' lang='lat' dir='ltr'><strong>Nos</strong></span> <span class='ocrx_word' id='word_1_676' title='bbox 962 1977 1035 2004; x_wconf 88' lang='lat' dir='ltr'><strong>enitn</strong></span> <span class='ocrx_word' id='word_1_677' title='bbox 1051 1976 1134 2011; x_wconf 86' lang='lat' dir='ltr'><strong>hujus</strong></span> <span class='ocrx_word' id='word_1_678' title='bbox 1145 1982 1243 2002; x_wconf 85' lang='lat' dir='ltr'><strong>sensus</strong></span> <span class='ocrx_word' id='word_1_679' title='bbox 1253 1973 1388 2001; x_wconf 85' lang='lat' dir='ltr'><strong>beneﬁcio</strong></span> <span class='ocrx_word' id='word_1_680' title='bbox 1401 1972 1573 2007; x_wconf 84' lang='lat' dir='ltr'><strong>supplicibus</strong></span> <span class='ocrx_word' id='word_1_681' title='bbox 1588 1969 1682 1997; x_wconf 83' lang='lat' dir='ltr'><strong>faciles</strong></span> 
     </span>
    </p>
   </div>
   <div class='ocr_carea' id='block_1_104' title="bbox 888 2017 1682 2054">
    <p class='ocr_par' dir='ltr' id='par_1_104' title="bbox 888 2017 1682 2054">
     <span class='ocr_line' id='line_1_104' title="bbox 888 2017 1682 2054; baseline -0.013 -3"><span class='ocrx_word' id='word_1_682' title='bbox 888 2029 916 2051; x_wconf 86' lang='lat' dir='ltr'><strong>et</strong></span> <span class='ocrx_word' id='word_1_683' title='bbox 943 2022 1099 2050; x_wconf 85' lang='lat' dir='ltr'><strong>exorabiles</strong></span> <span class='ocrx_word' id='word_1_684' title='bbox 1115 2021 1261 2053; x_wconf 84' lang='lat' dir='ltr'><strong>eﬂicimur,</strong></span> <span class='ocrx_word' id='word_1_685' title='bbox 1278 2021 1373 2054; x_wconf 88' lang='lat' dir='ltr'><strong>eisque</strong></span> <span class='ocrx_word' id='word_1_686' title='bbox 1389 2026 1483 2046; x_wconf 89' lang='lat' dir='ltr'><strong>aurem</strong></span> <span class='ocrx_word' id='word_1_687' title='bbox 1500 2017 1682 2044; x_wconf 81' lang='lat' dir='ltr'><strong>l‘amiliariore</strong></span> 
     </span>
    </p>
   </div>
   <div class='ocr_carea' id='block_1_105' title="bbox 887 2060 1681 2105">
    <p class='ocr_par' dir='ltr' id='par_1_105' title="bbox 887 2060 1681 2105">
     <span class='ocr_line' id='line_1_105' title="bbox 887 2060 1681 2105; baseline -0.011 -9"><span class='ocrx_word' id='word_1_688' title='bbox 887 2069 1006 2105; x_wconf 88' lang='lat' dir='ltr'><strong>quodam</strong></span> <span class='ocrx_word' id='word_1_689' title='bbox 1027 2068 1109 2095; x_wconf 89' lang='lat' dir='ltr'><strong>modo</strong></span> <span class='ocrx_word' id='word_1_690' title='bbox 1125 2068 1306 2094; x_wconf 86' lang='lat' dir='ltr'><strong>inclinantus.</strong></span> <span class='ocrx_word' id='word_1_691' title='bbox 1318 2065 1380 2093; x_wconf 87' lang='lat' dir='ltr'><strong>Oris</strong></span> <span class='ocrx_word' id='word_1_692' title='bbox 1395 2072 1477 2099; x_wconf 84' lang='lat' dir='ltr'><strong>porro</strong></span> <span class='ocrx_word' id='word_1_693' title='bbox 1493 2068 1519 2090; x_wconf 89' lang='lat' dir='ltr'><strong>et</strong></span> <span class='ocrx_word' id='word_1_694' title='bbox 1540 2060 1681 2089; x_wconf 84' lang='lat' dir='ltr'><strong>sermonis</strong></span> 
     </span>
    </p>
   </div>
   <div class='ocr_carea' id='block_1_106' title="bbox 889 2106 1683 2150">
    <p class='ocr_par' dir='ltr' id='par_1_106' title="bbox 889 2106 1683 2150">
     <span class='ocr_line' id='line_1_106' title="bbox 889 2106 1683 2150; baseline -0.013 -8"><span class='ocrx_word' id='word_1_695' title='bbox 889 2114 1074 2150; x_wconf 85' lang='lat' dir='ltr'><strong>appellatione</strong></span> <span class='ocrx_word' id='word_1_696' title='bbox 1088 2119 1194 2140; x_wconf 88' lang='lat' dir='ltr'><strong>certum</strong></span> <span class='ocrx_word' id='word_1_697' title='bbox 1214 2111 1325 2146; x_wconf 85' lang='lat' dir='ltr'><strong>aliquod</strong></span> <span class='ocrx_word' id='word_1_698' title='bbox 1351 2109 1503 2138; x_wconf 79' lang='lat' dir='ltr'><strong>voluntatis</strong></span> <span class='ocrx_word' id='word_1_699' title='bbox 1526 2108 1587 2143; x_wconf 90' lang='lat' dir='ltr'><strong>ejus</strong></span> <span class='ocrx_word' id='word_1_700' title='bbox 1610 2106 1683 2134; x_wconf 91' lang='lat' dir='ltr'><strong>indi-</strong></span> 
     </span>
    </p>
   </div>
   <div class='ocr_carea' id='block_1_107' title="bbox 889 2152 1678 2194">
    <p class='ocr_par' dir='ltr' id='par_1_107' title="bbox 889 2152 1678 2194">
     <span class='ocr_line' id='line_1_107' title="bbox 889 2152 1678 2194; baseline -0.011 -7"><span class='ocrx_word' id='word_1_701' title='bbox 889 2161 963 2187; x_wconf 91' lang='lat' dir='ltr'><strong>ciutn</strong></span> <span class='ocrx_word' id='word_1_702' title='bbox 981 2159 1181 2194; x_wconf 81' lang='lat' dir='ltr'><strong>depromimus,</strong></span> <span class='ocrx_word' id='word_1_703' title='bbox 1200 2158 1264 2193; x_wconf 88' lang='lat' dir='ltr'><strong>quia</strong></span> <span class='ocrx_word' id='word_1_704' title='bbox 1281 2157 1366 2183; x_wconf 88' lang='lat' dir='ltr'><strong>moris</strong></span> <span class='ocrx_word' id='word_1_705' title='bbox 1380 2159 1421 2183; x_wconf 86' lang='lat' dir='ltr'><strong>est</strong></span> <span class='ocrx_word' id='word_1_706' title='bbox 1447 2154 1529 2182; x_wconf 88' lang='lat' dir='ltr'><strong>nobis</strong></span> <span class='ocrx_word' id='word_1_707' title='bbox 1552 2152 1678 2180; x_wconf 89' lang='lat' dir='ltr'><strong>c0rdium</strong></span> 
     </span>
    </p>
   </div>
   <div class='ocr_carea' id='block_1_108' title="bbox 890 2199 1682 2233">
    <p class='ocr_par' dir='ltr' id='par_1_108' title="bbox 890 2199 1682 2233">
     <span class='ocr_line' id='line_1_108' title="bbox 890 2199 1682 2233; baseline -0.013 0"><span class='ocrx_word' id='word_1_708' title='bbox 890 2211 1047 2233; x_wconf 90' lang='lat' dir='ltr'><strong>nostrorutn</strong></span> <span class='ocrx_word' id='word_1_709' title='bbox 1065 2212 1164 2231; x_wconf 84' lang='lat' dir='ltr'><strong>arcana</strong></span> <span class='ocrx_word' id='word_1_710' title='bbox 1179 2205 1237 2230; x_wconf 90' lang='lat' dir='ltr'><strong>oris</strong></span> <span class='ocrx_word' id='word_1_711' title='bbox 1254 2208 1281 2230; x_wconf 91' lang='lat' dir='ltr'><strong>et</strong></span> <span class='ocrx_word' id='word_1_712' title='bbox 1300 2201 1437 2230; x_wconf 88' lang='lat' dir='ltr'><strong>sermonis</strong></span> <span class='ocrx_word' id='word_1_713' title='bbox 1457 2199 1590 2227; x_wconf 80' lang='lat' dir='ltr'><strong>beneﬁcio</strong></span> <span class='ocrx_word' id='word_1_714' title='bbox 1608 2201 1682 2224; x_wconf 88' lang='lat' dir='ltr'><strong>rete-</strong></span> 
     </span>
    </p>
   </div>
   <div class='ocr_carea' id='block_1_109' title="bbox 889 2242 1681 2288">
    <p class='ocr_par' dir='ltr' id='par_1_109' title="bbox 889 2242 1681 2288">
     <span class='ocr_line' id='line_1_109' title="bbox 889 2242 1681 2288; baseline -0.014 -9"><span class='ocrx_word' id='word_1_715' title='bbox 889 2260 964 2288; x_wconf 79' lang='lat' dir='ltr'><strong>gcrc.</strong></span> <span class='ocrx_word' id='word_1_716' title='bbox 978 2251 1038 2279; x_wconf 85' lang='lat' dir='ltr'><strong>Cibi</strong></span> <span class='ocrx_word' id='word_1_717' title='bbox 1054 2242 1165 2285; x_wconf 82' lang='lat' dir='ltr'><strong>quoque</strong></span> <span class='ocrx_word' id='word_1_718' title='bbox 1193 2254 1221 2276; x_wconf 91' lang='lat' dir='ltr'><strong>et</strong></span> <span class='ocrx_word' id='word_1_719' title='bbox 1237 2253 1318 2284; x_wconf 85' lang='lat' dir='ltr'><strong>potus</strong></span> <span class='ocrx_word' id='word_1_720' title='bbox 1334 2245 1541 2274; x_wconf 83' lang='lat' dir='ltr'><strong>nomenclatura</strong></span> <span class='ocrx_word' id='word_1_721' title='bbox 1556 2247 1681 2270; x_wconf 89' lang='lat' dir='ltr'><strong>nostrum</strong></span> 
     </span>
    </p>
   </div>
   <div class='ocr_carea' id='block_1_110' title="bbox 889 2288 1680 2331">
    <p class='ocr_par' dir='ltr' id='par_1_110' title="bbox 889 2288 1680 2331">
     <span class='ocr_line' id='line_1_110' title="bbox 889 2288 1680 2331; baseline -0.011 -8"><span class='ocrx_word' id='word_1_722' title='bbox 889 2297 922 2324; x_wconf 89' lang='lat' dir='ltr'><strong>ad</strong></span> <span class='ocrx_word' id='word_1_723' title='bbox 938 2297 997 2331; x_wconf 89' lang='lat' dir='ltr'><strong>ejus</strong></span> <span class='ocrx_word' id='word_1_724' title='bbox 1013 2296 1184 2322; x_wconf 89' lang='lat' dir='ltr'><strong>voluntatem</strong></span> <span class='ocrx_word' id='word_1_725' title='bbox 1202 2299 1371 2321; x_wconf 89' lang='lat' dir='ltr'><strong>concursum</strong></span> <span class='ocrx_word' id='word_1_726' title='bbox 1385 2291 1510 2318; x_wconf 86' lang='lat' dir='ltr'><strong>denotat.</strong></span> <span class='ocrx_word' id='word_1_727' title='bbox 1526 2288 1582 2315; x_wconf 87' lang='lat' dir='ltr'><strong>Nos</strong></span> <span class='ocrx_word' id='word_1_728' title='bbox 1605 2288 1680 2315; x_wconf 93' lang='lat' dir='ltr'><strong>enim</strong></span> 
     </span>
    </p>
   </div>
   <div class='ocr_carea' id='block_1_111' title="bbox 889 2333 1680 2377">
    <p class='ocr_par' dir='ltr' id='par_1_111' title="bbox 889 2333 1680 2377">
     <span class='ocr_line' id='line_1_111' title="bbox 889 2333 1680 2377; baseline -0.014 -7"><span class='ocrx_word' id='word_1_729' title='bbox 889 2350 969 2370; x_wconf 84' lang='lat' dir='ltr'><strong>sensu</strong></span> <span class='ocrx_word' id='word_1_730' title='bbox 986 2346 1110 2376; x_wconf 78' lang='lat' dir='ltr'><strong>gustatus</strong></span> <span class='ocrx_word' id='word_1_731' title='bbox 1126 2339 1284 2367; x_wconf 85' lang='lat' dir='ltr'><strong>necessario</strong></span> <span class='ocrx_word' id='word_1_732' title='bbox 1298 2342 1403 2364; x_wconf 57' lang='lat' dir='ltr'><strong>natura</strong></span> <span class='ocrx_word' id='word_1_733' title='bbox 1423 2333 1680 2377; x_wconf 45' lang='lat' dir='ltr'><strong>appetitui-satisfa-</strong></span> 
     </span>
    </p>
   </div>
   <div class='ocr_carea' id='block_1_112' title="bbox 889 2379 1681 2421">
    <p class='ocr_par' dir='ltr' id='par_1_112' title="bbox 889 2379 1681 2421">
     <span class='ocr_line' id='line_1_112' title="bbox 889 2379 1681 2421; baseline -0.014 -5"><span class='ocrx_word' id='word_1_734' title='bbox 889 2389 986 2416; x_wconf 85' lang='lat' dir='ltr'><strong>cimus.</strong></span> <span class='ocrx_word' id='word_1_735' title='bbox 1002 2387 1128 2416; x_wconf 82' lang='lat' dir='ltr'><strong>Olfactus</strong></span> <span class='ocrx_word' id='word_1_736' title='bbox 1143 2385 1327 2421; x_wconf 86' lang='lat' dir='ltr'><strong>appellatione</strong></span> <span class='ocrx_word' id='word_1_737' title='bbox 1342 2384 1397 2410; x_wconf 91' lang='lat' dir='ltr'><strong>vim</strong></span> <span class='ocrx_word' id='word_1_738' title='bbox 1417 2383 1496 2409; x_wconf 85' lang='lat' dir='ltr'><strong>nobis</strong></span> <span class='ocrx_word' id='word_1_739' title='bbox 1513 2381 1622 2408; x_wconf 82' lang='lat' dir='ltr'><strong>insitam</strong></span> <span class='ocrx_word' id='word_1_740' title='bbox 1640 2379 1681 2406; x_wconf 88' lang='lat' dir='ltr'><strong>in-</strong></span> 
     </span>
    </p>
   </div>
   <div class='ocr_carea' id='block_1_113' title="bbox 890 2429 1683 2471">
    <p class='ocr_par' dir='ltr' id='par_1_113' title="bbox 890 2429 1683 2471">
     <span class='ocr_line' id='line_1_113' title="bbox 890 2429 1683 2471; baseline -0.016 -7"><span class='ocrx_word' id='word_1_741' title='bbox 890 2436 1048 2471; x_wconf 83' lang='lat' dir='ltr'><strong>telligimus,</strong></span> <span class='ocrx_word' id='word_1_742' title='bbox 1063 2442 1124 2469; x_wconf 67' lang='lat' dir='ltr'><strong>qum</strong></span> <span class='ocrx_word' id='word_1_743' title='bbox 1145 2437 1266 2460; x_wconf 88' lang='lat' dir='ltr'><strong>nostram</strong></span> <span class='ocrx_word' id='word_1_744' title='bbox 1283 2438 1345 2466; x_wconf 79' lang='lat' dir='ltr'><strong>erga</strong></span> <span class='ocrx_word' id='word_1_745' title='bbox 1364 2430 1450 2457; x_wconf 86' lang='lat' dir='ltr'><strong>Deum</strong></span> <span class='ocrx_word' id='word_1_746' title='bbox 1468 2429 1636 2455; x_wconf 70' lang='lat' dir='ltr'><strong>voluntatem</strong></span> <span class='ocrx_word' id='word_1_747' title='bbox 1655 2430 1683 2452; x_wconf 85' lang='lat' dir='ltr'><strong>et</strong></span> 
     </span>
    </p>
   </div>
   <div class='ocr_carea' id='block_1_114' title="bbox 890 2474 1680 2510">
    <p class='ocr_par' dir='ltr' id='par_1_114' title="bbox 890 2474 1680 2510">
     <span class='ocr_line' id='line_1_114' title="bbox 890 2474 1680 2510; baseline -0.018 -2"><span class='ocrx_word' id='word_1_748' title='bbox 890 2479 1111 2508; x_wconf 86' lang='lat' dir='ltr'><strong>benevolentiam</strong></span> <span class='ocrx_word' id='word_1_749' title='bbox 1144 2481 1271 2507; x_wconf 87' lang='lat' dir='ltr'><strong>testatur,</strong></span> <span class='ocrx_word' id='word_1_750' title='bbox 1293 2474 1359 2510; x_wconf 88' lang='lat' dir='ltr'><strong>quia</strong></span> <span class='ocrx_word' id='word_1_751' title='bbox 1382 2474 1513 2500; x_wconf 84' lang='lat' dir='ltr'><strong>nimirum</strong></span> <span class='ocrx_word' id='word_1_752' title='bbox 1539 2479 1572 2498; x_wconf 91' lang='lat' dir='ltr'><strong>eo</strong></span> <span class='ocrx_word' id='word_1_753' title='bbox 1598 2476 1680 2496; x_wconf 84' lang='lat' dir='ltr'><strong>sensu</strong></span> 
     </span>
    </p>
   </div>
   <div class='ocr_carea' id='block_1_115' title="bbox 889 2512 1681 2554">
    <p class='ocr_par' dir='ltr' id='par_1_115' title="bbox 889 2512 1681 2554">
     <span class='ocr_line' id='line_1_115' title="bbox 889 2512 1681 2554; baseline -0.019 -3"><span class='ocrx_word' id='word_1_754' title='bbox 889 2522 1106 2552; x_wconf 84' lang='lat' dir='ltr'><strong>suaveolentiam</strong></span> <span class='ocrx_word' id='word_1_755' title='bbox 1123 2520 1237 2547; x_wconf 90' lang='lat' dir='ltr'><strong>odorum</strong></span> <span class='ocrx_word' id='word_1_756' title='bbox 1261 2518 1440 2554; x_wconf 85' lang='lat' dir='ltr'><strong>percipimus.</strong></span> <span class='ocrx_word' id='word_1_757' title='bbox 1461 2516 1590 2543; x_wconf 71' lang='lat' dir='ltr'><strong>Perseum</strong></span> <span class='ocrx_word' id='word_1_758' title='bbox 1615 2512 1681 2539; x_wconf 83' lang='lat' dir='ltr'><strong>item</strong></span> 
     </span>
    </p>
   </div>
   <div class='ocr_carea' id='block_1_116' title="bbox 890 2561 1681 2602">
    <p class='ocr_par' dir='ltr' id='par_1_116' title="bbox 890 2561 1681 2602">
     <span class='ocr_line' id='line_1_116' title="bbox 890 2561 1681 2602; baseline -0.016 -5"><span class='ocrx_word' id='word_1_759' title='bbox 890 2569 1024 2597; x_wconf 90' lang='lat' dir='ltr'><strong>vocabulo</strong></span> <span class='ocrx_word' id='word_1_760' title='bbox 1039 2575 1098 2594; x_wconf 87' lang='lat' dir='ltr'><strong>eam</strong></span> <span class='ocrx_word' id='word_1_761' title='bbox 1124 2566 1171 2593; x_wconf 88' lang='lat' dir='ltr'><strong>Dei</strong></span> <span class='ocrx_word' id='word_1_762' title='bbox 1191 2565 1366 2600; x_wconf 67' lang='lat' dir='ltr'><strong>praesentiam</strong></span> <span class='ocrx_word' id='word_1_763' title='bbox 1391 2561 1611 2590; x_wconf 89' lang='lat' dir='ltr'><strong>subindicamus,</strong></span> <span class='ocrx_word' id='word_1_764' title='bbox 1627 2565 1681 2602; x_wconf 73' lang='lat' dir='ltr'><strong>qua</strong></span> 
     </span>
    </p>
   </div>
   <div class='ocr_carea' id='block_1_117' title="bbox 892 2605 1682 2650">
    <p class='ocr_par' dir='ltr' id='par_1_117' title="bbox 892 2605 1682 2650">
     <span class='ocr_line' id='line_1_117' title="bbox 892 2605 1682 2650; baseline -0.019 -6"><span class='ocrx_word' id='word_1_765' title='bbox 892 2617 937 2644; x_wconf 92' lang='lat' dir='ltr'><strong>ille</strong></span> <span class='ocrx_word' id='word_1_766' title='bbox 952 2622 1036 2650; x_wconf 86' lang='lat' dir='ltr'><strong>opera</strong></span> <span class='ocrx_word' id='word_1_767' title='bbox 1054 2621 1102 2642; x_wconf 80' lang='lat' dir='ltr'><strong>sua</strong></span> <span class='ocrx_word' id='word_1_768' title='bbox 1117 2612 1251 2644; x_wconf 84' lang='lat' dir='ltr'><strong>vicissim,</strong></span> <span class='ocrx_word' id='word_1_769' title='bbox 1266 2615 1294 2638; x_wconf 89' lang='lat' dir='ltr'><strong>et</strong></span> <span class='ocrx_word' id='word_1_770' title='bbox 1309 2610 1386 2645; x_wconf 86' lang='lat' dir='ltr'><strong>quasi</strong></span> <span class='ocrx_word' id='word_1_771' title='bbox 1399 2606 1565 2635; x_wconf 82' lang='lat' dir='ltr'><strong>successive,</strong></span> <span class='ocrx_word' id='word_1_772' title='bbox 1581 2605 1682 2650; x_wconf 78' lang='lat' dir='ltr'><strong>lustrat</strong></span> 
     </span>
    </p>
   </div>
   <div class='ocr_carea' id='block_1_118' title="bbox 890 2648 1682 2696">
    <p class='ocr_par' dir='ltr' id='par_1_118' title="bbox 890 2648 1682 2696">
     <span class='ocr_line' id='line_1_118' title="bbox 890 2648 1682 2696; baseline -0.018 -7"><span class='ocrx_word' id='word_1_773' title='bbox 890 2667 918 2689; x_wconf 89' lang='lat' dir='ltr'><strong>et</strong></span> <span class='ocrx_word' id='word_1_774' title='bbox 941 2648 1063 2696; x_wconf 71' lang='lat' dir='ltr'><strong>permeat</strong></span> <span class='ocrx_word' id='word_1_775' title='bbox 1084 2658 1152 2694; x_wconf 66' lang='lat' dir='ltr'><strong>(ll),</strong></span> <span class='ocrx_word' id='word_1_776' title='bbox 1176 2657 1241 2691; x_wconf 79' lang='lat' dir='ltr'><strong>quia</strong></span> <span class='ocrx_word' id='word_1_777' title='bbox 1250 2655 1380 2682; x_wconf 81' lang='lat' dir='ltr'><strong>nimirum</strong></span> <span class='ocrx_word' id='word_1_778' title='bbox 1400 2659 1525 2688; x_wconf 64' lang='lat' dir='ltr'><strong>personae</strong></span> <span class='ocrx_word' id='word_1_779' title='bbox 1545 2648 1682 2677; x_wconf 78' lang='lat' dir='ltr'><strong>beneﬁcio</strong></span> 
     </span>
    </p>
   </div>
   <div class='ocr_carea' id='block_1_119' title="bbox 892 2775 1660 2806">
    <p class='ocr_par' dir='ltr' id='par_1_119' title="bbox 892 2775 1660 2806">
     <span class='ocr_line' id='line_1_119' title="bbox 892 2775 1660 2806; baseline -0.001 -3"><span class='ocrx_word' id='word_1_780' title='bbox 892 2776 973 2804; x_wconf 84' lang='lat' dir='ltr'><strong>lectio</strong></span> <span class='ocrx_word' id='word_1_781' title='bbox 985 2775 1095 2804; x_wconf 81' lang='lat' dir='ltr'><strong>delendi</strong></span> <span class='ocrx_word' id='word_1_782' title='bbox 1112 2777 1211 2806; x_wconf 86' lang='lat' dir='ltr'><strong>potest.</strong></span> <span class='ocrx_word' id='word_1_783' title='bbox 1515 2804 1520 2806; x_wconf 92' lang='lat'>_</span> <span class='ocrx_word' id='word_1_784' title='bbox 1635 2801 1640 2806; x_wconf 88' lang='lat'><strong><em>_</em></strong></span> <span class='ocrx_word' id='word_1_785' title='bbox 1655 2801 1660 2806; x_wconf 74' lang='grc'><em>,</em></span> 
     </span>
    </p>
   </div>
   <div class='ocr_carea' id='block_1_120' title="bbox 926 2801 1678 2847">
    <p class='ocr_par' dir='ltr' id='par_1_120' title="bbox 926 2801 1678 2847">
     <span class='ocr_line' id='line_1_120' title="bbox 926 2801 1678 2847; baseline -0.015 -7"><span class='ocrx_word' id='word_1_786' title='bbox 926 2801 1138 2847; x_wconf 61' lang='grc' dir='ltr'><strong>ἑϊιΓᾶὶόιίέυΙε</strong></span> <span class='ocrx_word' id='word_1_787' title='bbox 1174 2809 1384 2838; x_wconf 77' lang='lat' dir='ltr'><strong>Damascenum,</strong></span> <span class='ocrx_word' id='word_1_788' title='bbox 1415 2813 1478 2833; x_wconf 80' lang='lat' dir='ltr'><strong>nam</strong></span> <span class='ocrx_word' id='word_1_789' title='bbox 1514 2804 1615 2831; x_wconf 85' lang='lat' dir='ltr'><strong>lacuna</strong></span> <span class='ocrx_word' id='word_1_790' title='bbox 1634 2801 1678 2830; x_wconf 82' lang='lat' dir='ltr'><strong>hie</strong></span> 
     </span>
    </p>
   </div>
   <div class='ocr_carea' id='block_1_121' title="bbox 891 2851 943 2874">
    <p class='ocr_par' dir='ltr' id='par_1_121' title="bbox 891 2851 943 2874">
     <span class='ocr_line' id='line_1_121' title="bbox 891 2851 943 2874; baseline 0 0"><span class='ocrx_word' id='word_1_791' title='bbox 891 2851 943 2874; x_wconf 70' lang='grc' dir='ltr'><strong>εει.</strong></span> 
     </span>
    </p>
   </div>
  </div>
