1949 3073
267 136 336 168 1179

891 139 1037 168 ΝΙΟΕΤᾸΞ
1055 139 1259 169 (ΖΗΟΝΙΑἸῚΈ

1830 137 1907 169 1180

266 198 413 229 p'msezaes
426 201 474 221 nos
487 193 558 226 ipsos
575 192 706 219 sistimus.
724 193 775 219 Per
789 199 885 218 manus
900 193 995 224 etiam,
1008 193 1048 219 vis
1065 196 1085 222 Α
1102 201 1249 226 corporeus
1277 193 1328 220 diei
1360 197 1460 228 potest.
1493 192 1610 226 Angelus
1635 199 1700 226 ergo
1725 196 1835 218 natura
1867 197 1909 219 est

266 239 478 274 illaiatell'gitur
486 246 538 273 qua
548 239 592 265 Dei
601 246 630 265 ar
636 238 673 265 tio
682 238 843 266 absolvitur:
855 246 903 265 nos
911 239 984 266 enim
993 246 1054 273 qua}

265 285 345 312 nobis
359 285 436 312 tttilia
449 289 523 315 sunt.
539 289 567 312 et
577 285 603 311 in
621 285 716 319 primis
729 285 924 318 pretiosissima
938 293 1053 319 quasque

265 332 490 359 administramus
502 332 637 358 matribus.
652 331 704 358 Per
714 331 837 357 dextram
852 339 960 365 quoque
973 339 1051 366 opem

270 377 390 403 divinam
407 376 561 410 intelligere
585 377 715 406 soletnos,
739 383 799 410 qlne
820 376 900 402 nobis
920 376 946 402 in
972 377 1053 403 rebus

266 422 406 457 prosperis
425 422 521 449 adest:
541 422 567 448 in
592 422 624 448 iis
649 424 721 448 enint
742 430 801 455 qua:
830 422 910 456 paulo
926 422 1052 455 politiora

264 474 293 495 et
310 469 450 494 ornatiora
472 468 550 494 nobis
562 474 644 500 atque
660 468 784 501 pluribus
801 475 880 502 egere
896 468 1000 495 viribus
1015 468 1054 494 vi-

263 513 376 545 dentur,
390 513 484 540 dextra
500 521 581 539 manu
597 514 652 539 fere
670 513 851 539 utimurJam
869 513 1053 547 palpationem

265 559 330 592 quid
344 559 428 591 aliudl
446 567 549 593 qumso,
561 566 622 585 esse
638 558 772 588 dicemus,
785 566 866 592 quant
881 559 1052 586 subtiliorem

265 605 312 632 Dei
328 609 354 631 et
369 613 463 631 eorum
480 613 540 639 qure
561 609 625 634 sunt
651 605 728 631 valde
746 605 856 631 subtilia
881 611 909 632 et
933 606 1051 633 obscura

266 651 502 684 disquisitionem,
522 655 550 677 et
574 651 742 677 exactiorem
772 652 1054 686 pervestigationem?

267 697 388 723 humano
403 697 476 722 enim
501 704 577 723 more
596 697 635 726 lit.
652 701 682 723 ut
701 697 747 730 qui
763 696 920 730 palpantur,
940 698 1007 724 nihil
1026 698 1052 724 in

267 748 295 767 se
313 741 378 775 ipsis
398 741 486 768 celare
506 746 618 775 queant.
636 741 757 768 Pedibus
774 741 954 768 consimiliter
969 746 997 769 et
1013 742 1054 769 in-

265 793 357 815 cessu.
378 787 471 813 venire
498 792 651 820 pnestoqne
675 786 770 813 adesse
797 786 994 820 significamus,
1019 787 1053 814 ad

268 840 346 866 opem
366 832 536 866 supplicibus
554 833 705 862 ferendam.
721 833 764 859 vel
782 832 876 858 hostes
889 833 1054 866 propulsan-

268 876 327 907 (ξος,
341 876 383 903 vel
403 876 477 903 aliud
502 877 613 911 quidvis
631 877 721 903 simile
740 876 887 910 agendum,
908 883 1053 911 propterea

268 921 339 955 quod
364 922 479 955 pedibus
498 930 531 949 eo
553 923 696 956 pervenire
723 923 870 952 soleamus,
892 929 945 956 quo
971 922 1055 948 desti-

268 969 403 994 navimus.
423 969 606 1003 .lmejuranilo
630 969 724 995 itidem
744 977 825 1003 quam
854 970 930 995 lirma
959 969 994 995 sit
1007 977 1055 995 vo-

266 1013 359 1040 luntas
384 1015 476 1040 LEVina
503 1015 675 1046 ostenditur,
701 1023 750 1041 nos
774 1015 847 1041 enim
870 1015 1052 1049 jurisjurantli

269 1059 401 1093 religione
420 1060 523 1087 mutuis
540 1061 772 1087 conventionibns
789 1061 890 1087 nostris
919 1062 1004 1087 robur
1027 1065 1054 1087 et

269 1105 376 1139 pondus
394 1106 494 1132 addere
508 1107 712 1132 consuevimus.
724 1105 860 1133 Cznterum
879 1107 923 1133 ira:
939 1106 1054 1133 furoris-

267 1159 320 1184 que
333 1153 444 1178 nomine
463 1152 648 1186 signiﬁcamus
661 1157 763 1185 quanto
784 1153 856 1179 Deus
868 1153 930 1179 odio
944 1153 1052 1184 habent,

267 1202 455 1231 quantumque
473 1202 614 1224 aversi-tur
629 1198 737 1224 vitium.
759 1199 814 1225 Nos
837 1199 924 1230 enim,
949 1198 971 1224 si
987 1198 1052 1232 quid

265 1246 362 1268 contra
382 1242 436 1273 ﬁat,
455 1250 538 1276 quatit
555 1243 634 1268 nobis
647 1243 783 1274 videatur,
798 1243 933 1277 indignari
953 1248 980 1270 et
993 1251 1055 1269 sue-

268 1294 381 1313 censere
412 1287 542 1314 solentns.
569 1288 619 1314 l’er
648 1288 815 1314 oblivionem
849 1288 978 1322 denique.
1008 1296 1055 1321 per

223 1339 226 1342 ‘
268 1339 406 1362 somnum,
429 1337 456 1358 et
474 1340 522 1366 per
545 1333 780 1365 dorntitatiouem,
801 1333 897 1359 dilatio
926 1339 1054 1367 repetun-

266 1377 364 1404 darum
378 1378 412 1404 de
429 1378 508 1406 hoste
524 1385 667 1413 pennarum
681 1384 708 1405 et
731 1379 987 1413 coutpereudinatio
1014 1380 1053 1405 in-

267 1422 409 1456 telligitur,
426 1423 555 1457 solutique
580 1425 673 1451 auxilii
701 1424 883 1450 familiaribus
905 1425 1007 1451 nostris
1027 1429 1054 1451 et.

269 1468 367 1495 amicis
383 1471 527 1503 prastandl
545 1471 766 1504 procrastinatio.
782 1471 813 1498 Ut
830 1471 909 1497 simul
926 1475 954 1497 et
969 1470 1053 1497 semel

268 1513 442 1546 concludam,
469 1517 609 1550 nmltaque
633 1517 728 1550 paucis
753 1516 939 1550 complectar;
967 1516 993 1542 in
1020 1516 1053 1542 iis

269 1559 397 1586 omnibus
414 1569 474 1594 qua:
489 1561 669 1594 corporaliter
683 1562 716 1588 de
733 1561 787 1587 Deo
806 1562 947 1593 dicuntur,
969 1570 1053 1589 area-

268 1611 321 1630 nus
338 1604 447 1638 quidam
461 1613 559 1632 sensus
571 1606 718 1637 delitescit,
733 1607 778 1640 qui
802 1615 892 1633 rerutn
912 1607 984 1633 inter
1004 1615 1054 1633 nos

268 1650 430 1677 usitatarum
445 1651 560 1678 obtentu
575 1660 606 1678 ea
621 1660 680 1686 qme
697 1660 780 1687 supra
795 1660 846 1679 nos
866 1657 931 1679 sunt
945 1653 1053 1685 edocet,

268 1695 320 1721 nisi
338 1695 407 1723 forte
422 1697 487 1730 quid
502 1697 535 1723 de
553 1698 689 1730 corporali
714 1698 794 1724 Verbi
810 1698 856 1724 Dei
877 1698 994 1725 adventu
1016 1698 1055 1724 di-

268 1747 342 1767 ctum
357 1742 402 1768 sit.
416 1741 440 1768 Is
456 1743 529 1769 enim
547 1748 634 1769 totum
645 1743 784 1770 hominem
801 1743 901 1774 induit.
917 1749 946 1770 ut
961 1745 1055 1772 salvos

268 1793 319 1812 nos
333 1787 447 1820 faceret,
462 1788 513 1815 hoc
526 1792 568 1815 est
579 1788 698 1815 animam
713 1788 814 1816 intelie«
826 1794 869 1816 tus
880 1790 1053 1824 participem,

268 1836 296 1858 et
310 1840 422 1866 corpus.
438 1841 489 1859 una
504 1841 566 1860 cum
580 1833 613 1860 iis
635 1842 694 1868 qua:
719 1839 826 1860 natura:
851 1835 976 1862 humanae
992 1843 1056 1870 pro-

268 1877 328 1912 pri:
344 1883 419 1911 sunt,
443 1879 563 1914 denique
590 1873 731 1907 naturales
748 1885 775 1907 et
793 1881 977 1909 immutabiles
994 1889 1056 1916 pas-

271 1927 378 1948 SIOHCS.

584 1998 660 2026 CAP.
679 1998 735 2026 XL.

320 2065 356 2092 De
369 2066 482 2101 angelis,
496 2066 583 2093 altera
603 2066 661 2094 libri
679 2068 757 2102 hujus
775 2072 852 2102 parte
864 2069 1008 2095 ut'wcinua.

304 2139 372 2172 Quia
387 2148 452 2167 vero
469 2141 586 2175 primunt
609 2146 799 2176 aeternumque
816 2143 907 2170 lumen
926 2143 997 2170 Deus
1012 2143 1054 2170 di-

267 2186 351 2217 citur,
373 2188 523 2214 secundum
555 2193 659 2220 autem,
688 2188 798 2215 ordines
826 2190 985 2223 angelorum
1009 2190 1052 2217 in-

270 2229 380 2256 telleetu
411 2231 534 2264 praediti,
560 2232 593 2259 de
618 2231 652 2259 iis
681 2240 791 2266 quoque
821 2240 908 2267 pauca
938 2233 1054 2261 dicenda

269 2279 345 2301 ιυιιῑ.

305 2318 424 2354 Ληειιιυε
450 2324 569 2350 essentia
600 2328 642 2351 est
673 2323 815 2351 intellectu
842 2324 966 2359 praedita,
994 2333 1054 2360 quin

267 2371 381 2400 semper
409 2373 543 2402 movetur,
567 2369 646 2396 liberi
669 2370 791 2404 arbitrii,
816 2371 989 2405 incorporea,
1005 2372 1053 2398 Dei

267 2412 426 2449 priuisterio
441 2420 469 2441 et
478 2415 564 2442 cultui
581 2415 702 2447 addicta,
715 2421 875 2451 naturaeque
891 2417 1054 2444 immortalis

266 2466 319 2497 per
351 2459 465 2493 gratiam
509 2461 647 2496 particeps
678 2461 787 2489 euecta.
816 2462 901 2497 Cujus
941 2463 1052 2497 quidem

266 2504 391 2537 essentia-
407 2513 467 2539 quae
480 2506 516 2533 sit
533 2506 630 2539 forma,
643 2508 746 2543 quique
757 2508 892 2536 terminus
905 2509 954 2536 soli
971 2509 1053 2537 Crea-

273 2550 326 2582 tori
359 2556 532 2586 perspectum
563 2558 591 2580 et
615 2554 788 2588 exploratum
811 2558 863 2581 est.
888 2554 1052 2589 Incorporea

270 2603 352 2630 porro
378 2601 407 2624 et
438 2605 536 2633 expers
564 2599 685 2626 materiae
714 2599 836 2633 dicitur,
860 2600 892 2634 si.
910 2601 1052 2628 nobisctnn

269 2642 436 2675 conferatur.
459 2643 599 2678 Quidquid
626 2644 698 2672 enim
720 2650 762 2672 est
785 2645 812 2671 in
837 2653 929 2674 rerum
955 2650 1052 2673 natura

268 2694 391 2719 crassum
410 2692 439 2716 et
454 2689 595 2717 materiale
626 2689 851 2724 deprehenditur,
873 2691 895 2717 si
917 2699 979 2717 cum
997 2691 1053 2718 Deo

267 2733 435 2767 eonl‘eratur,
453 2735 500 2769 qui
518 2736 593 2762 solus
613 2735 647 2762 ab
673 2735 747 2763 omni
765 2736 959 2770 corporatione
982 2737 1052 2763 liber

270 2782 299 2810 rt
331 2779 460 2807 immunis
489 2786 590 2808 manet.
617 2781 757 2816 Siquidem
788 2782 859 2809 Deus
887 2783 961 2809 solus
991 2788 1051 2816 est,

273 2824 319 2856 εμιί
343 2832 405 2860 vere
434 2825 468 2852 ab
500 2827 573 2854 ouiui
620 2827 732 2856 materia
775 2831 918 2862 remotus,
955 2834 980 2860 et
1014 2829 1052 2855 ir.-

1107 239 1232 272 rationis,
1259 239 1428 270 intellectus,
1455 243 1483 266 et
1510 238 1589 266 liberi
1612 238 1718 265 arbitrii
1746 238 1906 272 particeps,

1105 293 1165 320 qua:
1179 286 1342 312 sententiam
1357 290 1462 312 mutare
1476 289 1576 319 potest,
1588 292 1635 311 sett
1648 289 1746 318 sponte
1757 284 1908 311 mutabilis

1105 337 1156 358 est.
1175 331 1312 365 Quidquid
1330 331 1402 358 enim
1417 335 1549 360 creatum,
1565 330 1635 356 idem
1649 334 1675 356 et
1691 329 1834 356 mutabile
1845 335 1906 356 est:

1105 377 1254 403 increatuut
1276 378 1363 404 soluunt
1401 381 1442 403 est
1469 375 1651 403 immutabile.
1676 376 1741 402 ltem
1762 375 1906 409 quidun

1106 424 1211 450 ratione
1232 423 1387 457 przeditum,
1403 423 1474 449 idem
1493 426 1519 449 et
1537 422 1616 448 liberi
1634 420 1741 448 arbitrii
1759 425 1818 447 est.
1835 421 1908 454 Qua-

1106 472 1185 494 tenus
1211 471 1276 503 ergo
1302 469 1417 495 rationis
1440 473 1467 494 et
1497 467 1652 493 intellectus
1680 466 1826 500 particeps
1855 472 1906 493 est.

1104 514 1185 540 liberi
1201 521 1309 547 quoque
1327 514 1431 540 arbitrii
1452 517 1662 546 est:quatenus
1685 517 1778 538 autem
1809 517 1905 536 creata

1104 564 1155 590 est,
1176 560 1320 586 mutationi
1347 559 1427 586 etiam
1443 558 1560 585 obnoxia
1581 561 1633 584 est.
1647 557 1681 585 Ut
1703 557 1748 583 cui
1777 557 1906 583 lilternni

1104 610 1132 632 et
1145 606 1278 640 integrum
1293 606 1328 633 sit
1346 613 1456 632 manere
1471 609 1498 631 et
1512 605 1645 638 proiicere
1664 605 1689 630 in
1706 603 1794 634 bono,
1821 608 1906 636 atque

1105 650 1133 676 in
1141 651 1267 678 .deterius
1277 651 1433 678 deﬂectere.
1446 650 1628 678 Pmnitudinis
1639 656 1729 677 autem
1743 658 1836 684 capas
1851 658 1906 676 non

1105 701 1155 727 est,
1169 696 1232 730 quia
1248 696 1420 731 incorporea.
1437 696 1580 723 Hominem
1605 696 1678 722 enim
1702 701 1824 730 propter
1844 703 1907 722 cor-

1105 742 1179 776 poris
1194 742 1362 769 debilitatem
1378 742 1512 776 pcenitore
1528 746 1627 775 potest.
1643 742 1818 768 Immortalis
1835 749 1905 775 prae-

1106 792 1177 814 terea
1191 793 1242 818 est.
1257 792 1285 814 at
1301 796 1354 814 non
1371 792 1478 816 natura.
1492 788 1538 814 sed
1557 788 1652 821 gratia.
1665 787 1810 821 Quidquid
1828 788 1904 814 enim

1105 833 1197 867 erepit.
1210 833 1281 859 idem
1292 838 1319 860 et
1330 838 1427 860 natura
1438 833 1551 865 desinit,
1561 838 1587 859 et
1597 834 1629 860 ad
1642 833 1784 859 interitum
1801 833 1903 859 tendit.

1106 878 1185 905 Solus
1202 884 1293 905 autem
1309 879 1379 906 Deus
1398 883 1517 905 :eteruus
1538 883 1593 909 est,
1612 879 1667 904 imo
1683 886 1767 912 supra
1788 885 1903 905 onmem

1104 924 1295 955 :rternitatem,
1309 932 1358 951 nec
1369 925 1441 951 enim
1456 924 1570 958 tempori
1584 923 1740 955 subjicitur.
1754 923 1805 949 sed
1819 931 1903 957 supra

1105 974 1212 1003 tempus
1229 969 1251 996 is
1267 974 1318 999 est.
1333 977 1346 996 a
1359 977 1413 1003 quo
1430 974 1552 1003 tempora
1568 969 1677 995 condita
1693 973 1767 994 sunt.
1782 967 1903 994 Lumina

1104 1023 1187 1049 porro
1203 1015 1321 1041 secunda
1341 1015 1483 1041 intellectu
1504 1015 1625 1048 prmdita,
1640 1022 1700 1048 qua:
1718 1013 1900 1046 splendorem

1105 1068 1184 1086 suum
1202 1067 1216 1086 a
1230 1060 1317 1094 primo
1338 1059 1453 1088 lumine,
1475 1059 1546 1093 quod
1575 1059 1711 1093 principio
1726 1062 1819 1087 Caret.
1839 1065 1899 1083 mn-

1105 1108 1178 1130 tnata
1196 1109 1268 1134 sunt,
1283 1111 1333 1130 nec
1345 1104 1435 1138 lingua
1447 1111 1499 1130 nec
1515 1103 1608 1130 auditu
1623 1107 1712 1136 egent.
1727 1102 1775 1128 sed
1793 1102 1900 1136 absque

1104 1148 1240 1175 sermonis
1259 1148 1339 1174 ullius
1358 1148 1510 1182 prolatione
1540 1147 1664 1181 proprios
1683 1146 1768 1172 animi
1801 1153 1900 1172 (once-

1105 1198 1168 1228 ptus
1179 1199 1206 1219 et
1217 1194 1370 1220 voluntates
1385 1194 1455 1219 inter
1466 1201 1494 1219 se
1509 1192 1723 1223 eruninnuirant.
1736 1191 1836 1225 ltaqne
1851 1199 1899 1217 an-

1104 1237 1155 1271 geli
1174 1245 1268 1264 omnes
1283 1245 1298 1264 a
1313 1237 1401 1264 Verbo
1420 1237 1550 1266 creati,et
1564 1245 1578 1262 a
1597 1236 1699 1270 Spiritu
1720 1241 1820 1262 saneto
1838 1243 1885 1261 san

1110 1283 1279 1309 ctilicalione
1295 1283 1407 1317 perlecti
1433 1286 1506 1313 sunt,
1523 1290 1571 1316 pro
1593 1281 1734 1315 dignitatis
1746 1286 1773 1308 et
1790 1281 1897 1308 ordints

1105 1328 1282 1361 proportione
1301 1328 1412 1355 luminis
1427 1333 1455 1354 et
1478 1329 1569 1363 gratia:
1587 1327 1746 1361 participes.
1771 1327 1899 1354 Circum-

1105 1373 1199 1407 scripti
1217 1378 1298 1400 sunt:
1312 1382 1371 1400 nam
1385 1374 1405 1400 si
1424 1374 1478 1401 sint
1491 1375 1516 1400 in
1529 1374 1608 1402 caelo,
1622 1381 1675 1399 non
1691 1377 1756 1400 sunt
1772 1374 1799 1399 in
1812 1378 1894 1404 terra,

1105 1422 1132 1443 et
1148 1418 1168 1444 si
1185 1425 1199 1443 a
1214 1417 1268 1444 Deo
1288 1418 1314 1444 in
1336 1422 1434 1444 terram
1448 1417 1639 1447 demittantur,
1657 1416 1683 1442 in
1699 1415 1770 1442 ccelo
1791 1424 1895 1449 nr-qna-

1105 1470 1186 1496 quam
1204 1468 1356 1492 remanent,
1372 1463 1519 1493 mmnihus,
1534 1462 1629 1495 pot-tis,
1641 1462 1781 1492 claustris,
1798 1462 1897 1495 sigillis

1106 1516 1160 1534 non
1179 1509 1391 1536 concluduntur.
1410 1508 1545 1535 lndeliniti
1566 1513 1640 1534 sunt.
1668 1507 1833 1534 Indeﬁnitus
1850 1515 1898 1533 au-

1107 1559 1159 1580 tent
1176 1554 1247 1583 dico.
1260 1562 1314 1580 non
1327 1555 1398 1580 enim
1416 1559 1497 1588 prout
1513 1559 1586 1583 sttnt.
1603 1554 1638 1580 ita
1655 1553 1722 1579 viris
1737 1553 1831 1584 dignis
1850 1561 1894 1586 ap-

1107 1604 1213 1632 parent.
1239 1599 1339 1633 quibus
1366 1607 1413 1626 eos
1440 1607 1572 1633 apparere
1599 1600 1670 1625 Deus
1695 1598 1826 1629 voluerit,
1850 1598 1894 1624 sed

1107 1644 1303 1679 transﬁgurati.
1330 1649 1413 1679 prout
1429 1645 1499 1671 ferre
1515 1641 1638 1679 possunt,
1656 1644 1701 1678 qui
1720 1651 1768 1670 eos
1784 1643 1893 1670 intuen-

1107 1695 1159 1717 tur.
1176 1691 1242 1717 Nam
1261 1691 1333 1725 quod
1349 1692 1499 1718 increatum
1513 1695 1565 1722 est,
1582 1691 1650 1717 idem
1670 1695 1768 1716 natura
1787 1695 1816 1716 et
1832 1697 1892 1724 pro.

1106 1737 1165 1771 prie
1179 1737 1351 1764 indefinitum
1367 1741 1418 1763 est.
1437 1737 1531 1764 Omnis
1553 1743 1645 1763 autem
1672 1741 1800 1763 creatura
1820 1740 1891 1762 extra

1106 1781 1253 1807 essentiam
1268 1788 1283 1807 ει
1299 1779 1428 1808 Creatore
1444 1788 1493 1808 suo
1510 1780 1652 1807 delinitur.
1673 1779 1757 1807 Iidem
1773 1779 1892 1806 sanctiu-

1114 1826 1250 1853 cationcm
1274 1834 1289 1853 a
1314 1832 1408 1854 sancto
1427 1826 1529 1860 Spiriltt
1556 1826 1668 1855 habent.
1686 1825 1782 1852 divina
1809 1826 1891 1859 gratia

1106 1871 1303 1901 vaticinantur,
1319 1871 1423 1905 nuptiis
1449 1870 1660 1904 haudquaquam
1685 1875 1791 1904 egent,
1823 1878 1892 1896 utor-

1107 1916 1174 1942 tales
1187 1917 1260 1942 enim
1277 1924 1331 1943 non
1348 1920 1421 1943 sunt.
1438 1916 1489 1943 Sed
1504 1924 1564 1942 cum
1580 1918 1634 1942 sint
1649 1916 1776 1950 spiritus,
1793 1915 1891 1942 ideirco

1107 1962 1188 1988 etiam
1205 1963 1231 1989 in
1248 1963 1315 1990 locis
1336 1962 1484 1989 intellectui
1499 1962 1547 1988 soli
1567 1963 1669 1996 perviis
1684 1961 1823 1992 habitant,
1840 1969 1891 1988 non

1107 2012 1138 2034 ut
1152 2014 1269 2042 corpore
1290 2007 1569 2035 circumscrihantur:
1588 2014 1637 2033 nec
1663 2006 1735 2033 enim
1762 2014 1892 2041 corporea

1105 2057 1214 2085 natura,
1228 2061 1275 2080 seu
1293 2053 1428 2080 exteriore
1453 2053 1536 2087 ﬁgura
1551 2046 1700 2086 etligieque'
1718 2051 1805 2078 dividi
1833 2059 1893 2086 pos-

1105 2104 1179 2131 sunt,
1200 2099 1246 2126 sed
1271 2099 1334 2133 quia
1361 2099 1502 2126 intellectu
1532 2099 1590 2126 solo
1622 2098 1715 2133 pervia
1747 2099 1891 2132 praesentia

1105 2150 1180 2175 sunt,
1206 2144 1329 2178 iussique
1358 2141 1560 2178 obsequuntur,
1583 2151 1634 2170 nec
1659 2150 1713 2170 uno
1741 2144 1892 2178 eodemque

1070 2201 1091 2228 ι)
1107 2195 1245 2217 momento
1263 2190 1308 2216 hic
1323 2195 1350 2217 et
1377 2189 1432 2216 illic
1457 2197 1517 2217 esse
1543 2194 1571 2216 ct
1598 2196 1713 2215 munere
1743 2195 1796 2215 suo
1821 2189 1890 2223 fungi

1106 2240 1231 2270 possunt.
1248 2235 1288 2262 An
1305 2240 1394 2262 autem
1411 2243 1490 2270 pares
1504 2235 1621 2262 essentia
1635 2235 1701 2267 sint,
1714 2242 1748 2261 an
1762 2242 1829 2261 vero
1847 2235 1889 2262 alii

1106 2281 1141 2308 ab
1154 2281 1215 2308 aliis
1228 2281 1368 2313 diﬂ‘erant,
1388 2281 1538 2308 nescimus.
1560 2281 1640 2307 Solus
1659 2287 1757 2307 eorum
1785 2285 1889 2307 creator

1106 2326 1177 2354 Deus
1193 2327 1219 2354 id
1235 2327 1320 2358 novit,
1335 2327 1380 2354 cui
1393 2327 1475 2354 etiam
1491 2326 1582 2353 omnia
1597 2326 1705 2361 cognita
1716 2329 1793 2352 sunt.
1811 2326 1889 2352 Dille-

1105 2378 1171 2400 runt
1185 2377 1276 2401 autem
1291 2373 1337 2400 alii
1352 2373 1386 2400 ab
1405 2373 1467 2400 aliis
1484 2372 1629 2407 splendore
1655 2376 1683 2398 et
1707 2371 1818 2402 ordine,
1836 2372 1888 2398 sive

1105 2416 1230 2443 ordinem
1242 2421 1354 2444 servent
1366 2417 1399 2443 ad
1413 2416 1599 2451 splendorem,
1615 2415 1673 2442 sive
1685 2415 1834 2449 splendore
1846 2423 1887 2449 po-

1106 2462 1219 2495 tiantur,
1231 2470 1349 2497 eumque
1365 2462 1412 2489 alii
1424 2462 1486 2489 aliis
1496 2462 1711 2492 communicent,
1724 2465 1756 2487 ut
1767 2461 1886 2488 ordinem

1105 2513 1277 2537 conservent.
1289 2509 1401 2537 Certum
1414 2513 1456 2536 est
1467 2513 1558 2535 autem
1571 2515 1619 2535 eos
1629 2507 1677 2542 qui
1695 2511 1762 2534 sunt.
1779 2507 1806 2534 in
1823 2507 1885 2534 infe-

1105 2555 1225 2582 rioribus
1247 2554 1392 2582 ordinibus
1414 2559 1442 2582 et
1458 2553 1630 2588 splendorem
1654 2558 1681 2580 et
1705 2553 1883 2586 cognitionem

1104 2600 1139 2626 ab
1158 2599 1191 2626 iis
1206 2600 1283 2635 quasi
1299 2607 1349 2634 per
1365 2607 1462 2626 manus
1476 2598 1610 2633 accipere,
1624 2598 1671 2633 qui
1687 2602 1753 2624 sunt
1768 2597 1796 2624 in
1811 2606 1884 2632 supe-

1105 2645 1237 2674 rioribus.
1252 2645 1347 2672 Fortes
1365 2649 1497 2680 praeterea
1514 2648 1628 2675 sunt,et
1643 2643 1732 2678 parati
1744 2643 1778 2670 ad
1793 2643 1883 2670 divinae

1104 2691 1255 2718 voluntatis
1271 2691 1486 2723 exsecutionem,
1503 2689 1706 2724 confestimque
1731 2689 1830 2724 passim
1846 2698 1883 2717 re-

1105 2737 1258 2772 periuntur.
1277 2740 1350 2763 tanta
1366 2740 1408 2764 est
1422 2743 1518 2763 eorum
1537 2740 1644 2763 natura:
1664 2735 1804 2767 celeritas,
1819 2743 1880 2770 quo-

1104 2789 1212 2817 cunque
1221 2782 1330 2810 divinus
1340 2781 1402 2810 illos
1412 2786 1495 2809 nutus
1503 2781 1690 2809 amandaverit
1701 2789 1707 2807 :
1717 2781 1882 2809 custodiunt.-

1104 2837 1157 2863 que
1173 2828 1298 2864 regiones
1314 2833 1402 2861 terrae,
1416 2828 1543 2864 gentibus
1556 2833 1582 2856 et
1597 2827 1666 2855 locis
1679 2827 1812 2862 praefecti,
1828 2835 1880 2863 pro-

1071 864 1089 892 li
