1949 3073
35 139 108 170 1185

670 137 722 168 ΤΗ
728 137 823 167 ESAU

891 138 965 168 LIB.
987 138 1030 167 ll.
1595 133 1662 165 1186

32 201 121 228 quam
143 192 323 229 vegetativam
339 192 436 228 vulgus
456 196 553 225 vocat,
574 197 603 220 et
623 200 685 228 quae
708 199 822 226 corpora

881 193 1032 228 :elligentire
1048 199 1133 227 capax
1148 196 1293 226 cst,quem
1309 186 1534 225 αὐτοάνθρωᾶτον,
1551 189 1604 217 hoc
1623 195 1667 217 est

33 239 176 266 eﬂ'ormat.
191 238 253 265 llam
275 238 347 265 ettim
369 245 424 263 non
445 236 551 263 ratione
564 256 571 268 ,
594 235 642 263 sed
660 241 758 263 natura
782 243 827 261 re-

33 289 153 319 guntur.
169 284 235 319 Ejus
256 289 347 310 autem
372 291 434 317 qua:
457 283 556 309 ratiotti
578 287 655 316 paret
678 281 739 308 dua;
761 284 826 307 sunt

33 330 164 364 species,
188 330 323 363 cupiditas
342 333 370 356 et
395 329 564 355 animositas.
587 328 721 355 Caeterum
746 327 825 353 bruta

33 375 83 402 illa
101 384 165 410 pars
186 376 282 402 animae
300 376 380 410 vulgo
395 375 550 402 alIectativa
563 378 591 400 et
616 373 763 408 appetiiiva
787 372 828 399 di-

33 422 123 448 citur.
139 422 285 448 Sciendum
305 426 435 456 praeterea
452 425 503 452 est,
516 421 548 447 ad
565 419 662 446 rationi
685 423 825 453 parentem

34 467 128 494 bruta:
141 467 277 494 faettltatis
296 467 393 494 aniittae
407 467 607 501 partem,illunt
625 473 734 500 quoque
758 473 825 492 cott-

33 513 124 539 citum
142 513 175 539 ad
193 520 250 539 rem
266 517 384 546 optatam
398 517 501 538 ittotuui
517 511 611 538 referri
630 511 729 538 solere.

365 579 438 606 CAP.
468 579 500 607 L.

33 637 123 665 Plura
138 638 170 664 de
183 645 291 672 corpore
305 642 328 664 et
341 637 442 664 animo.
461 637 498 663 De
515 638 609 663 animm
625 635 828 663 immortalitate

148 677 172 699 et
192 679 300 702 natura.
315 676 446 708 quatenus
464 674 566 705 corpori
577 673 720 707 jungatur.

72 729 268 756 [inmortalitas
283 729 385 756 hoiiiiiti
410 728 543 763 acquisita
563 732 619 758 κλει.
634 728 680 761 qui
704 725 828 759 quamvis

34 775 74 802 sit
96 775 258 801 naturaliter
278 776 419 806 mortalis,
436 775 534 800 animae
558 779 646 799 tamen
671 772 828 806 prtestanlia

34 822 219 854 consequitur
234 825 263 845 ut
275 820 476 851 immortalibus
486 819 617 846 assideat.
630 819 715 853 Igitur
728 820 826 844 anitttze

878 239 963 274 ipsum
982 247 1028 266 seu
1046 239 1196 274 perfectum
1213 238 1349 265 hominem
1368 238 1385 263 ii
1401 241 1516 268 vocant.
1538 237 1584 270 qui
1603 236 1665 263 for-

877 292 982 311 marum
996 285 1231 320 speculationibus
1253 283 1352 310 addicti
1373 287 1448 310 sunt.
1471 282 1556 309 llotno
1573 283 1666 315 itaque

878 331 975 365 triplex
989 335 1041 358 est.
1055 331 1131 358 Unus
1156 330 1266 365 quidem
1291 329 1383 362 νοερὸς
1407 329 1595 362 iittelltgeutia:
1618 335 1666 354 ea-

878 384 946 411 pax,
961 376 1038 410 isque
1060 377 1213 403 uniformis.
1235 376 1309 402 Alter
1332 383 1397 402 vero
1419 376 1526 407 λογικῦς
1553 375 1666 401 rationis

878 423 1033 457 particeps.
1062 423 1139 457 isque
1168 423 1322 456 tripartitus
1347 427 1374 449 et
1401 423 1499 457 triplici
1535 422 1666 448 facultate

879 469 1019 503 praeditus.
1044 469 1153 496 Tertius
1185 470 1301 504 denique
1332 471 1513 503 αἰσθητικῆς,
1540 469 1666 496 sensibus

877 515 1013 546 addictus,
1041 515 1117 548 isque
1140 515 1315 542 multiformis
1335 521 1362 542 et
1384 519 1485 543 varius.
1509 515 1536 542 Itl
1564 522 1666 549 porro,

878 560 950 595 quod
967 561 1148 588 ratiocinatur
1163 566 1190 588 et
1205 564 1417 596 rontcmpiatur,
1432 570 1480 589 n05
1496 562 1547 596 ipsi
1560 569 1665 588 sumus.

877 607 933 633 Nec
950 607 1023 633 enim
1040 607 1187 642 quidquam
1215 608 1287 635 inter
1306 616 1356 635 nos
1379 612 1406 635 et
1431 611 1548 635 animam
1569 608 1667 634 discri-

878 652 959 679 minis
978 656 1029 679 est.

1191 707 1268 735 CAP.
1286 709 1352 736 LIII.

878 753 918 780 De
935 757 1022 790 metite
1036 759 1062 790 et
1078 753 1184 784 anima,
1203 754 1362 785 (Cra’caruot
1381 755 1482 789 aliquot
1502 755 1654 790 philosopha

896 796 954 814 rum
969 788 1001 814 de
1017 788 1112 814 auium:
1127 793 1151 814 et
1167 790 1283 824 corporis
1301 791 1482 823 conjunctione
1496 788 1657 824 sententiae.)

33 871 148 894 natura.
166 870 195 891 ut
212 866 374 899 quibusdam
389 866 501 900 placuit.
518 865 638 899 perfecta
655 865 714 899 eius
729 864 825 898 ipsius.

913 855 952 882 Ex
971 853 1123 888 sapientum
1142 853 1300 881 Gra‘corum
1323 863 1438 882 numero
1461 856 1536 882 Plato
1555 857 1666 891 quidem

33 917 64 937 et
91 911 265 937 dimensione
294 919 390 938 caretis
413 911 531 938 essentia
555 916 596 937 est
611 919 617 937 :
634 918 694 944 quae
718 909 826 943 corpori

34 962 170 991 tanquam
183 957 276 983 currui
290 957 398 983 insidet.
415 956 483 990 Quia
507 964 571 983 vero
595 957 650 982 vita
674 957 724 982 toti
754 955 829 982 sufli-

36 1003 151 1034 ciettda,
169 1009 197 1028 et
215 1010 273 1028 suis
287 1002 312 1028 id
334 1003 408 1028 velut
423 1002 529 1037 angulis
544 1000 827 1028 circurnscrtbendum

35 1054 93 1078 est.
110 1056 141 1074 ea
156 1050 190 1074 de
202 1056 282 1075 causa
298 1049 386 1082 ipsum
400 1048 532 1082 permeat.
548 1048 599 1074 hoc
624 1052 668 1074 est
683 1046 826 1076 dividitur,

34 1099 66 1121 et
89 1101 138 1128 per
156 1094 275 1127 singulas
290 1094 348 1128 ejus
367 1099 457 1128 partes
469 1093 642 1123 diﬂ'undttur,
662 1091 826 1126 profundunt

34 1139 99 1174 ejus
118 1144 145 1165 et
161 1139 335 1172 superficiettt
347 1146 379 1164 ex
397 1147 476 1172 :equo
490 1139 624 1167 animans,
642 1142 722 1171 atque
738 1138 827 1171 ipsum

35 1184 151 1220 quidem
169 1185 220 1210 sibi
244 1185 294 1218 ipsi
317 1184 536 1215 circinuseribit,
555 1184 579 1210 ei
595 1189 686 1210 autem
709 1182 827 1216 seipsam

35 1230 125 1257 certis
139 1229 240 1255 limbus
254 1231 454 1255 accommodat.

364 1287 438 1314 CAP.
460 1287 504 1314 LI.

36 1346 107 1374 Item
130 1345 161 1371 de
181 1346 282 1372 anima.
301 1344 460 1380 Atigelorum
478 1351 501 1372 el
520 1346 671 1372 animarum
689 1346 828 1373 creali'om's

398 1383 476 1407 ratio.

76 1436 135 1463 Una
153 1444 213 1462 cuni
231 1436 415 1466 angelicorum
435 1436 545 1468 quidem
567 1436 694 1462 ordinum
717 1437 808 1471 specie
820 1456 827 1468 ,

37 1483 244 1510 individuorotit
260 1489 365 1514 quiiqun
382 1490 515 1507 numerus
529 1490 554 1507 itt
574 1489 659 1516 prima
678 1483 721 1508 illa
749 1490 827 1508 inun‘

36 1530 67 1556 di
96 1533 235 1554 creatione
258 1529 409 1561 ronipletus
440 1536 499 1554 esse
525 1529 613 1554 fertur
637 1537 643 1553 :

35 1580 131 1603 autem
146 1582 277 1600 numerus
297 1582 311 1600 a
327 1580 449 1600 creatore
466 1574 554 1600 \‘erbo
578 1575 639 1607 \cui
662 1575 729 1601 itiliil
752 1577 826 1601 l'uttt-

37 1631 102 1650 rum
129 1629 176 1649 aut
198 1629 342 1648 venturum
371 1627 425 1652 «st,
454 1624 500 1649 sed
530 1624 621 1648 omnia
655 1623 826 1657 perspicuam

36 1675 165 1697 naturain
178 1668 239 1702 ade;
251 1675 276 1694 ia
294 1675 353 1694 sunt
368 1670 377 1701 )
397 1669 546 1702 productus
563 1669 673 1702 quidem
694 1677 752 1695 esse
769 1676 827 1702 per-

37 1715 161 1742 hibetur.
181 1718 209 1739 at
232 1721 285 1739 itoit
302 1722 354 1739 una
380 1721 440 1739 cum
466 1721 556 1738 l‘t'l‘tllll
581 1713 758 1739 universitate
778 1713 827 1739 de-

39 1764 193 1794 proniptus,
220 1759 274 1784 into
298 1758 348 1783 ill.e
365 1765 398 1784 ex
425 1758 640 1790 lillllllit‘l‘ctlllu,
666 1762 693 1784 et
718 1765 825 1787 eorum,

38 1805 116 1839 quia
135 1804 227 1830 iuttitdi
243 1804 392 1837 primordio
413 1805 445 1829 ad
466 1804 538 1830 hunc
557 1812 642 1837 usque
660 1803 732 1829 diem
751 1811 827 1829 Vixe-

39 1856 120 1880 runt,
136 1850 296 1882 corporibus
317 1849 412 1876 infusae
435 1850 519 1876 fuisse
537 1859 543 1874 ;
559 1853 642 1883 atque
665 1849 691 1875 iii
707 1849 768 1876 dies
782 1849 825 1875 in-

39 1897 117 1923 fundi
136 1896 273 1923 feruntur.

351 1962 426 1990 CAP.
457 1962 512 1989 Lll.

59 2023 123 2052 Item
139 2022 169 2048 de
186 2021 286 2047 animo.
305 2019 410 2054 Triplex
429 2021 525 2046 uitium:
541 2019 658 2054 nﬁ'ecti'o,
680 2018 809 2054 triplicem

264 2063 366 2089 quoque
380 2056 510 2081 hominem
525 2055 599 2088 fam.

75 2114 184 2148 Triplex
202 2120 283 2147 porro
302 2115 344 2138 est
358 2112 453 2138 animae
465 2111 584 2141 affectio.
598 2111 733 2146 siquidem
752 2112 824 2147 quod

41 2166 68 2191 in
87 2162 129 2189 illa
146 2168 281 2187 sumntum
299 2163 341 2185 est
353 2178 359 2189 ,
378 2162 478 2184 etcum
505 2158 587 2185 rebus
609 2166 668 2192 qua:
686 2158 824 2186 intellectu

880 905 908 926 et
932 898 1094 925 Aristoteles
1118 899 1237 924 animam
1264 907 1378 933 oorpore
1411 905 1538 934 L-nquam
1566 901 1669 927 instru-

880 949 973 971 mento
990 943 1030 970 uti
1047 948 1169 970 censent.
1190 944 1271 971 Decet
1287 945 1372 977 enim,
1390 946 1478 979 inquit
1495 947 1667 980 Aristoteles,

879 995 909 1018 ut
936 997 981 1017 ars
1007 990 1077 1021 suis
1095 991 1303 1019 insmiineittis.
1326 992 1415 1017 anima
1441 997 1531 1018 autem
1552 999 1668 1027 corpore

879 1042 983 1064 utatur.
1021 1036 1195 1071 Peripatetici
1220 1035 1284 1062 vero
1313 1036 1469 1070 philosophi
1502 1037 1575 1064 illam
1613 1045 1668 1064 non

879 1089 958 1109 secus
982 1086 1066 1116 atque
1087 1082 1204 1108 forntaiii
1229 1081 1342 1107 ntatcria
1362 1087 1533 1108 constantem
1560 1082 1668 1116 corpori

878 1132 1056 1155 Commisceitt
1072 1133 1100 1155 el;
1118 1127 1268 1162 implicant.

913 1174 1061 1202 Cleanthes
1086 1175 1158 1201 illam
1183 1174 1264 1201 etiam
1282 1181 1382 1208 corpus
1403 1181 1464 1200 esse
1488 1173 1666 1205 demonstrat.

879 1227 939 1254 qua:
966 1224 1057 1246 tamen
1082 1219 1231 1253 aliquando
1245 1218 1279 1245 ab
1301 1225 1334 1245 eo
1350 1219 1423 1252 quod
1449 1219 1501 1245 sub
1525 1223 1668 1253 aspectum

879 1266 952 1293 cadit
968 1266 1089 1300 separari
1107 1271 1200 1300 queat.

914 1312 1039 1338 Plotinus
1066 1317 1159 1338 autent
1188 1311 1261 1337 illam
1290 1310 1324 1337 ad
1352 1310 1488 1345 carperis
1507 1311 1667 1338 affectiones

878 1357 1036 1384 subeundas
1053 1357 1262 1390 haudquaquam
1274 1354 1345 1389 adigi
1362 1361 1459 1381 auctor
1475 1359 1526 1386 est,
1544 1355 1668 1389 quando-

878 1403 989 1436 quidem
1003 1409 1053 1428 nec
1069 1401 1123 1427 ullo
1141 1409 1259 1434 unquam
1275 1401 1332 1427 fieri
1351 1401 1431 1426 modo
1448 1404 1539 1435 queat,
1558 1405 1586 1426 ut
1601 1400 1668 1427 arti-

879 1447 922 1474 fex
952 1447 1200 1473 instrumentorum
1225 1445 1386 1472 affet-tiones
1414 1446 1519 1472 induat.
1552 1447 1669 1474 Necesse
1695 1440 1698 1441 ν

880 1500 972 1520 autent
989 1498 1045 1524 est,
1062 1493 1117 1521 ait.
1139 1497 1168 1518 ut
1190 1498 1272 1518 sensu
1290 1497 1396 1518 utatur.
1419 1492 1496 1524 Quod
1515 1492 1588 1518 eitim
1607 1500 1669 1519 eor-

673 1529 825 1567 “”i”"l"“m
841 1547 861 1574 ε
880 1548 944 1574 pore
963 1539 1032 1571 agit,
1070 1546 1084 1564 a
1098 1544 1180 1564 sensu
1201 1538 1346 1571 adjuvatur
1363 1546 1370 1564 :
1400 1544 1428 1563 ut
1446 1539 1506 1571 ejus
1532 1538 1668 1564 beneficio

879 1589 990 1612 externa
1009 1590 1037 1612 ct
1051 1585 1200 1612 advcittiita
1219 1589 1375 1618 cognoscat.
1396 1583 1454 1610 Jam
1475 1584 1498 1610 si
1514 1585 1605 1610 anima
1628 1585 1669 1610 in-

879 1638 1011 1664 eorporea
1031 1636 1082 1663 est,
1102 1631 1174 1657 illam
1195 1638 1334 1664 corporea:
1349 1629 1509 1656 allec-tones
1526 1630 1668 1664 haudqua-

878 1681 959 1710 quam
976 1677 1178 1709 penetrabunt:
1197 1676 1270 1711 quad
1287 1675 1311 1702 si
1327 1676 1437 1702 veniant
1455 1676 1666 1710 haudquaquam

879 1724 906 1750 in
931 1725 991 1756 ejus
1021 1723 1187 1755 essentiam,
1209 1722 1256 1749 sed
1283 1727 1391 1748 tantum
1418 1722 1446 1748 iit
1480 1721 1622 1748 facultates
1640 1726 1668 1748 et

878 1770 1000 1796 actiones
1014 1770 1074 1804 ejus
1094 1769 1216 1796 venient.

1187 1824 1261 1852 CAP.
1282 1823 1348 1850 LIV.

877 1882 917 1909 De
933 1883 1035 1909 anima.
1049 1881 1151 1908 Misceri
1167 1888 1225 1915 qua:
1241 1881 1373 1910 dicantur.
1391 1883 1415 1905 et
1428 1879 1558 1914 quomodo
1576 1880 1666 1907 animo

1107 1916 1209 1951 torpori
1226 1916 1437 1942 commisceatur.

913 1973 1019 2000 Misceri
1038 1973 1168 2000 dicuntur
1188 1980 1230 2001 ea.
1247 1979 1308 2006 qitze
1329 1970 1543 1998 commiscentur
1559 1974 1586 1997 et
1600 1978 1667 1997 con—

877 2021 1030 2048 funduntur
1051 2021 1124 2047 inter
1144 2027 1185 2049 se,
1206 2023 1236 2045 ut
1255 2025 1300 2045 res
1315 2018 1434 2045 humida:
1456 2018 1497 2045 vel
1517 2018 1667 2052 implicitae,

877 2072 907 2094 ut
923 2075 970 2094 aer
987 2071 1014 2093 et
1027 2066 1118 2093 lumen
1132 2073 1139 2098 ;
1162 2065 1203 2092 vel
1222 2071 1250 2092 ut
1267 2065 1364 2095 forma,
1382 2072 1442 2099 qua:
1457 2072 1472 2091 a
1495 2065 1608 2090 materia
1625 2070 1668 2090 sc-

877 2113 968 2148 parari
988 2121 1042 2139 non
1066 2115 1165 2146 potest.
1187 2110 1265 2144 Quod
1282 2110 1305 2138 si
1327 2117 1357 2137 se
1374 2110 1416 2137 vel
1439 2109 1575 2136 tantillum
1598 2117 1667 2136 con-

880 2160 1002 2194 tingant,
1030 2159 1150 2186 essentia
1173 2159 1286 2193 quidem
1312 2162 1493 2193 separantur,
1511 2156 1667 2184 actionibus

43 2208 242 2245 percipiuntur.
260 2204 449 2239 cogitationeiit
468 2204 549 2230 habet
562 2224 568 2234 ,
583 2205 674 2238 νὸηπις
688 2226 694 2237 ,
709 2213 758 2232 seu
781 2206 823 2232 in-
842 2214 864 2241 ι)
878 2213 944 2233 vero
964 2206 1188 2232 contmist-entur.
1217 2205 1281 2237 Quae
1298 2213 1341 2231 res
1360 2200 1536 2231 Aristotelem
1554 2211 1666 2238 quoque

41 2256 188 2289 telligentta
216 2252 393 2278 nominatur:
413 2250 485 2284 quod
511 2258 576 2277 vero
598 2255 769 2283 extremum,
797 2257 844 2290 et_

41 2308 166 2336 tauquam
181 2305 276 2325 eorutit
299 2305 358 2331 quae
377 2297 428 2323 sub
451 2305 560 2323 sensum
584 2298 684 2324 cadunt
699 2293 712 2328 ,’
728 2306 825 2325 sensus

40 2346 191 2376 communis
209 2343 352 2371 beneficio,
368 2350 486 2377 gnomon
500 2349 528 2369 et
549 2344 640 2377 regula
661 2349 722 2375 est,
748 2343 823 2375 δοξι,

41 2402 87 2421 seu
113 2392 215 2426 opinio.
244 2390 346 2416 dicitur
363 2398 370 2415 :
387 2389 458 2423 quod
487 2389 605 2423 denique
633 2389 824 2416 intermedium

40 2444 96 2470 est.
114 2443 194 2472 atque
208 2437 242 2462 ita
255 2440 454 2469 comparatum,
470 2439 498 2461 ut
514 2435 592 2461 modo
608 2443 726 2466 sursum,
744 2435 825 2462 modo

44 2485 168 2512 deorsum
184 2482 298 2511 feratur,
310 2479 422 2510 6mm,
441 2487 489 2506 seu
504 2480 632 2514 cogitatio
647 2481 720 2507 dicta
736 2485 787 2507 est.

74 2531 160 2564 Atque
184 2528 226 2554 his
251 2527 351 2553 [iutilius
377 2526 476 2558 homo,
497 2534 544 2554 seu
575 2527 694 2553 hominis
711 2527 824 2561 opinio,

41 2576 222 2611 exspatiatur.
245 2578 357 2606 tumque
375 2572 485 2598 detinuit
501 2573 599 2599 animal
620 2573 722 2599 evadit.
744 2573 825 2607 Cogi-

43 2623 106 2652 tatio
121 2621 192 2648 enim
220 2619 362 2653 multipch
384 2618 508 2652 quaedam
531 2623 628 2645 natura
651 2624 702 2646 est.
721 2619 824 2646 Illlelll°

43 2667 129 2704 gentia
155 2673 220 2693 vero
240 2664 392 2692 divinitatis
414 2667 456 2691 est
476 2664 623 2698 particeps.
649 2664 718 2692 Cum
752 2666 824 2692 enim

42 2714 174 2749 cupiditas
198 2711 344 2745 multieeps
360 2709 497 2744 quoddant
519 2710 640 2743 animal,
664 2711 826 2738 animositas

41 2767 127 2789 autem
152 2758 260 2786 leonina
285 2757 322 2784 sit
345 2757 442 2783 :ratio
471 2757 528 2783 sola
560 2756 698 2785 hominem
728 2765 824 2785 verum

42 2805 190 2838 constituit,
207 2811 263 2838 quo
279 2807 367 2830 tamen
384 2803 454 2829 alius
470 2809 579 2837 quoque
599 2803 719 2831 divinior
741 2804 825 2831 homo

43 2854 181 2887 vet-torque
197 2848 423 2884 deprehenditur,
439 2848 564 2884 quisquis
588 2849 679 2885 νοερὸς
691 2869 699 2883 ,
714 2858 761 2878 seu
782 2852 825 2879 in-

877 2253 1023 2286 permovit,
1040 2251 1216 2285 utduplice‘o
1232 2251 1349 2277 animant
1367 2257 1427 2276 esse
1443 2249 1563 2276 diceret:
1582 2257 1662 2276 unam

876 2298 1000 2332 quidem,
1017 2306 1104 2333 quzea
1128 2306 1242 2332 corpore
1270 2300 1426 2330 separetur,
1455 2297 1572 2324 alteram
1599 2302 1667 2322 veto

877 2353 938 2379 qua:
977 2345 1004 2371 in
1045 2352 1161 2379 carpere
1193 2344 1336 2371 subsistat.
1367 2343 1404 2370 Ea
1443 2350 1526 2377 porro
1570 2342 1667 2371 anima

877 2391 975 2423 forma,
993 2399 1053 2425 qnte
1065 2392 1173 2425 corpori
1191 2392 1272 2422 inest,
1289 2389 1464 2416 instrumenti
1481 2390 1567 2416 vicem
1584 2389 1665 2423 gerit.

878 2445 932 2472 quo
953 2437 986 2463 ad
1001 2437 1172 2471 superiOrem
1188 2437 1309 2463 animam
1332 2436 1405 2470 regia
1421 2435 1549 2462 facultate
1567 2433 1667 2469 praedi-

879 2488 933 2509 tam
961 2483 1140 2510 subvehatur.
1173 2481 1308 2509 Cteteruut
1336 2482 1427 2508 anitna
1461 2488 1522 2515 qure
1556 2478 1666 2513 corpori

878 2529 959 2559 inest.
978 2529 1189 2563 haudquaquam
1208 2528 1260 2555 sub
1283 2535 1394 2555 sensum
1409 2527 1500 2554 cadit:
1528 2525 1666 2559 siquidem

878 2575 987 2610 corpori
1014 2574 1158 2602 eomntisia
1178 2578 1235 2607 est,
1260 2574 1306 2601 sed
1324 2574 1413 2608 ipsuut
1437 2579 1538 2606 corpus
1562 2570 1666 2597 anima-

878 2625 947 2648 ttito.
967 2620 1074 2655 Corpus
1090 2620 1163 2646 enini
1179 2620 1277 2646 animae
1301 2618 1436 2646 beneficio
1453 2624 1565 2645 St‘nSllS,
1583 2623 1668 2650 appe-

878 2668 955 2699 titus,
971 2671 999 2694 et
1014 2671 1175 2694 cteterarutn
1195 2665 1371 2693 aﬂ‘ectionum
1390 2663 1527 2699 particeps
1540 2667 1591 2689 est.

913 2714 991 2741 Plato
1014 2717 1106 2740 autent
1126 2720 1220 2740 verant
1245 2710 1342 2738 animae
1365 2709 1513 2738 essentiam
1535 2716 1549 2735 a
1576 2708 1666 2742 seipsa

878 2760 1034 2795 dependere
1054 2759 1160 2787 scribit.
1181 2757 1259 2791 Quod
1275 2757 1349 2785 cnim
1370 2756 1397 2784 in
1416 2756 1469 2783 alio
1481 2754 1617 2785 subsistit,
1639 2753 1668 2781 id

877 2805 1032 2834 essentialis
1046 2804 1188 2841 qualitatis
1203 2804 1329 2836 formam,
1342 2809 1396 2830 non
1411 2805 1502 2829 autem
1517 2800 1666 2829 essentiam

878 2852 1008 2887 appellat.
