1949 3073
286 113 353 144 1ἶ8ἷ

598 168 673 195 CAP.
694 168 746 194 LV.

423 214 460 241 De
473 215 573 242 ultima.
592 215 630 240 Αιι
646 214 737 240 anima
752 213 786 239 sit
800 213 938 247 putibilit!

319 271 385 304 Qua:
401 271 509 306 corpori
535 271 606 298 inest
616 271 716 302 anima,
735 275 781 296 aut
801 278 916 305 corpore
943 275 1069 305 tanquam

283 317 467 344 instrumento
493 316 592 346 utitur.
610 320 657 342 aut
672 315 706 341 ab
725 315 771 342 illo
798 315 991 350 inseparabilis
1016 319 1068 342 est.

283 362 342 389 .lam
362 362 385 389 si
408 362 483 397 prius
499 361 671 391 admittatur,
699 361 908 396 haudquaquam
923 361 955 387 ad
974 368 1071 395 corpo-

284 415 345 434 reas
362 407 521 434 aﬂ‘cctiones
549 406 705 433 subeundas
728 406 819 432 anima
836 406 963 440 cogitur:
992 406 1034 432 s'm
1055 413 1071 432 a

283 458 398 485 corpore
411 449 533 484 separari
551 456 603 475 non
621 453 719 482 potest,
737 452 766 474 nl.
778 448 939 482 impatibilis
951 453 1069 481 maneat,

285 496 307 523 si
339 504 440 531 corpus
473 496 536 524 mali
560 494 626 530 quid
656 495 787 529 patiatur.
821 494 1069 527 Quemadmodum,

283 542 362 569 verbi
381 542 478 577 gratia,
498 545 603 568 mutato
625 548 699 572 aere,
719 541 810 567 lutnen
829 548 882 567 non
897 540 999 566 moveri
1018 548 1071 566 non

284 592 383 616 potest.
409 587 467 614 .lam
481 586 503 613 si
520 586 611 613 anima
632 586 718 613 forma
735 585 771 612 sit
787 585 945 616 malerialis,
964 589 1071 611 utrum-

284 641 336 666 que
356 637 430 659 certe
445 632 619 666 eonjunctum
639 636 716 666 aget,
733 636 760 657 et
773 631 901 665 patietur,
920 630 1010 657 aninta
1027 639 1072 657 ve-

285 685 316 704 ro
345 685 398 704 non
426 678 502 704 item.
532 677 599 703 Nam
618 685 668 703 nec
697 677 724 703 in
745 675 835 703 securi
866 675 952 710 ﬁgura
982 675 1070 702 solum

285 728 368 754 secat,
384 723 431 749 sed
454 727 540 750 totum
559 731 659 757 corpus
675 723 769 752 simul,
787 722 890 748 ferrum
909 721 1012 748 scilicet
1035 721 1070 748 ita

284 769 466 796 eﬁ‘ormatum.
495 769 542 796 Sin
566 774 656 796 autent
680 769 769 795 anima
786 767 872 794 lortna
894 767 930 794 sit
950 767 1071 794 materne

284 824 395 851 expers,
414 816 472 843 ﬁeri
490 824 544 843 non
561 819 662 849 potest,
679 819 708 842 ιιι
722 815 880 842 allectiones
896 819 923 841 ct
939 814 1072 849 cognitio-

285 870 334 889 nes
351 862 507 896 hujusmodi
532 862 669 892 admittat,
698 861 798 896 quibus
829 861 954 894 corporis
988 861 1072 887 inter-

283 909 365 931 ventu
384 905 500 932 obnoxia
516 912 577 932 esse
602 905 681 932 solet.
711 905 878 932 Aﬂ'ectiones
906 912 1000 938 porro,
1028 905 1072 931 vel

283 957 381 977 sensus
399 950 509 984 quidam
526 955 590 977 sunt
605 950 646 977 vel
662 950 758 977 saltem
775 958 858 977 settsu
875 958 928 976 non
945 955 1050 977 carent:

596 1005 672 1033 CAP.
692 1006 759 1033 LVI.

337 1062 375 1089 De
388 1063 489 1089 anima.
509 1062 663 1096 Aﬂ'ectiones
677 1063 773 1089 anima:
785 1063 816 1089 ab
832 1063 889 1097 ejus
906 1064 1018 1090 essentia

541 1097 639 1132 colligi,
655 1106 707 1124 non
719 1102 822 1125 contra.

319 1153 349 1180 In
378 1153 554 1180 malhematis
571 1153 698 1188 quidem,
728 1161 776 1181 seu
800 1153 965 1188 disciplinis,
995 1159 1072 1181 ecrto

282 1203 388 1226 constat
413 1199 602 1233 quaestionem,
624 1199 694 1231 Quid
708 1204 760 1227 est.
778 1199 812 1226 de
829 1199 944 1234 singulis
956 1199 1047 1226 efferri
1064 1209 1070 1226 :

282 1245 347 1279 quia
361 1244 490 1271 nimirum
506 1245 540 1272 iis
560 1252 621 1279 quae
635 1245 805 1272 deﬁniuntur
815 1265 822 1276 ,
840 1245 882 1272 vel
896 1245 1066 1279 quantitates

282 1291 399 1325 aliquot,
412 1291 453 1318 vel
462 1291 609 1325 qualitates
621 1291 792 1318 eluceseunt:
804 1299 863 1325 qua:
872 1291 982 1325 quidem
989 1298 1071 1318 sensu

281 1336 324 1362 vel
343 1336 487 1370 phantasia
512 1335 681 1370 apprehendi
707 1341 830 1369 possunt.
846 1335 987 1370 Quotquot
1002 1343 1069 1362 vero

281 1382 406 1409 essentia:
415 1386 487 1414 sunt,
498 1389 558 1416 qutc
570 1382 682 1409 rationis
691 1386 717 1408 et
727 1382 826 1409 mentis
835 1381 1014 1416 sperulationi
1024 1389 1071 1416 pa-

283 1430 352 1458 tent,
371 1427 582 1461 haudquaquam
600 1435 649 1462 per
664 1427 770 1461 scipsas
788 1427 940 1454 manifesta:
959 1432 1022 1454 sunt
1037 1428 1072 1454 iis

282 1481 343 1507 qua;
359 1473 499 1500 sensibilia
512 1478 575 1500 sunt
591 1483 597 1500 :
614 1473 660 1500 sed
676 1481 708 1500 ex
722 1473 821 1508 iisquae
835 1473 886 1500 sibi
898 1473 1027 1500 accidunt
1039 1481 1070 1500 ca

283 1519 435 1545 differentia
452 1519 584 1553 procedit,
599 1527 660 1554 qua:
675 1519 702 1546 in
725 1519 764 1545 eis
780 1519 1005 1553 deprehenditur.
1017 1519 1068 1551 Qui
1084 1523 1105 1548 c

282 1563 391 1596 quidem
405 1563 502 1590 modus
517 1564 543 1589 in
557 1563 647 1589 aninta
663 1564 837 1590 necessarius
849 1568 907 1594 est,
924 1568 1006 1598 atque
1020 1563 1069 1590 de—

284 1609 456 1640 monstratio,
486 1617 540 1643 qua
561 1616 595 1635 ex
613 1616 646 1635 eo
666 1608 738 1642 quod
763 1609 828 1642 quid
850 1614 905 1637 est.
921 1609 1071 1636 accidentia

282 1654 457 1689 colliguntur.
473 1662 527 1681 non
544 1660 634 1681 autent
651 1662 666 1682 e
681 1662 814 1682 converso
826 1655 859 1682 ab
870 1655 911 1682 his
927 1655 960 1682 ad
978 1663 1071 1683 essen-

283 1700 348 1726 tiam
373 1702 537 1727 recurritur.

317 1745 422 1771 Anima:
437 1753 517 1779 porro
535 1745 711 1775 allec-tiones,
729 1753 782 1772 non
800 1745 962 1780 simpliciter
981 1747 1071 1774 omnis

283 1790 344 1824 ejus
361 1790 434 1817 actio
462 1795 515 1823 est,
539 1790 586 1817 sed
603 1791 733 1825 patientis
753 1795 877 1823 tantum,
898 1796 979 1826 atque
993 1797 1070 1819 extra

282 1836 399 1869 seipsam
427 1837 577 1870 cvagantis.
604 1836 637 1863 Et
650 1837 739 1863 omnis
765 1837 875 1871 quidem
902 1838 993 1864 anima
1023 1846 1071 1865 ex—

282 1881 428 1908 trariarum
458 1889 551 1908 rerum
569 1889 651 1908 sensu
669 1881 795 1914 afﬁcitur,
820 1887 847 1908 at
866 1891 921 1909 non
945 1884 1034 1910 omnis
1050 1892 1064 1910 a

281 1934 398 1960 corpore
417 1926 577 1960 superabilis
606 1931 665 1953 cst.’
685 1926 781 1954 Omnis
812 1927 884 1953 enim
918 1936 1016 1955 sensus
1042 1933 1070 1955 et

281 1971 432 2008 phantasia:
452 1971 554 2005 absque
576 1979 691 2005 corpore
707 1978 763 1997 non
780 1971 858 2001 Iiunt,
881 1971 1010 2003 quocirca
1034 1979 1069 1997 ne

281 2018 373 2043 anitna
388 2016 500 2051 quidem
523 2023 618 2043 eorum
634 2016 754 2050 passioni
771 2016 900 2047 obnoxia,
919 2017 973 2043 ullo
988 2016 1069 2043 modo

279 2062 400 2097 separari
429 2066 528 2097 potest.
557 2062 680 2096 Propriae
704 2062 779 2089 enim
812 2061 945 2096 quasique
971 2062 1065 2088 dome-

278 2108 354 2135 stica:
368 2108 395 2134 in
415 2108 541 2135 essentiis
552 2107 674 2134 actiones
688 2114 748 2134 esse
761 2105 900 2134 videntur.

582 2162 659 2192 CIAP.
678 2163 757 2191 LVII.

280 2211 347 2238 Item
364 2210 395 2237 de
410 2211 510 2237 anima.
538 2210 674 2245 Expositio
702 2209 771 2245 dicti
785 2208 910 2242 Momici,
927 2207 1068 2236 Faciemus

303 2246 432 2273 hominem
452 2247 486 2271 ad
502 2246 644 2280 imaginem
661 2250 684 2271 et
699 2244 902 2270 similitudinem
922 2249 1050 2271 nostram.

317 2302 462 2335 Quzenam,
480 2309 586 2336 quaeso,
609 2302 694 2328 finitio
718 2301 817 2328 similis
839 2305 882 2328 est
917 2301 981 2329 huic
1011 2301 1068 2328 Mo-

279 2347 364 2379 saico,
385 2351 512 2381 tanquam
533 2347 560 2373 in
575 2347 623 2374 Dei
638 2355 768 2381 persona,
784 2347 962 2381 pronuntiato
978 2356 984 2373 :
1006 2347 1064 2374 Fa-

278 2394 378 2420 ciamus
398 2394 527 2420 hominem
543 2392 577 2419 ad
591 2393 733 2427 imaginem
751 2398 775 2419 et
803 2392 1001 2419 similitudinem
1020 2400 1067 2419 no-

280 2439 423 2466 strum"?
450 2438 587 2472 siquidem
610 2438 699 2472 angeli
711 2438 842 2472 sitnplicis
867 2443 972 2465 natura:
992 2443 1065 2469 sunt,

281 2490 307 2512 et
321 2485 472 2512 absolutam
489 2484 687 2518 perfectionem
702 2484 786 2518 gratis
802 2484 893 2518 adepti
917 2489 990 2515 sunt,
1017 2491 1067 2510 nec

279 2531 352 2557 enim
389 2529 571 2564 aptitudinem
608 2529 765 2568 actionibus
802 2537 916 2557 vacuam
954 2537 1068 2564 accepe-

280 2581 345 2603 runt
360 2585 368 2602 '.
385 2583 475 2610 neque
497 2582 651 2602 sermonem
670 2574 757 2607 illum,
773 2574 820 2610 qui
835 2575 915 2601 nobis
934 2574 1068 2601 naturalis

278 2615 332 2654 est,
357 2625 385 2648 ct
413 2628 468 2655 quo
497 2620 530 2647 ad
553 2619 762 2647 similitudinem
790 2627 942 2651 movemur,
968 2618 1068 2646 actioni

280 2675 337 2694 suae
354 2671 532 2702 praestruunt,
547 2666 770 2701 quandoquidem
791 2666 870 2701 longe.
888 2664 1066 2692 excellentius

279 2720 362 2748 quam
374 2719 424 2740 nos
438 2711 557 2739 divinant
573 2711 688 2738 formam
701 2711 902 2747 imaginemque
922 2709 1062 2737 referunt:

319 2770 340 2785 "
351 2769 420 2796 Psal.
438 2776 492 2801 cu,
507 2769 533 2795 5.

317 2816 374 2851 (t6)
388 2815 460 2843 Infra
474 2815 524 2842 lib.
545 2823 581 2848 tv,
599 2816 712 2851 (zz-p.31,
730 2819 824 2842 contra
843 2813 999 2848 Origenem.

898 109 1044 140 NlCE'I‘ji
1061 110 1265 142 ClIOXlATdI

1083 175 1105 200 Α
1121 177 1173 203 qua
1190 168 1220 195 ﬁt
1239 172 1269 195 ut
1293 175 1346 194 non
1367 166 1600 202 quemadmodum
1616 166 1748 199 solemus,
1761 174 1807 194 ex
1828 169 1931 202 imper-

1852 111 1924 142 IISS

1121 214 1240 240 fectione
1256 212 1289 239 ad
1315 211 1512 247 perfectionem
1537 212 1763 247 progrediantur,
1788 221 1850 248 pro
1873 222 1931 241 mo-

1121 259 1186 285 dulo
1203 258 1323 290 virtutis,
1342 266 1402 292 quae
1423 258 1521 285 anima:
1541 258 1622 285 insita
1637 259 1683 291 sit,
1711 258 1748 285 ad
1778 259 1931 286 rationem

1121 304 1221 331 divina:
1245 304 1318 331 illius
1342 304 1531 331 similitudinis
1556 304 1784 339 consequendam
1805 314 1814 331 :
1848 306 1931 339 legis-

1121 350 1192 377 lator
1220 354 1310 377 autem
1334 350 1452 377 animam
1482 350 1517 376 ad
1541 350 1684 384 imaginem
1713 350 1762 376 Dei
1799 357 1931 377 creatam

1121 401 1181 421 esse
1213 394 1263 426 ait,
1288 394 1381 420 eadem
1408 401 1521 428 prorsus
1542 394 1657 425 ratione,
1677 402 1731 428 qua
1748 395 1857 428 pictor
1882 397 1931 421 ait-

1122 440 1185 474 quis
1214 440 1358 474 imaginem
1391 441 1511 474 aliquant
1542 441 1574 467 ad
1602 441 1771 475 exemplaris
1806 440 1929 467 fortnam

1121 486 1248 520 etlingere
1275 487 1386 513 dicitur.
1418 487 1519 520 Estque
1552 486 1603 513 hoc
1636 490 1663 513 et
1689 487 1798 514 dicitur
1840 488 1927 521 prima

1123 531 1221 565 imago,
1239 536 1320 566 atque
1337 532 1534 564 immediatunt,
1550 536 1580 559 ut
1598 533 1633 558 ita
1649 532 1750 564 dicam,
1771 534 1927 566 spectandi

1121 577 1259 611 archetypi
1285 586 1332 604 seu
1360 578 1525 611 exemplaris
1551 577 1664 604 idolum.
1692 578 1740 604 Est
1767 586 1847 604 vero
1877 569 1926 604 alia

1124 629 1234 655 quoque
1250 621 1411 652 similitudo,
1430 622 1557 648 nimirunt
1573 621 1690 648 secunda
1706 622 1849 656 imaginis
1863 623 1926 649 imi-

1123 665 1197 692 tatio.
1217 666 1349 698 Quocirca
1371 667 1414 693 illa
1439 666 1549 700 quidem
1574 667 1748 701 exemplaris,
1776 667 1844 694 haec
1863 676 1925 694 vero

1123 711 1249 746 imaginis
1275 713 1363 746 imago
1378 713 1494 739 dicetur.
1518 712 1618 740 Eadem
1634 720 1700 747 ergo
1718 713 1835 740 ratione
1855 714 1924 740 Deus

1121 765 1230 791 quoque
1248 758 1345 784 anima:
1366 758 1541 793 archetypum
1557 763 1608 790 est,
1627 759 1785 785 rationibus
1801 759 1922 793 quihus-

1122 802 1183 828 dam
1212 802 1415 833 inclfabilibus,
1442 807 1471 829 ut
1504 807 1600 829 auctor
1625 809 1666 830 est
1698 803 1802 834 Moses,
1830 805 1922 832 anima

1088 843 1106 869 Β
1122 853 1213 874 autem
1233 848 1367 882 corporis.
1395 847 1450 874 Etsi
1472 847 1546 874 enim
1568 855 1666 882 expers
1680 849 1810 875 materia»
1830 850 1921 875 anima

1124 897 1180 925 est,
1212 900 1312 927 corpus
1349 897 1441 919 autem
1479 893 1619 920 tnalerizrle
1652 898 1681 919 et
1706 894 1918 927 compositum;

1126 938 1216 964 attitna
1231 942 1333 969 tamen,
1346 943 1374 965 ut
1389 939 1550 972 quibusdam
1564 939 1675 973 placuit,
1694 939 1822 965 medium
1837 940 1917 973 quid-

1125 982 1186 1009 dam
1205 986 1246 1009 est
1278 983 1349 1009 inter
1366 982 1575 1017 inseparabilem
1598 983 1688 1015 illam,
1715 988 1743 1010 et
1759 983 1867 1010 eodem
1891 991 1916 1010 se

1124 1028 1205 1055 modo
1232 1036 1340 1064 semper
1360 1029 1505 1055 habentem
1528 1029 1694 1058 essentiam.
1726 1033 1815 1063 atque
1846 1037 1913 1059 eam.

1123 1081 1183 1107 quae
1215 1081 1261 1108 per
1288 1081 1404 1108 corpora
1418 1073 1595 1101 diﬁunditur.
1624 1073 1657 1106 Et
1684 1081 1763 1101 mens
1801 1074 1913 1108 quidem

1122 1119 1234 1153 proprie
1248 1119 1366 1146 essentia
1397 1123 1449 1151 est,
1479 1120 1540 1153 qna:
1568 1119 1733 1146 divisionem
1755 1127 1815 1146 non
1844 1121 1913 1146 reci-

1123 1164 1189 1198 pit:
1217 1171 1333 1198 corpora
1373 1172 1437 1191 vero
1478 1164 1647 1198 generationi
1682 1169 1711 1191 et
1739 1166 1912 1200 corruptioni

1123 1210 1241 1236 obnoxia
1260 1215 1335 1242 sunt,
1352 1209 1572 1244 divisionemque
1588 1215 1615 1236 et
1635 1209 1833 1237 dissectionem
1859 1219 1915 1237 om-

1123 1255 1205 1281 nibus
1229 1255 1286 1282 suis
1302 1255 1330 1282 in
1347 1256 1470 1290 partibus
1486 1255 1645 1282 admittunt.
1673 1256 1773 1284 Anima
1791 1256 1911 1290 deniun

1124 1300 1219 1332 menti,
1231 1308 1321 1335 neque
1334 1301 1442 1335 corpori
1452 1300 1550 1328 similis
1557 1305 1598 1328 est
1610 1310 1617 1327 :
1634 1301 1681 1328 sed
1694 1306 1788 1328 mente
1801 1302 1909 1336 quidem

1124 1346 1249 1378 inferior,
1270 1354 1385 1380 corpore
1401 1350 1492 1373 autem
1505 1347 1643 1381 superior:
1658 1347 1721 1381 quia
1738 1354 1795 1373 non
1813 1347 1854 1374 ita
1867 1356 1909 1374 na-

1123 1391 1248 1418 turaliter
1260 1386 1514 1418 divisioni-obnoxia
1530 1396 1580 1418 est.
1592 1390 1661 1424 Quia
1681 1399 1749 1418 vero
1765 1392 1800 1418 ad
1814 1400 1910 1426 corpus

1124 1435 1252 1468 inclinat,
1269 1445 1379 1464 necesse
1402 1442 1444 1464 est
1458 1442 1486 1464 ut
1507 1445 1560 1464 una
1574 1445 1636 1464 cum
1651 1437 1697 1464 illo
1716 1438 1909 1465 dissectionem

1124 1482 1342 1517 divisionemqu
1374 1483 1498 1517 recipiat.
1523 1482 1657 1515 Quocirca
1678 1490 1742 1510 cum
1764 1491 1800 1510 ne
1822 1484 1910 1510 anima

1124 1527 1235 1561 quidem
1259 1530 1295 1555 sit
1316 1529 1458 1555 divisionis
1479 1536 1588 1563 expers,
1611 1529 1641 1554 fit
1665 1533 1695 1554 ut
1714 1529 1840 1563 corporis
1860 1537 1909 1556 non

1125 1574 1215 1600 minus
1233 1574 1320 1609 ima-alo
1338 1574 1383 1607 sit,
1403 1582 1485 1609 quant
1507 1582 1583 1601 mens
1598 1575 1657 1610 ejus
1673 1573 1764 1609 imago
1777 1580 1830 1601 est.

1421 1629 1496 1657 CAP.
1519 1629 1610 1656 LVIII.

1172 1673 1294 1701 Animam
1306 1675 1432 1707 corporis,
1443 1671 1587 1734 ίὶοἴριὶδίιιιε
1602 1674 1655 1700 vice
1666 1681 1742 1700 versa
1754 1675 1852 1701 animi:

1430 1718 1448 1734 ί(
1458 1717 1472 1734 0
1486 1717 1527 1734 nm
1546 1716 1610 1734 esse.

1430 1716 1499 1735 tllOlll
1504 1717 1527 1735 m
1546 1716 1610 1734 esse.

1166 1754 1224 1780 .lam
1255 1754 1276 1781 si
1305 1754 1402 1781 anima:
1424 1763 1438 1780 a
1465 1754 1629 1789 quibusdatn
1660 1761 1809 1788 corporum
1836 1754 1901 1781 idola

1124 1798 1206 1825 dicta:
1226 1799 1297 1828 sint.
1320 1807 1353 1826 ex
1369 1799 1420 1825 hoc
1446 1799 1547 1825 inferre
1578 1798 1716 1833 quispiam
1749 1802 1858 1834 poterit,
1873 1801 1903 1827 ab

1123 1842 1222 1869 animis
1251 1843 1435 1878 itnaginativis
1457 1850 1651 1877 corporearum
1680 1844 1830 1871 formarunt
1854 1846 1899 1871 im-

1122 1889 1286 1922 pressiones,
1321 1888 1347 1915 vi
1367 1896 1462 1916 eorum
1481 1896 1540 1923 qua:
1562 1888 1614 1915 sub
1630 1894 1772 1923 aspectum
1795 1890 1899 1922 cadunt,

1122 1933 1218 1968 recipi.
1244 1933 1350 1968 Corpus
1364 1933 1437 1960 enini
1458 1933 1543 1969 ﬁgura
1561 1940 1676 1967 rectum,
1700 1941 1774 1962 tactu
1794 1937 1898 1967 durum.

1121 1978 1213 2006 colore
1239 1979 1343 2012 album,
1364 1987 1446 2014 grave
1475 1979 1594 2014 denique
1607 1984 1636 2007 et
1647 1988 1776 2015 asperum
1790 1987 1840 2014 est,
1859 1990 1901 2009 nec

1122 2023 1159 2050 ita
1171 2030 1371 2058 comparatum,
1388 2031 1420 2052 ut
1433 2025 1460 2052 in
1474 2033 1537 2053 aere
1559 2025 1666 2053 volitet.
1694 2025 1799 2053 Idolum
1813 2034 1896 2054 autem

1124 2070 1339 2102 tenebricosum,
1354 2075 1381 2097 et
1397 2071 1500 2098 umbrae
1515 2071 1652 2105 persimile
1671 2077 1722 2104 est,
1741 2072 1821 2107 idque
1833 2073 1894 2100 adeo

1120 2117 1193 2151 quod
1217 2117 1296 2151 quale
1322 2117 1357 2144 sit
1374 2118 1418 2144 vix
1443 2118 1583 2153 conjicias.
1611 2117 1676 2151 Quae
1696 2126 1740 2145 res
1767 2118 1896 2146 Platonem

1085 2183 1108 2211 υ
1125 2171 1236 2198 quoque
1253 2165 1349 2195 movit,
1374 2168 1524 2200 utspectra
1548 2165 1592 2192 illa
1615 2164 1783 2197 umbratilia,
1806 2167 1896 2200 quaain

1122 2209 1258 2243 sepulcris
1273 2214 1416 2245 apparent,
1438 2210 1544 2237 animas
1560 2217 1708 2244 corporum
1725 2215 1844 2237 amantes
1856 2219 1897 2237 no-

1123 2258 1282 2290 minaverit,
1299 2258 1400 2293 quippe
1423 2266 1483 2293 quae
1508 2266 1543 2286 ne
1560 2263 1617 2285 tum
1643 2258 1768 2293 quidem.
1787 2267 1846 2286 cum
1869 2259 1896 2286 ab

1123 2302 1174 2329 huc
1192 2303 1295 2330 mundo
1314 2303 1443 2338 digressae
1458 2303 1524 2333 sint.
1539 2304 1573 2330 ad
1589 2311 1688 2338 puruut
1707 2304 1798 2330 lumen
1812 2313 1893 2331 rever-

1123 2351 1228 2380 tantur,
1260 2349 1308 2376 sed
1328 2349 1410 2384 etiam
1434 2354 1491 2375 tum
1516 2350 1588 2376 circa
1611 2356 1727 2383 corpora
1753 2355 1893 2380 versentur,

1122 2400 1193 2427 qum,
1222 2394 1363 2421 servilium
1386 2394 1556 2429 voluptatum
1584 2394 1720 2421 illecebris
1743 2399 1837 2428 capte,
1870 2396 1892 2421 in

1118 2439 1216 2472 primis
1243 2445 1381 2468 amarunt.
1409 2440 1516 2474 Corpus
1550 2447 1632 2474 porro
1666 2439 1770 2466 idolum
1799 2447 1893 2475 quoque

1119 2484 1217 2511 animat
1245 2485 1348 2511 dictum
1383 2490 1436 2518 cst,
1460 2485 1524 2519 quia
1553 2485 1626 2519 quod
1653 2484 1690 2510 illi
1708 2486 1813 2516 oculus,
1839 2487 1892 2512 huic

1120 2536 1216 2556 mens:
1237 2530 1309 2564 quod
1329 2530 1366 2556 illi
1383 2534 1480 2561 tactus,
1498 2529 1563 2556 huic
1583 2529 1624 2556 vis
1649 2529 1694 2555 illa
1719 2534 1761 2556 est
1789 2538 1838 2564 qua
1853 2539 1888 2556 re-

1119 2581 1180 2601 rum
1209 2575 1313 2602 veritas
1340 2575 1516 2610 exquiritur:
1546 2574 1671 2609 quamvis
1703 2574 1761 2601 hinc
1784 2576 1888 2609 gentium

1118 2619 1244 2653 dogmata
1275 2621 1378 2655 majore
1395 2621 1437 2647 sui
1457 2628 1490 2646 ex
1507 2623 1583 2654 parte
1606 2619 1760 2652 rcdoleant,
1778 2620 1887 2655 quemad-

1115 2664 1226 2690 modum
1252 2669 1278 2691 et
1299 2673 1361 2692 eum
1387 2665 1448 2692 duae
1478 2664 1615 2692 idolorum
1648 2669 1754 2691 natura:
1781 2665 1888 2691 rationali

1113 2708 1209 2737 anima.-
1224 2715 1384 2739 attexuntur
1394 2711 1450 2746 (I6)
1469 2719 1475 2738 :
1492 2717 1608 2746 quorum
1621 2717 1705 2737 unum
1717 2709 1741 2737 ei
1758 2710 1791 2736 ab
1803 2715 1889 2737 atterite
