1949 3073
85 123 161 154 iis)

721 122 916 152 'l'llESAURl
938 123 1011 154 LIB.
1035 123 1078 154 ll.

1641 122 1711 155 1190

81 178 238 208 cohaereat,
257 177 329 211 quod
343 176 453 211 quidem
469 176 538 203 nihil
555 175 628 203 aliud
645 180 697 207 est,
711 183 791 210 quam
808 183 871 202 cor-
886 177 912 206 Α
924 182 953 202 se
968 176 1132 203 conveniant
1147 184 1154 202 :
1178 176 1224 203 sed
1246 176 1314 204 alter
1330 177 1530 211 prteslantioris
1550 177 1647 205 anima.-
1666 187 1711 206 ra-

79 231 138 257 pus
158 223 240 254 illud,
263 223 335 257 quod
353 223 433 256 vulgo
451 222 574 249 divinum
596 222 714 249 dicitur:
734 221 807 256 quod
835 228 873 248 Sl-

79 268 142 294 lnul
160 273 242 302 atque
259 267 343 294 subiit
357 268 465 299 anima,
492 267 619 294 crassiori
637 266 727 293 denuo
742 266 810 300 parti
827 266 875 293 ad-

79 312 185 344 haret,
212 320 292 345 quam
318 312 428 345 quidem
448 319 476 338 'a
501 312 605 338 ccclesti
621 317 757 337 astrorum
781 311 875 345 dispo-

79 358 199 388 sitione,
233 362 263 384 ut
295 357 331 384 ita
362 358 467 389 dicam,
498 362 637 391 acceptam
667 357 718 391 ipsi
745 362 873 390 tanquam

78 408 184 430 centro
208 404 369 438 appingunt,
387 410 501 436 eamque
530 407 595 429 tunc
615 402 725 428 demum
756 402 873 428 formam

79 448 186 475 anima:
213 449 328 475 rationis
352 454 490 482 expertem
515 451 628 479 vocant,
653 455 686 474 ex
712 455 765 482 qua
794 448 875 474 nimi-

80 500 146 518 rum
171 492 275 526 opinio,
298 500 411 524 sensus,
443 493 604 527 phantasia,
625 501 721 519 eorum
751 493 871 526 denique

77 538 322 572 generandorum,
355 546 415 572 quae
446 538 498 564 sub
524 539 730 573 generationem
761 540 873 569 cadunt,

78 583 224 616 appetitus
245 583 376 616 procedit.
399 583 455 610 Nec
469 583 541 609 enim
561 583 648 609 eidem
673 588 776 610 naturm
793 583 874 610 unius

80 629 369 662 contemplationem,
399 629 501 663 primas
532 629 675 660 notiones,
709 634 873 664 exactasque

80 674 226 705 scientias,
254 682 305 700 una
337 682 399 700 eum
425 675 499 701 falsis
515 675 703 708 opinionibus,
732 679 873 701 eteorum

79 727 145 753 qua:
171 727 251 746 sensu
273 720 384 754 priedita
409 726 474 747 sunt
501 721 776 754 apprehensionibus,
795 721 875 747 nimi-

80 773 145 791 rum
164 766 334 799 phantastiea
361 766 500 797 facultate,
527 774 674 801 rerumque
706 767 873 794 deteriorum

80 812 194 838 actione
232 813 371 843 tribuunt,
404 813 458 838 imo
496 820 560 839 vero
591 821 651 846 qua:
684 813 872 847 praestantiora

80 863 160 889 sunt,
176 866 205 884 ea
232 858 375 884 rationali:
400 866 459 892 quae
487 867 552 885 vero
572 858 719 889 deteriora,
747 868 777 885 ea
805 860 872 893 parti
889 858 910 886 Β

82 904 318 938 ratiunisexperti
341 909 504 931 aceensent:
535 912 588 930 non
617 911 645 931 ut
676 906 796 931 maculas
823 910 872 932 aut

81 949 224 975 labeeulas
239 950 307 976 ullas
333 951 382 977 hac
408 951 602 977 distributione
618 959 632 977 a
661 951 796 977 diviniore
823 959 872 976 na-

83 999 147 1020 tura
174 995 349 1029 abstergant,
365 996 412 1022 sed
441 1001 469 1022 ut
485 997 529 1023 illa
558 997 720 1023 necessariis
743 996 872 1031 fungente

82 1040 258 1073 muneribus,
287 1041 343 1068 ha-c
373 1042 406 1068 ad
427 1050 457 1068 ea
474 1047 577 1069 tantum
595 1050 624 1069 se
642 1048 793 1075 convertat,
812 1051 872 1077 quae

86 1086 203 1120 propius
226 1087 258 1113 ad
287 1092 412 1113 naturam
430 1088 550 1114 divinam
572 1089 716 1116 accedunt.
751 1089 807 1116 lloc
823 1090 872 1124 igi-

84 1137 130 1158 tur
154 1132 256 1159 idolum
282 1142 312 1160 ea
330 1140 444 1169 propter
469 1135 502 1162 ab
527 1136 615 1162 anima
646 1127 761 1163 rationis
786 1137 871 1170 parti-

82 1179 145 1212 cipe
171 1180 291 1213 separari
320 1188 372 1206 non
396 1188 474 1214 posse
501 1180 619 1207 docent:
646 1181 756 1208 homine
778 1185 870 1208 autetn

83 1223 219 1250 dissoluto
247 1225 464 1258 pra-stantiorem
492 1226 610 1252 animam
628 1234 681 1252 una
705 1233 766 1252 cum
790 1226 873 1253 lumi-

83 1277 153 1296 noso
179 1270 303 1297 vehiculo
332 1271 365 1297 ad
392 1271 530 1306 propriam
554 1273 674 1306 quietem
691 1272 869 1300 subvehunt:

84 1314 271 1342 irrationalcm
306 1324 369 1343 vero
397 1324 411 1343 a
442 1325 555 1352 corpore
584 1323 736 1352 separatam
759 1319 800 1345 vel
836 1319 870 1346 ad

85 1360 190 1388 inferos
208 1361 368 1393 detrudunt,
397 1363 438 1389 vel
462 1363 531 1389 inter
553 1369 628 1402 astra
650 1364 783 1390 referunt.

395 1418 470 1445 CAP.
487 1418 554 1445 LIX.

130 1461 169 1488 De
188 1464 339 1489 animarum
355 1464 381 1490 in
398 1465 453 1491 alia
477 1473 584 1497 corpora
601 1465 832 1500 trausfusianibtts.

122 1518 216 1545 Eidem
244 1527 325 1553 porro
357 1519 403 1554 qui
429 1520 582 1547 animarum
608 1521 788 1556 προγενεσιαν
820 1529 868 1550 seu

923 1535 1024 1554 tnosam
1065 1533 1092 1554 ει

85 1563 315 1596 νΐωθλίδῑρηιὶςπη
354 1565 530 1597 docuerunt,
565 1566 724 1593 earumdem
760 1575 869 1602 quoque

88 1610 294 1643 μεταγγισμοὺς
321 1618 368 1637 seu
386 1611 585 1643 elutriationes,
614 1617 642 1639 et
662 1613 740 1646 quasi
768 1621 783 1640 e
805 1621 869 1640 vase

86 1659 141 1678 uno
170 1653 195 1679 in
223 1653 295 1680 aliud
325 1661 371 1681 vas
400 1655 597 1682 transfusiones
622 1659 768 1684 commenti
789 1663 866 1686 sunt.

85 1696 133 1722 Est
150 1701 240 1724 autem
270 1699 456 1732 μεταγγιπμὺς
478 1707 526 1726 seu
551 1700 700 1733 clutriatio,
729 1709 791 1728 cum
815 1711 868 1731 una

85 1746 113 1769 et
127 1743 221 1769 eadem
244 1743 332 1770 anima
357 1752 390 1771 ex
403 1745 522 1772 humano
537 1753 646 1780 egressa
665 1755 790 1781 corpore,
804 1755 867 1775 cor-

86 1795 136 1822 pus
151 1789 176 1814 in
197 1788 273 1815 aliud
299 1790 497 1825 transniigrat:
516 1796 598 1825 atque
620 1791 768 1826 aliquando
784 1794 867 1821 etiam

87 1833 236 1859 volatlium
259 1834 525 1868 quadrupedumque
543 1843 658 1869 corpora
672 1836 757 1864 subit.

401 1887 475 1914 CAP.
495 1888 554 1915 LX.

115 1933 150 1961 De
170 1933 297 1961 luminosa
317 1938 340 1960 et
355 1935 514 1961 teiwbricosa
538 1936 633 1963 (minue
650 1941 747 1965 natura
764 1938 832 1973 (l7).

121 1988 234 2022 Quidam
261 1997 325 2016 vero
347 1989 482 2025 duplicem
499 1999 609 2026 quoque
638 1993 791 2021 animarum
818 2002 868 2021 na-

88 2039 173 2062 turam
197 2042 257 2062 esse
281 2035 420 2068 dixerunt,
446 2043 530 2063 unam
556 2038 668 2072 quidem
691 2039 866 2073 luminosam,

87 2081 196 2107 alteram
212 2088 277 2108 vero
299 2081 509 2110 tenebricosam.
543 2082 576 2110 Et
597 2084 668 2112 hanc
691 2086 801 2120 quidem
825 2087 868 2113 in-

88 2124 160 2152 ferne
178 2126 331 2157 scaturire,
355 2130 437 2160 atque
464 2126 652 2156 subterraneis
674 2137 706 2156 ex
732 2131 867 2159 meatibus

88 2171 210 2197 exsilire:
227 2172 300 2198 illam
324 2178 391 2198 vero
406 2179 421 2198 c
441 2172 503 2199 cteli
519 2173 623 2200 vertice
645 2181 786 2202 accensam
811 2177 866 2203 de-

89 2217 174 2247 mitti.
208 2221 238 2243 ut
264 2221 401 2244 terrenum
437 2217 488 2244 hoc
520 2219 643 2253 corporis
675 2221 865 2248 domilicilium

89 2267 207 2288 exornet.
225 2261 290 2294 Quae
307 2262 416 2297 quidem
435 2262 605 2291 descendens
621 2272 717 2292 cavere
741 2267 866 2300 jubctnr,

89 2314 122 2334 ne
140 2307 204 2334 dum
236 2315 336 2342 corpus
361 2308 413 2336 hoc
429 2308 545 2336 informe
563 2314 591 2337 et
615 2311 758 2338 confusum
782 2313 867 2339 inlor-

89 2360 159 2379 mare
185 2356 213 2380 ct
241 2361 374 2381 exornare
407 2355 567 2387 contendit,
598 2356 655 2390 ipsa
683 2357 816 2384 dedecore
839 2363 867 2385 et

90 2397 242 2425 confusione
268 2398 430 2433 impleatur:
458 2405 539 2434 atque
569 2401 604 2427 ita
638 2401 734 2428 eadem
772 2407 865 2436 postea

90 2444 130 2471 via
146 2443 272 2477 renuere,
296 2450 323 2472 et
347 2446 374 2472 in
396 2447 513 2480 primum
546 2448 744 2482 propriumque
762 2448 865 2475 fontem

93 2490 194 2517 refundi
216 2496 344 2524 nequeat,
367 2492 414 2519 sed
434 2493 466 2519 ad
484 2493 678 2521 subterraneos
707 2494 768 2521 illos
791 2502 866 2521 mea-

90 2542 129 2565 tus
142 2536 220 2563 alteri
235 2536 332 2563 animze
348 2543 478 2572 cognatos
501 2543 654 2567 transversa
680 2540 816 2574 rapiatur,

121 2592 196 2629 Livor
208 2592 262 2625 ubi,
279 2597 357 2628 atque
365 2593 463 2623 odium.
477 2595 574 2629 species
590 2591 621 2621 εί
632 2595 705 2622 mille
721 2595 850 2622 malorum

122 2627 221 2655 Errant
235 2633 361 2655 tartarea'
376 2629 460 2661 pratis
475 2627 501 2655 iu
514 2630 629 2657 tristibus
643 2631 715 2658 Am.

122 2684 157 2711 Ex
173 2692 227 2719 quo
241 2685 323 2712 etiam
338 2692 409 2720 saepe
423 2685 566 2721 contingit,
583 2692 612 2714 ut
627 2688 723 2715 iisdem
740 2688 863 2723 prognati

91 2731 251 2766 parentibus,
268 2738 303 2759 ne
319 2731 470 2759 animarum
483 2732 594 2767 quidem
611 2734 772 2769 cognatione
793 2734 864 2762 inter

123 2799 173 2839 LIII)
187 2800 361 2839 _Ex_Synesio
373 2803 441 2839 Ιίὶω
459 2802 496 2829 De
510 2801 687 2839 frovidentia.
701 2804 765 2832 inl'r.
783 2805 802 2833 l.
827 2814 865 2839 tv,

90 2841 112 2862 c.
126 2834 168 2867 56,
185 2835 212 2862 in
230 2834 283 2864 fine
295 2836 490 2866 confutationis
509 2834 700 2867 Euchitaruin.

883 2199 904 2225 ι)

927 219 993 246 tioni
1018 225 1128 254 pareat,
1148 221 1218 248 alter
1232 229 1287 256 quo
1316 221 1463 249 deterioris
1487 223 1557 256 rapit
1581 223 1712 257 impetus,

925 273 959 294 eo
972 271 1168 301 prmccpsruat
1183 276 1189 292 ε
1208 273 1290 302 atque
1309 269 1348 295 sic
1360 269 1429 295 alter
1443 269 1522 296 bonis
1542 269 1710 301 actionibus,

925 312 994 339 alter
1005 311 1083 338 malis
1094 312 1227 347 invigilet.
1239 312 1306 339 Cum
1319 313 1384 340 Afer
1396 319 1489 341 contra
1514 314 1609 341 eadem
1626 315 1710 342 animi

927 357 1112 392 propensione
1129 363 1191 383 cum
1217 357 1311 384 Graeco
1328 358 1439 386 homine
1459 359 1538 386 facile
1553 361 1709 387 conveniat.

1235 425 1310 453 CAI‘.
1334 425 1402 452 LXI.

960 481 969 489 '
991 479 1057 506 Item
1074 480 1105 506 de
1122 481 1222 507 auium.
1253 480 1340 507 Varia?
1362 481 1532 521 Iit/micorum
1549 486 1572 507 rt
1593 481 1670 509 Chri-

1164 521 1283 542 stmnoru
1289 525 1312 541 m
1335 521 1482 542 ερηιειιιιω.

961 570 1019 596 Non
1043 571 1199 601 defuerunt.
1229 572 1275 605 qui
1306 571 1423 598 animam
1449 573 1607 606 sanguinem
1633 573 1709 601 illum

926 623 986 641 esse
1009 617 1140 647 dicerent,
1157 624 1212 651 quo
1228 617 1355 643 vivimus.
1378 617 1428 642 Alii
1448 625 1557 651 quoque
1580 619 1707 652 spiritum

925 660 1001 686 illum
1022 668 1081 686 esse
1098 661 1148 687 rati
1166 666 1240 691 sunt,
1265 661 1311 695 qui
1334 660 1413 687 nobis
1430 662 1464 686 ab
1486 661 1563 687 initio
1581 669 1632 687 una
1648 669 1709 688 cum

926 705 1038 732 seminis
1062 712 1205 740 parentum
1226 707 1373 733 emissione
1395 707 1494 734 insitus
1519 712 1578 733 est:
1602 715 1634 733 ex
1657 715 1711 741 quo

925 751 1001 776 calor
1017 751 1098 777 etiam
1127 753 1260 778 exoritur.
1278 751 1346 784 Quia
1361 753 1432 777 enim
1455 753 1546 786 aliquo
1559 761 1623 787 corp
1635 761 1704 778 ωιτη

926 800 1023 822 natura
1059 796 1165 831 egebat,
1194 804 1208 822 a
1233 805 1287 830 quo
1328 797 1505 827 aniinaretnr,
1537 803 1564 824 et
1592 798 1710 824 cnltll‘t'm

925 843 1095 875 susciperet,
1127 842 1231 868 ideirco
1260 848 1357 868 natura
1387 842 1462 869 llllllll
1492 842 1657 875 aspiratione
1683 849 1712 870 et

925 887 1108 920 respiratione
1137 887 1265 920 donavit,
1296 887 1477 921 sanguiniqnc
1516 887 1645 913 animanti
1671 888 1712 913 ii:-

923 933 1036 958 troitum
1066 937 1092 958 et
1126 937 1229 959 exitum
1263 933 1428 966 prmstruxit.
1457 933 1505 959 llic
1537 934 1628 967 itaque
1656 933 1712 966 spi-

925 979 996 1004 ritus
1029 986 1145 1012 corpora
1181 984 1322 1013 permeat,
1358 979 1515 1009 constituit,
1549 979 1709 1012 corrumpit,

926 1031 1035 1058 unaque
1050 1033 1111 1051 cum
1138 1024 1191 1051 illis
1205 1025 1375 1057 deperditur.

958 1071 995 1098 Ex
1013 1076 1112 1098 nostra;
1128 1079 1193 1099 vero
1213 1072 1351 1106 religionis
1374 1070 1541 1103 hominibus|
1557 1071 1603 1097 alii
1617 1078 1710 1098 essen-

923 1116 1015 1143 tialem
1044 1117 1142 1143 animze
1166 1124 1275 1144 causam
1305 1116 1399 1151 prime
1424 1116 1463 1142 illi
1485 1115 1640 1149 divinzeque
1666 1115 1709 1142 in-

923 1161 1070 1188 sulllationi
1105 1162 1306 1196 ascripserunt,
1341 1165 1422 1196 atque
1448 1161 1588 1187 hominum
1611 1168 1709 1194 corpo-

924 1206 1000 1232 ribus
1012 1206 1068 1242 (18;
1086 1215 1140 1241 quo
1154 1211 1274 1241 tempore
1290 1213 1428 1239 creantur,
1448 1206 1552 1233 infundi
1571 1206 1709 1235 dixerunt.

922 1251 975 1278 Alii
1004 1253 1123 1279 animam
1152 1260 1199 1287 per
1220 1260 1250 1279 se
1285 1252 1479 1279 subsistentem
1509 1252 1617 1286 corpori
1644 1260 1710 1279 eon-

922 1304 1035 1324 currere
1060 1303 1208 1332 putarunt:
1236 1298 1271 1325 ita
1297 1303 1327 1325 ut
1354 1305 1443 1332 neque
1475 1305 1575 1331 corpus
1605 1306 1654 1332 per
1680 1305 1710 1326 se

921 1343 1113 1375 constituatur,
1141 1352 1191 1371 nec
1213 1344 1303 1371 anima
1329 1351 1443 1378 corpore
1469 1343 1543 1377 prior
1585 1344 1709 1372 exsistat.

922 1389 1052 1416 Eamdem
1105 1397 1187 1424 porro
1229 1389 1366 1424 duplicem
1404 1393 1593 1420 asseruerunt,
1632 1391 1710 1424 cujus

902 1443 985 1470 ~pars
1014 1444 1066 1463 una
1093 1436 1207 1463 rationis
1239 1437 1386 1471 particeps,
1423 1436 1506 1462 altera
1537 1443 1635 1470 expers
1662 1436 1708 1463 sit.

921 1481 988 1508 Eam
1013 1486 1129 1516 partem,
1158 1490 1219 1515 qua:
1246 1482 1361 1509 rationis
1390 1489 1489 1516 expers
1512 1486 1564 1514 est,
1591 1483 1617 1508 in
1648 1482 1708 1508 ani-

1142 1529 1267 1563 cupidam
1304 1528 1468 1555 diviserunt.
1509 1527 1597 1561 Atque
1647 1534 1708 1553 eam

921 1573 1032 1606 quidem
1055 1577 1171 1608 partem,
1195 1581 1255 1607 qua;
1286 1573 1400 1600 rationis
1425 1577 1466 1599 cst
1497 1573 1644 1606 particeps,
1678 1572 1706 1598 in

921 1623 1031 1652 pectore
1057 1620 1149 1645 sedem
1175 1619 1278 1645 habere
1301 1625 1386 1645 :eam
1414 1625 1489 1648 vero,
1522 1624 1584 1651 qua:
1597 1617 1706 1644 ratione

920 1668 1006 1696 caret,
1030 1673 1079 1699 per
1094 1665 1249 1691 universam
1269 1663 1392 1698 corporis
1409 1670 1566 1697 compagem
1588 1661 1706 1688 diffundi

920 1709 1098 1737 allirmarunt.
1130 1710 1165 1737 At
1188 1717 1254 1737 vero
1280 1709 1445 1745 ἡγεμονικὸν
1475 1715 1585 1742 quoque
1605 1708 1704 1741 ipsum,

920 1758 978 1786 sive
1007 1756 1260 1792 praestantissimam
1290 1755 1388 1781 anima:
1412 1758 1515 1788 partem
1544 1753 1620 1779 Plato
1643 1753 1718 1787 qui--

920 1805 981 1832 dem
998 1808 1024 1830 et
1046 1802 1216 1829 Democritus
1241 1799 1334 1827 sedem
1363 1800 1388 1825 in
1413 1804 1469 1826 toto
1492 1798 1581 1832 capite
1604 1798 1704 1825 habere

920 1849 1060 1878 dixerunt,
1090 1847 1135 1874 alii
1167 1849 1192 1873 in
1229 1845 1376 1881 μεσοφρύῳ
1410 1851 1458 1871 seu
1493 1843 1703 1878 superciliorum

920 1893 1091 1925 meditullio,
1118 1892 1163 1919 alii
1195 1892 1268 1918 circa
1298 1889 1405 1917 cerebri
1440 1889 1612 1924 meningem.
1642 1896 1703 1923 qua

920 1941 999 1975 vulgo
1014 1940 1056 1974 pia
1081 1942 1178 1970 mater,
1215 1936 1323 1972 alioque
1346 1935 1460 1962 nomine
1490 1935 1634 1969 ὲπικρανὶς
1653 1942 1701 1961 seu

919 1986 1083 2014 cerebellum
1112 1983 1276 2018 appellatur.
1305 1981 1421 2014 Quidam
1441 1981 1522 2008 etiam
1545 1980 1573 2007 in
1596 1980 1702 2007 cerebri

918 2037 1025 2060 ventre.
1053 2031 1108 2058 Nec
1134 2029 1291 2061 defuerunt,
1316 2028 1363 2062 qui
1379 2027 1435 2061 Qtoti
1455 2027 1559 2061 pectori
1597 2027 1702 2060 totique

919 2078 994 2104 cordi
1012 2077 1053 2104 vel
1074 2075 1181 2110 spiritui
1202 2082 1250 2102 cor
1264 2073 1406 2104 ambienti,
1423 2078 1450 2099 et
1466 2072 1610 2107 sanguinis
1627 2079 1703 2099 cras-

919 2123 1032 2150 situdini
1073 2122 1249 2149 ascriberent.
1294 2120 1347 2147 Alii
1384 2119 1411 2146 in
1446 2119 1597 2155 praeordiis
1629 2119 1703 2146 illam

919 2173 1085 2196 statuerunt.
1104 2167 1171 2194 Aliis
1182 2174 1197 2193 a
1212 2166 1287 2194 vitali
1301 2166 1361 2201 ejus
1373 2163 1512 2198 facultate,
1527 2173 1575 2192 cor
1592 2165 1703 2196 ambiri,

918 2219 1000 2250 caput
1018 2219 1108 2241 autem
1130 2221 1144 2240 a
1161 2212 1286 2239 rationali
1305 2212 1519 2239 etintellnctuali
1536 2212 1646 2247 placuit.

1221 2268 1296 2296 CAP.
1323 2268 1403 2296 LXII.

957 2325 996 2352 De
1019 2326 1114 2352 anima:
1130 2325 1340 2352 immortalitate.
1354 2324 1427 2360 Quid
1455 2325 1573 2357 ethnicis,
1606 2325 1670 2360 quid

1149 2360 1306 2387 Christianis
1329 2359 1474 2394 placuerit.

952 2415 1010 2443 Jam
1038 2423 1103 2442 vero
1131 2415 1228 2441 anima:
1246 2414 1478 2441 inmortalitatem
1503 2414 1626 2441 nonnulli
1654 2422 1702 2447 ap-

918 2461 1071 2497 probarunt
1095 2467 1210 2494 eamque
1243 2468 1357 2494 corpore
1384 2460 1535 2494 digressam
1559 2461 1593 2487 ad
1614 2459 1699 2494 ipsius

918 2506 1104 2534 universitatis
1128 2506 1247 2532 animam
1272 2511 1400 2539 tanquam
1417 2506 1469 2532 sibi
1486 2510 1628 2540 cognatam
1655 2512 1698 2531 re-

918 2553 978 2580 dire
1001 2551 1139 2579 dixerunt.
1162 2551 1213 2578 Alii
1238 2557 1332 2578 contra
1355 2551 1523 2585 corruptioni
1540 2549 1702 2581 obnoxiam,

918 2604 1027 2630 unaque
1041 2604 1102 2624 cum
1118 2604 1232 2632 corpore
1247 2596 1358 2623 interire
1383 2596 1537 2623 maluerunt
1549 2595 1617 2631 (l9).
1634 2595 1706 2623 Aliis

918 2651 978 2670 eam
1001 2644 1061 2678 ejus
1086 2648 1210 2678 partem,
1237 2650 1297 2678 qua:
1327 2642 1443 2669 rationis
1476 2646 1518 2668 est
1551 2641 1704 2677 particeps,

919 2688 1117 2716 immortalem:
1141 2695 1201 2723 quae
1219 2695 1284 2715 vero
1304 2685 1419 2714 rationis
1434 2692 1531 2720 expers
1557 2689 1609 2716 est,
1628 2692 1706 2711 πηοτ-

920 2735 1000 2762 talem
1023 2742 1082 2762 esse
1107 2734 1218 2769 placuit.
1245 2733 1410 2761 Nostromm
1436 2737 1527 2759 autem
1553 2738 1601 2759 seu
1622 2730 1705 2759 Chri-

955 2805 1011 2839 (18)
1023 2805 1058 2833 Ut
1072 2804 1214 2840 Origenes.

955 2837 1011 2876 (19)
1031 2840 1066 2868 Ut
1078 2837 1336 2875 'I‘hanatopsychita
1351 2838 1424 2866 infra
1438 2837 1456 2865 l.
1472 2844 1509 2871 Iv,
1528 2845 1552 2865 α.
1566 2837 1616 2868 Β.
