1949 3073
262 110 329 142 1191

891 108 1039 138 ΝΙΕΕΤ.Ἐ
1061 108 1264 138 CllONIAT/B

1835 113 1905 146 “92

250 167 403 195 stianorum
433 165 659 201 philosophorum
693 171 726 191 ex
751 163 849 191 animat
880 164 1143 196 aclionibusAtur.
1165 164 1239 191 Nihil
1264 168 1354 191 autem
1375 163 1448 192 aliud
1470 171 1512 193 est
1537 174 1618 201 quam
1645 167 1767 197 habitus
1799 171 1841 198 ad
1871 179 1901 199 ea

249 213 316 240 alias
338 212 407 239 citra
435 211 520 238 ullum
547 209 671 244 corporis
697 209 861 243 obsequium
881 217 962 245 agere
986 210 1036 244 (si-

249 258 359 293 quidem
379 264 466 289 mens,
486 256 628 291 cogitatio,
658 259 686 282 et
699 255 851 290 phantasia.
873 255 916 283 vel
941 256 1034 290 qttieto

245 311 359 337 corpore
384 303 556 337 operantur),
576 302 643 328 alias
674 308 740 328 vero
763 301 885 335 corporis
902 301 1035 335 obsequio

244 355 325 383 egere
352 348 488 376 dixerunt.
527 349 629 374 Sensus
655 347 729 374 enim
765 346 869 380 absque
898 346 943 374 iis.
971 353 1032 380 qua:

245 394 296 421 sub
318 401 427 421 sensum
447 394 558 425 cadunt.
580 400 659 428 agere
687 400 740 419 non
761 396 861 426 potest.
884 392 936 418 Sed
964 400 1033 426 quo-

243 439 390 465 dammodo
426 439 604 473 eompatitur,
628 441 656 465 et
689 444 720 463 ea
752 437 860 470 corpori
892 437 1030 463 conciliat.

242 485 319 512 Unde
338 485 366 512 Ilt
382 489 412 512 ut
435 492 623 518 saepenumero
648 483 704 518 typi
721 483 833 517 quidam
858 487 886 509 et
911 483 1029 509 charac-

242 535 327 563 teres,
347 530 458 556 obscuri
487 537 599 560 eorum.
626 536 687 563 quae
712 528 812 563 singuli
839 527 890 554 hac
918 527 946 554 in
976 528 1030 554 vita

242 576 287 610 pie
316 580 344 602 et
372 583 405 602 ex
431 575 570 610 religionis
602 574 761 608 praescripto
783 577 907 607 egerunt,
933 572 1030 598 anima:

240 627 334 656 postea
354 628 469 653 quanta
498 627 613 655 corpore
644 624 770 653 separata
797 623 856 649 est,
887 617 1026 652 impressi,

240 671 268 693 et
282 667 355 694 velut
375 667 505 700 insculpti
530 665 678 700 supersint.
708 664 778 696 Quia
803 664 932 690 nimirum
945 663 1029 690 affec-

243 713 333 739 tiones
359 713 428 745 illae,
446 720 506 754 qum
524 712 615 739 sensui
636 712 839 746 subjiciuntur,
865 717 1027 737 communes

240 757 338 784 animm
355 757 518 792 cerpririque
544 760 618 783 sunt.

274 799 373 827 Beatus
397 807 505 834 quoque
531 800 672 832 Nysscnus
693 798 738 826 ille
762 797 910 833 GregOrius
922 797 946 824 ei
964 797 1025 824 ani-

241 851 291 871 ma:
319 844 453 875 facultati,
489 851 541 878 qua
574 844 761 874 recordamur,
792 844 868 878 signa
893 842 1029 876 corporis,
1047 846 1069 875 Β

238 894 366 923 tanquam
395 889 514 924 sigillum
536 897 606 916 certe
626 889 800 924 impressum,
819 888 950 914 inhzerere
967 892 1028 922 post

238 938 353 960 mortem
373 940 470 960 auctor
485 938 538 966 est,
563 934 665 961 idcirco
679 934 761 960 etiam
790 933 867 960 dives
892 933 1026 959 Lazarum

237 980 387 1014 cognoscit,
403 985 431 1007 et
447 980 473 1006 id
494 979 603 1014 quidem
627 979 739 1007 merito.
759 979 826 1006 Nam
855 978 877 1006 si
895 978 983 1005 brutis
999 978 1026 1004 in

236 1025 432 1056 animantibus,
446 1030 534 1052 tantas
549 1029 646 1051 natura
659 1025 731 1051 vires
743 1031 805 1051 suas
815 1031 875 1051 esse
891 1023 1023 1054 ostendit.

238 1072 267 1096 ut
281 1071 385 1105 aguella
405 1078 501 1098 recens
526 1076 588 1097 nata
614 1071 715 1097 multos
743 1071 824 1097 alieni
840 1070 920 1096 lactis
938 1069 1026 1097 fontes

236 1121 388 1150 praetereat,
414 1116 478 1142 dum
494 1116 528 1143 ad
545 1116 639 1143 matris
668 1116 752 1142 ttbcra
778 1115 919 1150 perveniat
939 1123 946 1141 :
971 1122 1024 1141 non

237 1162 337 1196 poterit
363 1167 468 1190 natura:
489 1162 622 1189 Conditor
645 1162 728 1197 hujus
743 1161 868 1188 miraculi
887 1168 1024 1195 prmroga-

236 1209 319 1234 tivam
352 1209 458 1235 ratione
493 1209 616 1242 prceditis
646 1208 831 1235 animantibus
860 1207 1023 1238 concedere,

235 1252 387 1288 animmque
407 1259 434 1280 et
450 1255 558 1288 corpori
585 1254 749 1288 conjugibus
781 1253 833 1281 hoc
859 1253 964 1287 largiri,
994 1258 1023 1278 ut

235 1304 401 1326 concurrant
414 1304 442 1327 et
458 1301 671 1335 conjungantur.

533 1367 612 1395 CAP.
632 1367 724 1395 LXIII.

234 1409 254 1442 ἦ·
267 1412 306 1438 De
319 1417 412 1440 mente.
430 1412 610 1453 Intelligentiu
628 1413 756 1453 quomodo
775 1413 872 1440 animm
893 1418 918 1439 et
940 1414 1022 1440 menti
1041 1427 1049 1433 ι

588 1454 661 1475 IIIS”.

269 1506 458 1541 intelligentia:
483 1507 594 1541 quidem
622 1514 708 1540 capax
735 1507 826 1533 anima
855 1510 907 1538 est,
924 1505 1057 1543 intelli-C

234 1552 333 1585 gentia:
357 1559 441 1586 capax
459 1552 518 1586 ipsa
534 1560 644 1586 quoque
671 1560 749 1578 tttens
766 1561 771 1578 :
791 1553 849 1578 haec
868 1552 978 1586 quidem
991 1559 1024 1578 ex

234 1598 278 1624 sui
299 1599 430 1629 essentia,
452 1598 497 1625 illa
526 1605 591 1624 vero
614 1598 834 1633 participatione.
850 1598 926 1624 Mens
950 1598 1024 1624 cuitu

235 1642 287 1668 hoc
303 1643 445 1678 privilegio
459 1643 558 1670 donata
573 1648 626 1675 est,
647 1647 677 1669 ut
692 1648 721 1670 et
739 1643 928 1678 intelligentia.-
957 1651 1019 1678 par-

235 1687 330 1721 ticeps,
348 1692 375 1714 et
388 1695 464 1714 mens
478 1689 523 1721 sit,
541 1689 613 1723 quod
628 1696 712 1716 unum
724 1694 752 1715 et
767 1689 839 1715 ident
855 1692 908 1715 est.
924 1689 1022 1715 Anima

234 1739 298 1758 vero
324 1732 512 1766 intelligentia:
535 1741 622 1767 capax
650 1734 682 1761 ad
706 1738 826 1761 mentem
854 1734 977 1768 respicit,
996 1739 1024 1761 et

234 1778 310 1811 quasi
325 1779 488 1806 securtdario
505 1780 647 1807 intellectu
668 1781 783 1815 prae-lita
800 1785 854 1812 est,
874 1781 922 1815 qui
937 1781 1023 1808 menti

234 1823 384 1857 primarius
394 1829 445 1854 est.
460 1829 543 1860 atque
559 1826 629 1853 adeo
640 1834 672 1854 ex
693 1826 799 1853 utentis
815 1827 1024 1861 participatione

235 1868 422 1904 intelligentia:
441 1878 525 1905 capax
547 1879 608 1899 esse
626 1872 752 1904 dicetur,
766 1873 839 1908 quod
857 1873 1022 1900 beneficium

235 1921 268 1940 ex
285 1920 334 1940 sua
359 1916 479 1942 essentia
496 1923 574 1943 mens
591 1917 684 1944 habet.
712 1917 806 1952 Itaque
834 1918 1024 1953 intelligentiae

236 1967 322 1994 capax
354 1966 395 1987 est
429 1962 542 1995 anima,
570 1964 671 1990 utentis
708 1964 927 1998 participatione.
953 1964 1023 1991 Cum

235 2012 308 2032 entm
335 2007 426 2034 anima
454 2008 595 2044 intelligit,
628 2014 656 2036 et
687 2017 763 2037 mens
788 2010 817 2037 in
847 2011 928 2037 nobis
955 2017 1022 2044 ope-

221 2055 323 2091 ⁸νέκυν,
355 2058 420 2079 tunc
448 2053 557 2080 demum
600 2056 692 2082 anitna
721 2056 910 2091 intelligentiae
936 2064 1022 2090 capax

235 2101 263 2123 et
284 2098 420 2133 particeps
439 2101 565 2127 ellicitnr.
593 2102 698 2128 Animae
723 2108 815 2129 autern
841 2107 942 2129 nostra:
970 2102 1018 2128 illa

235 2142 381 2177 singularis
405 2153 482 2172 meus
507 2151 616 2180 praeest,
637 2156 697 2182 quae
713 2155 775 2182 pars
799 2155 909 2182 quoque
933 2148 1020 2175 nostri

235 2187 362 2216 dicitur:
392 2192 470 2225 cujus
495 2192 625 2220 nimirum
650 2201 700 2220 nos
718 2194 845 2228 privatim
873 2194 1020 2228 participes
1038 2190 1058 2216 D

236 2241 342 2260 smnus.
361 2234 497 2264 Continuo
512 2239 586 2264 enim
603 2239 635 2266 ad
651 2239 723 2266 illam
741 2240 926 2270 ascendimus.
950 2240 1023 2274 ejus-

236 2286 290 2312 que
310 2280 443 2308 benelieio
459 2284 493 2310 ad
510 2285 666 2312 universam
688 2291 808 2312 mentem
823 2285 1021 2317 convertimur,

236 2328 263 2350 et
280 2323 306 2350 iu
323 2332 354 2351 ea
364 2326 471 2353 tandetu
486 2330 654 2362 perfictmur.

536 2396 612 2424 CAP.
628 2397 721 2424 LXIV.

242 2448 306 2485 ι-οε
323 2456 408 2478 mente
430 2457 453 2478 ct
477 2454 621 2491 animate!
647 2456 784 2491 utriusque
808 2456 901 2491 formis
914 2463 1020 2482 earum-

426 2524 428 2527 .
516 2497 566 2522 que
579 2490 739 2524 (li/ferendis.

272 2542 383 2571 Formas
393 2543 501 2572 duobus
510 2545 599 2573 modis
613 2546 754 2578 habemus,
767 2546 793 2573 iu
806 2547 896 2575 anima
908 2547 1019 2583 quidem

235 2590 312 2622 quasi
329 2591 515 2623 subvolantes,
539 2592 672 2627 quasique
690 2597 828 2626 separatas
852 2601 859 2619 :
880 2594 907 2620 in
929 2599 1019 2620 mente

235 2642 300 2662 vero
317 2636 398 2663 simul
423 2645 527 2665 omnes.

271 2681 345 2709 Meus
358 2688 448 2710 autetn
464 2685 517 2712 alia
532 2689 574 2712 est
588 2683 798 2720 participatione
812 2703 818 2715 .
837 2691 897 2719 qum
915 2685 1018 2712 rectius

234 2726 367 2762 ἐλλαμψις
387 2730 480 2765 γοερά,
506 2738 552 2757 seu
579 2731 742 2758 illuminatio
755 2730 947 2757 intellectualis
973 2738 1020 2765 ap—

234 2774 361 2806 pellatur.
377 2775 429 2801 alia
445 2783 511 2804 vero
535 2777 698 2804 essentialis.
712 2777 771 2804 Jam
786 2784 863 2804 mens
877 2784 937 2811 quae
956 2785 1019 2810 par-

235 2818 392 2852 ticipatione
403 2827 520 2856 constat,
532 2830 565 2850 ea
584 2826 627 2850 est
646 2829 707 2857 quae
723 2823 818 2849 animm
833 2822 1018 2849 communica-

1089 208 1158 235 bona
1173 209 1336 242 przestanda.
1349 216 1410 243 quae
1430 211 1516 237 menti
1536 219 1570 238 ex
1588 211 1678 240 cilicio
1698 215 1899 242 conveniunt-

1086 254 1163 280 Mens
1181 258 1272 280 autem
1297 255 1454 282 essentialis
1483 255 1584 290 duplex
1610 263 1662 289 est.
1686 266 1743 285 una
1778 260 1899 294 quidem

1085 307 1145 334 qua:
1160 301 1360 327 communicari
1383 309 1436 328 non
1458 307 1559 336 potest,
1574 303 1660 330 altera
1677 313 1740 339 quae
1768 311 1874 340 potest
1890 316 1896 332 :

1084 354 1145 381 qua:
1161 347 1272 380 quidem
1293 347 1468 381 particularis
1485 349 1617 383 appellari
1632 351 1716 378 solet.

1119 391 1181 418 Hzec
1214 399 1296 426 porro
1322 401 1400 420 tuens
1433 395 1588 422 communis
1605 400 1644 428 _et
1667 397 1783 430 privata
1812 399 1894 426 nobis

1084 437 1154 464 ittcst
1170 445 1176 462 :
1194 437 1349 464 communis
1363 438 1484 472 quidem,
1505 443 1633 473 tanquam
1656 448 1709 467 una
1725 446 1756 468 el.
1782 443 1895 469 indivi-

1082 482 1147 515 dua,
1173 482 1277 517 privata
1302 491 1367 509 vero
1408 489 1545 518 quatenus
1572 490 1627 513 tota
1646 487 1770 521 singulis
1803 488 1893 515 inest.

1081 528 1170 562 Atque
1192 528 1324 555 animales
1343 530 1454 563 quidem
1476 530 1570 558 forma:
1586 533 1736 559 essentiam
1755 541 1892 561 nostram

1081 574 1243 607 complent:
1266 574 1406 602 mentales,
1426 582 1492 601 vero
1519 575 1717 609 perfectionem
1739 578 1842 605 nobis
1867 585 1893 605 et

1080 625 1208 647 ornatum
1245 620 1367 647 afferunt
1396 629 1402 647 :
1433 621 1500 655 quin
1533 626 1561 648 et
1599 624 1732 650 mentales
1767 625 1890 658 quidem

1079 666 1232 700 conjunctae
1241 669 1314 695 sunt.
1326 665 1458 693 animales
1468 674 1533 694 vero
1547 667 1712 695 divisionem
1724 670 1889 704 recipiunt.

1078 712 1213 739 Cancrum
1224 711 1248 738 vi
1259 712 1317 745 ejus
1327 716 1441 743 natura},
1462 720 1523 746 qua:
1536 714 1723 748 intelligentiae
1737 717 1888 750 particeps

1078 762 1129 791 est,
1142 758 1214 785 Deus
1226 758 1315 788 nobis,
1327 762 1456 792 tanquam
1474 759 1567 792 auriga
1581 760 1674 786 currui
1686 767 1749 792 suo,
1764 761 1886 788 insidet.

1388 804 1464 831 CAP.
1481 804 1560 831 LXV.

1172 850 1191 885 -ι-
1209 849 1246 876 De
1260 851 1409 883 uirtutibus,
1421 855 1444 877 et
1460 859 1555 888 _eorum
1571 851 1669 886 triplici
1682 853 1790 881 ordine.

1114 907 1173 934 Jam
1193 915 1269 940 vero,
1288 908 1353 942 quia
1371 907 1488 934 virtutes
1505 907 1539 934 ad
1564 912 1685 934 mentem
1705 913 1733 934 et
1751 910 1881 936 animam

1078 953 1249 984 referuntur,
1266 953 1300 980 de
1316 953 1348 979 iis
1362 961 1448 987 anea
1461 953 1544 980 etiam
1559 955 1700 980 tractanda
1720 960 1804 981 sunt.

1115 998 1252 1024 Virtutum
1269 997 1367 1032 triplex
1393 1002 1435 1023 est
1449 999 1527 1024 ordo.
1544 997 1610 1024 Alim
1625 999 1698 1024 enim
1717 999 1879 1029 hominem.

1079 1043 1132 1071 hoc
1151 1048 1192 1070 est
1210 1044 1329 1070 auitnam
1358 1051 1418 1069 eum
1438 1051 1553 1077 corpore
1571 1049 1680 1070 ornant.
1697 1044 1801 1080 Ali-.ea
1818 1053 1880 1071 cor-

1079 1097 1146 1124 pore
1160 1089 1278 1116 animaut
1305 1093 1433 1124 purgant,
1464 1093 1492 1116 et
1517 1089 1550 1116 ad
1576 1090 1695 1124 seipsam
1725 1096 1876 1121 revoeant,

1078 1144 1139 1171 qua:
1162 1136 1273 1170 quidem
1303 1136 1454 1170 purgativae
1485 1135 1626 1162 dicuntur.
1652 1135 1720 1162 Alia!
1751 1137 1874 1162 animant

1082 1183 1204 1217 perfecte
1229 1187 1371 1217 purgatam
1385 1183 1412 1208 in
1430 1189 1521 1208 rerum
1534 1189 1595 1216 qua:
1610 1182 1754 1208 intellectu
1782 1183 1874 1216 perci-

1079 1229 1194 1264 piuntur
1221 1228 1456 1262 contemplatione
1482 1233 1632 1259 exercent,
1661 1236 1722 1262 qua:
1757 1229 1872 1262 quidem

1076 1275 1298 1309 contemplativa:
1329 1279 1412 1308 atque
1446 1274 1648 1301 intellectuales
1681 1274 1869 1308 appellantur.

1076 1322 1110 1348 Et
1125 1322 1176 1348 alia
1191 1321 1301 1356 quidem
1314 1321 1373 1352 Dei",
1390 1321 1444 1347 alia
1467 1321 1566 1355 angeli,
1578 1321 1629 1346 alia
1640 1320 1763 1346 hominis
1782 1322 1871 1347 virtus

1075 1373 1130 1395 est.
1141 1367 1376 1399 Quemadmodum
1392 1367 1466 1394 enim
1481 1366 1562 1393 varia:
1575 1371 1639 1392 sunt
1656 1374 1754 1392 eortttn
1775 1374 1870 1392 essen-

1079 1415 1132 1445 titc.
1161 1415 1196 1440 ita
1227 1418 1254 1439 et
1272 1414 1388 1439 virtutes
1415 1412 1507 1439 variae.
1529 1412 1618 1445 Atque
1638 1418 1729 1437 anima
1755 1411 1867 1445 quidem

1076 1458 1188 1492 proprie
1207 1457 1348 1484 rationalis
1375 1462 1427 1488 est,
1445 1461 1472 1483 et.
1488 1456 1600 1483 dicitur.
1629 1455 1704 1482 Mens
1729 1461 1824 1482 autent
1842 1455 1867 1482 id

1073 1505 1146 1540 quod
1178 1503 1277 1529 animae
1309 1501 1601 1536 praeest.Rationalcm
1638 1509 1720 1535 porro
1745 1502 1864 1528 animam

1078 1549 1245 1577 irrationalis
1259 1548 1362 1579 anima,
1375 1548 1519 1582 ipsumque
1530 1547 1627 1574 anima:
1644 1547 1746 1573 idolum
1766 1549 1864 1574 subse-

1077 1596 1179 1630 quitur.
1207 1595 1266 1622 Jam
1282 1602 1330 1629 per
1345 1602 1441 1621 omnes
1462 1594 1624 1628 angelorum
1649 1593 1765 1619 ordines
1780 1594 1864 1620 virtus

1077 1642 1250 1673 diffunditur,
1278 1649 1339 1675 qua:
1355 1640 1407 1666 ἀπὸ
1430 1639 1482 1666 τῶν
1500 1639 1647 1673 Seraphim
1665 1639 1773 1673 incipit.
1793 1639 1863 1666 Deus

1075 1692 1167 1714 autent
1191 1694 1274 1721 supra
1302 1686 1442 1717 virtutem,
1469 1693 1550 1712 omne
1561 1686 1674 1717 bonum,
1698 1692 1861 1720 omnemque

1075 1733 1272 1768 perfectionem
1287 1732 1485 1767 supereminet.

1379 1788 1454 1815 CAP.
1469 1787 1561 1815 LXVI.
1570 1796 1576 1803 ·

1075 1835 1140 1862 Item
1163 1835 1193 1862 de
1209 1833 1359 1865 virtutibus,
1379 1838 1402 1859 et
1426 1841 1471 1859 sea;
1495 1833 1620 1868 gradibus
1644 1841 1748 1865 earum,
1771 1841 1856 1867 φυσι-

1127 1871 1176 1904 κὴ,
1187 1870 1288 1903 ἠθικὴ,
1298 1869 1450 1901 πολιτικὴ,
1467 1869 1641 1902 θεωρητικὴ,
1658 1870 1825 1902 σεινυληγιιιή.

1111 1927 1247 1954 Virtutum
1260 1926 1359 1961 gradus
1373 1933 1420 1953 sex
1433 1932 1493 1952 esse
1503 1925 1693 1959 perhibentur.
1710 1925 1770 1951 Alia
1787 1926 1857 1952 enim

1074 1974 1160 2002 virtus
1182 1973 1315 2001 naturalis
1336 1976 1387 2004 est,
1414 1980 1474 2007 quae
1497 1972 1606 2006 quidem
1627 1972 1653 1998 in
1671 1971 1738 1998 feris
1752 1979 1857 2006 quoque

1073 2019 1300 2055 deprehenditur.
1334 2019 1393 2045 Alia
1423 2017 1552 2048 moralis,
1586 2025 1639 2052 qua
1670 2017 1857 2051 imperitorum

1073 2073 1181 2101 quoque
1207 2065 1330 2092 nonnulli
1358 2063 1465 2098 praediti
1489 2067 1562 2089 sunt.
1590 2063 1648 2089 Alia
1678 2063 1776 2095 civilis,
1799 2071 1856 2097 qua:

1073 2115 1177 2138 ratione
1190 2115 1217 2138 et
1231 2110 1377 2145 prudentia
1406 2109 1600 2143 rempublicam
1617 2108 1785 2135 moderatur.
1800 2109 1855 2136 Alia

1073 2156 1294 2191 purgativa,qum
1306 2155 1444 2181 hominem
1455 2155 1489 2180 ab
1504 2155 1578 2180 omni
1593 2154 1737 2180 affectione
1751 2160 1855 2188 pertur-

1074 2204 1214 2230 bationeve
1231 2206 1337 2236 purgat.
1353 2201 1411 2228 Alia
1421 2201 1642 2235 contemplativa,
1656 2209 1717 2234 qua:
1738 2206 1851 2228 mentem

1073 2248 1284 2282 contemplatur.
1306 2247 1365 2274 Alia
1396 2245 1566 2277 deificativa,
1600 2253 1660 2279 quae
1693 2246 1850 2273 diviniorettt

1073 2294 1169 2321 aninue
1199 2298 1301 2320 nostra:
1329 2297 1433 2326 partem
1460 2292 1571 2322 excitat.
1587 2297 1690 2319 etcum
1720 2292 1778 2326 ipsa
1800 2293 1850 2319 Deo

1072 2340 1222 2375 coniungit,
1237 2344 1318 2374 atque
1334 2339 1455 2365 divinum
1480 2338 1600 2364 favorem
1627 2338 1760 2364 immittit.
1786 2339 1849 2365 Sunt

1072 2395 1137 2413 vero
1163 2388 1222 2414 aliae
1247 2393 1355 2421 quoque
1387 2385 1430 2411 Itis
1453 2385 1609 2418 superiores
1636 2384 1760 2410 virtutes.
1789 2385 1849 2412 Aliae

1072 2433 1181 2466 quidem
1207 2438 1335 2466 tanquam
1359 2432 1524 2465 reliquarum
1542 2431 1673 2456 virlnttnu
1692 2431 1826 2464 exemplar
1841 2450 1848 2463 ,

1071 2479 1130 2505 alia:
1146 2478 1296 2505 essentiam
1310 2484 1417 2504 omnem
1434 2476 1631 2503 transcendunt
1648 2485 1653 2503 :
1671 2484 1732 2510 qua:
1746 2476 1848 2510 quidem

1071 2532 1124 2552 nou
1136 2529 1199 2550 sunt
1211 2523 1373 2553 accidentia,
1386 2522 1615 2557 quemadmodum
1627 2527 1731 2549 (κείω-,ε
1743 2521 1848 2549 virtutes

1071 2571 1151 2597 nobis
1173 2570 1298 2597 accidere
1323 2569 1433 2596 solent:
1459 2568 1508 2596 sed
1535 2569 1748 2600 intellectuales,
1772 2573 1846 2603 atque

1071 2616 1315 2651 superessentiales
1330 2614 1468 2642 assentire.

1366 2672 1442 2700 CAP.
1453 2671 1558 2700 LXVII.

1140 2720 1179 2747 De
1195 2720 1331 2746 virtutibus
1343 2720 1435 2754 quibus
1452 2721 1528 2746 homo
1539 2718 1669 2754 perfectus
1685 2718 1780 2746 evadit.

1104 2776 1171 2804 Tres
1186 2781 1249 2803 sunt
1266 2776 1488 2811 virtutesquibus
1499 2776 1580 2802 homo
1595 2775 1732 2810 perfectus
1743 2775 1839 2803 evadit:

1070 2824 1215 2855 sanctitas,
1248 2830 1308 2855 qua:
1337 2821 1369 2849 ad
1398 2823 1482 2849 Deum
1520 2822 1667 2850 ascendere
1696 2821 1839 2864 contendit.
