1949 3073
78 149 147 181 1193

707 144 905 176 TllESAURI
925 144 998 174 LIB.
1020 145 1061 174 Il.

1626 136 1696 170 1in

72 206 150 240 quasi
165 205 284 233 hominis
293 204 375 232 vitam
389 203 446 232 Deo
457 209 640 231 consecrans:
655 201 863 237 alterajustitia,
879 200 901 229 A
917 199 990 234 psit!
1006 199 1054 226 sed
1075 199 1203 234 praeclare
1227 199 1369 226 nobiscum
1392 202 1499 233 agatur,
1513 196 1535 223 si
1557 203 1607 223 nos
1625 195 1697 230 ipsos

70 259 132 286 qua
155 251 237 278 rebus
252 250 414 278 necessariis
437 249 563 285 providet
579 256 587 276 :
604 248 686 276 tertia
711 246 858 282 prudentia

71 305 133 333 quae
157 297 236 324 nobis
265 296 332 331 ipsis
360 295 443 324 vitam
480 295 669 329 intelligentia:
698 292 860 328 perticipem

73 341 281 370 accommodare
308 342 413 369 studet.
435 341 503 369 Nam
535 339 682 367 sanctitate
709 346 772 365 cum
806 344 860 363 uno

73 393 156 422 atque
183 394 246 414 cum
271 387 327 414 Deo
357 387 550 422 conjungimur
571 393 578 412 :
601 384 709 420 justitia
734 390 799 410 vero
815 382 861 409 ‘iis

73 433 262 468 providemus.
275 441 337 467 quae
349 433 479 460 inferiora
491 436 556 459 sunt
569 440 576 459 :
590 430 734 465 prudentia
745 429 861 462 denique

73 479 214 506 scientiam
235 478 400 506 ineffabilem
429 477 631 512 consequimur.
661 475 722 503 lam
750 474 861 502 moralis

74 525 163 552 virtus
172 532 187 551 a
198 524 342 559 prudentia
354 524 493 552 exoritur:
505 530 557 551 nec
569 522 688 552 actione.
700 520 749 548 sed
767 527 860 547 rerum

42 588 45 591 ι
77 579 129 599 usu
150 575 334 606 comparatur.
363 570 400 597 Ea
429 577 512 604 porro
526 567 637 596 virtutis
653 566 785 594 divinitas
810 570 861 597 est,

76 621 107 643 ut
129 615 223 643 omnia
253 622 313 649 quae
338 619 403 641 sunt
429 615 457 641 in
481 621 574 641 rerum
604 618 703 640 natura
730 614 861 647 permeet.

76 661 204 688 Estenim
218 659 432 695 supercmlestis,
443 659 667 694 supermundana
684 663 712 686 et
725 657 864 686 mundana

77 707 176 734 virtus.
207 706 272 734 Item
301 705 506 738 intellectualis,
531 704 673 737 animalis,
694 703 817 738 angelica
838 705 865 728 et

77 753 207 780 humana.
466 771 468 774 τ

113 798 162 825 Est
177 805 244 825 vero
256 796 407 824 virtutibus
427 804 494 823 suus
507 796 585 831 quasi
611 795 684 827 fons,
702 795 780 830 cujus
807 798 864 821 tum

78 843 188 871 demum
201 843 349 878 participes
364 842 508 874 efficimur,
525 849 587 869 cum
603 840 761 876 particulari
781 839 867 866 intel-

914 245 1062 273 virtutibus
1079 245 1206 272 civilibus
1219 252 1352 272 exornare
1368 245 1514 279 possimus.

1222 310 1299 338 CAP.
1315 310 1396 337 LXX.

1199 359 1265 385 Item
1277 360 1308 385 de
1318 359 1419 385 anima.

953 414 1049 441 Anima
1082 413 1225 441 rationalis
1245 414 1416 441 estessentia
1446 413 1551 443 tenuis,
1579 411 1700 438 materia:

915 465 943 487 et
954 460 1047 487 formae
1058 467 1165 494 expers,
1184 464 1262 494 typus
1276 464 1303 486 et
1318 460 1406 494 imago
1424 459 1482 485 Dei.
1501 458 1595 484 Anima
1619 465 1702 492 porro

916 514 931 534 a
959 506 1060 534 Graecis
1075 506 1147 541 ψυχὴ
1168 505 1271 532 dicitur
1286 505 1330 531 διὰ
1346 507 1376 531 τὸ
1387 505 1494 540 ψύχειν,
1512 504 1570 539 ἦτοι
1590 503 1632 530 διὰ
1654 503 1704 533 τῆς

916 552 1019 583 οἰκείοις
1047 553 1188 587 ἐνεργείας
1219 551 1360 583 ζωοποιεῖν
1388 551 1419 577 τὸ
1447 552 1526 585 σῶμα
1544 570 1550 581 ,
1579 549 1633 576 hoc
1662 553 1705 575 est

917 602 1059 632 propterea
1089 597 1162 631 quod
1178 604 1278 631 corpus
1291 596 1446 631 refrigeret,
1471 595 1636 630 propriaque
1654 602 1700 621 ac-

918 643 992 670 tione
1015 643 1144 670 viviﬁcet.
1161 641 1258 669 Anima
1286 641 1427 668 rationalis
1440 646 1482 668 est
1498 640 1610 667 materia
1640 647 1706 666 con-

919 694 994 716 stans
1015 689 1096 719 actio.
1112 696 1173 723 quae
1192 689 1305 723 spiritus
1322 688 1455 715 beneﬁcio
1470 687 1597 721 sanguini
1609 686 1704 716 vitam,

918 734 1050 765 calorem,
1078 739 1105 761 et
1132 740 1236 761 motum
1261 734 1429 769 suppeditat.
1447 733 1510 761 Vita
1527 738 1618 760 autem
1645 732 1706 758 ani-

919 780 998 807 malis
1030 783 1073 807 est
1098 779 1213 807 facultas
1229 780 1378 807 materialis
1405 779 1492 806 activa
1516 783 1544 806 et
1567 777 1707 808 sensitiva,

919 833 973 860 qua
1000 832 1101 860 corpus
1119 830 1236 859 constat,
1267 826 1342 852 Mens
1372 825 1513 852 rationalis
1541 832 1637 851 sensus
1653 823 1708 853 ille,

79 890 192 925 ligentia
201 869 313 925 longum
325 869 422 916 valere
434 869 520 924 iussa.
539 869 738 923 perfectissime
753 885 869 913 virtutes
884 879 906 906 Β
920 879 975 907 Ψ¹⁰
998 872 1117 925 ³¹¹ί¹η⁴³¹¹¹
1144 871 1326 925 ‘immm'la'lFm
1341 875 1367 898 εί
1385 870 1570 925 ί¹¹ιε¹¹ίῧθ¹ξῖίξ³θ
1597 869 1711 903 Ρλπίίθί·

80 941 177 962 omnes
193 933 378 968 exsequimur.

372 1001 450 1029 CAP.
469 1000 586 1029 LXVIII.

82 1057 122 1085 De
145 1057 293 1090 virtutibus,
313 1062 337 1085 et
367 1066 459 1085 earum
492 1057 587 1090 ﬁnibus
614 1055 821 1092 μετριοπὰθθια
849 1059 873 1081 et

410 1092 548 1120 ἀπάθεια.

120 1150 247 1177 Civilium
262 1150 372 1184 quidem
390 1149 535 1182 virtutum,
547 1156 593 1176 seu
604 1148 740 1176 exteriora
755 1146 874 1175 hominis

83 1198 274 1225 exornantium
288 1197 554 1232 μετριοπάθεια,εθυ
571 1195 747 1223 aflectionum
766 1194 873 1225 modus,

84 1243 148 1270 ﬁnis
162 1247 214 1274 est,
241 1251 302 1278 qua:
331 1243 442 1277 quidem
468 1243 502 1269 ad
529 1242 675 1269 humanam
703 1241 873 1273 societatem,

85 1297 146 1323 quae
171 1297 187 1316 a
214 1289 315 1316 damno
338 1289 434 1317 vicinis
462 1288 606 1316 inferendo
629 1293 718 1319 cavet,
747 1292 874 1322 tanquam

85 1334 119 1362 ad
133 1341 245 1369 scopum
259 1335 447 1369 respicientes,
463 1342 477 1361 a
492 1335 703 1369 congregatione
723 1338 875 1367 mutuaque

86 1378 278 1405 benevolentia
293 1379 389 1406 civiles
402 1379 546 1406 dicuntur.
564 1379 774 1413 Purgativarum
785 1383 875 1405 autem

86 1423 217 1451 virtutum
236 1424 297 1452 linis
312 1425 440 1456 ἀπάθεια,
462 1432 509 1451 seu
530 1425 725 1459 ltnpatibilitas.
741 1424 874 1451 Contem-

87 1469 250 1504 plativarnm
267 1477 349 1504 porro
372 1470 419 1496 Dei
445 1469 618 1496 assimilatio.
636 1469 725 1503 Atque
749 1469 802 1496 alio
817 1469 878 1504 qui-

90 1516 151 1542 dem
176 1514 258 1541 modo
292 1514 483 1549 temperantia,
508 1514 664 1548 prudentia,
695 1514 828 1541 fortitudo
851 1519 879 1542 et

86 1560 192 1595 justitia
204 1560 231 1587 in
250 1560 400 1588 virtutibus
432 1560 573 1592 civilibus,
597 1561 651 1587 alio
668 1561 695 1587 in
716 1560 876 1595 purgativis,
892 1553 913 1581 Ο

89 1606 144 1633 alio
151 1605 268 1640 denique
282 1606 309 1633 in
320 1606 539 1641 contemplativis
549 1606 769 1633 considerantur.
777 1606 879 1632 Rerum

88 1650 163 1678 enim
174 1651 357 1686 subjectarum
375 1651 459 1683 modi,
472 1651 605 1678 virtutum
615 1658 725 1686 quoque
736 1651 880 1678 facultates

91 1697 277 1725 nominantur.
293 1698 327 1726 Et
349 1698 395 1732 qui
421 1697 572 1733 majoribus
590 1698 721 1732 praeditus
730 1702 772 1724 est
793 1698 879 1724 virtu-

91 1743 174 1777 tibus,
196 1744 266 1771 idem
290 1748 317 1771 et
337 1744 491 1772 minoribus
513 1745 645 1779 prteditus
671 1739 723 1772 est.
740 1744 791 1777 Qui
815 1752 880 1772 vero

93 1789 247 1817 minoribus
263 1795 348 1823 caret,
367 1790 438 1817 idem
454 1791 606 1825 majoribus
621 1798 730 1826 quoque
741 1791 880 1824 carct,nisi

94 1835 129 1863 ad
146 1835 207 1864 illas
217 1836 385 1871 proficiendo
403 1838 544 1865 ascendat.

395 1905 470 1934 CAP.
489 1906 572 1933 LXIX

127 1962 166 1990 De
183 1962 334 1990 virtutibus.
348 1962 401 1989 Deo
415 1962 515 1989 similes
526 1963 608 1989 uariis
623 1962 705 1988 modis
718 1961 853 1995 efﬁcimur.

534 2006 543 2018 \

131 2029 192 2058 lion
208 2037 262 2056 una
277 2029 428 2064 eadetnque
450 2036 567 2056 nnmcro
591 2028 638 2056 Dei
660 2027 812 2055 similitudo
830 2033 883 2060 est,

96 2075 152 2103 imo
162 2075 278 2102 diversa:
298 2079 370 2102 sunt.
398 2074 436 2101 Illi
463 2075 536 2101 enim
565 2074 669 2101 similes
690 2074 833 2102 evadimus
857 2079 885 2102 et

97 2121 218 2149 civilium
236 2120 370 2149 beneficio
394 2121 538 2153 virtutum,
564 2120 611 2148 sed
641 2120 786 2147 obscurius
803 2125 885 2154 atque

99 2167 308 2194 tenebricosius.
319 2166 526 2201 Purgativarum
538 2173 647 2200 quoque
660 2165 794 2192 beneficio
810 2166 886 2193 sitni-

924 924 985 952 pem
1014 917 1243 951 contemplamur.
1271 916 1348 947 Item,
1375 923 1452 942 mens
1479 921 1522 942 est
1546 915 1709 948 incorporea

921 963 1002 994 visio,
1015 970 1076 997 quae
1093 963 1161 989 citra
1174 962 1294 989 laborem
1312 962 1404 989 omnia
1418 969 1478 996 quae
1492 965 1557 988 sunt
1576 961 1603 986 in
1616 967 1708 987 rerum

923 1013 1020 1035 natura
1035 1007 1176 1035 discurrit.

1229 1076 1304 1104 CAP.
1320 1076 1412 1104 LXXI.

926 1124 963 1151 De
983 1125 1135 1151 animarum
1153 1123 1302 1158 incorpore
1318 1123 1508 1149 insinuatione.
1535 1120 1709 1156 Philosophus

1078 1157 1241 1194 difﬁcillima
1254 1166 1360 1193 quazque
1374 1157 1465 1192 [acilia
1483 1161 1554 1183 sunt.

961 1215 1056 1242 Modus
1070 1222 1124 1250 quo
1145 1214 1240 1241 animae
1260 1214 1287 1240 in
1300 1220 1413 1248 corpora
1441 1212 1630 1243 insinuantur,
1651 1219 1713 1246 prr-

926 1262 990 1289 inde
1019 1266 1102 1296 atque
1129 1261 1172 1293 is,
1212 1267 1266 1294 quo
1291 1259 1356 1285 hinc
1385 1258 1486 1285 easdem
1510 1265 1524 1284 a
1551 1255 1714 1291 corporibus

926 1307 1115 1335 dissolvuntur
1143 1310 1190 1332 aut
1215 1310 1386 1339 separantur,
1417 1310 1444 1330 et
1460 1302 1647 1337 ambiguitatis
1671 1307 1716 1327 re-

927 1353 1101 1385 fertissimus,
1130 1358 1156 1378 ct
1184 1351 1294 1385 cognitu
1322 1349 1501 1377 difﬁcillimus
1523 1347 1714 1380 est.Quonarn

927 1399 1000 1425 enirn
1018 1397 1099 1424 modo
1117 1397 1203 1430 prima
1221 1397 1266 1422 illa
1282 1395 1480 1422 elementorum
1497 1397 1715 1428 lemperamenta

929 1444 956 1471 in
984 1442 1065 1470 nobis
1096 1442 1162 1476 ipsis
1188 1441 1316 1472 coierint,
1339 1448 1419 1467 nemo
1442 1444 1483 1467 est
1510 1438 1644 1470 omnium,
1669 1437 1715 1472 qui

929 1488 1093 1516 meminerit.
1122 1488 1256 1514 Prmterea
1279 1486 1326 1513 illa
1339 1487 1509 1521 singulorum
1537 1485 1716 1511 animantium

930 1533 1074 1562 dissolutio
1086 1532 1197 1564 futuris,
1214 1532 1331 1559 necdum
1346 1531 1434 1561 factis.
1449 1531 1533 1559 rebus
1545 1535 1716 1557 accensetur.

930 1581 980 1614 Qui
998 1579 1055 1607 ficri
1074 1587 1139 1614 ergo
1154 1583 1252 1614 potest,
1272 1583 1302 1606 ut
1324 1586 1419 1605 eorum
1437 1578 1506 1605 ratio
1536 1586 1551 1604 a
1579 1584 1718 1612 quoquam

932 1627 1071 1658 reddatur,
1097 1633 1214 1660 quorum
1241 1633 1292 1652 nec
1329 1625 1465 1656 meminit,
1492 1631 1543 1651 nec
1568 1623 1720 1658 periculum

931 1673 1017 1701 fecit?
1035 1673 1135 1700 Verum
1150 1672 1290 1699 enimvero
1308 1672 1371 1706 quia
1387 1672 1455 1699 nihil
1469 1676 1522 1698 tam
1536 1671 1651 1698 arduum
1667 1675 1720 1703 est,

934 1719 1008 1754 quod
1023 1719 1196 1754 philosophia
1213 1719 1339 1753 improbo
1355 1718 1448 1745 labore
1467 1725 1521 1744 non
1535 1718 1653 1749 evincat,
1667 1717 1720 1743 imo

932 1773 998 1794 vero
1013 1766 1038 1793 ei
1053 1765 1127 1792 dictu
1141 1764 1230 1791 facilia
1244 1769 1317 1797 sunt,
1334 1771 1395 1798 qum
1418 1764 1486 1790 alias
1502 1762 1652 1790 ineffabilia
1671 1771 1676 1788 :
1692 1767 1720 1789 et

932 1811 1067 1846 explicata
1089 1809 1228 1842 facillima,
1253 1818 1313 1844 qua:
1333 1809 1458 1836 intricata
1479 1808 1597 1835 maxime
1614 1807 1721 1842 perple-

933 1864 1022 1889 xaqne
1048 1855 1168 1886 videtur,
1196 1855 1299 1882 idcirco
1315 1856 1348 1882 ab
1367 1855 1412 1882 illa
1440 1862 1535 1882 eorum
1561 1854 1595 1881 de
1620 1854 1722 1888 quibus

935 1901 1081 1930 addubitas
1093 1900 1244 1927 solutiones
1260 1900 1310 1927 tibi
1326 1900 1482 1928 mutuanda:
1500 1904 1576 1927 sunt.

1227 1967 1303 1995 CAP.
1323 1967 1429 1995 LXXII.

936 2027 1057 2061 Quatuor
1079 2027 1202 2062 exentplis
1219 2028 1372 2054 animarum
1400 2028 1427 2054 in
1442 2035 1552 2062 corpora
1577 2028 1723 2055 insinuatio

1226 2063 1438 2090 demonstratur.

980 2120 1075 2154 Itaque
1089 2120 1130 2155 (ut
1146 2120 1198 2147 hoc
1212 2120 1299 2155 primo
1310 2119 1498 2155 expediamus)
1511 2120 1724 2147 insinuationem

937 2166 1012 2193 illam
1031 2166 1184 2193 animarum
1202 2166 1230 2193 in
1256 2174 1370 2201 corpora
1387 2173 1453 2193 cave
1477 2174 1637 2200 corpoream
1664 2167 1723 2193 exi—

97 2212 138 2240 les
163 2212 201 2240 illi
224 2212 367 2244 eflicimur,
392 2212 439 2239 sed
463 2212 629 2246 expressius.
661 2211 886 2246 Contemplativa:
900 2221 924 2250 ι)
938 2213 1031 2239 stimes
1044 2216 1090 2239 aut
1104 2211 1222 2238 animam
1242 2219 1302 2246 quae
1316 2218 1435 2246 superne
1454 2211 1611 2242 dimittitur,
1629 2219 1724 2238 ncces-

99 2259 211 2294 insuper
225 2266 276 2286 nos
293 2259 319 2285 ei
340 2258 445 2285 similes
461 2258 594 2290 eﬂiciunt,
610 2259 657 2285 sed
674 2258 755 2284 etiam
773 2257 883 2285 clarius.

97 2296 264 2332 Deificativis
292 2305 410 2340 denique
438 2304 585 2332 virtutibus
608 2304 664 2331 Deo
687 2303 789 2330 similes
803 2303 887 2330 cilici-

99 2359 171 2384 mur,
202 2359 250 2386 per
274 2359 343 2387 quas
371 2359 436 2378 vere
461 2351 571 2378 domum
598 2350 816 2384 praestantiorem
839 2350 886 2376 Dei

98 2394 306 2422 similitudinem
319 2394 691 2429 consequimur.Animarum
705 2394 777 2422 enim
794 2394 888 2429 expia-

101 2440 148 2472 tio,
172 2442 208 2466 et‘
224 2448 319 2468 eorum
335 2449 395 2476 quae
419 2445 484 2468 sunt
504 2441 709 2475 contemplatio,
731 2448 785 2468 non
813 2441 886 2468 omni

100 2493 132 2513 ex
145 2491 221 2520 parte
236 2487 292 2514 Deo
309 2493 373 2514 sunt
383 2488 497 2515 similes.

136 2533 183 2559 Ille
198 2533 270 2559 enim
298 2533 482 2567 expiationem
497 2541 606 2560 omnem
633 2538 660 2560 et
676 2533 888 2567 contemplatio-

100 2586 162 2606 nem
185 2583 341 2613 exsuperat.
368 2579 420 2606 Sed
446 2579 560 2606 facultas
587 2579 642 2611 illa,
659 2587 719 2613 quae
747 2579 886 2606 hominem

99 2623 218 2656 deificat,
233 2624 354 2651 materiae
369 2623 515 2655 subducit,
528 2629 609 2658 atque
631 2625 664 2651 ab
687 2624 832 2652 effectibus
850 2624 887 2652 ita

97 2669 207 2702 liberat,
236 2675 266 2697 ut
290 2670 407 2698 alterum
436 2670 532 2697 eadem
562 2670 736 2698 deificatione
759 2675 887 2706 praestare

99 2716 256 2748 possit,illa,
270 2716 393 2751 inquam,
403 2715 599 2749 perfectissima
610 2717 658 2744 Dei
671 2717 822 2745 similitudo
833 2723 884 2745 est.

99 2760 145 2787 Ait
162 2761 233 2788 enim
250 2762 321 2789 Deus
344 2763 372 2789 in
393 2762 567 2797 Evangeliis:
587 2763 639 2796 Qui
659 2769 767 2798 separat
784 2765 887 2799 pretio-

100 2814 160 2833 snm
170 2815 184 2833 a
196 2807 254 2839 vili,
268 2808 345 2842 quasi
359 2815 390 2835 os
399 2816 490 2835 meum
501 2808 563 2835 crit.
573 2808 668 2836 Viden'
680 2810 818 2844 quomodo
828 2810 886 2838 dci-

100 2851 212 2880 flcativaa
227 2853 320 2879 virtuti
332 2853 502 2881 verissimam
513 2853 561 2880 Dei
574 2853 791 2883 similitudimetn
802 2856 886 2883 ascri-

261 2901 397 2930 l’ATnOL.
417 2902 474 2931 Gtt.
496 2900 669 2932 CXXXIX.

939 2256 1011 2283 sario
1027 2256 1061 2282 ad
1079 2263 1178 2290 corpus
1191 2255 1334 2290 applicari,
1349 2260 1396 2282 aut
1416 2255 1548 2283 diuturno
1562 2257 1587 2282 in
1603 2256 1630 2283 id
1648 2261 1724 2284 motu

939 2300 1079 2335 inspirari.
1097 2307 1144 2327 aut
1164 2300 1270 2328 inferne
1289 2301 1359 2328 trahi
1376 2301 1533 2336 aspirative,
1551 2307 1598 2328 aut
1610 2310 1642 2329 ex
1660 2309 1725 2329 aere

940 2347 1011 2382 rapi,
1039 2351 1087 2374 aut
1121 2355 1172 2381 per
1198 2346 1317 2379 narium,
1344 2347 1386 2374 vel
1412 2347 1547 2382 corporis,
1576 2348 1618 2374 vel
1642 2349 1725 2375 etiam
1772 2339 1779 2345 ’

939 2394 1061 2420 incertos
1091 2392 1159 2420 alios
1188 2393 1319 2427 quosdam
1339 2397 1456 2426 meatus,
1478 2401 1534 2420 non
1549 2401 1626 2421 secus
1644 2399 1726 2428 atque

939 2447 989 2474 per
1003 2439 1135 2474 quasdam
1149 2439 1233 2471 fores,
1248 2439 1353 2474 ingredi
1368 2445 1458 2474 putes.
1472 2441 1527 2467 Nec
1544 2441 1588 2467 illa
1606 2441 1726 2467 hominis

939 2485 1050 2520 agitatio
1064 2485 1163 2512 similia
1177 2484 1314 2512 similibus
1329 2492 1471 2520 aggerens,
1490 2486 1597 2512 animas
1622 2487 1648 2512 in
1662 2493 1725 2512 cor-

937 2538 1005 2566 pora
1030 2530 1160 2557 detrudit.
1187 2530 1243 2557 Nec
1267 2530 1387 2558 ccelestis
1407 2531 1531 2561 influxio.
1563 2531 1597 2558 ab
1619 2531 1726 2558 oriente

937 2577 1102 2612 procedens.
1119 2576 1229 2604 easdem
1246 2581 1333 2612 urget,
1349 2577 1455 2604 introvc
1472 2577 1548 2611 pellit
1563 2586 1570 2603 ε
1587 2585 1636 2604 nec
1651 2578 1724 2604 enim

939 2625 1030 2652 anima
1047 2629 1175 2658 tanquam
1188 2631 1221 2650 ΒΧ
1239 2628 1418 2658 apostetnate,
1435 2628 1482 2650 aut
1502 2631 1622 2656 εεεθεειι,
1636 2632 1726 2660 neque

938 2671 1111 2704 circuitione,
1133 2677 1221 2705 neque
1230 2678 1259 2698 se
1277 2670 1407 2705 paulatim
1423 2670 1559 2697 movendo
1572 2671 1604 2697 ad
1626 2678 1728 2705 corpus

939 2717 1060 2752 appellit,
1077 2717 1158 2752 eique
1180 2716 1364 2751 conjungitur.
1382 2715 1436 2743 Sed
1453 2715 1493 2750 (nt
1520 2723 1577 2743 rem
1594 2717 1728 2751 exemplis

939 2761 1086 2797 illustrem)
1114 2761 1348 2796 quemadmodum
1373 2768 1388 2788 e
1411 2760 1499 2788 nihilo
1513 2769 1674 2796 progressus
1694 2763 1727 2789 ad

940 2815 1034 2835 rerum
1051 2811 1176 2834 naturam
1193 2806 1251 2833 ﬁeri
1275 2806 1356 2838 solet,
1379 2805 1415 2834 ita
1438 2806 1521 2832 etiam
1537 2806 1582 2833 illa
1603 2807 1727 2834 conferta

939 2854 1019 2882 simul
1036 2859 1063 2881 et
1080 2853 1139 2881 sine
1154 2857 1228 2880 motu
1243 2853 1378 2888 procedit.

1495 2900 1532 2932 38
