1949 3073
254 138 328 169 ’1195

884 137 1030 167 ΝΙΕΕΤΕ
1051 139 1190 170 CHONIA
1202 141 1251 170 1“.Ἐ

1806 145 1876 176 1196

291 195 324 221 Et
340 193 570 229 quemadmodum
595 200 609 219 a
629 193 694 219 solis
706 199 766 219 ertu
786 198 883 219 cum-ta
899 193 957 219 sine
984 193 1036 219 ulla
1052 199 1072 224 Α
1088 197 1238 229 quaestione
1253 182 1402 231 proposita.
1415 198 1456 225 vel
1468 198 1503 226 ab
1517 199 1647 234 apostolis
1669 200 1814 231 traditum,
1834 200 1876 225 v.-l

255 249 333 268 mora
344 241 526 270 illustrantur.
539 245 566 266 et
581 240 607 266 in
624 239 719 273 primis
731 247 786 270 aer,
803 238 849 272 qui
866 246 915 265 nos
926 239 1013 265 ambit
1028 247 1032 263 ;

254 285 484 321 quemadmodum
516 285 580 311 item
609 285 719 310 chorda:
743 284 769 310 in
793 284 893 310 [idibus
911 292 960 310 suo
976 285 1035 310 loco

253 332 391 365 dispositae
408 349 414 361 .
442 330 549 357 etiamsi
574 330 656 364 paulo
686 329 795 364 longius
832 335 943 356 remota:
967 333 1033 360 suit,

253 385 306 404 una
335 381 425 403 tamen
458 385 519 402 cum
553 377 613 403 aliis
639 380 799 407 moventur,
830 381 1035 410 concentusque

251 425 398 459 participes
423 426 512 451 liunt:
535 424 763 459 quemadmodum
794 424 912 458 denique
932 424 1034 451 l‘ltthas

251 471 294 496 illi!
309 470 354 504 qui
370 470 480 502 dicitur,
497 479 544 496 seu
559 470 705 500 Vulcanus,
721 471 756 496 ita
772 469 832 504 igne
844 470 1032 500 succunditur,

251 521 280 541 ut
308 515 491 542 intermedius
518 523 565 542 aer
591 523 645 541 non
677 515 857 541 exardescat:
888 515 924 541 ita
951 517 1032 541 etiam

249 569 349 594 corpus
362 561 504 587 confertim
520 566 547 588 et
562 561 642 588 simul
666 561 700 587 ab
725 562 815 587 anima
843 561 1031 592 succenditur,

249 611 275 632 et
307 606 474 638 illustratur,
504 610 584 640 atque
610 605 787 632 facultatibus
809 607 868 640 ejus
899 606 1031 640 repletur,

248 656 275 678 et
292 651 325 678 iis
337 652 438 686 quibus
452 659 543 678 rerum
560 651 745 686 cognitionem
759 651 940 685 adipiscatur,
954 656 981 678 ct
1001 652 1033 678 iis

248 697 347 732 quibus
364 697 415 723 sibi
430 697 518 724 simile
531 703 703 732 progeneret.

284 743 337 769 Nec
364 751 429 770 vero
463 743 508 769 illa
540 743 668 777 paulatim
686 751 733 777 per
756 743 880 778 corporis
909 743 1031 770 membra

245 788 422 818 dilfunditur.
450 796 539 822 neque
571 796 619 815 cor
643 789 761 823 primum
792 794 838 815 aut
865 790 957 823 liepar,
986 793 1032 816 aut

246 834 393 859 ccroiirtnu
409 838 540 868 occupat,
554 834 671 868 indeque
694 842 742 868 per
753 840 867 861 ueteras
878 839 968 868 partes
982 834 1031 860 dif-

244 878 306 905 ﬂuit
333 887 339 904 :

251 925 319 951 lerto
347 925 449 951 lumine
480 926 605 952 illustrat.
636 926 770 953 Ceterum
797 926 903 953 \incula
930 927 1030 960 quibus

243 971 351 1005 corpori
381 971 518 1004 alligatur,
545 971 602 998 lucc
616 977 689 998 sunt.
710 972 879 998 llarmoniraa
897 973 1028 1003 rationes,

240 1020 270 1042 ct
296 1015 445 1042 formarunt
466 1019 641 1043 dccrx'tttcttta
667 1025 673 1042 :
700 1016 802 1050 quibus
829 1016 857 1043 fit
873 1022 901 1043 ut
916 1023 944 1043 ct
967 1018 1029 1043 ltui-

241 1069 331 1093 versa,
356 1065 383 1088 et
403 1061 551 1094 singularis
576 1066 686 1093 natura,
711 1061 810 1088 deinde
839 1062 895 1096 ipse
919 1070 1028 1096 quoque

241 1114 330 1133 sermo
343 1107 540 1138 enuntiativus,
553 1107 645 1133 animo
660 1113 819 1142 conceptus.
835 1113 863 1135 et
880 1108 1027 1142 perfectus,

239 1152 333 1180 adhazc
346 1153 401 1186 ipsa
430 1152 523 1179 fut-nuc
553 1153 730 1185 continuitas,
753 1162 804 1180 una
824 1161 886 1180 cutn
904 1155 1028 1187 corporis

239 1198 393 1230 aptitudine
419 1198 598 1225 validioribus
623 1199 747 1226 cedentis
770 1199 953 1231 lacunalibus,
971 1207 1027 1226 non

239 1251 334 1274 parum
362 1243 388 1270 in
407 1244 464 1270 dics
485 1236 694 1271 imminuantur.
719 1244 745 1271 In
768 1245 827 1277 ipso
854 1253 936 1278 porro
962 1253 1028 1272 con-

238 1296 320 1315 cursu
334 1295 483 1323 operantur
498 1289 657 1322 angelorum
672 1289 850 1323 praefectorio,
863 1297 924 1324 qua:
942 1291 1026 1318 simul

237 1342 333 1361 (itaues
354 1334 471 1361 animam
496 1342 557 1361 runt
583 1343 698 1369 corpore
718 1335 878 1369 disponurt,
905 1340 932 1362 et
957 1343 1024 1362 cott-

239 1384 361 1406 servant.

525 1415 598 1442 (iAP.
615 1414 729 1442 LXXlll.

235 1470 272 1495 lie
287 1470 452 1502 anintarum,
477 1471 623 1504 prmerlim
647 1477 814 1502 sanctarum,
836 1481 851 1498 α
872 1473 1023 1508 corporibus

569 1513 685 1538 egressu.

269 1549 357 1584 Atque
375 1550 418 1577 hic
435 1551 545 1586 quidem
563 1551 661 1578 modus
674 1557 726 1584 est,
740 1560 795 1586 quo
806 1553 905 1580 animae
918 1554 944 1579 in
958 1561 1020 1580 cor-

233 1602 298 1628 pora
325 1595 511 1623 insinuantur.
528 1596 660 1631 Superest
684 1601 713 1624 ut
727 1605 790 1624 eum
817 1606 926 1633 quoque
953 1599 1021 1634 adji-

232 1637 313 1670 ciam,
328 1647 383 1674 quo
401 1640 509 1667 tandem
522 1650 536 1668 ιι
548 1641 711 1676 corporibus
728 1642 877 1668 excedunt.
899 1643 1020 1677 Angelus

232 1685 337 1720 itaque,
351 1691 380 1712 ut
396 1686 482 1717 aiunt,
504 1688 547 1714 cui
567 1688 677 1722 quidem
695 1688 794 1714 anima:
809 1689 931 1716 custodia
947 1689 1018 1715 divi-

232 1730 305 1756 nitus
313 1729 475 1757 demandata
482 1737 534 1762 est,
543 1731 733 1758 dissolutionis
743 1732 888 1760 occasione
895 1741 1017 1768 accepta.

234 1777 306 1802 illam
340 1777 520 1804 intcllrctuali
543 1778 646 1804 ltuninc
675 1778 852 1805 inclTabilitcr
879 1779 1016 1812 illustrat,

229 1829 345 1856 moxque
370 1823 548 1850 dcfatisreute
571 1832 698 1858 corpore,
719 1833 769 1851 nec
792 1826 848 1860 jam
870 1826 944 1853 illius
972 1835 1016 1852 ca-

227 1875 294 1901 pace
315 1868 388 1902 (quia
411 1869 540 1895 nimirum
564 1869 699 1903 pristinus
725 1870 770 1896 ille
794 1877 947 1898 concentus
959 1872 1015 1906 jam

227 1913 379 1940 dissolutus
395 1919 448 1944 est,
469 1914 687 1948 Itarzuonicmqne
702 1915 822 1942 rationes
839 1924 868 1942 se
884 1917 1015 1951 paulatim

225 1958 428 1993 subduxerunt)
444 1960 471 1985 in
488 1968 570 1986 unum
587 1961 721 1994 congerit.
737 1967 766 1987 ct
780 1960 813 1987 ad
834 1962 887 1988 sibi
914 1970 1015 1997 cogna-

227 2011 283 2031 tam
307 2005 397 2031 lucetn
417 2006 547 2032 retrahit.
562 2008 652 2040 Atque
669 2006 703 2033 ab
719 2007 771 2033 hac
797 2008 914 2042 caligine
931 2007 1015 2036 mate-

226 2051 286 2076 tzali
302 2056 426 2085 ereptam
443 2051 589 2085 praclucida
606 2052 719 2079 materia
740 2053 874 2086 impertit,
897 2053 1014 2088 igucquc

224 2097 318 2124 divino
344 2098 439 2132 replet.
456 2097 511 2124 Nec
533 2105 598 2123 vero
617 2098 666 2123 tibi
678 2105 752 2124 nunc
768 2105 891 2130 quamam
907 2107 966 2125 mea
979 2099 1013 2126 de

223 2145 360 2171 variarunt
376 2145 530 2173 animarum
541 2146 616 2172 exitu
630 2146 766 2173 sententia
785 2147 831 2178 sit,
845 2146 1012 2174 edisseram:

223 2191 271 2218 sed
301 2199 371 2222 can»,
395 2199 455 2225 qua:
478 2191 579 2225 optima
603 2191 722 2223 videtur,
743 2192 898 2219 accuratius
911 2193 1014 2220 exarui-

223 2238 306 2264 nabo.
335 2236 571 2269 Quemadmodum
588 2245 653 2272 ergo
671 2238 891 2272 eompreltensim
917 2243 945 2265 et
962 2247 1011 2266 clt-

223 2283 324 2310 mulate
340 2291 491 2311 concursus
505 2284 603 2311 animus
622 2284 800 2320 corporisque
816 2286 855 2317 ﬁt,
879 2287 914 2314 ita
925 2287 1008 2322 etiam

222 2328 382 2362 disjuuctio.
397 2328 434 2356 lta
452 2330 611 2357 utanimam
628 2331 818 2358 circumscribi
831 2339 884 2359 non
896 2333 1009 2360 omnino

220 2381 311 2407 posse,
327 2377 375 2401 aut
396 2376 471 2402 omni
497 2383 610 2410 prorsus
634 2383 709 2404 motu
735 2385 841 2408 carere.
867 2379 910 2405 vix
931 2383 1009 2407 certo

219 2428 344 2446 asserere
367 2421 468 2451 ausim.
489 2422 615 2456 quamvis
641 2431 700 2450 eam
727 2425 933 2458 impartibilem,
951 2425 1007 2451 cito

217 2466 369 2499 discedere,
384 2475 434 2493 nec
455 2467 505 2498 illi,
529 2468 587 2494 sive
611 2469 751 2500 ascendat,
769 2470 826 2497 sive
846 2469 1005 2503 descendat,

218 2513 270 2539 ulla
286 2513 418 2546 temporis
434 2512 608 2541 dimensione
621 2523 690 2550 opus
708 2523 781 2548 esse,
797 2516 922 2543 dillitear.

508 2571 583 2598 CAP.
598 2571 714 2599 LXXIV.

217 2614 254 2641 De
268 2617 384 2652 corporis
401 2617 428 2643 in
456 2622 528 2644 utero
557 2618 714 2652 {orumtione
735 2619 797 2650 quid
825 2619 918 2651 nulri,
942 2619 1004 2653 quid

398 2654 499 2680 externi
520 2653 666 2688 philosophi
686 2653 824 2680 senserint.

251 2707 311 2735 .lam
346 2715 438 2736 utrum
470 2711 557 2737 mavis
584 2710 631 2736 tibi
658 2710 849 2744 respondeant,
876 2720 1000 2745 quamam

213 2760 383 2787 sanctorum,
413 2756 461 2790 qui
478 2761 572 2782 nostra
598 2756 631 2782 de
656 2755 786 2789 religione
814 2757 999 2790 philosophati

212 2804 286 2828 aluit,
306 2801 441 2827 sententia
457 2801 552 2831 fuerit,
567 2809 602 2828 an
616 2808 680 2826 vero
695 2800 759 2833 quid
777 2799 863 2827 (ira-ci
882 2810 999 2828 censue-

213 2844 289 2870 sint‘!
315 2846 371 2873 Nec
397 2847 470 2874 ettim
494 2854 639 2874 commune
675 2846 759 2873 ullum
787 2846 884 2880 dogma
916 2855 999 2880 super

359 879 405 906 Sed
423 879 503 905 sinml
525 880 681 906 universum
703 880 888 914 ainplcctitur.
916 885 943 906 et
963 888 1030 906 con-
1048 874 1067 901 Β

1087 241 1120 268 ab
1141 241 1203 268 ullis
1216 242 1278 270 aliis
1290 243 1394 270 sanctis
1411 244 1539 272 Patribus
1553 245 1723 280 accepimus,
1737 252 1874 280 quantum

1087 294 1119 313 ex
1132 287 1241 314 illorum
1266 289 1376 323 scriptis
1401 290 1531 324 colligere
1556 299 1680 326 possum.
1706 292 1873 319 Nostrorum

1086 341 1151 368 ergo
1172 335 1308 368 nonnulli,
1335 337 1382 370 qui
1408 344 1440 363 ea
1472 345 1532 372 quae
1553 338 1713 366 sublimiora
1741 339 1872 367 videntul

1086 380 1217 414 sagaciori
1235 383 1371 415 persecuti
1390 388 1454 411 sunt
1469 383 1607 419 indagine,
1626 392 1722 412 semen
1738 385 1873 417 animari,

1085 433 1147 453 cum
1167 428 1283 461 primum
1306 429 1392 456 vulva:
1406 429 1537 464 injectum
1568 436 1620 464 est,
1636 437 1800 460 constanter
1826 440 1874 459 as-

1085 481 1176 500 serere
1195 482 1248 500 non
1270 474 1492 504 addubitarum:
1518 477 1553 504 ita
1575 484 1602 504 ut
1629 478 1746 512 partium
1773 484 1873 505 neutra

1085 519 1310 553 compositionem
1326 526 1373 548 aut
1387 523 1535 557 praecedat,
1553 529 1601 550 aut
1614 524 1816 559 subsequatur.
1876 522 1884 553 ἱ

1119 566 1275 594 Graecorum
1289 574 1381 596 autent
1400 571 1567 604 sapientium
1582 571 1723 598 nonnullis
1736 572 1869 607 embryo-

1085 620 1145 644 nes,
1161 620 1208 639 seu
1225 613 1403 648 imperfectos
1422 615 1449 642 in
1471 621 1550 642 utero
1568 616 1640 643 fetus
1656 617 1747 643 statim
1764 617 1802 644 ab
1827 618 1871 644 illa

1085 658 1195 686 informi
1216 667 1265 687 sua
1284 662 1371 688 forma
1394 662 1510 689 attintari
1539 663 1650 697 placuit.
1668 664 1736 691 Aliis
1756 664 1870 691 eosdem

1085 709 1150 731 tunc
1171 705 1286 733 animari
1308 707 1457 740 visumcst,
1479 716 1540 735 cum
1566 709 1677 744 jamjam
1724 709 1752 736 in
1774 716 1872 737 ventre

1084 752 1324 780 movendiesscnt.
1338 752 1407 780 Aliis
1423 755 1498 784 item.
1513 762 1575 781 cum
1602 763 1616 781 a
1640 756 1724 782 vulra
1750 755 1869 783 divelle-

1085 801 1190 828 rentur,
1207 801 1234 824 et
1243 798 1297 833 jam
1314 799 1347 825 ad
1359 799 1465 833 lapsum
1479 805 1625 834 partumve
1640 802 1869 835 disponerentur.

1082 843 1133 874 Qui
1149 843 1267 878 denique
1282 852 1338 871 rem
1349 846 1484 872 oculatius
1496 851 1524 872 et
1541 847 1661 881 penitius
1683 848 1774 874 rimati
1790 853 1867 879 sunt,

1081 895 1130 916 eos
1140 889 1230 916 statim
1246 897 1259 916 a
1279 895 1358 925 partu
1370 892 1518 926 participes
1529 893 1627 920 animm
1640 894 1784 920 rationalis
1795 894 1867 921 eﬁici

1081 935 1222 968 dixerunt,
1237 936 1321 972 idque
1335 938 1569 972 compreltcnsim,
1586 943 1714 974 tanquam
1731 941 1754 966 si
1770 941 1869 967 divino

1080 982 1298 1010 accenderentur
1320 983 1435 1014 lumine.
1466 989 1513 1012 aut
1537 986 1570 1012 ad
1595 986 1677 1013 vitam
1714 986 1870 1013 inflamma-

1080 1032 1187 1054 rentur.
1204 1028 1330 1061 Qnaudiu
1356 1035 1446 1056 auten:
1471 1031 1542 1058 intra
1561 1032 1647 1059 vulva}
1670 1037 1747 1064 septa
1767 1032 1867 1063 clausi,

1079 1073 1211 1107 quasique
1225 1073 1343 1101 obserati
1362 1081 1484 1108 manent,
1511 1076 1544 1103 iis
1559 1077 1640 1103 vitam
1661 1076 1786 1111 quidem,
1818 1078 1866 1104 sed

1078 1124 1139 1144 eam
1154 1119 1307 1146 naturalem
1325 1124 1352 1146 et
1371 1121 1487 1148 rationis
1500 1129 1613 1156 prorsus
1629 1127 1773 1156 expertem
1801 1131 1868 1157 sup-

1084 1163 1202 1197 pedilari
1231 1165 1435 1199 existimarunt,
1460 1172 1587 1202 tanquam
1619 1168 1710 1195 radice
1735 1169 1866 1202 quadam,

1078 1216 1140 1243 quae
1168 1210 1300 1238 umbilico
1331 1212 1425 1239 innixa
1466 1221 1546 1240 suum
1584 1214 1672 1240 vulva:
1702 1214 1865 1242 alinentum

1078 1263 1203 1292 suggerat
1223 1267 1230 1284 :
1248 1259 1377 1287 animalia
1395 1268 1459 1288 vero
1479 1269 1550 1293 esse,
1568 1262 1738 1289 nominative
1752 1262 1864 1295 debere,

1078 1303 1194 1331 inliciati
1230 1311 1305 1336 sunt,
1338 1314 1399 1333 enim
1439 1307 1659 1342 imperfectiores
1685 1309 1753 1340 sint,
1781 1317 1863 1343 quam

1077 1348 1124 1382 qui
1151 1349 1295 1376 divinioris
1320 1350 1419 1377 anima:
1436 1358 1552 1386 capaces
1585 1359 1645 1378 esse
1660 1355 1775 1386 queant.
1808 1351 1864 1378 Nec

1075 1394 1149 1420 enim
1178 1395 1420 1423 rationalisauima
1445 1398 1549 1424 volucri
1581 1397 1679 1424 similis
1702 1403 1755 1429 est,
1773 1402 1805 1424 ut
1835 1398 1862 1427 in

1075 1440 1192 1474 quodvis
1218 1442 1385 1475 corpusculu
1398 1450 1412 1467 a
1431 1442 1522 1469 vivum
1542 1447 1646 1470 temere
1661 1444 1859 1478 protundatur,

1074 1485 1132 1512 sive
1147 1485 1299 1512 inhabitet:
1321 1487 1368 1514 sed
1398 1495 1459 1514 cum
1487 1488 1604 1521 primum
1631 1488 1774 1520 idoneum,
1803 1492 1861 1516 ειη-

1035 1544 1057 1575 C
1074 1537 1127 1564 que
1148 1538 1234 1565 capax
1268 1531 1399 1563 otcurrit,
1428 1531 1452 1558 ei
1472 1539 1533 1558 mox
1559 1532 1689 1559 incll‘abili
1722 1540 1860 1560 concursu

1076 1576 1207 1612 cenaret.

1367 1634 1442 1661 CAP.
1459 1634 1565 1662 LXXV.

1075 1677 1209 1710 Quomodo
1240 1679 1362 1714 cmbryon
1397 1681 1425 1706 in
1458 1686 1533 1707 utero
1562 1686 1698 1708 moveatur
1735 1686 1760 1708 et
1797 1690 1858 1709 coa-

1416 1715 1506 1742 learnt.

1111 1770 1170 1797 Jam
1197 1779 1274 1803 vero,
1290 1771 1337 1806 qui
1359 1771 1417 1799 fieri
1443 1774 1528 1806 possit
1553 1778 1581 1800 ut
1597 1773 1673 1800 vivus
1698 1773 1813 1808 embryo
1830 1775 1856 1800 in

1073 1815 1136 1842 loco
1158 1817 1273 1843 humido
1296 1818 1452 1845 coalescat?
1479 1819 1612 1853 Itemque,
1643 1827 1704 1846 cunt
1732 1827 1763 1846 os
1782 1820 1807 1847 ei
1828 1824 1855 1846 et

1072 1868 1153 1887 nares
1168 1861 1333 1889 obturentur
1345 1868 1371 1889 et
1387 1864 1579 1895 occludantur,
1601 1872 1734 1898 quonam.
1750 1873 1854 1899 quaeso,

1072 1906 1155 1932 modo
1172 1907 1332 1941 respirat-et.
1354 1909 1375 1935 si
1390 1909 1451 1942 quis
1469 1909 1507 1936 ibi
1532 1917 1620 1944 purus
1643 1917 1690 1936 aer
1704 1911 1801 1937 esset?
1820 1911 1855 1937 At

1071 1953 1252 1980 auimatarum
1286 1955 1401 1982 vitarurn
1419 1956 1447 1982 iu
1473 1956 1526 1983 illis
1545 1956 1657 1988 indicia,
1688 1962 1718 1984 ut
1734 1959 1823 1990 aiunt,
1839 1966 1853 1985 a

1071 1997 1193 2025 motibus
1224 1998 1436 2034 haudquaquam
1467 2001 1584 2036 petenda
1609 2007 1683 2029 sunt.
1710 2003 1751 2029 llli
1779 2004 1852 2030 enim

1070 2050 1122 2069 nec
1140 2043 1296 2077 phantasia,
1321 2053 1371 2072 nec
1399 2046 1452 2074 ulla
1478 2048 1561 2074 subiti
1581 2048 1697 2076 alTectus
1722 2048 1853 2076 facultate

1073 2087 1140 2115 fiunt
1156 2098 1162 2116 :
1179 2090 1226 2116 sed
1253 2090 1290 2118 ita
1310 2097 1466 2124 tn0vcntur,
1492 2097 1521 2119 ut
1544 2093 1739 2121 intestinorum
1766 2096 1854 2122 iuvol-
1887 2120 1890 2123 .

1068 2134 1139 2164 vuli.
1181 2139 1208 2162 et
1232 2136 1370 2164 anfractus
1399 2139 1597 2166 sulfarcinati:
1625 2147 1708 2175 utque
1735 2142 1853 2168 cortices

1067 2179 1209 2212 arborum,
1236 2190 1297 2208 cum
1316 2190 1330 2209 a
1357 2184 1461 2211 truncis
1481 2184 1659 2213 divelluntur.
1680 2185 1751 2218 Quin
1769 2187 1852 2214 etiam

1032 2224 1052 2250 ὓ
1069 2225 1133 2259 ipsa:
1155 2234 1266 2261 quoque
1282 2228 1380 2262 plantae
1409 2234 1546 2263 crescunt,
1573 2235 1600 2257 et
1614 2231 1791 2263 excoluntur,
1805 2240 1852 2259 ea-

1066 2277 1181 2306 rumque
1203 2271 1314 2300 frondes
1329 2273 1405 2308 quasi
1431 2276 1641 2310 complicantur,
1667 2282 1781 2311 tumque
1803 2285 1882 2312 (ιρ-Ἠ

1066 2323 1139 2343 mum
1155 2318 1337 2351 explicantur,
1354 2320 1585 2354 quemadmodum
1597 2321 1690 2348 lothus
1705 2322 1772 2348 solis
1785 2315 1862 2349 conv.

1064 2363 1191 2389 versione
1217 2363 1296 2392 st-lrt.
1322 2364 1500 2399 Posteaquam
1531 2374 1596 2393 vero
1619 2367 1699 2394 vulva
1719 2367 1850 2399 emissus,

1063 2410 1088 2430 cl
1104 2405 1138 2431 ab
1154 2406 1198 2432 illa
1212 2407 1302 2434 radice
1315 2408 1425 2435 avulsus
1442 2409 1535 2442 fuerit,
1563 2411 1622 2437 sine
1653 2411 1706 2436 ulla
1725 2419 1801 2438 mora
1821 2417 1848 2440 et

1062 2450 1205 2478 confestim
1219 2454 1360 2481 rationalis
1380 2455 1479 2482 anima:
1500 2456 1638 2491 particeps
1651 2457 1780 2490 ellicitur,
1796 2466 1847 2493 pu-

1061 2505 1176 2532 rumque
1191 2499 1322 2536 deinceps
1336 2502 1436 2529 animal
1449 2503 1550 2530 evadit.

1344 2568 1420 2596 CAP.
1446 2569 1564 2598 LXXVI.

1060 2621 1096 2648 De
1116 2623 1205 2650 animo
1227 2625 1330 2664 ratione
1347 2627 1477 2664 participe
1497 2635 1506 2653 :
1528 2628 1656 2661 quomodo
1669 2629 1847 2664 carporim-

1260 2662 1406 2694 jungatur,
1423 2662 1497 2696 eique
1518 2664 1618 2697 prwait.

1092 2715 1217 2742 Rationis
1234 2716 1370 2751 particeps
1391 2718 1482 2746 anima
1503 2727 1557 2746 non
1572 2721 1702 2748 miscetur
1719 2730 1726 2748 :
1746 2721 1842 2756 hujus-

1057 2759 1129 2786 modi
1146 2759 1220 2786 enim
1247 2767 1398 2789 concursus
1412 2765 1574 2798 corporibus
1598 2764 1778 2798 conveniunt,
1795 2766 1842 2792 sed

1055 2812 1089 2832 ne
1101 2812 1201 2839 corpus
1221 2806 1332 2839 quidem
1348 2808 1434 2834 instar
1448 2808 1541 2836 forma:
1558 2810 1673 2837 materia
1687 2811 1840 2837 constantis

1055 2850 1195 2883 informat,
1222 2851 1259 2878 ita
1284 2852 1357 2878 enim
1380 2860 1444 2881 suos
1469 2857 1526 2890 ipsa
1557 2855 1659 2883 limites
1681 2855 1840 2885 excederet.
