1949 3073
119 149 188 184 1107

118 215 228 245 totaque
244 205 352 242 corpori
375 203 559 233 addiceretur,

117 241 306 283 fundamento,
333 256 362 277 at
381 257 415 276 nc
439 248 479 275 sic
504 246 616 281 quidem
648 241 760 276 corpori
790 243 899 273 praeest,

117 297 348 335 quemadmodum
376 294 469 326 auriga
505 290 610 322 currui,
654 288 698 315 vel
735 285 901 320 gubernator

120 327 182 372 navi
200 353 207 370 :
224 343 261 369 ita
279 341 352 368 cnim
378 343 484 373 partem
503 336 577 363 illam
601 333 748 362 animaret,
765 329 810 366 cui
833 327 902 355 insi-

120 389 206 418 deret,
222 392 252 414 ea
267 393 332 413 vero
349 385 393 411 cui
409 383 500 410 minus
514 381 657 411 insideret,
676 377 797 404 inanima
808 380 905 408 super-

119 438 205 461 esset.
235 431 353 459 Tametsi
369 436 460 457 autetn
475 434 569 455 eorum
598 423 733 456 nonnulli,
751 421 797 456 qui
816 419 906 454 philo-

122 478 245 512 sophicis
271 477 298 504 in
316 476 400 503 rebus
430 473 630 502 excelluerunt,
657 468 803 503 imperium
827 463 907 496 illud,

121 524 195 558 quod
214 522 305 549 anima
319 521 345 547 in
362 526 461 554 corpus
477 520 597 548 exercet,
613 513 716 548 aurigae
728 517 756 539 et
771 510 908 546 guberna-

123 570 175 596 tori
191 568 280 595 simile
295 567 443 596 tinxerunt,
463 571 517 590 non
536 562 563 589 id
576 567 667 588 tatnen
683 559 840 588 voluerunt,
860 555 908 582 sed

125 616 183 642 hanc
196 615 251 641 duo
266 615 477 648 proposuerunt,
494 615 523 636 ut
534 607 682 636 essentiam
698 605 797 632 animae
810 611 825 630 a
842 609 906 629 cor-

122 668 191 696 pore
201 659 321 694 separari
342 665 422 692 posse
436 655 568 690 appositis
586 651 719 686 exemplis
745 649 910 677 indicarent,

123 714 186 741 quae
196 713 247 732 nec
260 712 313 731 una
331 710 393 730 cum
408 701 522 729 seminis
539 697 720 734 ejaculatione
744 694 911 724 conferatur,

125 752 177 780 sed
215 749 324 778 tandem
367 747 494 775 absoluto
539 745 733 774 instrumento,
760 745 913 772 naturaque

126 796 275 831 disposita,
319 792 463 821 familiaris
495 791 545 822 illi,
584 788 717 823 quasique
763 785 914 812 domestica

126 829 186 871 fiat,
202 845 229 867 et
244 839 424 866 adhazrescat.
438 836 476 863 Ita
507 834 581 861 enim
603 833 661 867 ipse
689 837 798 866 quoque
819 829 914 862 auriga

127 886 288 914 vehiculum
313 882 484 914 conscendit,
511 885 539 908 et
561 886 659 906 navem
683 877 850 912 gubernator
872 874 915 900 in-

129 932 265 968 greditur.

168 978 298 1010 Quantam
327 979 370 1002 est
385 972 468 1008 igitur
501 971 598 997 anitmc
619 976 682 996 cum
705 973 823 1001 corpore
849 972 917 992 con-

134 1009 261 1058 iunctio?
278 1019 458 1048 lnstrutnenti
483 1015 612 1043 nimirum
641 1013 674 1040 :td
700 1012 774 1040 illaut
797 1009 921 1045 aptitudo

139 1054 167 1094 ct
197 1065 357 1096 similitudo,
385 1070 444 1097 qua:
476 1065 541 1088 tunc
563 1062 685 1093 apparet,
720 1065 781 1084 cum
812 1054 922 1090 propria

135 1111 219 1145 hujus
245 1111 299 1137 vita
332 1109 358 1135 in
390 1108 436 1134 illo
470 1106 610 1135 elucesctt,
642 1102 770 1133 secunda,
800 1101 923 1134 inquam,

135 1156 201 1181 vitae
244 1151 412 1187 conjunctio,
444 1151 565 1184 itemque
602 1147 737 1175 rationum
773 1149 924 1173 concentus

136 1205 166 1228 et
202 1203 329 1226 accurata
364 1196 513 1232 proportio.
554 1194 613 1229 Ipsa
642 1193 715 1219 enim
753 1199 801 1218 sua
838 1191 925 1224 ipsius

138 1247 164 1273 vi
185 1246 321 1276 subsistit,
345 1241 578 1279 quemadmodum
612 1239 709 1267 solaris
738 1238 845 1273 globus,
869 1243 925 1263 non

140 1297 218 1318 extra
261 1297 361 1324 corpus
408 1292 548 1322 evagatur,
586 1285 633 1312 sed
679 1281 835 1311 incredibili
881 1288 926 1307 ra-

140 1336 215 1361 tione
242 1333 268 1360 in
308 1341 339 1360 eo
375 1333 552 1363 continetur,
582 1330 607 1357 ei
630 1337 696 1356 vero
727 1327 753 1354 vi
786 1326 927 1353 radiorum

140 1380 177 1407 ab
200 1388 232 1406 co
267 1379 326 1414 ipso
351 1377 558 1413 procedentium
591 1376 719 1404 cohaeret,
745 1373 803 1408 qui,
820 1371 928 1399 etiamsi

141 1434 243 1460 corpus
275 1426 364 1458 ipsum
388 1424 552 1453 dissecctur,
577 1427 625 1448 aut
667 1420 741 1447 aliud
770 1419 837 1453 quid
864 1425 926 1452 gra-

143 1471 204 1498 vius
238 1469 368 1504 patiatur,
399 1467 560 1496 insecabiles
590 1471 679 1494 tamen
710 1463 929 1498 impatibilcsque

145 1521 266 1544 tttnnent.

179 1561 417 1595 Quemadmodum
434 1560 516 1586 etiam
546 1565 610 1585 aere
648 1560 793 1583 ventorum
821 1553 930 1581 ﬂatibus

143 1609 282 1635 concitato
297 1612 324 1633 et
342 1610 456 1638 mutato,
472 1605 564 1631 lumen
588 1602 665 1635 solis,
683 1609 738 1636 quo
767 1601 931 1632 illustratur,

146 1661 235 1688 neque
249 1651 374 1684 sectioni,
391 1658 480 1686 neque
493 1649 589 1681 ﬂuxul,
604 1655 694 1683 neque
714 1645 860 1674 mutationi
879 1645 930 1672 οι)-

146 1706 258 1727 ΠΟΧΙΙΠΠ
271 1704 322 1725 est.

424 1752 499 1780 CAP.
525 1750 655 1779 LXXVII.

148 1802 187 1830 De
200 1803 352 1830 animarum
366 1801 393 1826 in
412 1800 545 1834 integrum
559 1797 734 1834 restitutione,
754 1803 814 1830 quw
826 1794 935 1829 angelo-

398 1843 457 1860 rum
470 1831 625 1859 'ntt'nistert'o
648 1831 688 1865 ﬁt.

185 1889 419 1924 Quemadmodum
435 1887 578 1915 facultates
594 1885 684 1912 anima
700 1883 809 1918 corpori
821 1883 937 1918 conjun-

151 1945 194 1967 cta
211 1937 413 1973 pmstantiores
422 1938 482 1969 ejus
496 1935 557 1961 vita
566 1936 697 1968 praesunt,
712 1935 739 1958 et
749 1935 843 1966 postea
854 1936 936 1964 quam

152 1985 250 2012 idonea
265 1982 433 2019 generationi
444 1980 543 2008 effecta
556 1983 610 2010 est,
625 1985 639 2004 a
658 1977 714 2004 Deo
732 1976 880 2003 mittuntur
906 1979 936 2002 ut

152 2032 212 2066 ejus
224 2036 317 2056 curam
328 2030 423 2063 gerant
435 2035 442 2053 :
452 2026 488 2053 ita
497 2026 581 2052 etiam
591 2031 652 2051 curn
663 2022 782 2058 primum
794 2029 808 2048 a
820 2028 938 2055 corpore

154 2081 280 2111 separata
296 2079 348 2106 est,
365 2073 423 2100 alim
441 2071 581 2108 prioribus
590 2069 719 2097 meliores
732 2075 842 2096 sursum
869 2075 935 2094 eve-

154 2123 236 2153 hunt,
254 2121 306 2148 hoc
321 2119 482 2153 obsequium
497 2122 631 2144 creaturae
655 2119 827 2150 praestantes,
840 2118 869 2140 et
893 2112 940 2140 ad-

155 2166 289 2193 ministras
319 2163 526 2191 restitutionum
546 2161 574 2188 in
600 2162 737 2195 integrum
757 2163 869 2190 statum,
893 2157 941 2192 qui

155 2213 260 2245 unique
277 2210 375 2237 anima:
394 2207 550 2236 conveniat.

191 2258 249 2285 Nec
281 2264 346 2283 vero
383 2256 473 2283 anima
500 2254 534 2281 ab
575 2251 729 2288 hujusmodi
765 2249 942 2278 facultatibus

156 2304 192 2331 ita
222 2302 321 2338 agitur,
340 2306 467 2336 tanquam
486 2301 573 2326 forma
590 2298 735 2334 quaepiam,
753 2304 813 2331 qua:
851 2288 941 2324 alie-na

158 2351 183 2376 vi
200 2349 365 2379 concitetur,
393 2353 509 2381 quaeque
540 2352 589 2379 pro
617 2343 731 2371 libidine
756 2342 810 2369 huc
826 2346 854 2369 et
877 2341 942 2368 illuc

159 2395 219 2422 sine
246 2393 407 2421 discrimine
437 2390 555 2419 distrahi
582 2389 679 2425 possit,
702 2388 758 2415 imo
786 2395 852 2414 vero
878 2393 942 2414 tunc

161 2442 290 2474 temporis
302 2439 342 2467 vis
360 2439 405 2466 illa
428 2439 455 2465 in
471 2437 564 2464 anitna
588 2435 733 2467 elucescit,
749 2442 802 2469 qua
829 2442 878 2469 per
910 2441 940 2461 se

161 2486 219 2520 ipsa
233 2491 378 2516 movetur.
393 2485 556 2518 eodemque,
567 2487 597 2509 ut
611 2481 648 2509 ita
661 2481 761 2513 dicam,
771 2480 873 2514 impetu
883 2485 945 2506 cum

162 2532 279 2558 ducibus
296 2531 352 2558 suis
367 2531 394 2558 in
409 2530 526 2558 sublime
542 2528 639 2561 tendit,
650 2534 702 2554 nec
719 2525 794 2561 vagis
808 2525 942 2560 gradibus

163 2577 354 2611 consequitur.

443 2630 520 2658 CAP.
535 2629 674 2657 LXXVIII.

164 2684 205 2716 De
209 2690 312 2724 judicio
325 2693 451 2719 extremo,
466 2693 516 2724 quo
530 2686 626 2724 unitum
643 2689 689 2724 aut
702 2683 822 2724 paradisi
842 2689 947 2717 compo-

290 2730 327 2751 tes
337 2724 415 2758 ﬁunt,
428 2727 474 2749 aut
484 2723 511 2748 in
529 2721 625 2756 inferos
636 2719 824 2747 detruduntur.

200 2782 287 2816 Atque
313 2779 432 2815 singulas
460 2778 570 2813 quidem
595 2777 709 2810 animas,
732 2776 791 2804 sive
815 2773 944 2809 nequiter

201 2841 259 2877 βο)
274 2839 377 2866 Contra
395 2836 550 2872 Origenem.

746 131 946 165 THESAURI
966 129 1041 160 LIB.
1060 128 1103 158 II.

584 203 665 233 atque
687 196 777 223 alieno
805 195 899 228 egeret
913 193 977 220 Aet
1005 187 1140 222 ﬂagitiose
1176 182 1302 214 vixerint,
1323 180 1381 207 sive
1414 177 1522 206 fortiter
1553 181 1581 204 et
1603 182 1734 211 generose

1243 228 1262 233 "
1303 231 1307 233 -
1332 230 1336 233 λ
1402 225 1408 230 ·
1433 229 1440 233 -
1483 223 1558 233 ιμμ..-
1589 222 1632 233 ιιι..
1661 226 1733 233 -.-ιῆ

954 2200 981 2230 D

1663 113 1732 146 1138

953 242 1014 262 cuin
1034 237 1130 260 natura
1146 238 1195 258 sua
1212 228 1364 256 colluctatos
1387 225 1454 255 sint,
1482 223 1559 250 locus
1589 222 1634 249 ille
1661 226 1734 248 recta

953 278 1143 312 conccuditur,
1177 275 1223 310 qui
1242 280 1326 308 supra
1350 270 1446 298 mundi
1475 268 1607 296 verticem
1638 273 1733 300 super.

953 325 1067 352 eminet.
1079 323 1132 350 Sed
1148 326 1318 357 qtnecunquc
1342 324 1424 352 puras
1438 323 1467 343 se
1487 315 1661 348 intcgrasque
1674 319 1740 339 con—

955 374 1113 399 servarunt,
1151 366 1276 402 quatn'iu
1298 363 1405 398 corpori
1435 361 1587 396 conjuncta:
1615 360 1739 390 fuerunt,

957 424 1008 443 nec
1031 414 1164 443 creatoris
1181 412 1270 440 Patris
1289 410 1346 438 ullo
1359 414 1425 437 sunt
1443 408 1537 435 oblitae
1560 406 1654 438 modo,
1686 404 1741 430 imo

958 462 1077 490 assiduis
1107 461 1134 487 in
1168 466 1234 486 cum
1265 455 1491 485 meditationibus
1520 453 1579 487 ejus
1604 451 1743 485 exemplai-

960 509 987 536 in
1003 507 1120 542 imagine
1138 506 1252 533 illaesum
1284 502 1497 530 custodieruut:
1522 500 1586 531 illae,
1618 499 1741 532 inquam,

960 559 1036 589 grata
1058 553 1102 580 illa
1115 551 1209 585 requie
1222 550 1363 580 fruuntur,
1380 555 1440 582 qum
1454 554 1534 581 supra
1554 545 1638 572 totius
1650 544 1744 571 mundi

961 598 1098 633 fastigium
1117 596 1204 623 beatis
1223 597 1316 629 parata
1338 597 1391 624 est,
1409 592 1503 626 eisque
1519 590 1588 617 aula:
1613 589 1744 620 celestis,

962 644 1032 679 prati
1057 648 1085 669 et
1109 640 1227 676 paradisi
1260 639 1332 670 loco,
1359 635 1530 664 incredibilis
1561 641 1659 662 eorum
1685 641 1747 667 qua:

964 694 1028 718 sunt
1041 689 1118 719 ordo,
1131 687 1343 720 divinorumque
1365 683 1499 711 bonorum
1518 681 1747 715 complementum

966 734 1142 770 proponitur.

1000 781 1175 813 Quaecunque
1187 784 1254 804 vero
1274 776 1349 803 omni
1365 775 1559 810 praedictorum
1577 780 1642 800 cura
1669 778 1750 807 sepo—

968 828 1019 855 sita
1042 825 1168 860 corporis
1208 822 1290 858 genio
1308 822 1495 852 indulserunt,
1522 820 1566 847 his
1601 818 1752 846 rotundum

969 874 1031 902 co-li
1065 879 1166 906 corpus
1189 868 1379 905 praetenditur,
1396 871 1425 894 et
1441 868 1516 894 circa
1547 866 1680 893 atthereas
1709 872 1753 892 re-

969 919 1064 954 giones
1088 916 1251 950 allegantur,
1274 916 1302 941 et
1328 912 1404 940 velut
1418 911 1566 938 decuriatae
1597 911 1624 937 in
1652 917 1749 937 earum

970 968 1144 993 naturarum,
1157 960 1258 996 quibus
1279 960 1325 986 hic
1357 958 1474 985 addicta;
1493 956 1668 990 subditaque
1695 955 1757 981 fue-

972 1013 1048 1041 runt,
1064 1008 1157 1035 album
1174 1005 1340 1036 referuntur,
1359 1011 1410 1030 nec
1426 1002 1539 1030 omnino
1555 1005 1603 1028 aut
1619 1001 1754 1027 bonorum

973 1060 1020 1082 aut
1036 1054 1169 1081 malorum
1187 1051 1269 1079 sortis
1286 1049 1435 1086 participes
1454 1048 1575 1076 evadunt
1592 1048 1667 1074 :imo
1682 1054 1757 1081 quae»

973 1101 1036 1127 dam
1057 1099 1133 1129 boni,
1148 1101 1194 1123 aut
1219 1096 1292 1122 bono
1312 1093 1443 1122 contrarii
1459 1092 1535 1126 mali,
1554 1091 1669 1125 vestigia
1686 1090 1757 1117 ima-

974 1145 1105 1179 ginantur
1128 1148 1156 1169 et
1175 1141 1338 1176 inspiciunt,
1355 1140 1427 1166 inter
1445 1146 1474 1166 se
1490 1137 1654 1173 quibusdam
1683 1136 1775 1163 velut-

975 1190 1004 1216 in
1019 1188 1132 1216 somniis
1169 1190 1373 1219 conversantes,
1394 1189 1525 1220 quantum
1546 1183 1587 1211 eis
1602 1190 1617 1210 a
1643 1182 1760 1209 ducibus

976 1235 1034 1272 suis
1052 1233 1219 1269 permittitur
1235 1241 1242 1260 :
1263 1232 1371 1266 hocque
1393 1231 1488 1258 divino
1510 1230 1629 1264 quodam
1646 1231 1760 1256 numine

977 1281 1084 1309 faciunt
1100 1289 1106 1307 :
1120 1287 1170 1307 nec
1185 1284 1274 1306 tamen
1288 1278 1401 1313 singula:
1415 1276 1537 1312 singulas
1562 1279 1676 1307 norunt,
1711 1275 1758 1301 sed

978 1335 1040 1362 quae
1052 1331 1118 1354 sunt
1130 1325 1254 1353 eamdem
1279 1330 1382 1352 sortem
1398 1323 1514 1358 adeptae,
1533 1330 1597 1350 suos
1612 1322 1671 1349 alite
1697 1321 1763 1348 alia-

979 1379 1040 1400 rum
1070 1371 1182 1398 ordincs
1206 1374 1363 1405 perspectos
1386 1368 1498 1395 habent.
1514 1367 1571 1395 Nec
1587 1371 1676 1394 tamen
1692 1367 1763 1392 inter

980 1425 1008 1444 se
1033 1415 1267 1443 contabulantur:
1291 1413 1339 1441 sed
1367 1412 1562 1440 collocutionis
1589 1411 1648 1439 vice
1663 1417 1764 1447 mutuq:

980 1462 1082 1490 cedunt
1106 1461 1297 1495 cogitationes,
1313 1463 1340 1486 et
1356 1458 1490 1494 quidquid
1517 1458 1552 1485 ab
1581 1465 1633 1485 una
1662 1457 1765 1493 cogita-

983 1512 1039 1534 tum
1065 1507 1157 1540 fuerit,
1171 1506 1254 1541 hujus
1266 1510 1346 1541 typus
1365 1504 1511 1532 confestim
1543 1504 1570 1531 in
1597 1504 1684 1531 altera
1717 1504 1766 1531 de-

981 1552 1172 1589 prehenditur,
1186 1559 1218 1578 ac
1231 1551 1253 1578 si
1264 1551 1362 1578 animae
1374 1550 1435 1578 alia:
1447 1550 1563 1577 aliarum
1576 1550 1694 1584 cogitata
1705 1557 1767 1576 mu-

984 1603 1030 1626 ιυο
1046 1599 1118 1626 inter
1129 1605 1158 1625 se
1174 1596 1391 1624 communicent.

1268 1664 1345 1692 CAP.
1366 1664 1485 1692 LXXIX.

987 1722 1081 1750 Utrum
1098 1723 1194 1749 animw
1212 1721 1361 1756 corporibus
1381 1721 1581 1761 prwexstiterint
1597 1720 1770 1748 Earumdem-

1249 1764 1299 1790 que
1312 1763 1409 1790 genera
1421 1764 1504 1783 sarta.

1020 1813 1156 1841 Caeterum
1175 1812 1345 1847 antiquiores
1365 1811 1528 1846 corporibus
1555 1811 1661 1839 animas
1697 1812 1769 1839 haud

988 1866 1125 1894 quaquam
1138 1858 1288 1885 asserimus
1304 1856 1373 1893 (20),
1386 1856 1435 1884 sed
1461 1865 1516 1884 una
1544 1865 1606 1884 cum
1627 1858 1681 1885 illis
1707 1866 1772 1884 t-na-

990 1909 1101 1931 scentes
1117 1912 1124 1929 :
1142 1910 1198 1930 non
1213 1902 1277 1937 quia
1289 1902 1316 1929 in
1329 1902 1383 1929 illis
1395 1902 1450 1929 ullo
1463 1902 1566 1930 semine
1576 1907 1772 1930 concrescant:

987 1949 1035 1977 sed
1051 1949 1114 1984 quia
1135 1948 1310 1983 corporibus,
1330 1947 1410 1975 simul
1434 1951 1516 1982 atque
1534 1953 1687 1982 compacta,
1704 1949 1774 1976 etad

990 1995 1194 2030 generationem
1225 1993 1357 2028 disposita
1380 1997 1454 2026 sunt,
1484 1993 1558 2020 Deus
1574 1994 1633 2020 illas
1648 1994 1774 2028 inspiret.

990 2040 1076 2067 Graeci
1098 2044 1188 2066 autem
1205 2039 1350 2066 universas
1369 2039 1473 2067 animas
1488 2039 1522 2066 ab
1544 2043 1648 2066 aeterno
1659 2045 1774 2072 creatas,

990 2091 1018 2114 et
1029 2094 1043 2113 a
1057 2085 1187 2113 Creatore
1202 2086 1340 2120 dispersas
1353 2084 1438 2113 fuisse
1462 2085 1550 2118 aiunt,
1565 2092 1682 2119 quarum
1710 2085 1772 2112 alia:

991 2140 1074 2167 supra
1090 2132 1189 2160 coelum
1203 2136 1306 2164 essent,
1323 2139 1382 2166 quae
1415 2131 1645 2166 supermundante
1667 2138 1777 2165 quoque

994 2178 1153 2205 dicerentur
1169 2187 1174 2204 :
1200 2177 1258 2204 aliae
1276 2184 1342 2204 vero
1356 2176 1426 2204 infra
1448 2177 1559 2209 cwlum,
1576 2184 1692 2211 quarum
1719 2178 1778 2204 alia:

994 2233 1056 2253 cum
1074 2224 1259 2255 ﬁrmamento,
1288 2223 1347 2250 alia:
1367 2230 1429 2249 cum
1450 2222 1588 2249 sideribus
1612 2223 1777 2250 circumvol-

995 2276 1127 2299 verentur
1146 2280 1153 2298 :
1174 2271 1313 2298 nonnullae
1325 2277 1390 2297 vero
1413 2269 1484 2296 infra
1501 2269 1675 2301 sublunares,
1686 2277 1780 2304 eaeque

996 2318 1029 2346 ad
1047 2317 1251 2354 generationem
1279 2316 1396 2343 maxime
1409 2315 1523 2347 idoneas,
1552 2323 1668 2350 quarum
1702 2316 1779 2345 alias.

996 2372 1057 2399 quae
1079 2363 1199 2398 graviter
1216 2369 1362 2396 corporum
1381 2361 1512 2388 custodite
1524 2360 1705 2396 invigilarint,
1720 2362 1781 2387 nul—

996 2411 1106 2444 lamque
1123 2409 1168 2435 hic
1181 2408 1328 2439 maculam,
1346 2415 1396 2442 pro
1410 2407 1517 2434 ratione
1536 2406 1706 2441 moduloque
1720 2406 1782 2432 vita:

994 2455 1194 2485 contraxerint,
1224 2453 1434 2481 sublimioribus
1453 2452 1522 2480 locis
1543 2453 1700 2487 assignant;
1716 2451 1782 2478 alias

994 2509 1073 2533 vero,
1091 2508 1152 2535 quae
1169 2500 1311 2534 corporeis
1341 2499 1532 2534 voluptatibus
1548 2499 1611 2534 plus
1635 2505 1717 2532 quam
1735 2505 1783 2532 par

995 2550 1037 2574 est
1061 2545 1246 2577 inservierint,
1263 2543 1359 2572 contra
1379 2545 1448 2572 hinc
1468 2545 1599 2571 deorsum
1630 2543 1783 2577 precipitcs

996 2592 1030 2619 ad
1046 2592 1102 2619 ima
1117 2591 1261 2626 dejieiunt,
1277 2595 1304 2618 et
1316 2590 1478 2625 corporibus
1492 2590 1553 2616 aliis
1566 2589 1689 2624 alligant.
1705 2588 1784 2621 Quod

1000 2638 1024 2665 si
1040 2637 1112 2665 forte
1124 2636 1248 2665 Creatori
1263 2637 1379 2671 placeat,
1401 2639 1431 2662 ut
1460 2634 1615 2662 sublimiori
1633 2639 1661 2661 et
1677 2634 1782 2660 meliori

1001 2683 1170 2718 praefectura:
1185 2682 1240 2710 vita
1256 2683 1313 2710 haec
1325 2681 1525 2713 committatur,
1539 2679 1785 2714 admirabiliorque

1001 2729 1085 2756 rebus
1107 2729 1221 2755 mutatio
1249 2728 1424 2757 decernatur.
1456 2730 1521 2754 tunc
1552 2725 1787 2761 super-mundana-

1001 2782 1063 2803 rum
1077 2774 1232 2802 animarum
1255 2773 1394 2810 nonnpllis
1411 2772 1526 2800 concedi
1558 2776 1695 2805 asserunt,
1712 2775 1740 2799 ut
1759 2771 1788 2800 in
