1949 3073
196 101 266 133 L199

825 104 973 134 NlCETrE
993 105 1193 136 CIIONIAT/E

1743 106 1821 140 1260

191 165 278 188 terras
293 159 472 192 descendant,
490 167 607 195 moxque
625 160 669 188 ille
683 167 743 188 cum
757 161 896 196 triumpho
907 169 975 196 praa-
991 166 1013 194 Α
1029 162 1078 190 des
1097 164 1186 191 redire
1197 171 1285 198 posse,
1302 172 1381 199 quam
1392 164 1414 192 si
1427 164 1591 198 corporibus
1606 169 1728 200 utantur,
1746 174 1821 200 pur—

191 205 372 233 stantioribus
400 205 537 232 comitatae
555 205 661 232 naturis
678 205 732 233 huc
759 206 930 234 descendunt
949 213 976 235 et

191 251 354 285 corporibus
367 250 512 285 prtel'ecta‘,
527 251 605 286 longa
622 251 667 278 die
682 251 837 279 libertatem
855 253 934 279 sintut
949 258 975 280 et

191 295 306 322 salutem
321 294 354 322 iis
367 300 597 329 procurant,qua:
614 297 641 322 in
662 295 717 322 vita
731 296 784 323 sibi
797 296 887 323 labem
915 305 975 331 per-

191 341 346 374 niciemque
363 344 565 367 contraxerant.

491 396 568 423 CAP.
586 396 694 425 LXXX.

148 458 154 469 ’
194 453 230 481 De
242 455 327 485 idolis,
342 463 387 481 seu
401 454 509 489 spectris
531 454 660 489 umbrisne
673 453 884 488 φιλοσωμάτοις,
905 455 975 482 circa

220 490 345 523 sepulcra
363 490 538 517 versantibus.
556 488 657 515 Eadem
672 496 780 524 prorsus
802 489 836 516 ad
856 489 975 521 verbum,

226 533 285 558 qua:
303 533 396 559 supra.

223 581 284 608 Iam
306 581 334 609 Isi
356 581 453 608 anima:
481 589 496 608 a
523 581 687 616 quihusdam
718 588 867 615 corporum
901 580 974 608 idola

190 626 269 654 dicta:
291 632 370 658 sunt,
384 635 417 654 ex
440 627 492 654 hoc
510 627 611 654 inferre
641 627 777 662 quispiam
804 627 914 663 poterit,
941 627 975 654 ab

190 671 290 698 animis
319 671 505 706 imaginativis
534 678 727 704 corporearum
755 670 905 697 formarum
926 671 976 697 im-

190 718 346 752 pressiones
359 718 384 744 vi
409 724 515 748 eorum,
545 724 605 751 qum
631 717 682 743 sub
697 720 836 750 aspectum
859 716 974 749 cadunt,

190 762 286 796 recipi.
302 762 411 796 Corpus
432 762 506 788 enim
530 761 614 796 ﬁgura
631 766 746 794 rectum,
771 767 843 790 tactu
862 763 973 796 durum,

190 808 284 834 colore
304 808 408 840 album,
420 807 538 842 denique
550 815 632 842 grave
654 811 682 835 et
699 816 826 843 asperum
844 815 895 842 est,
926 817 975 836 nec

1027 209 1177 243 gatirisquc
1204 211 1351 237 virtutibus
1372 211 1518 245 expientur
1538 220 1543 238 :
1563 211 1637 239 unde
1658 212 1687 240 fit
1712 213 1817 245 etiam.

1029 257 1104 280 utne
1119 253 1288 282 daemonibus
1306 255 1418 289 quidem
1441 255 1474 282 ad
1490 255 1633 290 pristinam
1649 257 1819 292 dignitatem

1028 298 1133 337 reditus
1167 307 1287 333 unquam
1316 304 1410 334 patere
1440 301 1537 335 possit,
1566 302 1612 336 qui
1641 302 1714 329 enim
1752 302 1820 329 ﬁeri

1027 348 1120 378 queat,
1135 349 1165 371 ut
1183 345 1311 372 diabolus
1331 345 1363 372 ad
1378 346 1468 372 lumen
1484 351 1650 376 revertatur.
1670 351 1816 381 potestate

1027 390 1161 417 redeundi
1177 391 1311 425 denegata
1325 391 1337 418 ἲ
1361 391 1417 418 Nec
1427 392 1500 419 enim
1513 392 1620 419 reditus
1643 392 1688 420 ille
1708 392 1827 430 reditui‘

1027 443 1152 470 persona;
1183 438 1344 472 cujusquam
1363 438 1461 465 similis
1475 442 1527 469 est,
1546 442 1573 464 ut
1605 445 1666 464 cum
1692 439 1781 465 solem
1800 446 1817 464 a

1028 485 1105 516 tergo
1127 481 1235 514 habeat,
1264 491 1380 518 moxque
1398 483 1585 510 anterioribus
1612 484 1638 510 in
1658 484 1818 518 posteriora

1027 528 1168 555 conversis
1195 528 1272 555 illum
1296 529 1421 563 aspiciat,
1440 530 1488 556 sed
1511 530 1624 564 speculo
1654 531 1744 564 potius
1759 531 1816 556 ob-

1027 580 1109 600 scuro
1134 574 1264 601 assimilis
1280 575 1334 601 dici
1365 579 1464 609 potest,
1485 575 1557 610 quod
1584 576 1694 610 quidem
1723 577 1746 604 si
1774 577 1814 603 ita

1027 618 1062 645 sit
1075 619 1215 652 aﬂ‘ectum,
1233 621 1384 654 quamlibet
1400 622 1449 648 soli
1474 626 1638 655 exponatur.
1666 629 1814 656 nunquam
1829 616 1834 626 ⁵

1026 663 1054 690 in
1081 671 1110 691 se
1140 665 1232 692 lumen
1263 665 1399 699 admittat,
1425 674 1476 694 nec
1517 667 1663 701 splendore
1691 674 1742 694 suo
1772 667 1816 694 illt

1026 710 1201 744 respondeat,
1228 711 1280 739 nisi
1305 711 1374 739 forte
1403 711 1479 746 prius
1493 716 1686 747 perpurgetur.
1705 716 1732 739 et
1747 720 1815 746 per-

1026 754 1154 788 poliatur.
1168 755 1201 782 At
1216 764 1291 788 vere,
1305 757 1352 791 qui
1365 756 1423 784 fieri
1435 757 1530 792 possit,
1548 762 1578 784 ut
1604 757 1731 784 sordibus
1751 758 1815 784 suis

1026 799 1135 827 eluatur
1150 801 1266 833 daemon,
1283 809 1346 828 cum
1361 802 1489 829 voluntas
1500 801 1525 828 ei
1543 809 1600 829 non
1610 801 1680 828 adsit
1700 810 1761 836 qua:
1774 803 1813 829 ad

190 853 227 880 ita
240 857 437 887 comparatum,
456 857 485 879 ut
506 854 533 879 in
547 861 611 881 aere
630 854 846 882 circumvolitet.
866 855 972 883 Idolum
991 840 1010 867 Β
1026 846 1208 879 exPhilonem
1238 847 1364 880 ὃυπίείθῑν
1394 847 1553 883 Viribus"ll-“3
1585 847 1622 875 εῖι
1646 848 1814 882 “hau-“"5:

189 902 280 924 autem
309 897 510 925 tenebricosum
540 903 592 930 est,
628 904 655 926 et
681 900 784 927 umbrae
824 902 974 935 persimile,

187 943 272 977 idque
301 942 380 975 adeo,
411 943 484 978 quod
511 945 590 979 quale
621 944 657 971 sit
682 945 727 972 vix
745 946 885 981 coniicias.
910 947 976 980 Qua:

189 996 238 1016 res
269 989 408 1016 Platonem
425 997 534 1024 quoque
550 991 634 1017 movit
647 1010 653 1022 ,
673 996 703 1017 ut
722 997 829 1025 spectra
855 993 899 1019 illa
915 1000 974 1019 um-

188 1034 309 1065 bratilia,
321 1042 381 1069 quae.
403 1035 430 1062 in
443 1035 577 1070 sepulcris
597 1039 769 1070 apparerent,
786 1037 890 1064 animas
899 1038 973 1071 φιλο-

191 1081 347 1115 σωμάτους,
375 1081 428 1108 hoc
447 1085 489 1108 est
507 1089 653 1116 corporum
670 1087 803 1114 amantes,
818 1084 975 1112 nominaveé

188 1127 234 1158 rit,
262 1131 291 1154 ut
314 1134 375 1161 qua:
403 1134 437 1154 ne
457 1130 513 1154 tum
528 1127 650 1161 quidem,
670 1135 732 1154 cum
755 1128 789 1155 ab
805 1129 857 1156 hoc
872 1129 974 1157 mundo

191 1171 318 1206 digressa:
333 1172 399 1202 sint,
431 1172 465 1199 ad
479 1179 580 1206 purum
604 1172 696 1199 lumen
716 1178 906 1207 revertantur;
926 1175 973 1202 sed

187 1217 281 1249 etiam,
303 1221 368 1244 tunc
383 1217 459 1244 circa
472 1224 587 1252 corpora
602 1222 762 1250 versentur,
781 1226 841 1253 qum
863 1219 973 1259 quidem

188 1262 329 1290 servilium
353 1262 524 1298 voluptatum
554 1263 691 1290 illecebris
705 1268 789 1298 captae
820 1264 847 1291 in
878 1265 975 1299 primis

196 1313 334 1335 amarunt.
362 1308 469 1343 Corpus
495 1316 579 1343 porro
609 1309 711 1336 idolum
739 1316 848 1343 quoque
876 1309 975 1337 animae

185 1354 294 1382 dictum
308 1358 360 1386 est.
376 1354 441 1389 quia
452 1353 525 1389 quod
538 1354 576 1380 illi
590 1354 698 1386 oculus,
709 1353 773 1381 huic
788 1361 886 1381 mens:
901 1354 974 1389 quod

185 1400 228 1444 illi
247 1404 345 1433 tactus,
367 1400 432 1428 huic
444 1400 485 1428 vis
501 1399 544 1427 illa
559 1404 611 1432 est,
626 1407 678 1434 qua
691 1407 783 1427 rerum
799 1399 903 1428 veritas
923 1407 973 1428 ex-

188 1445 316 1480 quiritur.
326 1445 454 1479 Quamvis
463 1445 520 1473 haec
532 1445 652 1481 gentium
664 1444 790 1480 dogmata
803 1446 904 1481 majore
925 1445 969 1474 sui

188 1497 221 1516 ex
240 1495 314 1525 parte
331 1491 481 1519 redoleant.

479 1557 554 1585 CAP.
572 1558 688 1585 LXXXI.

189 1602 231 1628 An
263 1603 359 1630 anime
390 1611 450 1630 cum
484 1605 634 1637 corporibus
669 1607 703 1630 ad
744 1604 871 1638 pristinas
907 1604 973 1638 ﬁdes

523 1639 643 1666 redeant.

224 1693 353 1721 Gentium
370 1693 496 1729 dogmata
511 1698 538 1721 et
551 1694 604 1721 hoc
624 1694 739 1725 redolet,
755 1694 777 1721 si
793 1695 855 1729 quis
870 1694 974 1721 animas

190 1747 299 1774 quoque
315 1739 432 1774 peccatis
446 1739 591 1771 obnoxias,
623 1740 802 1775 corporisque
825 1740 973 1767 familiares

190 1790 218 1812 et
235 1789 365 1820 cognatas
385 1793 446 1814 esse
464 1785 549 1818 dicat,
563 1793 614 1813 nec
631 1786 710 1813 aliter
730 1786 764 1812 ad
777 1786 910 1820 pristinas
929 1793 973 1813 se-

1026 890 1127 923 quibus
1141 890 1167 917 id
1188 891 1375 927 assequatur?

1305 959 1381 987 CAP.
1395 958 1517 986 LXXXII

1025 1015 1064 1043 De
1071 1017 1240 1052 metangismo
1250 1025 1296 1044 seu
1309 1016 1521 1051 metempsychosi
1532 1016 1717 1052 Pythagorica,
1725 1017 1814 1044 cllum:

1253 1060 1347 1087 supra,
1368 1052 1460 1078 iisdem
1483 1051 1579 1078 verbis.

1060 1107 1133 1135 Idem
1166 1114 1248 1141 porro
1275 1107 1490 1142 μεταγγισμοὺς,
1513 1114 1623 1142 quoque
1638 1107 1812 1139 animarum,

1024 1153 1077 1181 hoc
1089 1158 1130 1181 est
1143 1153 1342 1185 elutriationes,
1356 1158 1384 1180 et
1398 1152 1433 1179 ab
1449 1160 1503 1180 uno
1511 1160 1573 1180 vase
1586 1153 1612 1179 in
1628 1153 1701 1180 aliud
1717 1158 1811 1180 trans-

1024 1199 1146 1227 fusiones
1160 1199 1339 1226 tradiderunt.
1355 1198 1401 1226 Est
1424 1203 1516 1225 autem
1546 1199 1742 1234 μεταγγιαμδς,
1758 1199 1814 1225 hoc

1025 1250 1066 1273 est
1083 1245 1237 1278 elutriatio,
1252 1252 1315 1272 curn
1334 1252 1388 1272 una
1412 1248 1440 1272 et
1468 1244 1563 1272 eadem
1588 1244 1678 1272 anima
1704 1252 1738 1271 ex
1754 1245 1813 1271 hue

1025 1299 1106 1318 manu
1119 1298 1229 1326 egreSSa
1260 1297 1386 1325 corpore,
1412 1297 1512 1324 corpus
1540 1290 1566 1316 in
1583 1289 1658 1316 aliud
1684 1290 1800 1316 transmi

1024 1339 1094 1370 grat,
1111 1334 1261 1370 aliquando
1276 1335 1358 1362 etiam
1386 1334 1535 1362 volatilium
1550 1339 1578 1361 et
1600 1334 1810 1369 quadrupedum

1025 1387 1140 1415 corpora
1166 1380 1250 1408 subit.
1268 1380 1354 1415 Hujus
1380 1380 1420 1406 rei
1442 1379 1607 1415 Pythagoras
1627 1379 1672 1406 ille
1700 1379 1812 1406 Samius

1025 1422 1105 1450 testis
1119 1428 1171 1455 est,
1184 1423 1232 1458 qui
1252 1423 1429 1457 Euphorbum
1448 1423 1523 1450 illum
1553 1424 1729 1456 statuarium,
1759 1423 1809 1458 qui

1027 1475 1076 1502 pro
1088 1468 1216 1503 Trojanis
1230 1473 1326 1495 contra
1346 1467 1456 1496 Gra°cos
1484 1468 1673 1500 dimicaverat,
1694 1476 1722 1495 se
1748 1476 1811 1496 esse

986 1507 1008 1537 C
1024 1513 1216 1548 proﬁtebatur.
1245 1513 1335 1541 Testis
1369 1515 1431 1541 item
1459 1514 1554 1549 sybilla
1579 1514 1730 1549 Erythraea,
1749 1522 1812 1548 qua:

1026 1567 1089 1587 cum
1106 1560 1224 1594 primmn
1242 1567 1257 1586 c
1279 1560 1375 1587 matris
1400 1564 1479 1587 utero
1498 1559 1610 1595 prodiit,
1624 1559 1657 1587 de
1673 1560 1728 1594 poli
1754 1567 1811 1587 eue-

1024 1605 1189 1640 lestiumque
1215 1613 1361 1640 corporum
1383 1610 1479 1632 natura
1503 1605 1691 1640 philosophari
1709 1605 1808 1640 coepit.

1024 1649 1113 1677 Testis
1122 1650 1239 1684 denique
1249 1650 1374 1683 Tyaneus
1383 1650 1554 1684 Apollonius,
1561 1649 1721 1677 Zoroastres
1729 1649 1812 1685 (Egy-

1026 1695 1110 1730 ptius.
1128 1695 1159 1721 Ili
1177 1696 1249 1722 enim
1269 1703 1301 1722 ex
1328 1695 1443 1723 aliarum
1454 1695 1608 1722 animarum
1624 1696 1813 1730 metangismis

1027 1739 1078 1766 hoc
1093 1744 1135 1767 est
1150 1739 1375 1767 elutriationibus
1401 1744 1429 1767 et
1442 1739 1685 1773 transfusionibus,
1708 1747 1739 1768 se
1753 1741 1813 1768 ori-

1027 1785 1118 1820 ginem
1138 1784 1247 1813 duxisse
1259 1785 1397 1812 dicebant.

531 1952 908 2028 NICET/E
966 1950 1478 2027 CHONIATZE

446 2097 802 2155 THESAURI
843 2094 1309 2154 ORTHODOX/E
1353 2088 1545 2153 FlDEl

742 2219 940 2287 ’LIBER
976 2219 1235 2264 TERTIUS

712 2316 756 2343 DE
772 2315 876 2343 VERBI
894 2315 997 2343 DIVINI
1014 2315 1285 2344 INCARNATIONE.

499 2471 614 2501 CAPUT
634 2473 656 2500 Ι.

186 2521 380 2557 Prophetarum
409 2520 442 2547 de
473 2519 551 2547 Verbi
582 2520 662 2561 divini
689 2520 875 2547 incarnatione
899 2521 972 2547 testi-

533 2562 623 2582 manta
632 2574 639 2581 -

224 2615 343 2644 Utilibus
359 2614 392 2641 de
415 2611 606 2641 incarnatione
630 2611 713 2639 Verbi
740 2612 888 2647 capitibus,
909 2620 973 2640 san-

185 2667 348 2696 ctorumque
378 2660 488 2687 Patrum
526 2656 740 2690 assertionibus.
783 2658 974 2692 praemittenda

184 2713 250 2735 sunt
278 2707 472 2742 prophetarum
500 2704 653 2733 vaticinia:
681 2703 782 2737 quibus
809 2703 848 2730 illi
874 2703 973 2730 Filium

187 2753 235 2780 Dei
267 2760 300 2780 ex
338 2752 450 2787 Virgine
485 2758 599 2779 carnem
638 2753 854 2784 assumpturutn,
883 2753 911 2776 et
947 2750 974 2776 in

222 2810 244 2825 ¹³
272 2810 342 2837 Psal.
362 2817 415 2840 cn,
433 2810 459 2837 5.

988 2473 1112 2503 Dcarne
1154 2480 1216 2501 cum
1258 2473 1417 2501 hominibus
1452 2477 1646 2505 versaturum,
1676 2475 1812 2509 sepelien-

1025 2519 1100 2551 dum,
1133 2524 1364 2552 resurrecturum,
1396 2524 1424 2546 et
1455 2519 1483 2546 in
1508 2520 1594 2547 celos
1629 2527 1809 2548 ascensurum

1024 2565 1217 2600 pradixerunt.

1236 2611 1263 2639 1.
1275 2611 1313 2638 De
1324 2610 1424 2638 Christi
1435 2612 1616 2645 generatione.

1062 2657 1088 2686 I.
1104 2657 1211 2685 Psalmo
1227 2656 1377 2685 centesimo
1395 2664 1468 2683 nono
1481 2657 1597 2684 Davides
1607 2657 1663 2684 ait:
1682 2657 1725 2684 Ea:
1737 2662 1809 2685 utero

1027 2708 1088 2730 ante
1109 2703 1249 2738 luciferum
1263 2703 1342 2738 genui
1355 2707 1379 2729 te
1405 2703 1437 2730 ”.
1456 2702 1490 2730 Et
1506 2703 1635 2731 Salomon
1650 2703 1677 2730 in
1694 2711 1810 2739 persona

1029 2748 1121 2779 Verbi.
1136 2748 1208 2783 quod
1223 2747 1296 2775 Patri
1313 2753 1481 2776 coaeternum
1497 2754 1558 2777 est:
1572 2741 1690 2779 Necdum
1711 2756 1810 2778 mnum
