1949 3073
100 189 172 224 1201

720 179 916 216 THESAURI
933 178 1008 209 LIB.
1034 176 1095 208 III.

1658 158 1727 191 120%

98 249 179 286 gravi
202 246 271 274 mole
299 247 482 280 constiterant,
505 245 615 273 necdum
648 244 730 278 fontes
761 236 1021 276 aquarumAsuper
1032 235 1126 270 ﬂuctus
1151 231 1232 259 maris
1252 229 1274 246 "
1299 227 1448 265 [tanquam
1477 229 1560 257 super
1585 218 1722 255 pavimen-

101 298 260 330 eruperant.
280 299 341 323 ante
356 301 446 322 omnes
461 292 540 321 colles
563 290 733 326 parturiebar
752 288 785 314 “.
808 287 893 323 Item-

103 348 161 375 que
176 338 298 368 Davides
321 341 374 368 alio
395 340 423 367 in
445 340 508 366 Ioco
524 348 531 365 :
554 337 708 364 Benedictus
723 334 768 370 qui
784 333 853 360 venit
867 332 895 358 in

105 386 215 413 nomine
226 384 337 414 Domini
353 394 362 413 :
385 387 454 413 Dens
475 385 602 412 Dominus
615 387 640 410 et
657 381 746 409 illuxit
773 379 846 407 nobis
862 379 893 405 ".

107 433 177 459 Item
190 439 198 457 ‘-
213 430 286 461 Deus
298 436 387 460 noster
401 430 538 465 manifeste
551 429 646 461 veniet,
667 431 692 454 et
707 436 758 455 non
766 426 853 454 silebit
863 425 896 452 ιθ.

108 478 243 512 Regnabit
257 479 323 506 Deus
332 486 410 513 super
422 480 511 513 gentes
525 477 558 504 ‘7.
573 475 683 502 Postula
697 483 713 501 α
728 481 780 507 me,
796 476 820 499 ct
831 472 899 499 dabo

111 525 161 554 tibi
173 531 261 561 gentes
277 524 455 552 haereditatem
473 527 546 550 tuam
561 521 594 548 ¹⁸.
611 523 706 548 Omnes
718 524 807 555 gentes
819 526 902 554 quas-

112 580 217 606 cunque
239 571 332 606 fecisti,
353 570 466 603 venient,
484 573 509 596 et
528 567 677 595 adorabunt
706 573 797 592 coram
826 568 851 590 te
867 563 900 589 ".

114 617 185 645 Item
204 617 297 644 Isaias.
317 616 378 643 Non
404 614 528 650 angelus,
549 621 605 640 non
622 613 737 647 legatus,
761 609 807 638 sed
833 609 903 636 Deus

114 664 173 698 ipse
185 663 279 695 veniet,
298 663 352 696 ipse
368 660 483 688 saluabit
506 667 562 686 nos.
577 657 651 685 Tunc
665 657 818 691 aperientur
832 653 902 681 oculi

115 716 260 741 caecorum,
286 712 310 735 et
336 714 412 734 aures
428 706 570 733 surdorum
585 703 731 740 patebunt.‘
742 702 813 729 Tunc
827 699 905 728 saliet

116 755 187 781 sicut
202 761 292 780 servus
321 752 444 783 claudus,
469 755 493 777 et
515 754 608 785 aperta
630 749 679 775 erit
707 747 798 782 lingua
820 749 906 772 muto-

118 808 182 827 rum
193 799 228 826 '°.
241 800 307 826 Item
321 807 328 825 :
345 799 411 825 Ecce
425 796 506 832 Virgo
521 795 659 828 concipiet,
677 798 701 820 et
714 793 798 828 pariet
809 791 907 826 filium,

118 851 145 874 et
160 846 298 874 vocabitur
317 852 411 872 nomen
425 844 482 879 ejus
501 841 663 870 Emmanuel
677 842 710 867 “.

162 893 293 920 l’arvulus
323 892 392 918 enim
422 894 505 917 natus
527 894 562 916 est
580 888 664 920 nobis,
691 892 715 914 et
741 886 814 921 ﬁlius
832 886 910 912 datus

123 943 166 966 est
181 937 266 968 nobis,
285 941 308 963 et
323 937 410 970 factus
427 941 466 962 est
481 934 645 969 principatus
670 940 750 966 super
776 933 914 958 humerum
931 933 938 945 ‘

125 985 186 1018 ejus
204 991 213 1010 .'
232 987 256 1010 et
282 982 415 1009 vocabitur
432 989 527 1008 nomen
551 980 609 1015 ejus
629 977 806 1009 admirabilis.
827 978 916 1004 consi—

128 1030 237 1062 liarius,
257 1029 338 1060 Deus,
358 1027 460 1059 Fortis,
482 1026 563 1053 Pater
577 1025 662 1060 futuri
679 1024 782 1055 strculi,
794 1023 916 1059 princeps

129 1077 205 1113 pacis
217 1076 252 1103 ".
266 1075 362 1103 Amen.

169 1123 244 1151 Idem
261 1123 315 1151 aIio
332 1123 391 1151 loco
410 1132 417 1150 :
431 1122 515 1150 Terra
528 1120 658 1153 Zabulon,
677 1124 701 1147 et
715 1124 786 1147 terra
798 1119 919 1153 Nephta-

131 1170 191 1201 lim.
204 1169 245 1196 uia
259 1169 353 1202 maris,
381 1172 456 1195 trans
470 1167 616 1194 Iordanem
645 1165 766 1193 Calilme
787 1164 918 1198 gentium.

134 1215 267 1251 Populus.
294 1215 339 1250 qui
374 1214 530 1241 ambulabat
564 1213 591 1239 in
612 1210 813 1242 tenebris,vidit
838 1208 922 1236 lucem

136 1269 263 1297 ntagnam
277 1262 311 1288 ".
333 1261 399 1288 Item
408 1260 551 1287 Michasas:
569 1258 602 1285 Et
618 1263 659 1289 tu,
673 1256 815 1285 Bethleem.
830 1255 923 1282 domus

138 1309 271 1344 Ephrata,
282 1315 452 1342 nequaquam
463 1306 572 1333 minima
585 1313 612 1331 es
627 1305 653 1331 in
666 1302 782 1330 millibus
795 1301 873 1329 Iuda.
885 1300 926 1327 ΕΞ

141 1357 166 1379 te
180 1353 251 1379 enim
262 1352 326 1379 mihi
344 1352 464 1378 adveniet
483 1351 551 1382 Dure,
566 1354 594 1376 ut
613 1349 647 1376 sit
669 1348 788 1383 princeps
809 1347 836 1373 in
860 1345 927 1372 Hie-

142 1399 271 1430 rusalem,
289 1402 312 1425 et
333 1399 417 1424 exitus
439 1397 498 1428 eius
511 1405 527 1422 a
540 1395 632 1422 diebus
645 1393 736 1421 seaculi
749 1394 782 1419 ".
795 1392 861 1420 Item
876 1391 930 1418 Da-

142 1443 222 1471 vides
238 1444 301 1470 alibi
316 1452 322 1470 :
335 1443 419 1471 Mater
429 1442 493 1470 Sion
505 1441 571 1468 dicet
590 1448 597 1467 :
613 1440 709 1470 Homo,
722 1443 747 1466 et
762 1439 838 1465 homo
851 1441 930 1464 natus

143 1495 185 1518 est
197 1491 225 1518 in
237 1498 278 1523 ea,
295 1494 320 1517 et
335 1491 389 1526 ipse
407 1488 525 1523 {tardavit
537 1495 595 1514 eam
610 1485 764 1513 Altissimus
778 1483 812 1510 ".

394 1546 422 1573 9.
440 1545 478 1572 De
493 1545 556 1580 fuga
574 1542 682 1573 Christi,

182 1606 289 1633 Rursus
316 1603 400 1631 Isaias
427 1602 462 1629 de
478 1601 580 1629 Christi
607 1600 668 1635 fuga
689 1599 715 1626 in
734 1598 879 1634 [Egyptum
896 1597 936 1625 sic

147 1650 188 1679 ait
203 1662 209 1678 :
226 1651 294 1678 Ecce
309 1650 435 1676 Dominus
453 1646 575 1675 ascendet
594 1653 673 1681 super
693 1645 787 1672 nubem
805 1644 896 1675 levem,
910 1647 935 1669 et

147 1700 311 1734 ingredietur
324 1698 479 1733 Egyplum.
492 1700 516 1722 et
531 1693 761 1722 commovebuntur
791 1691 936 1720 simulacra

149 1745 259 1782 .IEggpti
272 1754 287 1772 a
305 1745 372 1780 facie
385 1744 442 1778 ejus
457 1743 491 1768 “.

357 1801 384 1828 5.
407 1800 444 1826 De
460 1799 590 1834 baptismo
611 1797 718 1825 Christi.

190 1861 257 1887 Item
272 1859 306 1886 de
319 1858 461 1892 Baptismo
475 1857 536 1892 ejus
563 1855 627 1882 alibi
645 1853 762 1882 Davides
778 1853 814 1879 ita
844 1851 939 1878 canit:

159 1905 230 1936 Vos),
242 1904 346 1931 Domini
363 1911 443 1938 super
460 1910 553 1936 aquas.
566 1901 634 1928 Deus
649 1898 795 1934 majestatis
819 1896 942 1927 intonuit,

130 1982 133 1983 ν
155 1951 286 1979 Dominus
300 1957 379 1985 super
396 1956 480 1983 aquas
498 1946 596 1974 multas
612 1946 645 1970 ’⁷.

314 2006 342 2033 4.
363 2005 401 2032 De
414 2004 510 2031 morbis
528 2011 544 2030 a
563 2002 666 2030 Christo
680 2001 790 2028 curatis.

198 2065 268 2093 Item
285 2063 319 2090 de
344 2060 449 2089 morbis
464 2060 499 2087 ab
526 2066 560 2086 eo
577 2057 681 2086 curatis
696 2065 704 2083 :
722 2056 783 2083 Vere
806 2055 948 2090 languores

159 2114 263 2138 nostros
289 2110 344 2144 ipse
375 2107 445 2140 tulit,
467 2109 493 2133 et
517 2105 619 2133 dolores
647 2108 749 2131 nostros
779 2103 834 2138 ipse
861 2104 950 2133 porta-

158 2159 197 2185 vit
215 2157 251 2184 ".

338 2211 364 2239 5.
388 2211 426 2238 De
448 2210 572 2237 descensu
587 2208 615 2235 in
631 2207 775 2242 Virginem.

948 285 1018 308 tum.

1064 323 1211 351 Zacharias
1225 331 1232 349 :
1251 320 1363 348 Exsulta
1371 317 1446 348 satis,
1460 315 1518 350 [illa
1537 313 1621 340 Sion:
1639 310 1732 341 iubila,

950 373 1010 408 ﬁlia
1034 370 1192 398 Jerusalem.
1211 369 1277 396 Ecce
1303 367 1357 394 Rea:
1371 370 1430 392 tuus
1442 363 1511 390 vertit
1536 361 1581 388 tibi
1601 361 1690 395 justus
1711 360 1736 382 et

953 419 1088 450 Saluator.
1102 417 1156 452 ipse
1171 423 1274 451 pauper
1289 418 1313 441 et
1329 412 1470 440 ascendens
1493 415 1572 443 super
1586 407 1699 435 asinam,
1713 406 1742 429 et

952 473 1031 502 super
1045 463 1149 500 pullum
1165 462 1251 497 [ilium
1270 461 1352 488 asina:
1367 459 1402 485 υ.

1113 531 1140 559 6.
1160 529 1198 558 De
1215 528 1287 556 Iuda
1310 525 1407 554 Christi
1437 522 1580 558 proditore.

992 591 1126 618 Praeterea
1141 586 1259 614 Davides
1273 585 1306 612 de
1319 583 1396 611 Iudae
1413 586 1441 609 et
1465 579 1664 608 Pharisaeorum
1678 581 1742 610 pro-

958 637 1072 666 ditione,
1104 634 1178 661 hunc
1216 633 1242 658 in
1270 630 1381 657 modum
1417 626 1537 655 scribit:
1568 623 1619 655 Qui
1652 621 1744 648 edebat

960 690 1041 718 panes
1060 687 1178 711 mecum,
1197 675 1375 712 magni/ienuit
1392 680 1470 708 super
1491 679 1531 698 me
1550 666 1747 704 supplantatio-

961 737 1021 756 nem
1035 728 1068 755 ⁸⁸.
1256 724 1259 726 ⁷

997 775 1063 802 Item
1079 783 1085 799 :
1104 772 1193 805 Quare
1211 771 1372 806 fremuerunt
1388 770 1486 803 gentes,
1509 768 1533 791 et
1561 761 1650 798 populi
1667 759 1749 788 medi-

965 823 1014 849 tati
1028 824 1090 848 sunt
1111 818 1203 846 inania
1218 817 1260 843 "‘P

1176 888 1203 915 7.
1233 886 1270 914 De
1289 883 1387 912 Christi
1401 881 1559 909 detentione.

1003 949 1069 984 Ejus
1092 953 1204 982 quoque
1224 942 1413 971 detentionem
1435 939 1480 966 bis
1510 935 1603 964 verbis
1629 931 1752 969 praedixit

968 995 1050 1023 Isaias
1067 1003 1074 1021 :
1093 994 1138 1021 νιτ
1154 993 1254 1020 animae
1272 997 1375 1019 eorum.
1389 986 1513 1022 quoniam
1527 982 1630 1010 reddita
1646 982 1707 1007 sunt
1720 978 1755 1004 eis

969 1042 1041 1070 mala
1055 1041 1087 1073 ",
1101 1040 1203 1075 quippe
1220 1037 1268 1073 qui
1297 1034 1418 1063 dixerint
1437 1041 1444 1059 :
1460 1027 1703 1060 Circumveniamus
1713 1024 1759 1059 ju-

971 1092 1052 1114 stum.
1068 1086 1131 1120 quia
1143 1082 1245 1111 inutilis
1260 1085 1297 1109 est
1310 1079 1381 1108 nobis
1396 1078 1429 1104 “.

1183 1152 1210 1179 8.
1228 1149 1266 1177 De
1286 1148 1389 1176 Christo
1407 1142 1543 1178 cruciﬁxo.

1012 1222 1087 1250 Idem
1115 1218 1249 1255 propheta
1276 1216 1309 1244 de
1333 1213 1434 1242 Christi
1453 1216 1562 1246 quoque
1588 1203 1768 1233 cruciﬁxione

977 1267 1017 1298 sic
1045 1252 1128 1296 habet
1158 1252 1175 1294 ε-
1195 1265 1267 1292 Sicut
1290 1262 1343 1289 ovis
1369 1259 1402 1286 ad
1429 1256 1583 1285 occisionem
1600 1253 1720 1282 ducetur,
1741 1252 1765 1275 et

978 1315 1054 1350 quasi
1068 1321 1150 1349 agnus
1163 1318 1252 1337 coram
1269 1307 1391 1334 tondente
1406 1311 1432 1330 se
1450 1301 1606 1329 obmutescet
1620 1305 1629 1324 :
1641 1303 1693 1322 non
1705 1302 1768 1328 ape-

980 1343 1029 1389 biet
1044 1369 1071 1387 os
1085 1343 1172 1386 isuum.
1184 1356 1222 1383 De
1237 1352 1358 1389 angustia
1373 1354 1397 1377 et
1418 1349 1449 1376 de
1469 1346 1570 1383 judicio
1588 1343 1707 1370 sublatus
1720 1343 1766 1366 est.

981 1405 1183 1435 Generationem
1205 1401 1262 1436 ejus
1275 1399 1333 1434 quis
1359 1393 1495 1423 enarrabit
1510 1391 1555 1417 ³⁷⁸2
1576 1389 1646 1424 (Hoc
1665 1393 1705 1415 est
1723 1393 1771 1420 ge-

981 1452 1153 1480 nerationem
1184 1448 1255 1482 ejus,
1281 1451 1342 1479 quas
1373 1440 1472 1468 saecula
1501 1437 1591 1465 omnia
1620 1432 1773 1470 praecessiet

983 1503 1089 1536 propter
1104 1495 1187 1524 scelus
1204 1492 1294 1530 populi
1313 1490 1364 1517 mei
1391 1486 1506 1523 percussi
1531 1491 1600 1511 eum.
1629 1481 1717 1508 Item:
1739 1477 1772 1504 Et

986 1528 1060 1574 dabit
1080 1542 1176 1578 impios
1205 1528 1252 1576 pro
1270 1535 1419 1572 sepultura,
1446 1537 1470 1560 et
1488 1531 1593 1558 divitem
1620 1535 1666 1562 pro
1690 1528 1774 1552 morte

949 1587 969 1617 C
985 1600 1035 1620 sua
1056 1590 1091 1618 ⁸⁸.

1040 1659 1067 1688 9.
1086 1658 1122 1686 De
1145 1653 1293 1684 verberibus
1308 1654 1333 1679 et
1353 1648 1481 1684 colaphis,
1502 1644 1593 1681 quibus
1605 1641 1726 1670 Christus

1305 1693 1386 1714 casus
1410 1688 1458 1711 est.

1026 1753 1124 1782 Itidem
1147 1750 1182 1778 de
1199 1749 1243 1781 iis,
1260 1747 1308 1782 qui
1324 1742 1490 1773 verberibus
1513 1747 1577 1768 eum
1606 1740 1634 1764 et
1655 1732 1779 1782 colaphis

992 1800 1180 1828 coniecerunt,
1194 1779 1408 1830 apud-eumdem
1419 1787 1580 1823 prophetam
1597 1783 1655 1810 haec
1669 1784 1696 1807 et
1707 1779 1782 1814 ejus-

994 1845 1067 1874 modi
1099 1825 1228 1878 leguntur
1245 1849 1251 1867 :
1272 1839 1372 1872 Corpus
1388 1842 1474 1862 meum
1497 1830 1556 1859 dedi
1580 1825 1782 1864 percutientibtts

995 1896 1114 1926 stgenas
1127 1886 1290 1915 vellentibus.
1320 1882 1430 1910 Faciem
1451 1886 1537 1906 meam
1562 1883 1613 1903 non
1638 1873 1720 1901 averti
1750 1870 1782 1897 ab

996 1935 1191 1971 increpantibus
1207 1938 1229 1960 et
1246 1929 1447 1966 conspucntibus
1460 1927 1493 1954 ³⁹.

1033 1963 1094 2018 Ipse
1119 1987 1229 2016 quoque
1253 1963 1371 2005 Davides
1407 1973 1436 2000 in
1470 1977 1588 2006 persona
1614 1964 1718 1994 Christi
1742 1963 1784 1990 sic

998 2011 1082 2057 habet
1097 2038 1104 2056 :
1123 2011 1252 2060 Quoniam
1265 2031 1311 2059 ego
1327 2023 1353 2049 in
1364 2019 1473 2057 ﬂagella
1487 2020 1598 2053 paratus
1612 2022 1681 2046 sum,
1705 2016 1729 2039 et
1742 2011 1790 2037 do-

1001 2077 1043 2104 lor
1060 2083 1130 2103 meus
1145 2074 1172 2100 in
1187 2074 1325 2106 conspectu
1337 2076 1392 2095 meo
1404 2073 1506 2102 semper
1516 2064 1552 2091 ⁸⁸.

1216 2140 1260 2168 10.
1279 2138 1317 2165 De
1342 2136 1444 2165 Christo
1464 2132 1580 2161 vendito.

1041 2215 1078 2242 De
1091 2211 1248 2240 venditione
1277 2213 1388 2242 quoque
1412 2204 1472 2238 ejus
1503 2198 1636 2229 Jeremias
1671 2197 1746 2223 hunc
1762 2194 1789 2220 in

199 2270 267 2297 Item
279 2269 313 2296 de
332 2268 464 2295 descensu
483 2265 607 2302 ejusdem
621 2265 648 2292 in
665 2264 815 2298 virgineam
832 2261 922 2289 alvum
942 2269 949 2288 ι
968 2255 990 2284 υ
1005 2260 1116 2289 modum
1132 2257 1215 2286 verba
1232 2254 1298 2283 facit
1317 2263 1324 2281 :
1347 2252 1381 2279 Et
1400 2250 1555 2284 accel’eW'”
1574 2246 1682 2280 "59W"
1700 2249 1792 2276 αἴθων

1337 2300 1341 2302 .
1376 2298 1381 2302 .
1582 2291 1750 2302 ,__._~-..-_.._.
1780 2296 1792 2302 η

165 2316 309 2344 Descendet
322 2315 389 2342 sicut
406 2313 496 2349 pluvia
511 2313 538 2339 in
561 2311 655 2343 vellus,
686 2315 710 2337 ct
731 2310 798 2337 sicut
817 2307 954 2335 stillicidia

165 2362 297 2389 stillantia
307 2368 386 2396 super
401 2364 502 2387 terram
516 2359 549 2384 ὀ.
568 2358 602 2385 Et
622 2357 703 2392 paulo
717 2360 778 2391 post
792 2362 799 2382 :
819 2356 886 2381 Ante
913 2361 956 2381 so-

169 2409 219 2435 lem
235 2411 373 2442 permanet
389 2413 483 2433 nomen
502 2406 569 2438 eius,
592 2408 616 2431 et
644 2403 828 2430 benedicentur
854 2401 881 2426 in
901 2400 956 2434 ipso

168 2461 257 2482 omnes
285 2453 367 2480 tribus
395 2456 485 2484 Ierraz,
517 2459 606 2478 omnes
631 2453 719 2485 gentes
751 2446 958 2483 magni/icabunt

170 2505 229 2524 eum
249 2498 284 2524 ³ο.

208 2543 279 2570 Fieri
294 2547 385 2570 autem
403 2550 457 2570 non
471 2546 574 2576 potest.
595 2546 626 2568 ut
656 2541 714 2567 hac
738 2539 772 2566 de
801 2537 959 2569 Salomone,

175 2594 305 2623 tanquam
316 2589 421 2621 Iudaeo,
436 2588 510 2615 dicta
532 2587 598 2619 sint,
614 2595 664 2614 nec
677 2586 750 2613 enim
767 2584 819 2612 fuit
840 2584 884 2611 ille
898 2588 962 2610 ante

175 2634 270 2661 solent.

212 2680 278 2710 Item
292 2681 378 2710 Jobus
394 2689 402 2708 :
420 2680 471 2713 Qui
483 2680 598 2707 extendit
614 2679 692 2706 caelos
708 2679 790 2709 solus,
804 2681 827 2703 et
841 2675 964 2711 graditur

214 2760 238 2776 “
250 2759 332 2787 Prov.
353 2766 413 2790 vm,
432 2758 479 2785 ‘25.
519 2759 541 2774 ”
557 2758 627 2786 Psal.
642 2766 726 2790 cxvn,
739 2757 785 2785 ‘26.

178 2803 274 2827 txxxv,
294 2793 321 2821 9.
357 2794 380 2809 '°
396 2794 447 2821 Isa.
467 2801 548 2824 xxxv.
563 2794 580 2820 4
610 2801 687 2827 seqq.

178 2839 206 2860 ll,
219 2829 246 2857 6.
285 2830 307 2845 “
324 2829 396 2856 Psal.
419 2837 525 2861 uvat,
539 2829 566 2856 5.
603 2829 689 2856 "Isa'.
706 2828 790 2856 Xli.

181 2848 246 2892 lis”
260 2865 280 2881 ³¹
299 2848 407 2893 “ibiut;
419 2848 620 2891 Ensis-rell.
632 2848 851 2895 Iltt’;‘il.nm°.’-I's:tl.

996 2858 1016 2895 ιγ
1032 2848 1105 2895 ἱπεηιιἱ
1124 2864 1154 2895 a_.
1174 2854 1201 2895 1..
1236 2853 1258 2868 εδ
1272 2852 1322 2878 Isa.
1336 2858 1376 2895 nni,
1393 2850 1433 2895 9;°
1447 2849 1479 2895 ξε
1492 2848 1544 2895 sL..p

759 2898 780 2913 ⁵⁸
796 2897 854 2924 Psal
889 2903 987 2927 “wn,
1005 2894 1046 2921 18.

179 2908 236 2931 LIII.
267 2901 292 2927 7.
331 2899 352 2914 ³³
368 2898 434 2926 Ibid.
454 2899 480 2926 8.
520 2901 540 2916 "
561 2899 621 2927 Isai.
653 2899 718 2932 1.,6.

1007 2312 1073 2335 teos.
1099 2304 1214 2340 pretium
1239 2298 1399 2336 appretiati.
1432 2303 1508 2330 quem
1537 2291 1750 2328 appretiaverunt
1778 2296 1794 2313 (ι

1007 2352 1071 2386 [iliis
1096 2335 1191 2378 Israel.
1214 2351 1239 2374 et
1259 2345 1386 2372 dederunt
1401 2351 1443 2369 eos
1466 2341 1494 2367 in
1518 2346 1612 2374 agrum
1630 2335 1714 2371 ﬁguli,
1730 2335 1796 2361 sicut

1009 2396 1142 2426 constituit
1165 2394 1229 2422 mihi
1247 2391 1372 2419 Dominus
1386 2389 1419 2416 δ’.

1045 2443 1079 2470 Ει
1096 2439 1243 2468 Zacharias
1259 2439 1311 2465 :Et
1335 2434 1517 2470 appenderunt
1539 2430 1681 2458 mercedem
1713 2434 1798 2454 meant

1010 2489 1120 2524 triginta
1138 2485 1269 2522 argenteis
1291 2483 1326 2509 δ’.

1234 2553 1278 2580 il.
1297 2551 1335 2578 De
1351 2551 1442 2586 spinea
1457 2555 1566 2576 corona.

1047 2626 1119 2659 Quin
1145 2628 1173 2651 et
1207 2622 1334 2651 Salomon
1359 2620 1385 2647 in
1412 2617 1525 2646 Cantico
1539 2614 1708 2643 canticorum
1735 2612 1799 2638 ait:

1013 2658 1194 2708 Egredimini,
1213 2674 1236 2696 et
1254 2668 1351 2699 videte,
1375 2664 1438 2699 ﬁlix
1461 2662 1541 2694 Sion,
1569 2667 1655 2696 regem
1682 2658 1806 2686 Salomo-

826 2756 847 2771 ‘°
859 2755 930 2781 Psal.
957 2761 1028 2780 sus.
1057 2752 1084 2779 5,
1125 2748 1235 2775 "Psal.
1266 2753 1337 2776 XLVI.
1366 2745 1393 2781 9.
1433 2742 1550 2781 ιξνξςαμ
1570 2749 1600 2773 ιι,
1630 2739 1673 2781 8.Α
1697 2737 1804 2781 ‘:_Psal.

729 2780 822 2820 Τίειὶ.
842 2780 948 2820 vlli”.
986 2789 1008 2804 ’¹
1024 2788 1073 2814 Isa.
1095 2794 1132 2815 rx.
1148 2784 1175 2811 6.
1214 2783 1236 2798 ’³
1252 2782 1302 2808 Isa.
1315 2789 1340 2820 μ,
1368 2780 1396 2820 2“.

1435 2778 1458 2794 “
1489 2777 1570 2804 Mich.
1605 2785 1632 2808 v,
1657 2773 1804 2804 2;Matth.

829 2809 854 2842 εἷ
861 2809 925 2852 ’ἰδὲςὶή

1231 2825 1295 2860 niui
1309 2809 1338 2842 ἠέ
1374 2815 1409 2860 ’νη
1417 2813 1575 2860 Psal.ct.xxr,
1589 2811 1653 2860 6.,-
1666 2810 1688 2826 ³ο
1755 2809 1805 2860 lI6.

1086 2857 1102 2884 Ι,
1124 2844 1210 2882 ιιίίξ
1236 2853 1258 2868 ³⁵
1272 2844 1322 2878 Ian.
1336 2858 1376 2881 Ill,
1393 2850 1419 2876 9.
1457 2849 1479 2864 ³⁸
1492 2848 1555 2882 Sap.
1574 2855 1601 2879 ll,
1623 2847 1664 2874 15.
1718 2845 1737 2860 ³⁷
1755 2844 1805 2871 Isa.

1086 2892 1106 2907 “
1129 2889 1223 2917 Matth.
1241 2895 1324 2919 xxvr,
1346 2885 1371 2911 9.
1412 2886 1433 2900 δ’
1447 2884 1529 2912 Zaeh.
1543 2891 1579 2916 xx,
1598 2883 1639 2910 12,
