1949 3073
170 145 240 178 1203

169 210 228 228 nem
244 202 269 228 in
284 201 442 232 diademate.
461 209 511 236 quo
534 201 667 228 coronavit
690 200 766 228 illum
790 205 875 229 mater
889 208 948 234 sua,
964 204 988 233 Α,

169 247 196 273 in
207 247 248 272 die
263 246 469 280 desponsationis
484 245 556 273 illius
570 248 604 274 ".

208 291 342 318 Coronam
359 295 450 319 autem
464 292 586 327 spineam
603 292 738 326 intelligit.
757 300 811 328 qua
837 299 954 320 corona-

173 340 217 362 tus
231 340 272 363 est
295 336 420 364 Christus
451 342 572 374 tempore
589 338 733 374 passionis,
751 345 767 365 a
782 342 869 366 matre
892 345 952 371 sua,

169 379 326 408 Iudaeorum
341 381 492 418 Synagoga.

275 447 319 474 42.
335 448 372 476 De
384 449 478 483 clavis,
492 450 612 484 vestibus,
636 450 706 486 felle,
724 455 748 478 et
767 454 849 478 aceto.

208 504 269 531 Alio
286 505 350 532 item
367 506 427 534 loco
441 507 556 535 Davidcs
567 507 602 535 de
620 508 725 535 clavis:
739 507 870 536 Fuderunt
896 517 955 536 ma-

171 557 219 576 nus
233 559 314 584 meas,
341 556 365 578 et
390 553 465 588 pedes
493 562 573 587 meos,
606 555 838 582 dinumeravertmt
865 556 954 582 omnia

171 603 229 622 ossa
245 603 313 624 mea.
333 597 482 626 Diviserunt
505 600 554 626 sibi
572 601 725 628 vestimenta
745 609 815 633 mea,
829 605 853 627 et
877 608 955 634 super

171 645 267 668 vestem
294 650 379 670 meam
398 645 524 672 miserunt
539 649 634 672 sortem
655 646 688 672 “.
703 646 737 673 Et
754 655 760 673 :
777 646 910 675 Dederunt
926 647 955 672 in

172 694 257 713 escam
286 697 372 715 meam
396 690 441 724 fel,
471 695 495 717 et
521 692 549 718 in
577 691 621 718 siti
651 700 709 718 mea
734 695 890 726 putaverunt
914 700 955 719 me

172 737 246 759 aceto
261 733 292 760 ".
309 734 454 762 Zacharias
466 744 576 772 quoque
589 737 720 772 propheta
738 738 777 765 sic
794 746 801 764 :
824 737 858 764 Et
883 739 955 765 dles-

173 780 218 803 tur
229 781 271 805 et:
285 778 352 811 Quid
365 785 425 806 sunt
440 781 525 816 plaga:
540 783 596 809 ista:
614 783 640 808 in
654 783 737 809 medio
754 791 879 809 manuum
893 787 954 810 tua-

172 821 255 847 rum?
279 822 311 848 Et
327 822 413 849 dicet:
432 823 482 850 His
501 825 623 860 plagatus
637 834 695 852 sum
713 827 741 853 in
761 828 836 853 domo
853 835 954 861 eorum,

172 866 216 900 qui
232 866 374 902 diligebant
390 877 429 896 me
443 870 475 896 ⁸⁸.

244 923 286 950 15.
302 923 341 950 De
367 925 481 953 tenebris
495 935 510 954 a
527 927 622 954 Christi
635 929 757 962 passione
779 929 885 955 obortis.

212 979 250 1005 De
264 980 385 1008 tenrbris
411 986 501 1009 autem
530 983 601 1010 idem
616 984 748 1018 propheta
771 985 887 1020 quodam
903 986 957 1013 alio

173 1025 272 1070 inloco
284 1026 323 1054 sic
337 1028 374 1053 ait
390 1037 396 1054 :
414 1027 446 1054 Et
465 1030 514 1055 erit
528 1029 555 1056 in
569 1029 609 1056 die
622 1030 668 1057 illa
685 1038 695 1057 :
712 1039 764 1057 non
773 1031 822 1057 erit
840 1031 897 1064 lux,
913 1032 958 1059 scd

173 1074 257 1108 frigus
274 1078 297 1100 et
313 1073 382 1108 gelu.
397 1074 431 1101 Et
450 1077 498 1102 erit
513 1077 569 1104 dies
581 1085 646 1110 una,
668 1086 726 1112 qua:
754 1082 816 1105 nota
842 1083 881 1105 est
906 1078 958 1105 Do-

173 1120 255 1152 mino,
269 1128 320 1147 non
331 1121 396 1154 dies,
413 1130 493 1157 neque
509 1131 570 1158 nox,
592 1128 617 1150 et
630 1125 656 1150 in
674 1129 788 1159 tempore
799 1126 897 1160 vesperi
909 1126 958 1152 erit

176 1166 223 1192 lux
235 1165 269 1193 "".

208 1210 291 1239 Amos
308 1211 372 1239 item
387 1214 518 1248 propheta
534 1223 540 1242 :
555 1215 589 1242 Et
600 1216 648 1242 erit
663 1216 690 1242 in
706 1215 746 1242 die
757 1215 815 1247 illa,
828 1204 889 1243 dicit
905 1215 959 1242 Do-

175 1258 279 1284 minus:
298 1258 401 1285 Occidet
417 1260 456 1286 sol
469 1261 496 1286 in
507 1261 622 1294 meridie,
632 1265 654 1288 et
671 1266 846 1288 tenevrescerc
861 1262 957 1296 faciam

175 1305 274 1328 terram
287 1303 314 1329 in
325 1303 366 1330 die
381 1303 487 1332 luminis
504 1305 537 1332 ⁸⁸.

211 1349 334 1383 Itemque
348 1350 406 1378 Joel
420 1357 427 1380 :
443 1351 525 1379 Solet
538 1351 600 1379 luna
618 1352 698 1379 simul
713 1353 958 1387 obtencbratisunt,

176 1399 199 1420 et
211 1395 296 1422 stellw
314 1401 485 1424 retraxerunt
504 1398 668 1432 splendorem
682 1407 769 1431 suum,
794 1403 818 1425 ct
833 1398 958 1426 Dominus

175 1440 246 1466 dedit
257 1448 343 1467 vocem
356 1449 433 1468 suam
445 1442 478 1468 δ’.

211 1485 241 1511 1η
256 1486 350 1518 primis
364 1491 455 1514 autem
478 1487 564 1516 Moses
587 1489 645 1517 ait:
662 1489 818 1524 Prophetam
837 1490 868 1517 de
885 1496 960 1524 gente

796 143 944 174 NICETlE
964 143 1164 174 CHONIAT/E

1720 140 1809 172 126i

1157 201 1200 228 I6.
1217 200 1254 228 De
1275 200 1411 228 Dominica
1427 200 1634 228 Resurrectione.

1039 258 1113 286 Idem
1135 265 1244 293 quoque
1256 258 1290 285 de
1304 258 1508 285 resurrectione
1534 261 1607 284 hunc
1631 256 1658 283 in
1677 254 1806 282 modum

1005 305 1169 331 vaticinatus
1191 309 1233 331 est
1248 311 1256 331 :
1272 303 1330 330 Non
1343 303 1507 338 derelinques
1521 305 1637 330 animam
1653 310 1742 328 meam
1770 302 1804 327 in

1006 350 1123 385 Inferna,
1139 357 1220 385 neque
1243 350 1317 377 dabis
1344 354 1464 377 sanctum
1487 355 1560 377 tuum
1582 350 1667 376 videre
1697 357 1806 375 corru-

1006 398 1120 432 ptionem
1141 396 1174 422 ".

1041 441 1106 469 Item
1130 443 1216 470 Osee:
1233 441 1331 472 Venite,
1345 444 1369 467 et
1394 443 1556 467 revertamur
1578 439 1614 466 ad
1635 438 1802 470 Dominum,

1005 489 1068 523 quia
1082 489 1136 522 ipse
1148 488 1224 522 cepit,
1249 491 1274 513 et
1298 486 1406 513 sanabit
1424 493 1469 520 nos
1493 490 1550 519 post
1576 486 1640 512 duos
1665 486 1730 512 dies.
1764 485 1803 511 In

1005 533 1047 560 die
1075 533 1153 559 tertia
1175 532 1310 559 suscitabit
1331 539 1393 563 nos,
1419 536 1444 558 et
1470 531 1583 558 vivemus
1602 532 1629 558 in
1652 535 1802 565 conspectu

1005 578 1062 613 ejus
1079 578 1114 605 ⁸⁸.

1147 633 1192 660 I7.
1207 633 1246 659 De
1267 633 1456 668 unguentiferis
1484 633 1645 660 mulieribus.

1008 675 1015 684 ι
1042 689 1079 717 De
1104 689 1303 722 unguentiferis
1320 697 1386 716 vero
1400 689 1564 716 mulieribus
1590 689 1663 715 hunc
1680 688 1707 714 in
1734 695 1804 714 mo-

1006 734 1070 762 dum
1085 734 1167 762 Isaias
1186 734 1350 762 vaticinatur
1369 743 1377 762 :
1393 734 1517 761 Mulieres
1542 735 1672 761 venientes
1695 739 1720 760 et
1747 735 1802 760 do—

1006 785 1091 808 centes
1103 788 1172 807 eam.
1189 779 1251 807 Non
1263 785 1299 808 est
1313 781 1380 808 enim
1396 781 1507 816 populus
1518 781 1622 814 sapiens
1639 780 1674 807 ".

1199 835 1241 864 18.
1258 836 1294 863 De
1310 837 1466 864 Ascanione
1482 836 1600 863 Domini.

968 867 993 897 Β
1038 861 1043 865 .

1043 893 1096 921 Sed
1124 897 1152 920 et
1175 893 1209 920 de
1231 892 1390 920 ascensione
1412 891 1546 929 David’es:
1572 891 1691 918 Ascendit
1712 897 1802 923 super

1008 939 1158 971 Clterubim,
1185 944 1211 966 et
1224 939 1321 966 volavit
1338 946 1348 965 :
1377 938 1472 966 volavit
1488 946 1567 973 super
1579 945 1677 973 pennas
1703 940 1801 963 vento-

1008 995 1067 1014 rum
1079 987 1113 1013 ".

1043 1033 1109 1060 Item
1126 1041 1133 1060 :
1149 1032 1269 1059 Ascendit
1283 1031 1352 1058 Deus
1366 1032 1393 1058 in
1417 1030 1512 1065 jubilo,
1541 1029 1668 1057 Dominus
1689 1030 1717 1056 in
1734 1036 1800 1056 coco

1009 1079 1076 1106 tubz
1087 1079 1120 1098 ι’·

1044 1125 1110 1151 Item
1130 1132 1137 1151 :
1151 1123 1271 1150 Attollite
1281 1127 1371 1158 portas
1385 1122 1515 1158 principes
1531 1125 1641 1152 vestras,
1654 1124 1678 1147 et
1699 1120 1798 1147 introi-

1009 1170 1043 1197 bit
1057 1169 1111 1196 Rea:
1122 1169 1214 1205 gloriw
1230 1170 1263 1197 ‘°.

1043 1215 1110 1242 Item
1124 1215 1206 1242 Isaias
1222 1223 1230 1242 :
1246 1214 1309 1247 Quis
1339 1219 1376 1242 est
1392 1215 1450 1246 iste,
1468 1214 1512 1249 qui
1540 1214 1609 1240 venit
1637 1213 1669 1239 de
1687 1212 1772 1239 Edam
1783 1211 1798 1238 .'

1009 1262 1094 1289 tinctis
1105 1259 1216 1288 vestibus
1230 1261 1262 1287 de
1282 1261 1363 1287 ltosra
1373 1261 1395 1277 ‘“
1410 1261 1421 1287 ?

1043 1307 1109 1334 Item
1127 1315 1134 1333 :
1150 1305 1237 1338 Quare
1251 1314 1311 1341 ergo
1327 1306 1434 1333 rubrum
1453 1310 1490 1332 est
1503 1305 1683 1332 indumentum
1698 1309 1773 1330 tuum
1783 1303 1798 1330 .’

1010 1357 1033 1379 et
1063 1353 1217 1379 vestimenta
1248 1357 1293 1378 tua
1317 1353 1385 1379 sicut
1415 1351 1576 1378 calcantium
1606 1352 1633 1376 in
1648 1348 1796 1376 torculari?

1012 1398 1130 1426 torcular
1147 1398 1246 1425 calcavi
1264 1402 1346 1431 solus,
1363 1403 1388 1425 et
1400 1400 1432 1424 de
1444 1398 1563 1433 gentibus
1574 1404 1624 1423 non
1634 1401 1671 1422 est
1684 1397 1724 1423 vir
1740 1402 1795 1422 me-

1010 1453 1069 1472 cum
1085 1445 1119 1471 θ’.

1045 1492 1179 1518 Prmterea
1191 1498 1256 1518 vero
1281 1489 1426 1517 Zacharias
1453 1489 1514 1516 ait:
1532 1488 1567 1516 Et
1589 1487 1695 1514 stabunt
1719 1486 1794 1520 pedes

177 1533 235 1560 tua,
248 1534 273 1555 et
285 1530 411 1563 fratribus
426 1532 477 1558 tuis
496 1533 562 1560 sicut
588 1542 638 1567 me,
656 1535 792 1562 suscitabit
809 1536 854 1562 tibi
869 1535 957 1562 Domi-
971 1542 994 1573 α
1013 1537 1117 1564 Domini
1129 1545 1207 1572 super
1221 1542 1334 1564 montem
1350 1535 1498 1568 Oliuarum,
1523 1535 1567 1570 qui
1580 1538 1617 1561 est
1636 1538 1728 1560 contra
1749 1531 1794 1560 Je-

179 1581 228 1600 nus
256 1574 323 1600 Deus
353 1579 422 1608 tuus,
442 1577 528 1610 ipsum
551 1579 651 1605 audies.
671 1579 704 1606 Et
726 1580 773 1606 erit
797 1581 850 1607 vita
872 1583 959 1607 vestra

178 1619 292 1653 pendens
303 1625 365 1647 ante
377 1621 465 1649 oculos
479 1627 578 1650 vestros
593 1625 626 1650 ⁵ο.

411 1688 453 1715 Ib.
469 1689 508 1716 De
523 1689 619 1717 Christi
640 1695 733 1718 morte.

213 1753 260 1780 De
271 1758 360 1782 morte
388 1759 510 1791 ejusdem
536 1757 576 1784 sic
605 1757 712 1785 Isaias:
738 1757 829 1784 Justus
854 1758 920 1792 perit
937 1762 962 1785 et

179 1807 232 1825 non
245 1805 282 1826 est
308 1801 354 1834 qui
375 1803 497 1837 recogitet
514 1803 541 1829 in
569 1805 646 1830 corde
660 1812 717 1831 suo.
734 1804 884 1840 [Nimirum
903 1805 962 1840 ejus

180 1847 441 1884 resurrectionem]
468 1849 556 1876 Item:
574 1850 593 1876 Α
615 1851 682 1884 [acie
707 1851 815 1878 malitite
840 1850 962 1878 collectus

179 1896 218 1918 est
232 1892 326 1923 iustus.
343 1897 367 1919 et
378 1895 426 1920 erit
438 1895 464 1920 in
476 1903 539 1929 pace
558 1895 695 1930 sepultura
709 1897 766 1931 ejus
779 1897 811 1928 “_
835 1914 837 1917 ι

215 1938 352 1971 Quaesitus
369 1940 441 1966 enim
461 1945 503 1967 est
513 1941 547 1968 ab
577 1941 708 1975 Josepho,
729 1943 809 1976 eique
824 1942 914 1975 datus,
932 1947 963 1968 ut

180 1985 352 2018 sepeliretur.
380 1985 442 2018 Qua,
467 1987 500 2013 de
521 1994 549 2013 re
569 1987 626 2021 ipse
654 1994 763 2022 quoque
778 1987 896 2015 Davides
921 1987 963 2014 his

179 2030 272 2057 verbis
287 2030 387 2058 cecinit
405 2040 412 2057 :
428 2031 576 2058 Posucrunt
597 2041 637 2059 me
655 2033 681 2059 in
704 2033 763 2059 lacu
779 2033 920 2068 inferiori:
935 2035 962 2059 in

180 2077 302 2108 tenebris,
315 2081 339 2103 et
355 2077 380 2104 in
398 2078 490 2104 umbra
517 2079 608 2105 mortis
621 2078 666 2106 ⁸¹·,
680 2079 745 2106 Item
760 2086 768 2105 :
785 2079 883 2105 Factus
904 2087 962 2106 sum

178 2123 245 2148 sicut
270 2123 346 2149 homo
368 2123 424 2149 sine
438 2123 582 2158 adjutorio,
612 2125 681 2151 inter
709 2129 823 2151 mortuos
851 2124 914 2151 liber
927 2124 962 2151 ⁶¹ο

179 2165 236 2192 IIoc
247 2171 288 2193 est
307 2175 321 2194 a
340 2167 461 2202 peccatis
478 2168 618 2195 immunis.

306 2236 348 2263 I5.
368 2236 404 2262 De
420 2236 516 2263 Christi
536 2236 659 2263 descensu
682 2237 716 2263 ad
731 2238 839 2269 inferos.

213 2306 252 2331 l'a
272 2312 334 2331 vero
351 2305 421 2339 apud
434 2305 532 2333 Johum
549 2305 680 2333 scribitur
696 2314 704 2335 :
721 2306 845 2341 Nunquid
862 2309 961 2341 apertae

177 2354 238 2377 sunt
264 2350 308 2376 tibi
340 2355 423 2381 ρον-ιω
457 2352 559 2383 mortis,
583 2355 608 2378 et
638 2352 705 2379 ostia
733 2352 866 2378 tenebrosa
897 2352 962 2378 vidi-

176 2397 211 2423 sti
229 2396 276 2422 ⁵³⁸3

213 2441 241 2469 In
259 2442 381 2469 camde
403 2442 566 2470 sententiam
582 2441 697 2470 Davides
713 2451 720 2469 :
741 2442 792 2474 Qui
813 2443 897 2470 educit
907 2444 965 2470 vin-

178 2491 233 2514 ctos
244 2489 271 2514 in
283 2488 446 2521 fortitudine,
461 2487 583 2514 similiter
605 2495 648 2513 eos
672 2488 717 2521 qui
734 2491 901 2521 exasperant,
920 2489 965 2523 qui

178 2535 298 2561 habitant
311 2535 337 2560 in
351 2534 479 2569 sepulcris
494 2533 528 2559 ⁵³.

215 2616 236 2630 δ’
247 2616 324 2642 Cant.
341 2624 379 2648 In,
397 2615 439 2641 II.

177 2659 238 2679 mos
253 2660 310 2680 VIII,
323 2652 349 2678 9.
374 2643 527 2682 "’JOCIJI,
543 2649 586 2681 I0,
604 2643 655 2674 II.
684 2648 707 2663 '°
718 2648 786 2674 Deut.
809 2656 885 2680 XVIII,
906 2649 937 2676 15
951 2658 957 2681 ;
970 2643 1046 2680 “III,
1058 2650 1101 2676 66.
1140 2649 1160 2664 "
1179 2648 1229 2675 Isa.
1245 2657 1308 2680 LVII,
1321 2643 1352 2675 'I.
1369 2649 1404 2664 “‘
1420 2647 1490 2682 Psal.
1502 2643 1656 2682 L}xx\tl,7.

223 2687 248 2714 (ί,
288 2687 310 2702 ⁵³
325 2686 385 2712 Job.
404 2693 514 2714 XXXVIII.
530 2685 573 2711 I7.
611 2683 634 2698 ⁵³
648 2683 719 2710 Psal.
738 2690 823 2715 valI,
837 2684 862 2710 7.

179 2722 203 2736 ⁵³
219 2721 288 2747 Psal.
311 2729 375 2751 xvu.
389 2721 431 2747 II.

177 2756 360 2789 vn,15,l-t.“’
374 2756 444 2783 Ibid.
457 2755 484 2786 9,
501 2762 578 2789 seqq.
591 2753 673 2787 paulo
686 2757 762 2780 ante.

478 2614 501 2630 “
516 2612 588 2641 Psal.
602 2621 657 2644 xu,
670 2612 713 2643 I7,
731 2612 772 2639 I9.
811 2613 833 2629 ⁸⁸
849 2614 920 2640 Psal.
936 2623 1028 2646 LXVIII.
1042 2615 1087 2642 22.

471 2720 493 2735 "
508 2719 581 2747 Psal.
599 2726 654 2749 va.
669 2719 695 2745 6.
728 2718 750 2734 ⁵ο
766 2718 924 2752 Psal.xxn‘,
940 2719 955 2746 7
994 2720 1015 2735 “
1029 2720 1082 2747 Isa.
1093 2727 1169 2752 LXIII,
1180 2719 1206 2746 I.

1014 1583 1130 1610 rusalem
1150 1583 1184 1610 ad
1204 1583 1331 1610 orientem
1352 1582 1385 1609 ".

1223 1649 1267 1677 I9.
1286 1649 1323 1676 De
1338 1648 1443 1684 judicio
1460 1652 1587 1675 extremo.

1047 1719 1085 1746 De
1100 1717 1219 1745 secundo
1238 1721 1329 1743 autem
1348 1715 1477 1747 adventu,
1492 1713 1587 1741 Daniel
1611 1712 1647 1739 ita
1665 1709 1795 1736 vaticina-

1013 1768 1057 1791 tus
1084 1767 1126 1790 esl
1140 1771 1147 1789 :
1161 1761 1325 1793 Aspiciebam
1350 1769 1411 1795 ergo
1426 1762 1453 1787 in
1476 1760 1574 1787 visione
1591 1757 1682 1787 noctis,
1697 1760 1720 1782 et
1740 1763 1795 1781 ecce

1012 1818 1071 1836 cum
1089 1809 1197 1836 nubibus
1212 1807 1268 1834 caeli
1291 1807 1367 1842 quasi
1382 1805 1465 1833 Filius
1480 1805 1591 1832 hominis
1619 1802 1746 1832 veniebat,
1771 1804 1794 1826 et

1013 1862 1097 1889 usque
1108 1854 1143 1880 ad
1162 1853 1307 1887 Antiquam
1320 1852 1421 1878 dierum
1435 1850 1563 1885 pervenit,
1576 1854 1599 1875 et
1618 1849 1644 1874 in
1660 1851 1794 1879 conspectu

1013 1902 1069 1934 ejus
1084 1899 1234 1926 obtulerunt
1249 1906 1319 1924 eum.
1338 1896 1372 1924 Et
1388 1896 1457 1923 dedit
1474 1897 1498 1922 ei
1511 1899 1666 1930 potestatem
1679 1898 1703 1919 et
1715 1893 1794 1919 [Iono-

1014 1954 1079 1975 rem.
1096 1950 1120 1971 et
1139 1946 1259 1979 regnum.
1275 1947 1298 1969 et
1326 1950 1414 1969 omnes
1427 1940 1528 1976 populi,
1542 1940 1622 1966 tribus
1647 1943 1670 1965 et
1700 1937 1794 1971 lingua:

1012 1992 1062 2025 ipsi
1088 1990 1210 2017 servient.
1235 1989 1358 2016 Potestas
1388 1988 1444 2022 ejus
1473 1990 1587 2022 potestas
1607 1989 1718 2016 atcrna,
1741 1991 1794 2017 qute

1013 2044 1065 2063 non
1080 2036 1226 2069 auferetur,
1257 2038 1281 2061 et
1305 2041 1415 2069 regnum
1443 2032 1499 2067 ejus
1526 2031 1594 2066 quod
1610 2038 1661 2057 non
1681 2037 1794 2056 corrum-

1013 2086 1090 2116 petur
1103 2081 1137 2107 “.

1048 2126 1114 2154 Item
1127 2125 1180 2151 alio
1190 2125 1261 2152 loco:
1271 2123 1436 2159 Aspiciebam
1448 2123 1529 2149 donec
1540 2121 1617 2156 positi
1629 2123 1689 2147 sunt
1703 2118 1792 2151 throni,

1013 2175 1038 2197 ct
1068 2170 1191 2204 antiquus
1210 2169 1313 2195 dierum
1324 2168 1402 2199 sedit,
1424 2167 1606 2194 vestimentum
1627 2165 1683 2199 ejus
1708 2164 1795 2190 candi-

977 2217 1000 2243 D
1015 2218 1088 2249 dum,
1106 2216 1182 2251 quasi
1207 2215 1263 2246 nix,
1289 2219 1313 2241 et
1330 2213 1422 2248 capilli
1451 2213 1544 2248 capitis
1565 2212 1621 2246 ejus
1635 2211 1714 2245 quasi
1737 2209 1792 2236 lana

1017 2261 1125 2288 munda.
1147 2261 1263 2287 Thronus
1279 2260 1336 2294 ejus
1353 2260 1469 2294 ﬂammeo
1485 2258 1563 2293 ignis.
1577 2257 1686 2283 Flavius
1712 2257 1794 2290 igneus

1016 2307 1175 2342 rapidusque
1187 2305 1368 2341 egrediebatur
1384 2313 1400 2331 a
1414 2305 1480 2339 facie
1493 2304 1550 2339 ejus
1565 2310 1573 2330 :
1590 2302 1675 2330 millia
1689 2301 1793 2327 millium

1016 2351 1201 2380 ministrabant
1212 2351 1246 2384 ei,
1262 2351 1346 2377 decies
1360 2349 1455 2376 millies
1466 2353 1575 2375 centena
1599 2347 1686 2374 millia
1698 2346 1793 2373 assiste-

1017 2399 1080 2425 bant
1093 2398 1125 2424 ei.
1138 2396 1271 2424 Iudicium
1285 2396 1360 2427 sedit,
1375 2397 1399 2420 et
1416 2393 1475 2420 libri
1500 2393 1585 2428 aperti
1597 2396 1670 2418 sunt.
1689 2390 1793 2423 Aspide-

1017 2444 1087 2475 bam,
1112 2447 1216 2478 propter
1244 2449 1333 2468 vocem
1361 2447 1512 2467 sermonum
1550 2438 1705 2473 grnndium,
1737 2443 1792 2470 quos

1017 2498 1099 2518 cornu
1113 2489 1179 2516 illud
1195 2489 1360 2524 loquebatur,
1387 2491 1413 2513 et
1442 2486 1494 2513 vidi
1521 2486 1646 2520 quoniam
1667 2482 1792 2514 interfecta

1018 2535 1204 2568 essetbestiufa
1221 2533 1285 2569 [qui
1297 2539 1340 2561 est
1352 2530 1571 2566 Antichristus.]
1589 2529 1657 2565 (21).

1126 2614 1150 2630 ⁸⁸
1165 2614 1247 2641 Zach.
1271 2621 1326 2645 xtx,
1342 2614 1367 2640 6.
1406 2613 1427 2629 ’⁵⁷
1438 2611 1523 2638 Zach.
1541 2617 1595 2640 Iuv,
1611 2608 1637 2638 6,
1649 2607 1677 2634 7.
1734 2607 1753 2622 "
1764 2606 1794 2632 A-

1140 2649 1160 2664 ι’
1179 2648 1217 2668 ιεςι
1245 2657 1296 2668 ,νη
1326 2649 1336 2668 4
1369 2643 1656 2668 BI‘DcnI,r.\x3\ll.7.
1696 2641 1792 2668 "Ibid.

921 2650 937 2675 5
951 2658 957 2681 ;
970 2658 1046 2680 “In,
1058 2650 1101 2676 66.
1140 2650 1160 2664 "
1179 2650 1229 2675 Isa.
1245 2657 1308 2680 LVII,
1326 2650 1352 2675 I.
1369 2650 1404 2664 “‘
1420 2650 1490 2674 Psal.
1502 2651 1621 2674 unm,
1632 2650 1656 2669 't.
1696 2650 1719 2658 "
1735 2650 1792 2668 Ima.

916 2686 939 2702 ⁸⁵
953 2685 1023 2712 Psal.
1038 2693 1083 2716 xv,
1097 2684 1140 2715 I0,
1197 2684 1221 2700 ⁵⁸
1233 2684 1311 2710 Osce.
1340 2692 1378 2712 γι.
1393 2684 1419 2710 I.
1475 2681 1496 2697 "
1518 2681 1570 2707 Isa.
1602 2685 1686 2708 xxvu.
1723 2677 1761 2702 “-

917 2738 924 2745 .
940 2719 955 2745 7
994 2720 1015 2735 ⁶¹
1029 2720 1082 2745 Isa.
1093 2727 1169 2745 um.
1180 2719 1206 2745 I.
1246 2719 1267 2734 "
1282 2717 1389 2745 Ihid.‘2.
1427 2717 1450 2733 ⁸³
1470 2715 1553 2743 Zach.
1564 2720 1620 2745 XIV,
1634 2713 1659 2740 4.
1699 2711 1721 2727 ⁸⁵
1734 2711 1792 2741 Dan.

1314 2726 1351 2746 NI.
1362 2726 1389 2745 ἷ-
1427 2726 1450 2733 ¹¹¹
1472 2726 1553 2743 ιιπιι.
1565 2726 1620 2746 λιν,
1634 2726 1659 2740 ιι-
1714 2726 1718 2727 '
1734 2726 1793 2741 ιιιιι,

217 2844 273 2879 (21)
284 2844 454 2874 Scutariotes
474 2845 519 2873 hic
531 2843 728 2880 prophetarum
743 2846 837 2873 contra
854 2839 964 2870 liidmos
982 2840 1137 2869 testimonia
1149 2841 1298 2870 desiderat.
