1949 3073
180 99 248 130 12οἸ

803 101 951 134 NlCET/E
971 100 1174 132 CHONIATIE

1731 104 1807 136 1208

178 157 345 192 cumscripta
360 162 386 185 et
408 157 647 194 incircumscripta
663 159 719 187 sit?
734 159 810 192 Quod
840 159 861 186 si
879 159 961 186 etiam
978 159 999 186 Λ
1014 164 1090 190 num,
1110 157 1146 184 ita
1162 160 1191 183 ut
1211 164 1225 183 a
1251 155 1361 184 Christo
1376 156 1503 184 Christus
1528 163 1609 186 natus
1630 157 1680 190 sit,
1698 158 1807 186 forma-

177 203 260 230 unins
282 207 386 230 natura:
402 203 539 230 Christum
565 204 698 236 dicentes,
721 205 875 240 simplicem
901 212 961 231 eam

177 248 342 282 intelligant,
362 249 400 275 vel
424 249 512 282 ipsum
534 249 655 276 nudum-
672 250 756 277 Deum
787 250 961 278 conﬁtebun-

177 298 231 322 tur.
246 298 273 320 et
298 293 481 328 phantasiam,
499 301 545 320 seu
568 295 656 321 ﬁctam
679 296 769 322 carnis
784 296 962 329 'assumptio-

175 345 249 369 rem,
276 345 327 371 pro
354 337 542 365 incarnatione
570 340 757 371 introducam,
785 341 826 367 vel
859 340 961 367 nudum

175 383 325 415 hominem,
350 384 477 412 Nestorio
504 386 719 413 subscribentes.
754 386 896 421 [(25)Jam
915 387 961 413 ubi

175 428 295 462 perfecta
308 429 448 463 divinitas,
463 431 513 458 ubi.
534 432 617 458 etiam
647 431 767 466 perfecta
794 432 961 465 humanitas,

175 482 238 500 cum
269 475 384 502 duarum
413 477 495 504 etiam
527 481 687 504 naturarum
711 477 851 504 Christum
877 478 962 506 fuisse

175 520 279 552 dicant,
298 521 387 556 ipsum
403 527 493 549 tamen
519 527 579 557 post
605 523 827 558 coniunctionem
855 532 963 558 quoque

176 565 259 593 unius
279 567 437 600 compositae
454 572 560 594 natura),
577 572 715 595 asserunt.
735 567 872 596 Christum
889 569 962 595 cnim
991 572 993 576 '

175 615 240 638 ante
255 613 476 647 conjunctionem
494 621 547 640 una
575 613 660 641 fuisse
686 619 782 641 natura
805 615 961 649 praeditum,

176 657 243 684 nulli
258 658 371 685 dubium
387 660 461 695 est.]

211 703 245 730 At
258 711 325 731 vero
339 704 392 732 hoc
406 706 470 732 illud
493 710 545 738 est,
576 706 647 741 quod
664 706 807 734 haereticos
839 707 865 734 in
888 715 964 734 crro-

176 757 232 777 rem
263 751 388 785 pellicit,
422 751 487 778 dum
518 757 643 780 naturam
671 758 699 780 et
725 753 883 788 hypostasin
914 761 963 787 pro

1012 210 1066 236 que
1091 202 1159 229 adeo
1195 202 1358 234 emerserit,
1396 209 1457 236 qua
1491 203 1592 230 multas
1625 203 1804 232 Christorum

1013 248 1173 282 hypostases
1198 247 1338 282 complexa
1364 248 1400 275 sit
1426 248 1503 275 :rsed
1533 256 1613 276 unam
1638 249 1805 284 hypostasin

1012 294 1119 320 duabus
1138 301 1170 320 cx
1186 293 1300 325 naturis,
1325 298 1408 327 atque
1425 292 1535 320 duabus
1551 294 1578 321 in
1601 295 1708 322 naturis
1724 302 1806 322 com-

1012 339 1290 374 positam:duasque
1321 339 1390 366 adeo
1418 343 1550 373 naturas,
1580 340 1618 367 ita
1644 345 1675 367 ut
1701 345 1805 368 natura

1014 389 1129 419 utraque
1157 385 1198 411 vel
1221 389 1280 419 post
1297 384 1519 419 coniunctionem
1543 386 1683 420 proprium
1706 387 1808 413 termi-

1014 436 1090 461 num,
1110 429 1206 464 legem,
1221 433 1401 462 mutuamque
1418 428 1602 456 differentiam
1617 432 1805 458 conservarit.

1014 475 1153 509 Siquidem
1179 475 1205 502 in
1226 475 1348 508 homine,
1365 480 1501 510 quatenus
1516 475 1679 504 diﬁ'erentize
1697 482 1805 504 mutua:

1014 519 1136 554 corporis
1164 524 1192 546 ct
1218 520 1317 547 anima:
1340 520 1411 547 ratio
1439 520 1567 552 habetur,
1594 521 1662 548 duas
1688 525 1808 548 naturas

1014 565 1130 592 dicimus
1149 574 1156 592 :
1173 571 1308 600 quatenus
1328 573 1393 593 vero
1418 566 1552 593 naturalis
1567 565 1722 593 dill‘erentia
1741 574 1808 600 per-

1014 619 1087 639 sonae
1110 619 1142 638 ex
1163 619 1279 646 persona
1296 619 1348 638 non
1367 616 1523 646 spectatur,
1542 619 1634 638 unam.
1663 611 1697 638 Et
1720 612 1808 638 unius

1014 658 1124 692 qutdem
1143 663 1245 685 natura:
1261 658 1392 685 dicuntur
1406 667 1437 686 ca
1449 679 1456 688 .
1473 666 1534 694 qum
1558 665 1619 685 cum
1645 658 1702 685 sint
1727 659 1806 693 ejus-

1014 704 1075 731 dcm
1092 704 1211 739 speciei,
1236 709 1327 732 tamen
1352 704 1522 740 hypostatice
1547 712 1596 731 seu
1617 699 1741 738 persona:
1762 712 1809 731 ra-

1016 751 1089 777 tione
1103 750 1254 777 «liﬂ‘crunt:
1272 751 1352 777 unius
1364 756 1454 778 autem
1473 751 1668 786 hypostaseos,
1685 758 1717 778 ea
1742 758 1806 785 qua:

174 796 270 823 eadem
283 804 311 823 re
328 796 476 831 accipiunt.
492 798 560 830 Quia
574 803 663 825 autem
677 798 819 826 hominum
833 803 958 825 naturam
977 793 997 820 Β
1011 795 1183 830 ltypostatice
1210 795 1417 830 coniunguntur
1428 815 1435 826 ,
1460 794 1634 828 essentiaque
1657 793 1806 820 differunt.

176 849 258 868 unam
271 850 331 869 esse
344 842 472 873 dicimus.
487 843 628 870 sciendum
648 849 689 872 est
707 852 758 871 nos
780 845 812 871 ad
837 844 894 871 hmc
918 844 961 871 di-

176 887 265 913 cenda
277 894 329 914 non
343 887 440 915 adduci
455 908 462 919 ,
479 889 584 915 ratione
600 890 698 917 anima:
715 890 893 925 corporisque
912 890 962 917 ha.-

176 931 243 959 hita.
265 932 336 962 (Nec
354 933 426 959 enim
445 933 501 960 ﬁeri
521 939 620 968 potest,
637 939 667 961 ut
684 936 801 962 animam
818 940 846 962 et
861 943 962 969 corpus

178 979 248 1005 inter
260 986 289 1005 se
303 984 397 1005 mutuo
411 979 519 1010 collata,
533 981 614 1007 unius
625 988 683 1007 esse
697 984 801 1007 naturae
813 981 961 1015 dicamusl)

177 1022 230 1049 Sed
246 1023 308 1057 quia
325 1024 465 1050 hominum
485 1025 690 1059 quamplurimzc
706 1029 770 1052 sunt
789 1024 958 1059 hypostases,

177 1075 205 1096 et
222 1077 316 1096 omnes
339 1070 435 1096 eadem
455 1071 561 1098 ratione
584 1076 688 1098 natura:
709 1075 835 1098 constant
851 1073 963 1107 (omnes

178 1115 251 1142 cuitu
264 1123 296 1142 ex
313 1115 403 1141 anima
422 1120 448 1142 et
461 1123 575 1150 corpore
601 1117 745 1151 compositi
766 1122 847 1150 sunt,
871 1124 964 1144 nemo-

179 1169 233 1195 que
261 1169 316 1188 non
338 1161 435 1189 animae
456 1162 567 1196 quidem
590 1167 698 1194 natura,
724 1163 848 1198 corporis
871 1168 963 1190 autem

177 1207 298 1234 essentia
310 1206 461 1243 censetur),
475 1207 578 1235 idcirco
597 1216 770 1235 communem
788 1208 859 1235 illam
879 1207 965 1242 pluri—

178 1260 283 1279 marum
301 1257 328 1280 et
342 1253 512 1280 diversarum
524 1254 707 1290 hypostaseon
724 1253 858 1287 formam,
883 1261 963 1282 unam

177 1306 237 1325 esse
257 1304 379 1325 naturam
397 1299 515 1327 dicimus
530 1309 536 1327 2
554 1301 667 1335 singulis
680 1301 809 1328 nimirum
836 1301 964 1337 hyposta-

179 1345 256 1371 sibus
277 1345 346 1372 duas
369 1349 481 1373 naturas
509 1346 690 1380 habent-ibus,
716 1351 798 1382 atque
820 1347 964 1382 completis

179 1390 207 1416 in
220 1390 326 1417 duabus
343 1391 459 1422 naturis,
476 1391 578 1423 anima,
592 1391 721 1426 inquam,
740 1395 768 1419 et
785 1399 911 1426 corpore.
929 1391 964 1419 At

179 1436 207 1462 in
228 1436 344 1462 Domino
366 1442 461 1463 nostro
482 1437 546 1464 Jesu
566 1437 676 1464 Christo
696 1438 782 1464 forma
810 1437 964 1464 communis

179 1481 294 1515 intelligi
317 1489 370 1508 non
387 1486 487 1516 potest.
513 1491 563 1510 nec
578 1484 650 1510 enim
673 1483 735 1514 fuit,
761 1492 811 1511 nec
837 1489 889 1515 est,
914 1491 964 1511 nec

180 1527 287 1553 futurus
295 1532 337 1554 est
349 1527 418 1554 alius
426 1527 552 1556 Christus
561 1536 594 1556 ex
603 1529 745 1556 divinitate
756 1536 781 1556 ct
794 1530 963 1558 humanitate

181 1572 228 1606 qui
243 1572 268 1598 in
281 1573 425 1600 divinitate
435 1578 461 1599 et
474 1574 643 1602 humanitate
655 1575 724 1601 idem
739 1577 810 1603 Deus
825 1577 964 1611 perfectus

179 1622 208 1645 ct
219 1617 301 1645 homo
326 1619 465 1653 perfectus
480 1620 524 1647 sit.
535 1620 604 1656 [(26)
615 1620 666 1647 Sed
678 1621 767 1649 omnis
775 1630 884 1657 quoque
893 1631 968 1650 com-

182 1662 278 1695 positze
300 1668 404 1691 natura:
415 1668 521 1698 partes,
544 1665 716 1700 simulatque
732 1674 765 1693 ex
782 1667 868 1694 nihilo
880 1667 904 1694 in
923 1676 966 1694 re-

181 1716 241 1735 rum
265 1714 389 1737 naiuram
403 1710 542 1744 producta:
558 1715 632 1742 sunt,
650 1711 683 1737 ad
698 1711 818 1739 universi
849 1714 968 1747 comple—

180 1760 302 1782 mentum
313 1755 503 1790 disponuntur.
516 1756 640 1790 Fierique
654 1762 754 1791 potest,
764 1762 794 1784 ut
802 1765 862 1792 qum
870 1758 966 1785 eodem

181 1807 304 1836 tempore
328 1801 545 1836 productafsunt,
557 1809 637 1829 unam
651 1804 828 1838 compositam
843 1808 966 1830 naturam

181 1848 333 1880 perﬁciant,
349 1848 503 1883 hujusmodi
528 1848 642 1876 limitem
659 1853 687 1876 et
703 1849 856 1876 naturalem
879 1850 965 1884 legem

180 1894 314 1921 beneﬁcio
339 1893 476 1922 Creatoris
491 1896 586 1922 sortita
607 1903 616 1921 :
644 1895 680 1921 ita
702 1900 807 1922 natum
834 1895 893 1930 lege
917 1903 966 1929 per

181 1940 383 1967 successionem
408 1940 507 1968 similia
527 1949 560 1967 ex
575 1940 710 1968 similibus
724 1946 913 1975 procreentur.
937 1943 967 1968 In

183 1987 297 2013 llmnino
314 1990 405 2013 autem
419 1992 582 2014 naturarum
596 1988 805 2023 conjunctarum
825 1988 878 2015 alia
891 1989 969 2022 prin—

182 2032 253 2074 cipio
275 2037 302 2059 et
329 2036 450 2066 tempore
472 2037 563 2064 caret,
589 2040 640 2060 nec
657 2033 746 2060 forma
767 2034 903 2068 producta
927 2039 968 2061 est
994 2045 997 2047 -

181 2078 217 2104 ad
246 2079 366 2105 universi
393 2079 636 2113 complementum,
661 2080 884 2114 quandoquidem
911 2088 967 2107 non

182 2125 319 2159 requievit
335 2125 407 2152 Deus
431 2126 465 2152 ab
486 2125 614 2159 operibus
628 2126 685 2153 suis
701 2127 818 2160 septimo
833 2127 877 2153 die
894 2136 901 2154 :
916 2134 968 2154 nec
986 2122 1006 2148 ο

183 2178 248 2198 vero
273 2171 435 2198 naturaliter
456 2173 608 2206 conjunctae
634 2177 699 2199 sunt
722 2172 791 2199 :sed
815 2173 969 2200 admirabili

182 2218 298 2251 quadam
321 2222 348 2244 et
369 2218 500 2245 iucﬂ‘abili
518 2219 633 2245 ratione.
651 2218 716 2251 Quae
737 2223 827 2246 autem
852 2219 971 2246 admira-

183 2264 247 2290 Lilia
267 2269 339 2294 sunt,
354 2268 383 2291 et
399 2264 532 2291 ineﬁubili
555 2265 660 2292 ratione
685 2265 763 2296 ﬁunt,
789 2272 820 2292 ea
843 2270 970 2293 naturam

183 2318 239 2337 non
264 2308 410 2344 perﬁciunt
424 2319 430 2337 :
446 2318 496 2337 nec
513 2310 586 2338 enim
606 2315 729 2337 naturam
755 2311 816 2338 rubi
841 2311 970 2342 dicimus.

184 2355 320 2391 qumignc
342 2355 451 2384 admoto
465 2356 608 2383 combusta
630 2363 683 2383 non
708 2357 754 2388 sit,
778 2364 867 2392 neque
889 2362 970 2384 natu-

184 2410 242 2429 ram
258 2402 390 2434 hominis,
408 2403 454 2437 qui
475 2403 601 2430 sublimis
616 2407 643 2429 et
658 2407 786 2437 tanquam
810 2403 881 2431 coelo
908 2411 971 2438 pro-

184 2449 275 2476 ximus
294 2448 427 2476 ovehatur
439 2458 446 2475 :
460 2457 549 2483 neque
564 2450 687 2484 corporis
704 2450 817 2477 humani
834 2455 969 2481 naturam,

185 2502 246 2528 qum.
275 2494 302 2521 in
327 2494 388 2529 igne
412 2494 497 2521 veluti
525 2502 587 2521 rore
612 2502 758 2529 conspersa
783 2495 902 2522 sit:sed
924 2495 973 2522 ad-

186 2539 322 2567 mirabilia
337 2547 368 2566 ca
391 2543 419 2566 et
432 2539 504 2566 circa
528 2540 682 2574 hypostasin
710 2548 792 2567 unam
814 2540 884 2567 facta
906 2540 975 2567 dici-

186 2593 259 2618 mus,
284 2586 321 2613 ita
346 2585 429 2612 ctiam
446 2585 554 2613 Domini
577 2585 794 2614 incarnationem
817 2586 843 2613 in
871 2586 974 2613 divini-

185 2632 250 2658 :atis
290 2632 472 2668 hypostaseon
502 2640 556 2659 una
597 2641 650 2659 non
682 2633 742 2668 lege
775 2638 888 2666 naturae,
927 2632 974 2660 scd

188 2678 336 2707 incffabilis
356 2679 558 2714 dispensatione
575 2680 796 2714 coniunctionem
814 2684 974 2706 naturarum

187 2725 308 2753 evasisse
329 2727 449 2755 dicimus
473 2736 480 2754 :
503 2734 593 2762 neque
618 2726 645 2753 id
671 2726 739 2754 infra
764 2730 867 2754 natura:
882 2726 976 2753 termi-

227 2815 281 2849 (ﬂS)
298 2816 330 2844 Et
349 2816 406 2845 haec
423 2816 560 2852 Zigabeno
578 2816 686 2845 desunt.

1012 841 1106 875 Itaque
1148 840 1353 867 diversiformes
1387 840 1549 875 hypostases
1588 839 1805 874 haudquaquam

1013 885 1183 920 hypostatice
1209 885 1407 916 conferuntur,
1431 888 1477 910 aut
1513 883 1727 915 discernuntur,
1755 883 1806 910 sed

1013 931 1178 958 naturaliter
1199 930 1452 965 :azquiformesque
1475 929 1639 964 hypostases
1658 929 1731 956 haud
1757 937 1808 956 na-

1014 977 1140 1004 turaliter
1156 977 1337 1004 conferuntur
1356 981 1404 1004 aut
1423 976 1638 1008 discernuntur,
1652 976 1700 1003 sed
1719 976 1808 1011 hypo-

1014 1024 1122 1050 statice.
1145 1023 1178 1050 Et
1197 1023 1428 1058 quemadmodum
1445 1023 1504 1050 ﬁeri
1529 1030 1583 1049 non
1607 1026 1698 1057 potest
1719 1027 1749 1049 ut
1772 1029 1806 1048 ea

1015 1078 1076 1104 quae
1099 1069 1270 1105 hyposlatica
1297 1069 1450 1096 differentia
1473 1068 1625 1100 diﬁ‘erunt,
1643 1068 1725 1095 unius
1750 1067 1807 1094 sint

1016 1117 1194 1151 hypostaseos
1208 1135 1215 1146 ,
1241 1115 1279 1142 ita
1299 1114 1358 1142 fieri
1385 1114 1480 1149 nequit
1504 1118 1534 1140 ut
1554 1121 1585 1141 ea
1608 1121 1669 1148 qua:
1686 1112 1806 1140 naturali

1015 1161 1173 1189 differentia
1199 1161 1349 1194 diﬂ‘erunt,
1378 1160 1461 1187 unius
1488 1166 1593 1188 natura:
1613 1160 1678 1186 sint.
1703 1158 1751 1186 His
1771 1159 1807 1186 de

1015 1209 1106 1236 causis
1126 1216 1181 1235 una
1203 1207 1231 1235 in
1257 1207 1399 1235 Dominico
1426 1211 1520 1235 nostro
1543 1206 1608 1234 Jesu
1626 1206 1736 1234 Christo
1758 1214 1807 1233 na-

1017 1259 1078 1282 tura
1094 1254 1147 1282 dici
1163 1262 1217 1281 non
1236 1258 1337 1290 pctest.
1351 1253 1361 1290 ]

1050 1303 1182 1337 Quocirca
1197 1300 1303 1330 duabus
1326 1308 1358 1330 ex
1383 1300 1490 1329 naturis
1516 1299 1658 1334 perfectis,
1683 1298 1779 1326 divina
1796 1320 1803 1328 .

1016 1350 1138 1384 inquam.
1154 1353 1180 1376 et
1193 1349 1329 1381 humana,
1343 1348 1567 1383 conjunctionem
1593 1344 1693 1374 factata
1720 1342 1806 1370 fuisse

1016 1396 1152 1426 dicimus,
1174 1401 1230 1421 non
1257 1393 1466 1425 commistione,
1493 1393 1537 1420 vel
1563 1391 1734 1424 confusione,
1762 1388 1806 1418 vel

1017 1441 1202 1471 concretione,
1226 1444 1256 1466 ut
1282 1446 1386 1467 vesano
1398 1439 1528 1466 Dioscoro
1540 1459 1548 1471 ,
1570 1438 1683 1470 Severo,
1701 1442 1729 1465 et
1744 1445 1805 1465 sce-

1016 1487 1108 1514 leratae
1124 1493 1218 1514 eorum
1242 1484 1352 1512 factioni
1371 1484 1485 1518 placuit,
1502 1491 1590 1518 neque
1604 1490 1720 1517 persona
1733 1503 1741 1515 ,
1758 1488 1806 1509 aut

1018 1533 1124 1562 habitu,
1139 1536 1186 1558 aut
1201 1531 1350 1566 dignitate,
1376 1535 1422 1556 aut
1448 1529 1543 1556 eadem
1569 1529 1710 1555 voluntate
1723 1547 1732 1561 ,
1759 1533 1805 1555 aut

1018 1578 1133 1605 honoris
1151 1577 1304 1604 nominisve
1331 1573 1522 1603 similitudine.
1549 1579 1596 1600 aut
1611 1574 1731 1607 denique
1756 1581 1804 1607 ap-

1019 1623 1189 1658 probatione,
1205 1627 1234 1649 ut
1249 1621 1334 1655 impio
1349 1620 1474 1648 Nestorio
1485 1640 1492 1651 ,
1507 1619 1626 1658 Diodoro
1638 1638 1645 1651 ,
1680 1619 1806 1654 Mopsue-

1019 1670 1112 1697 stiensi
1130 1668 1284 1698 Theodoro,
1304 1666 1479 1694 etdiabolico
1493 1673 1587 1692 eorum
1612 1665 1694 1692 (τωιυί
1717 1665 1806 1691 visum

1018 1722 1058 1743 est
1073 1725 1080 1743 :
1094 1716 1141 1742 sed
1157 1713 1367 1748 compositione,
1394 1713 1451 1740 sive
1474 1712 1643 1747 hyposmtice
1656 1732 1663 1741 ,
1676 1711 1744 1738 citra
1767 1711 1808 1737 in-

1019 1762 1184 1793 versionem,
1206 1759 1396 1790 mutationem,
1412 1758 1612 1789 confusionem,
1632 1757 1807 1787 divisionem,

1020 1814 1048 1837 et
1078 1807 1293 1836 distractionem.
1318 1806 1407 1840 Atque
1432 1805 1538 1832 duabus
1563 1805 1589 1831 in
1621 1803 1727 1830 naturis
1746 1810 1808 1837 per-

1022 1856 1101 1883 fectis
1119 1862 1201 1882 unam
1216 1853 1277 1881 Filii
1292 1853 1352 1884 Dei,
1367 1852 1480 1886 ejusque
1498 1849 1630 1877 incarnati
1641 1868 1648 1882 ,
1663 1856 1807 1884 personam

1021 1902 1200 1931 conﬁtemur,
1219 1899 1396 1932 eamdemque
1413 1897 1565 1925 divinitatis
1581 1898 1640 1932 ejus
1659 1903 1686 1925 et
1711 1897 1808 1923 buma-

1022 1947 1115 1975 nitatis
1130 1953 1275 1981 personam
1293 1952 1354 1972 esse
1368 1944 1495 1970 dicimus.
1510 1946 1598 1977 Atque
1613 1943 1681 1970 duas
1697 1948 1809 1970 naturas

1023 1994 1050 2020 in
1067 1994 1126 2028 ipso
1141 1996 1200 2026 post
1213 1990 1435 2026 conjunctionem
1460 1990 1582 2024 integras
1603 1989 1705 2016 servari
1723 1987 1809 2015 conti-

1022 2043 1122 2066 temur.
1139 2037 1195 2064 Ncc
1211 2041 1300 2063 tamen
1314 2036 1441 2070 privatim
1461 2034 1641 2069 separatimve
1664 2039 1809 2068 utramque

1022 2085 1161 2120 ponimus,
1181 2083 1228 2110 sed
1243 2083 1312 2109 inter
1330 2090 1359 2109 se
1376 2082 1536 2116 coniunctas
1555 2089 1607 2107 una
1625 2081 1652 2107 in
1669 2080 1807 2115 hypostasi

1021 2129 1182 2164 composita.
1198 2127 1425 2162 Conjuncdoncm
1444 2126 1518 2154 enim
1539 2126 1714 2153 essentialem
1740 2125 1810 2152 dici-

1021 2183 1082 2203 mus
1093 2195 1100 2207 ,
1120 2175 1172 2201 hoc
1185 2180 1226 2201 est
1237 2181 1347 2205 veram,
1364 2181 1418 2199 non
1435 2176 1527 2199 autem
1547 2172 1746 2207 phantasticam
1761 2179 1808 2198 seu

1022 2220 1247 2248 commentitiam.
1265 2218 1445 2246 Esseutialem
1460 2217 1521 2244 dico
1540 2225 1593 2244 non
1610 2217 1682 2252 quod
1703 2225 1718 2243 a
1741 2217 1810 2244 dua-

1023 2267 1074 2294 bus
1087 2266 1194 2293 naturis
1212 2270 1311 2292 natura
1335 2273 1387 2291 una
1405 2265 1557 2299 composita
1574 2265 1636 2295 ﬁat,
1663 2264 1710 2291 sed
1738 2263 1809 2298 quod

1024 2317 1121 2340 mutuo
1145 2319 1240 2339 revera
1266 2310 1294 2337 in
1324 2318 1404 2337 unam
1430 2310 1490 2337 Filii
1507 2310 1554 2337 Dei
1578 2317 1722 2344 personam
1743 2316 1809 2335 con-

1022 2359 1188 2394 jungantur,
1204 2360 1285 2391 atque
1310 2355 1346 2382 ita
1368 2355 1541 2382 essen'ialem
1564 2362 1658 2382 earum
1681 2353 1810 2380 did‘eren-

1026 2404 1090 2431 tiam
1109 2402 1212 2431 servari
1230 2401 1386 2429 deﬁnimus.
1409 2401 1485 2434 Quod
1501 2401 1573 2427 enim
1598 2403 1719 2427 creatum
1739 2402 1808 2430 erat,

1026 2453 1148 2478 creatum
1176 2448 1276 2476 mansit
1300 2455 1307 2476 :
1332 2447 1405 2482 quod
1428 2447 1601 2475 int-reatum.
1625 2446 1775 2472 increatum
1801 2452 1807 2470 :

1025 2494 1099 2530 quod
1116 2494 1243 2526 mortale,
1259 2493 1374 2520 mortale
1393 2501 1400 2520 :
1414 2491 1486 2527 quod
1501 2490 1653 2518 immortale
1666 2510 1674 2521 ,
1700 2489 1809 2516 immor-

1003 2568 1009 2573 ,
1023 2543 1076 2569 tale
1091 2550 1098 2568 :
1112 2541 1184 2576 quod
1199 2540 1447 2574 circumscriptum,
1464 2538 1723 2572 circumscriptum:
1739 2535 1809 2570 quod

1024 2588 1142 2621 visibile,
1165 2587 1272 2614 visibile
1290 2595 1298 2613 :
1315 2586 1388 2621 quod
1417 2584 1553 2612 invisibile
1565 2604 1571 2615 ,
1586 2582 1733 2611 invisibile.
1753 2581 1809 2609 Una

1025 2635 1135 2670 quidem
1150 2641 1219 2669 pars
1230 2632 1369 2660 miraculis
1381 2632 1506 2666 cﬂ‘ulget.
1524 2631 1609 2659 altera
1635 2627 1809 2656 contumeliis

1025 2680 1143 2708 obnoxia
1158 2684 1210 2706 est.
1227 2679 1313 2706 Porro
1334 2677 1453 2704 Verbum
1470 2686 1502 2704 ea
1527 2677 1578 2704 sibi
1596 2684 1656 2711 quae
1675 2680 1739 2703 sunt
1765 2675 1811 2702 ho-

1028 2725 1118 2753 minis'
1132 2724 1264 2756 assumit,
1286 2723 1418 2759 quasique
1440 2723 1588 2750 domestica
1620 2723 1693 2750 facit.
1726 2722 1809 2756 Ipsius

1063 2816 1117 2852 (’26)
1132 2815 1166 2843 Et
1178 2815 1234 2842 haec
1247 2815 1348 2849 omnia,
1363 2822 1448 2850 usque
1460 2813 1492 2840 ad
1510 2812 1668 2840 clausulam.
