1949 3073
111 173 179 206 1209
724 181 922 210 THESAURI

108 230 182 258 enim
203 234 267 257 sunt
290 238 340 263 ea,
369 239 430 266 qute
457 232 491 259 ad
524 235 645 260 sanctam
682 234 743 269 ejus
783 237 930 262 carnemA

109 275 263 308 pertinent,
284 283 450 311 carnemque
474 284 591 311 eorum,
616 286 676 312 quae
706 279 816 313 propria
840 279 893 305 sibi

111 325 185 353 sunt,
203 326 303 348 mutuae
319 323 550 356 eompensationis
565 323 646 350 modo
672 328 699 351 et
716 329 817 351 mutua:
834 332 895 359 par-

111 365 179 392 tium
195 364 351 398 aﬂlnitatis,
374 367 605 403 hypostatieazque
628 368 830 404 conjunctionis
851 375 896 394 ra—

112 410 196 443 tione,
213 412 372 446 participem
386 413 460 440 facit.
481 413 583 441 Adbzec
598 414 662 448 quia
679 421 750 441 unus
769 413 896 447 idemque

112 456 135 483 is
157 461 227 489 erat,
251 458 297 492 qui
316 458 408 485 divina
427 462 455 486 et
480 459 597 486 humana
622 459 649 486 in
676 464 792 494 utraque
809 458 896 485 ferma

111 501 277 536 operabatur
302 510 363 530 cum
388 503 502 530 alterius
527 504 732 531 communione.
761 503 897 536 Quocirca

69 564 93 581 κ
113 547 246 575 Dominus
265 555 374 583 quoque
400 549 491 583 gloriae
515 548 663 576 cruciﬁxus
685 556 746 576 esse
773 548 874 576 dicitur
889 567 897 579 ,

113 593 240 628 quamvis
254 594 346 621 divina
366 594 425 628 ejus
441 599 539 621 natura
558 602 636 629 passa
653 602 711 627 non
728 594 775 621 sit.
800 593 898 620 Filium

94 649 99 658 ί
115 644 179 666 item
197 639 317 666 hominis
333 644 396 667 ante
417 640 571 674 passionem
598 639 625 667 in
648 640 719 667 c0310
735 639 820 666 fuisse
834 645 900 666 con-

94 678 178 716 ‘stat,
205 689 233 711 ut
254 684 386 712 Dominus
413 685 473 719 ipse
491 685 608 713 dicebat.
628 685 703 713 Unus
716 685 790 712 enim
814 684 902 712 idem-

115 735 168 763 que
189 729 281 764 gloriae
301 729 431 756 Dominus
444 730 466 757 is
480 735 550 763 erat,
571 730 617 765 qui
631 734 729 757 natura
749 733 777 757 et
790 737 820 756 re
835 735 900 755 vera

115 773 200 800 Filius
228 773 363 804 hominis,
387 781 435 801 seu
458 775 539 802 homo
562 775 651 802 factus
676 775 765 802 fuerat
789 784 796 801 :
819 781 901 809 atque

115 818 247 845 miracula
261 819 320 853 ejus
337 817 532 853 passionesque
546 826 599 845 non
615 819 791 853 ignoramus,
802 824 900 852 quam-

115 864 157 891 vis
172 864 225 891 alia
238 864 345 891 ratione
371 864 501 891 miracula
514 864 619 896 ederet,
636 864 687 892 alia
711 864 775 892 item
796 864 901 899 passio-

116 908 197 935 nibus
212 908 345 935 obnoxius
360 913 443 935 esset.
460 907 497 936 Ut
509 909 583 936 enim
599 916 679 935 unam
695 908 755 944 ejus
773 908 902 943 hyposta-
916 898 940 928 Β

117 952 176 983 sin,
202 953 237 980 ita
265 957 292 980 et
322 953 496 980 essentialem
527 957 688 980 naturarum
719 953 903 980 diﬁ‘erentiam

118 998 220 1026 servari
235 998 372 1025 novimus.
395 999 454 1026 Jam
477 999 522 1034 qui
549 999 609 1026 ﬁeri
632 1003 733 1034 potest,
756 1003 787 1026 ut
807 1006 903 1026 essen-

119 1044 190 1071 tialis
207 1043 362 1071 diﬂerentia
377 1050 485 1072 servata
499 1044 545 1077 sit,
560 1045 614 1072 nisi
629 1053 661 1073 ea
673 1053 783 1080 quoque
794 1048 903 1072 servata

118 1091 189 1121 sint,
216 1097 277 1125 quae
303 1090 375 1117 inter
401 1097 430 1117 se
454 1094 549 1117 mutuo
569 1090 720 1118 ditl‘erunt?
745 1090 904 1126 Diﬂ'erentia

118 1135 190 1162 enim
209 1142 305 1162 eorum
324 1143 385 1169 qua:
403 1135 536 1162 differunt
558 1134 713 1163 differentia
735 1140 786 1163 est.
802 1134 903 1162 Eadem

119 1181 202 1215 igitur
217 1181 339 1214 ratione,
357 1189 409 1215 qua
431 1181 532 1209 Christi
557 1186 661 1208 naturae
680 1181 751 1208 inter
771 1189 801 1208 se
825 1180 906 1207 diffe-

118 1231 199 1258 runt,
226 1227 278 1254 hoc
301 1232 343 1254 est
365 1227 492 1255 essentia:
524 1228 647 1260 ratione,
674 1228 763 1262 ipsum
794 1234 905 1262 quoque

118 1278 179 1299 eum
193 1272 321 1299 extremis
335 1272 482 1299 convenire
492 1294 500 1306 ,
518 1272 662 1300 divinitate
672 1292 679 1304 ,
695 1273 805 1307 inquam
817 1293 823 1305 ,
842 1279 905 1299 eum

118 1316 198 1344 Patre
212 1321 239 1344 et
256 1317 359 1351 Spiritu
377 1325 383 1344 :
398 1317 566 1345 humanitate
577 1337 585 1350 ,
598 1325 663 1345 vero
689 1326 752 1345 cum
772 1318 858 1345 Matre
877 1322 906 1344 et

118 1362 198 1390 nobis
212 1364 367 1390 asserimus.
385 1363 444 1398 Ipse
457 1364 530 1391 enim
542 1364 616 1391 Patri
634 1368 662 1391 et
678 1362 793 1399 Spirilui
810 1368 906 1390 sancto

119 1407 271 1435 divinitatis
289 1409 394 1436 ratione
411 1409 651 1437 consubstantialis
676 1414 736 1442 est,
758 1409 837 1436 Matri
857 1417 906 1436 au-

120 1457 174 1480 tem
195 1458 224 1480 et.
252 1455 359 1481 cunctis
379 1454 554 1487 hominibus,
581 1455 688 1482 ratione
715 1455 904 1482 humanitatis.

117 1500 176 1532 Qua
190 1504 282 1528 autem
296 1502 402 1527 ratione
415 1505 520 1528 naturae
534 1501 593 1535 ejus
613 1501 791 1533 conveniunt,
807 1500 904 1528 eadem

118 1545 208 1580 ipsum
232 1553 341 1581 quoque
367 1545 478 1574 differre
503 1546 632 1578 dicimus,
653 1552 709 1574 tum
732 1555 746 1574 a
772 1547 853 1574 Patre
877 1553 906 1575 et

119 1591 222 1626 Spiritu
240 1596 350 1624 sancto,
365 1597 422 1619 tum
437 1600 452 1619 a
465 1592 548 1620 Matre
564 1597 591 1621 et
611 1594 717 1622 caeteris
732 1594 902 1622 hominibus.

119 1637 292 1664 Conveniunt
321 1637 394 1664 enim
417 1638 477 1673 ejus
510 1643 616 1666 natura!
647 1647 696 1673 per
724 1640 902 1675 hypOslasin,

119 1689 181 1709 cum
198 1691 249 1710 una
268 1683 406 1718 hypostasi
423 1684 572 1719 composita
594 1689 734 1717 constent,
751 1685 902 1713 secundum

119 1737 200 1763 quam
216 1733 272 1756 tum
288 1737 302 1756 a
317 1730 395 1758 Patre
408 1735 435 1757 et
452 1729 566 1765 Spiritu,
585 1734 642 1757 tum
658 1738 672 1757 a
687 1730 770 1758 Matre
783 1736 810 1758 ct
823 1731 903 1759 nobis

120 1774 187 1808 ipsis
203 1774 306 1802 diﬂ'crt.

440 1846 515 1874 CAP.
542 1848 585 1874 iV.

121 1900 217 1937 Cap’ta
233 1901 354 1936 quwdam
373 1909 484 1936 quorum
505 1904 617 1937 cognitio
633 1905 664 1930 iis
686 1904 834 1930 necessaria
855 1908 904 1934 est,

156 1936 201 1970 qui
217 1941 346 1971 quantum
362 1938 429 1964 ratio
447 1936 548 1971 patitur
563 1939 680 1966 humana
694 1958 700 1969 ,
723 1938 797 1965 Verbi
818 1939 906 1964 incar-

155 1972 212 1998 nati
224 1972 378 2008 mysterium
395 1980 548 2007 cognoscere
561 1975 679 2008 cupiunt.
702 1972 740 2000 De
748 1973 907 2008 euhyposta-

156 2011 183 2033 to
193 2027 200 2039 ,
223 2007 423 2042 heteropostato,
439 2013 463 2034 ct
478 2008 620 2043 ltypostast'.

157 2062 373 2104 Enhypostatum
384 2063 436 2092 hoc
449 2069 491 2092 est
509 2065 535 2092 id
547 2065 620 2100 quod
639 2074 686 2100 per
709 2075 738 2094 se
759 2073 864 2102 suaque
879 2067 905 2093 vi

123 2109 263 2143 subsistit,
280 2110 307 2136 in
325 2111 483 2138 universum
507 2119 557 2146 pro
572 2112 646 2139 omni
668 2112 845 2140 subsistentia
860 2120 908 2140 ca-

124 2153 214 2188 pitur,
241 2162 390 2189 corporea,
416 2157 546 2190 inquam,
572 2160 599 2183 et
620 2157 802 2192 incorporea,
826 2163 908 2192 prout

124 2198 196 2226 ferre
211 2203 299 2233 potest
320 2209 327 2227 :
345 2208 400 2235 quo
419 2201 445 2228 in
462 2201 614 2236 signiﬁcatu
630 2203 707 2229 color
728 2211 839 2238 quoque
863 2211 908 2230 es-

124 2245 211 2272 sentia
234 2253 283 2280 per
303 2253 332 2274 se
357 2247 510 2275 subsistens
534 2247 588 2275 dici
609 2253 714 2283 queat:
731 2257 794 2276 cum
820 2253 910 2277 tamen

125 2292 235 2326 proprie
254 2293 330 2320 color
345 2294 381 2321 sit
403 2294 637 2329 heteropostaton.
665 2296 717 2322 hoc
740 2300 783 2323 est
805 2303 847 2323 res
863 2303 910 2330 per

125 2338 207 2365 alium
222 2338 375 2367 subsistens
391 2347 398 2366 :
419 2340 529 2374 propria
544 2340 617 2367 enim
631 2341 810 2368 subsistentia
822 2345 908 2373 caret,

126 2384 173 2410 sed
197 2385 303 2419 corpori
331 2390 461 2421 tanquam
480 2386 602 2421 subjecto
632 2387 757 2414 inhaeret.
785 2387 909 2415 Essentia

126 2435 193 2455 vero
211 2430 320 2464 proprie
337 2431 491 2466 hypostasis
506 2436 557 2464 est,
580 2439 629 2459 seu
647 2433 840 2466 subsistentia,
856 2441 911 2461 non

127 2480 217 2501 autem
233 2476 453 2511 euhypostatum.
469 2477 590 2506 Abusive
613 2483 703 2506 tamen
730 2479 788 2507 haec
804 2487 914 2515 quoque

126 2524 284 2555 enypostata
293 2521 432 2550 dicuntur.
443 2523 659 2559 Enhyposlalum
669 2529 800 2560 pratterea
811 2526 912 2554 dicitur

126 2562 209 2589 homo
235 2563 416 2597 universalis,
436 2567 508 2600 quod
530 2569 637 2596 externi
662 2569 817 2605 philosophi
841 2569 911 2603 εἶδος

126 2608 307 2642 εἰδικώτατον,
326 2610 375 2637 hoc
388 2616 431 2638 est
444 2613 561 2646 speciem
570 2615 795 2648 specialissimam
807 2624 855 2644 seu
870 2617 911 2644 in-

127 2654 217 2682 ﬁmatn
255 2660 362 2683 vocant.
400 2656 613 2692 Enhypostatum
635 2666 726 2688 autem
751 2662 913 2690 universalis

126 2699 210 2727 homo
225 2699 338 2731 dicitur,
352 2705 480 2736 tanquam
498 2702 525 2728 in
542 2703 735 2738 hypostasibus
751 2705 911 2733 considera-

127 2751 181 2778 tus,
212 2751 241 2773 ut
266 2747 292 2773 in
319 2747 399 2774 Petro
421 2751 449 2774 et
473 2749 581 2776 caeteris
607 2749 765 2779 hominibus
785 2752 910 2787 singulis.

129 2791 278 2828 llaecporro
289 2793 340 2824 tria
356 2794 528 2830 enhypostati
540 2795 690 2830 signiﬁcata
705 2799 910 2833 citrainaguam

927 2242 949 2270 D

164 2886 218 2922 (‘27)
233 2887 334 2916 Contra
351 2889 504 2923 Origenem.

945 181 1019 212 LIB.
1043 183 1102 213 Ιῐῐ.
1664 181 1733 217 127.10

945 234 1132 263 diﬁicultatem
1169 235 1406 271 comprehendas,
1435 236 1470 264 de
1505 242 1604 272 quarto
1642 242 1733 265 autem

945 280 1019 314 quod
1038 280 1176 309 difﬁcilius
1190 286 1242 315 est,
1257 283 1312 317 jam
1325 281 1472 310 dicendum
1489 283 1628 315 nobisest.
1645 283 1736 318 Euhy-

947 331 1085 362 postatum
1102 328 1128 355 id
1144 332 1196 359 est,
1212 329 1284 363 quod
1301 336 1364 356 cum
1379 328 1433 356 alio
1452 329 1570 356 essentia
1579 329 1687 356 diverso
1702 329 1746 358 ad,

947 373 1030 400 unius
1054 373 1280 401 constitutionem
1306 381 1439 408 personae,
1459 375 1599 408 uniusque
1622 382 1737 409 genera-

948 418 1050 446 tionem
1065 419 1256 455 hypostaseos,
1270 419 1458 454 componitur,
1477 424 1505 447 et
1523 427 1576 447 una
1587 419 1714 447 subsistit
1728 428 1735 447 :

947 472 1002 491 non
1018 470 1120 496 autem,
1138 471 1186 499 per
1198 472 1227 492 se
1250 466 1437 500 cognoscitur.
1463 465 1636 493 Attendenda
1653 473 1734 500 porro

948 509 1061 537 csthaec
1075 509 1249 544 enhypostati
1264 510 1400 538 deﬁnitio.
1425 510 1524 538 Sancta
1547 511 1667 538 Ecclesia
1690 518 1733 537 ca-

951 555 1050 583 tholica
1075 555 1103 582 in
1127 555 1333 590 dispensatione
1356 556 1552 584 incarnationis
1572 564 1653 583 unam
1687 557 1738 591 hy-

949 601 1081 636 postasin,
1100 600 1222 635 duasque
1239 605 1353 628 naturas
1377 601 1521 636 proﬁtetur
1549 610 1557 628 :
1579 602 1738 637 hypostasin

950 646 1061 681 quidem
1074 667 1082 679 ,
1098 647 1270 673 incarnatum
1295 647 1412 678 Filium,
1430 651 1544 674 naturas
1560 654 1624 673 vero
1640 646 1740 673 divini—

952 697 1036 720 tatem
1062 697 1089 720 et
1110 692 1321 720 humanitatem.
1344 693 1451 727 Corpus
1478 693 1572 728 itaque
1597 693 1686 720 anima
1713 697 1741 719 et

953 745 1044 764 mente
1068 737 1224 772 prmditum,
1246 745 1259 764 a
1281 737 1398 764 Domino
1421 741 1517 765 nostro
1539 737 1603 764 Jcsu
1630 736 1744 764 Christo

952 787 1142 816 assumptum,
1166 782 1326 817 hypostasin
1350 782 1462 809 minime
1480 786 1561 809 vocat
1585 790 1592 808 :
1618 789 1652 808 ne
1673 782 1742 808 duas

953 829 1113 863 ltypostases
1136 828 1248 858 dicere,
1274 827 1450 861 Ncstoriique
1475 827 1649 862 nugamentis
1675 827 1743 854 sub-

953 874 1074 902 scribere
1095 872 1315 910 deprehendatur
1331 881 1337 899 :
1353 873 1401 899 sed
1419 873 1629 907 euhypostatum
1654 873 1745 899 nomi—

953 926 1017 954 nat,
1038 920 1076 952 ὡς
1093 921 1121 946 ὲν
1145 921 1176 954 τῇ
1191 918 1238 945 τοῦ
1254 919 1320 945 Υἱοῦ
1345 918 1496 945 ὑποστάσει
1510 918 1540 944 τὸ
1562 916 1632 944 εἶναι
1649 918 1744 949 λαϐὴν,

955 967 1008 994 hoc
1023 966 1143 1001 estquia
1157 965 1184 992 in
1201 964 1264 992 Filii
1275 964 1414 999 hypostasi
1431 964 1581 991 essentiam
1605 963 1741 990 habuerit.

955 1012 1097 1048 Siquidem
1111 1011 1238 1040 Christus
1251 1011 1309 1046 ipse
1322 1031 1329 1043 ,
1343 1018 1405 1038 cum
1420 1018 1472 1037 una
1485 1015 1557 1038 esset
1579 1009 1743 1045 hypostasis,

954 1059 1010 1086 imo
1021 1065 1099 1090 vero,
1115 1062 1146 1085 ut
1163 1057 1285 1092 apertius
1297 1057 1385 1084 dicam
1396 1076 1404 1089 ,
1422 1057 1479 1091 ipse
1501 1056 1548 1083 Dei
1560 1055 1656 1089 Filius,
1682 1064 1744 1083 cum

956 1112 1009 1133 una
1025 1108 1126 1132 sanch
1150 1103 1293 1130 Trinitatis
1311 1103 1464 1137 hypostasis
1481 1106 1564 1135 esset,
1581 1102 1632 1129 fuit
1643 1106 1672 1129 et
1683 1109 1744 1128 cur-

956 1149 1015 1184 p0ri
1043 1149 1116 1184 quod
1139 1149 1287 1183 assumpsit
1317 1147 1482 1183 hypostasis.
1517 1147 1609 1182 Itaque
1644 1154 1745 1182 corpus

955 1194 1061 1222 Domini
1075 1194 1274 1230 enhypostaton
1288 1194 1398 1228 quidem
1410 1198 1469 1227 est,
1487 1193 1643 1228 hypostasis
1667 1200 1744 1225 vero,

958 1241 1083 1269 minime.

1291 1295 1366 1323 CAP.
1388 1295 1420 1323 V.

956 1342 995 1369 De
1006 1342 1173 1373 homoousit‘s,
1187 1349 1233 1368 seu
1243 1342 1286 1374 iis,
1300 1349 1358 1376 qua:
1374 1345 1434 1367 sunt
1447 1340 1565 1375 ejusdem
1577 1339 1743 1366 substantia.

993 1398 1168 1430 Homoousia,
1187 1398 1239 1425 hoc
1262 1401 1305 1424 est
1322 1396 1585 1428 eonsubstantialia,
1605 1403 1637 1423 ca
1660 1400 1746 1428 sunt,

957 1452 1128 1480 quaecunque
1142 1443 1336 1480 hypostasibus
1350 1443 1460 1478 quidem
1485 1450 1500 1469 a
1523 1449 1552 1469 se
1569 1446 1666 1469 mutuo
1679 1442 1749 1468 diri-

957 1495 1086 1524 muntur,
1104 1491 1223 1518 essentia
1249 1497 1314 1517 vero
1340 1489 1554 1524 conjunguntur.
1586 1487 1621 1515 Ut
1644 1495 1695 1523 ego
1719 1491 1748 1514 et

958 1541 987 1564 ιιι
1000 1541 1028 1564 et
1042 1543 1138 1564 omnes
1152 1535 1250 1570 singuli
1266 1535 1391 1563 homines
1402 1536 1562 1571 hypostases
1578 1535 1747 1562 homoousite

958 1589 1071 1614 sumus,
1102 1582 1154 1609 hoc
1186 1587 1227 1608 est
1265 1581 1387 1616 ejusdem
1421 1581 1547 1608 essentia
1586 1580 1747 1616 participes.

960 1627 1042 1655 Pater
1058 1627 1149 1662 itaque
1174 1632 1202 1654 et
1227 1626 1323 1659 Filius,
1341 1631 1369 1654 et
1385 1626 1506 1661 Spiritus
1526 1630 1637 1654 sanctus
1663 1626 1750 1661 hypo-

960 1673 1080 1702 stasibus
1110 1673 1221 1707 quidem
1245 1672 1407 1700 dividuntur
1434 1672 1527 1707 (alius
1549 1673 1624 1699 enim
1647 1672 1752 1704 Pater,

961 1720 1032 1748 alius
1045 1720 1109 1746 item
1128 1718 1230 1751 Filius,
1250 1718 1320 1745 alius
1335 1717 1453 1752 denique
1469 1717 1594 1751 Spiritus
1618 1719 1750 1751 sanctus)

961 1764 1080 1792 essentia
1096 1771 1160 1790 vero
1183 1763 1396 1798 conjunguntur.
1418 1762 1481 1789 Usia
1502 1769 1605 1792 autem,
1631 1769 1692 1794 seu,
1708 1769 1751 1788 cs-

963 1810 1068 1842 sentia,
1085 1809 1239 1836 communis
1253 1813 1295 1836 est
1312 1809 1494 1843 liypostaseon
1512 1809 1598 1839 ratio,
1618 1809 1675 1835 sive
1692 1816 1749 1834 una

963 1855 1103 1887 divinitas,
1122 1854 1287 1882 unalorma.
1305 1854 1386 1882 Pater
1399 1863 1464 1890 ergo
1479 1860 1508 1883 et
1525 1855 1610 1882 Filius
1623 1875 1629 1887 ,
1646 1859 1673 1882 et
1690 1854 1756 1889 Spi-

964 1902 1033 1929 ritus
1053 1906 1181 1934 sanctus,
1209 1908 1253 1928 res
1274 1906 1338 1928 sunt
1359 1901 1482 1936 ejusdem
1511 1902 1638 1929 essentia:
1653 1911 1659 1928 :
1677 1901 1753 1935 quod

965 1948 1047 1976 unius
1063 1947 1118 1975 sint
1137 1951 1164 1974 et
1180 1947 1308 1986 ejusdem_
1330 1948 1456 1975 essentite
1480 1948 1627 1983 participes
1644 1957 1649 1974 :
1667 1948 1752 1982 hypo-

964 1991 1083 2019 stasibus
1097 1996 1199 2024 autem,
1212 1991 1271 2018 sive
1286 1992 1421 2026 personis,
1440 1997 1468 2020 ut.
1482 1992 1585 2020 dictutn
1602 1996 1654 2024 est,
1682 1991 1758 2018 divi-

965 2037 1088 2069 duntur,
1106 2041 1135 2064 at
1149 2037 1286 2070 essentia,
1304 2037 1361 2065 sive
1385 2042 1493 2071 natura,
1517 2038 1720 2073 conjunguntur
1744 2045 1757 2063 τ

964 2083 1053 2118 'eaque
1081 2083 1116 2111 de
1141 2091 1223 2110 causa
1252 2084 1382 2118 ὁμοψυεῖς
1411 2085 1534 2120 ejusdem
1566 2088 1687 2115 naturae,
1725 2088 1757 2110 es

965 2129 1103 2164 ὀμοούσιοι
1118 2129 1241 2164 ejusdem
1261 2131 1398 2162 essentia,
1413 2131 1563 2166 participes
1576 2130 1715 2158 dicuntur.

1283 2197 1361 2225 CAP.
1379 2197 1424 2225 Vl.

967 2250 1004 2278 De
1022 2249 1252 2288 Homoltypostatis
1263 2272 1269 2283 ,
1290 2252 1337 2278 hoc
1351 2258 1389 2279 est
1405 2253 1436 2279 iis
1449 2273 1456 2283 ,
1471 2260 1530 2287 qum
1553 2257 1615 2280 sunt
1636 2252 1758 2288 ejusdem

1143 2287 1311 2321 [typostaseos
1327 2295 1373 2314 seu
1392 2287 1576 2314 aubsisteutt’w.

1001 2341 1251 2377 Homohypostata,
1279 2342 1332 2370 hoe
1360 2348 1402 2370 est
1428 2343 1759 2376 consubsistentialia,em

964 2388 1110 2421 dicuntur,
1139 2395 1310 2423 quaecunque
1334 2389 1406 2417 inter
1426 2397 1455 2417 se
1480 2390 1601 2417 essentia
1639 2389 1757 2425 quidem:

963 2434 1105 2465 diﬂ'erunt,
1130 2434 1157 2461 in
1178 2442 1259 2461 unam
1282 2439 1372 2462 autem
1393 2441 1421 2463 et
1443 2437 1568 2464 eamdem
1592 2437 1752 2472 ltypostasi‘n

962 2479 1034 2506 inter
1049 2486 1078 2506 se
1090 2484 1313 2514 componuntur:
1331 2485 1361 2508 ut
1373 2488 1423 2516 ego
1442 2485 1470 2508 et
1491 2486 1534 2513 tu,
1551 2486 1580 2508 et
1605 2480 1757 2514 unusquis-

961 2531 1015 2558 que
1040 2528 1166 2551 nostrum
1191 2524 1284 2552 anima
1313 2529 1341 2552 et
1368 2533 1484 2560 corpore
1510 2529 1679 2552 constamus.
1706 2524 1759 2551 Har

961 2577 1046 2604 porro
1070 2574 1180 2604 partes,
1202 2571 1294 2598 anima
1319 2576 1348 2598 et
1372 2579 1472 2606 corpus
1495 2571 1613 2598 essentia
1640 2570 1751 2605 quidem

963 2614 1078 2644 diversm
1105 2620 1169 2644 sunt
1187 2626 1193 2644 :
1210 2617 1280 2652 (alia
1307 2617 1380 2644 enim
1402 2617 1519 2649 animm,
1547 2617 1599 2643 alia
1628 2615 1759 2647 corporis

961 2662 1081 2690 essentia
1095 2670 1148 2690 est.
1162 2662 1171 2698 )
1184 2663 1423 2698 llomohypostatae
1434 2670 1510 2694 vero,
1536 2670 1584 2690 seu
1602 2662 1755 2689 subsisten—

964 2709 1008 2736 tia:
1022 2708 1155 2742 ejusdem,
1172 2708 1322 2737 secundum
1338 2709 1550 2736 christianortnn
1569 2709 1678 2743 placita.
1698 2708 1754 2736 Nec

964 2754 1037 2781 enim
1053 2755 1144 2782 anima
1157 2755 1217 2789 ipso
1231 2762 1347 2788 corpore
1361 2754 1500 2788 antiquior
1513 2774 1519 2786 ,
1539 2762 1628 2789 neque
1653 2762 1753 2788 corpus

965 2807 1023 2828 esse
1039 2804 1182 2835 coeperunt
1197 2800 1264 2835 (‘27).
1285 2800 1459 2834 Quaecunque
1476 2808 1541 2835 ergo
1561 2799 1676 2828 essentia
1693 2800 1759 2834 qniv
