1949 3073
77 204 149 238 1213

698 195 895 227 THESAUBI
917 195 990 226 LIB.
1013 196 1074 225 ΙΙΙ.

1626 186 1695 218 Ωιι

114 261 215 288 Natura
228 266 294 286 vero
307 262 452 285 esteorum
464 262 525 290 qua:
540 257 603 280 sunt
615 257 706 279 motus
718 256 746 278 et
761 249 862 285 quietis
877 252 897 278 Α
914 255 1004 277 autem
1020 250 1139 277 essentia
1154 253 1181 276 et
1203 256 1299 284 genus.
1318 247 1346 274 Si
1368 255 1432 282 ergo
1456 246 1550 273 dicas:
1565 243 1697 272 Divinitns

77 305 257 342 principium,
275 304 301 329 in
322 302 421 336 quibus
436 301 553 336 primum
572 299 642 326 inest
670 305 717 332 per
741 304 780 326 se,
805 303 858 321 non

77 341 129 386 per
143 349 280 377 accidens.
292 346 374 375 Verbi
389 347 474 381 gratia
492 350 616 372 naturam
631 349 760 370 vocamus
779 341 859 373 quie-

79 401 137 423 tem
150 401 178 422 et
193 399 295 421 motum
311 401 372 427 qua:
388 391 524 419 essentiali
543 390 648 417 ratione
661 393 741 415 terrae
756 388 862 419 insunt,

77 448 131 468 nec
150 440 176 467 id
194 439 275 466 ullius
293 445 382 465 causae
397 436 521 464 beneﬁcii
542 435 576 462 ad
590 441 701 469 germen
724 437 751 460 et
775 432 859 459 ictum

78 486 166 513 rebus
193 484 367 512 ttaturalibus
391 481 572 517 suggerenda.
599 479 751 506 Dcductum
777 483 861 512 porro

79 530 188 565 φύσεως
203 537 250 556 seu
270 533 374 555 naturae
386 534 485 554 nomen
505 530 556 555 est.
571 524 647 558 παρὰ
663 523 693 550 τὸ
709 521 862 556 πεφυκέναι

78 577 221 603 τουτέστιν
240 575 383 608 ὑπάρχειν,
397 573 449 600 hoc
464 577 506 599 est
525 572 559 598 ab
572 578 605 597 eo
618 569 690 605 quod
706 569 752 595 sit.
769 568 863 601 Itaque

78 621 176 651 οὐσίας
193 620 238 646 καὶ
254 620 363 653 φύσεως
379 619 430 645 hoc
448 623 489 644 est
502 617 628 644 essentia;
646 619 674 642 et
689 618 794 641 naturae
812 620 864 639 no-

80 667 187 693 minum
203 667 298 692 eadem
317 663 481 698 significatio
494 667 547 695 est,
571 668 688 696 quorum
704 659 771 686 illud
788 658 864 692 παρὰ

79 711 113 737 τὸ
130 709 199 736 εἶναι
219 718 289 741 esse,
309 710 360 736 hoc
376 716 441 736 vero
457 707 532 742 παρὰ
547 707 578 732 τδ
591 706 742 739 πεφυκέναι
756 705 807 731 hoc
823 706 865 729 est

81 761 182 783 natura
197 757 234 783 ita
248 759 436 790 comparatum
453 762 524 786 esse,
534 752 689 780 deducitur.
706 749 865 786 llypostasis

82 805 174 828 autem
192 809 235 828 res
252 805 295 828 est
310 801 464 827 subsistens
475 804 503 826 et
515 798 678 828 essentialis,
693 797 719 823 in
737 804 789 832 qtta
803 796 866 830 qui-

82 847 147 874 dem
173 846 355 873 accidentium
379 845 570 875 coacervatio,
602 849 730 878 tanquam
756 849 811 868 uno
836 840 863 866 in

915 301 1038 323 nostrum
1062 296 1185 322 omnium
1214 299 1306 322 custos
1334 299 1392 324 est,
1421 298 1503 320 totam
1531 291 1695 318 Trinitatem

914 345 1035 368 sanctam
1050 339 1226 374 signiﬁcasti:
1242 340 1263 365 si
1283 346 1347 365 vero
1371 339 1461 364 dicas:
1477 337 1623 363 Vobiscum
1655 334 1698 359 Fi-

914 386 968 413 lius
983 386 1040 417 Dei,
1054 393 1086 412 ex
1101 385 1188 411 tribus
1202 383 1395 418 hyposlasibus
1409 390 1489 409 nnatn
1507 379 1700 413 totamquedi—

915 433 1058 460 vinitatcm
1084 429 1277 465 pronuntiasti.
1306 429 1370 454 litec
1393 433 1525 462 praeterea
1548 426 1582 451 dc
1604 424 1699 450 iisdem

916 478 1019 505 audito.
1031 476 1175 507 Divinilas,
1190 483 1253 502 ecce
1263 474 1499 504 communitatem,
1511 477 1539 498 et
1548 471 1700 497 absolutam

916 523 1113 558 pertectionem
1148 521 1283 547 essentne.
1318 519 1481 548 Paternitas,
1517 524 1580 543 cccc
1605 522 1699 549 perso-

917 577 979 597 nam
996 576 1044 595 seu
1071 566 1239 603 ltypostasim
1255 572 1346 591 unam.
1370 564 1513 594 Filialitas,
1531 568 1595 587 ecce
1620 559 1700 585 aliam

918 614 1086 650 ltypostasin.
1104 612 1223 646 Spiritus
1251 613 1372 640 sanctus,
1400 615 1464 635 ecce
1492 607 1583 633 aliam.
1615 604 1702 630 Caete-

918 647 977 687 rum
993 664 1050 686 tres
1067 657 1242 692 ltypostaticze
1261 655 1445 689 proprietates
1461 656 1526 678 sunt
1550 651 1576 676 in
1603 647 1704 675 divini-

917 710 991 733 tate:
1013 704 1164 738 ingenitum
1187 702 1284 730 Patris.
1309 700 1431 735 genitum
1463 697 1534 726 Filii.
1563 693 1704 730 processio

918 751 1036 786 Spiritus
1051 748 1149 776 sancti.
1172 747 1228 774 Nec
1252 746 1324 773 enim
1353 744 1461 779 genitus
1487 747 1529 770 est
1545 742 1634 771 Pater,
1652 746 1704 766 nec

917 795 1069 832 procedens
1084 793 1182 825 Filius,
1193 800 1244 819 nec
1259 791 1369 825 genitus
1383 789 1501 824 Spiritus
1516 791 1637 814 sanctus.

1232 847 1308 875 CAP.
1323 845 1393 872 XVI.

82 893 209 928 subjecto
226 900 321 927 reapse
335 896 452 926 actuque
470 890 605 918 subsistit.
620 890 769 925 Πρᾶσωπον
785 895 863 918 vero,

927 898 1056 935 Synopsia,
1083 905 1128 923 seu
1154 893 1349 935 compendium,
1361 889 1508 935 "(termodol
1518 886 1704 935 Jtivrtﬁéu'ztoc,

83 947 132 966 seu
159 947 286 973 persona,
309 939 335 965 id
356 943 408 969 est,
426 938 499 973 quod
526 937 645 972 propriis
670 934 824 962 actionibus
840 936 869 960 et.

84 984 302 1019 proprietatibus
327 988 429 1011 certam
446 988 474 1010 et
489 983 627 1010 deﬁnitam
643 989 737 1008 eorum
755 987 816 1014 qua:
830 985 870 1006 se-

85 1037 148 1057 cum
163 1029 284 1064 eiusdem
301 1035 365 1057 sunt
379 1029 506 1057 essentia:
523 1028 690 1056 evidentiattt
707 1026 829 1054 exhibet.

359 1094 435 1121 CAP.
451 1092 595 1120 XIII—XIV.

91 1139 278 1167 Ecclesiastica
294 1145 397 1166 natum
418 1139 546 1172 deﬁnitio.
577 1138 646 1170 Quid
671 1136 826 1164 Severianus
843 1137 870 1163 in

336 1183 451 1201 errorem
468 1173 626 1208 propulerit.

124 1230 227 1257 Natura
242 1230 307 1257 item
325 1238 358 1257 ex
373 1231 506 1257 sententia
520 1229 658 1261 Ecclesiae,
672 1236 736 1257 vera
749 1229 789 1256 rei
806 1229 871 1256 sub-

93 1276 220 1303 sistentia
238 1281 288 1303 est.
309 1275 342 1303 Ut
357 1281 449 1304 autem
462 1275 623 1303 Aristoteles
637 1280 665 1303 et
679 1276 768 1302 cancri
785 1274 870 1302 Graeci

92 1327 225 1350 auctores
240 1327 316 1354 sunt,
330 1323 421 1350 multis
435 1323 524 1350 modis
536 1327 632 1350 natura
648 1322 796 1354 deﬁnitur;
811 1322 873 1355 qui-

89 1368 142 1395 bus
154 1368 264 1403 quidem
278 1369 487 1396 deﬁnitionibus
494 1368 558 1395 dum
571 1367 873 1401 accuratiusvinhtercnt

91 1412 232 1440 Severiaui
247 1414 274 1440 in
288 1422 412 1441 errorem
426 1413 546 1448 prolapsi
570 1417 644 1439 sunt.
666 1412 807 1446 Siquidem
825 1419 874 1438 na-

93 1465 165 1492 tura,
180 1465 211 1487 ut
227 1460 256 1486 B.
271 1460 401 1494 Apostolo
418 1460 517 1494 placet,
532 1466 624 1490 omne,
638 1459 664 1485 id
684 1462 738 1490 est,
754 1457 826 1492 quod
843 1465 873 1483 re

92 1513 158 1532 vera
174 1510 225 1532 est.
242 1505 372 1539 Apertius
384 1504 514 1539 deinceps
529 1504 556 1530 id
569 1503 776 1538 explicabimus.
789 1503 874 1530 Natu-

92 1557 151 1576 ram
166 1555 247 1577 vocat
260 1551 380 1578 Ecclesia
395 1558 490 1577 eorum
506 1558 566 1584 quae
578 1554 641 1577 sunt
659 1549 812 1581 veritatem,
825 1556 873 1575 seu

93 1595 120 1622 id
135 1597 207 1630 quod
221 1597 261 1624 eis
284 1596 363 1623 inest.
386 1597 467 1631 φύσις
488 1601 580 1623 autem
605 1596 676 1623 dicta
699 1599 751 1625 est.
775 1595 819 1622 διὰ
843 1594 874 1620 τὸ

93 1641 246 1674 ’πεφύκεναι
261 1643 306 1668 καὶ
318 1641 400 1674 εἶναι,
416 1642 488 1676 qttod
506 1643 542 1669 ita
559 1646 713 1676 comparata
730 1645 781 1673 est,
795 1645 824 1667 ut
839 1640 875 1666 sit

93 1687 323 1721 quemadtnodum
340 1688 419 1715 οὐσία
435 1689 450 1723 ἡ
469 1688 547 1720 οὖσα,
564 1689 680 1715 essentia
696 1694 757 1721 qum
777 1691 829 1718 est,
847 1686 875 1714 in

94 1735 210 1761 veritate
229 1735 413 1769 cognoscitur.
433 1735 548 1767 Natura,
569 1735 698 1765 essentia,
720 1735 763 1768 id,
778 1743 874 1770 genus,

93 1785 121 1806 et
138 1779 229 1815 μθρφὴ
251 1788 297 1807 sctt
316 1781 412 1813 forma,
428 1789 478 1816 pro
494 1789 546 1808 una
563 1781 713 1815 cadentque
735 1789 764 1808 re
783 1782 809 1808 in
831 1789 876 1809 cc-

94 1825 254 1852 clesiasticis
280 1827 415 1861 dogmatis
446 1828 592 1861 capiuntur
614 1836 620 1854 :
645 1828 875 1862 quemadmodum

96 1872 174 1906 panis
181 1877 208 1899 et
221 1872 353 1899 buccella.
366 1873 499 1905 Quocirca
512 1873 631 1908 ἔμφυτον
641 1879 668 1900 et
679 1874 808 1906 ἐνούσιον,
819 1874 876 1901 sive

95 1916 122 1943 id
138 1917 210 1950 quod
229 1917 340 1944 insitum
355 1923 406 1950 est,
423 1922 451 1944 et
468 1918 494 1944 id
508 1918 580 1952 quod
599 1918 670 1945 inest
686 1919 757 1945 idem
773 1918 878 1953 signiﬁ-

96 1967 168 1990 cant.
185 1963 308 1997 Quatuor
322 1969 412 1991 autem
430 1964 518 1991 modis
535 1971 629 1991 natura
646 1964 757 1994 dicitur.
779 1969 809 1990 ut
821 1964 877 1999 jam

98 2011 203 2041 ntonui,
228 2011 270 2037 his
296 2010 426 2037 nimirum
451 2010 581 2043 essentia,
605 2014 713 2043 natura,
739 2018 825 2046 genus
851 2015 879 2038 et

95 2055 194 2084 forma.

413 2124 488 2152 CAP.
505 2125 562 2152 XV.

122 2170 284 2206 Ilypostasis,
306 2179 417 2205 persona
441 2175 466 2197 et
487 2172 624 2198 character
641 2171 669 2197 in
697 2169 751 2197 Deo
772 2170 844 2206 quid.

157 2244 162 2245 γ
299 2206 474 2241 Ilypostatica:
500 2207 682 2241 proprietates.

131 2261 288 2298 liyposlasis
301 2269 409 2296 quoque
427 2262 554 2296 insuper,
579 2269 612 2289 ex
639 2261 827 2289 ecclesiastica
850 2266 878 2289 et

97 2309 244 2343 apostolica
255 2308 413 2340 traditione,
425 2310 569 2343 πρόσωπον
578 2312 619 2335 cst
627 2315 674 2334 seu
685 2315 811 2342 persona,
823 2307 880 2334 sive

97 2357 248 2387 character,
267 2355 496 2390 quemadmodum
514 2354 614 2381 Paulus
631 2354 729 2381 Filium
750 2353 880 2387 splendo-

98 2410 153 2429 rem
171 2402 263 2436 gloria:
278 2402 376 2432 Patris,
397 2401 461 2428 item
487 2405 516 2428 et
539 2400 719 2435 hypostaseos
738 2400 799 2433 ejus
813 2399 881 2426 cha-

99 2451 230 2473 racterem
258 2453 306 2472 seu
336 2446 448 2480 ﬁguram
473 2450 563 2475 vocat,
589 2444 640 2470 hoc
666 2447 709 2470 est
736 2449 881 2477 personam

98 2491 217 2526 ejusdem
230 2491 355 2517 essentite
373 2498 434 2517 cum
449 2491 607 2517 charactere
624 2494 652 2515 ct
670 2487 807 2523 hypostasi
832 2487 883 2513 Pa-

100 2537 159 2564 tris.
176 2536 310 2563 Personas
322 2540 412 2562 autcm
431 2540 459 2562 et
479 2536 653 2562 cltaracteres
671 2533 700 2560 in
720 2534 773 2560 Deo
791 2533 883 2560 incor-

101 2582 253 2618 pit-eajpsa
269 2581 397 2612 dicimus,
413 2586 440 2608 et
454 2588 486 2608 ea
501 2588 561 2615 quae
573 2579 763 2607 circumscribi
788 2579 883 2613 expri-

102 2630 191 2661 mique
209 2635 262 2653 non
280 2630 405 2660 possunt.
429 2626 547 2652 Persona
564 2633 628 2652 vero
649 2632 698 2651 seu
717 2623 882 2659 hypostasis,

99 2681 132 2701 ex
148 2676 305 2700 sant-turum
325 2672 433 2698 Patrum
450 2671 594 2699 sententia.
605 2670 745 2703 proprium
763 2674 805 2695 est
816 2677 885 2702 pra:-

102 2725 142 2747 tcr
168 2726 313 2746 commune
339 2725 345 2743 :
372 2716 552 2747 communitas
570 2715 642 2742 enim
669 2721 720 2743 est.
749 2714 884 2740 uniuscu-

102 2768 197 2802 jusque
214 2765 252 2792 rei
269 2774 284 2792 n
297 2769 367 2790 itura
385 2773 391 2789 :
408 2763 523 2798 propria:
543 2769 617 2793 vero,
645 2762 803 2797 Itypostases
821 2761 885 2794 ipsm

103 2817 174 2839 sunt.
190 2810 271 2838 Verbi
288 2809 373 2845 gratia
397 2813 492 2834 natura
521 2807 578 2834 sive
605 2807 726 2834 essentia
752 2810 804 2837 est,
831 2812 884 2831 una

103 2859 199 2889 duitas,
213 2857 383 2892 hypostascs,
398 2862 468 2886 vero
478 2861 541 2885 tres,
559 2853 649 2883 Pater,
667 2852 763 2883 Filius,
781 2856 808 2878 ct
825 2851 886 2885 Spi-

106 2905 175 2932 ritus
190 2907 318 2931 sanctus:
335 2906 389 2928 trcs
410 2908 543 2935 persottm,
558 2907 606 2926 scu
631 2899 814 2928 characteres.
833 2906 886 2925 una

954 923 1111 960 sedandum
1127 923 1287 957 naturarum
1303 925 1481 953 retributionis
1503 923 1546 958 [de
1561 930 1610 957 quo
1627 929 1705 955 aper-

956 970 1007 996 tius
1025 971 1049 994 et
1062 966 1167 1002 planius
1189 963 1287 998 infra].

956 1024 1132 1053 Divinitatem
1147 1021 1259 1057 quidem
1279 1024 1308 1047 et
1328 1017 1525 1046 humanitatem
1549 1020 1611 1041 cum
1638 1010 1705 1038 dici—

921 1079 993 1103 mus,
1010 1074 1094 1097 totam
1111 1066 1264 1095 divinitatis
1281 1069 1418 1096 naturam,
1432 1066 1461 1089 et
1478 1064 1561 1088 totatu
1577 1057 1705 1085 immani—

922 1117 986 1144 tatis
999 1121 1124 1143 natnram
1139 1113 1309 1143 indicamus;
1327 1117 1389 1138 cum
1405 1115 1470 1135 vero
1487 1107 1571 1133 Deum
1603 1108 1631 1130 et
1659 1103 1707 1128 lto-

921 1166 1022 1191 minem
1037 1162 1165 1192 dicimus,
1182 1167 1234 1186 non
1250 1164 1363 1193 prorsus
1378 1160 1538 1183 naturarum
1557 1150 1705 1178 totalitates

923 1211 1155 1238 demonsuamus,
1168 1205 1215 1233 sed
1231 1202 1377 1238 aliquando
1391 1205 1419 1228 et
1433 1205 1563 1235 personas
1577 1200 1604 1223 ct
1620 1196 1707 1229 hypo-

923 1261 1021 1283 stases.
1036 1253 1103 1280 Cum
1123 1259 1188 1286 ergo
1201 1257 1252 1276 uos
1270 1249 1296 1276 in
1312 1249 1397 1274 Deum
1411 1245 1534 1275 credere,
1548 1242 1650 1275 absque
1662 1239 1710 1265 ad-

921 1301 1016 1336 juncto
1038 1298 1166 1327 dicimus,
1196 1299 1278 1322 totam
1309 1292 1480 1320 divinitatem
1511 1286 1708 1322 signiﬁcamus.

923 1331 990 1372 ilum
1009 1351 1076 1370 vero
1094 1342 1179 1368 Deum
1203 1339 1342 1366 hominem
1369 1337 1470 1363 factum
1494 1340 1555 1360 esse
1580 1331 1709 1358 dicimus.

921 1390 976 1425 jam
994 1396 1049 1415 non
1069 1386 1243 1413 divinitatem
1269 1383 1443 1413 denotamus,
1468 1378 1516 1406 sed
1539 1377 1627 1405 solum
1647 1374 1709 1402 Filii

924 1420 1025 1463 nomen
1050 1431 1240 1467 exprimimus.
1266 1429 1378 1459 Adlttec,
1394 1425 1529 1460 siquidem
1553 1422 1597 1450 his
1619 1420 1710 1448 verbis

924 1486 999 1508 utar:
1012 1479 1085 1506 Deus
1101 1481 1212 1513 propter
1225 1475 1364 1503 hominem
1378 1474 1539 1500 incarnatus
1557 1473 1609 1499 est,
1625 1473 1708 1494 totam

925 1526 1124 1554 humanitatem
1142 1523 1256 1556 designo
1268 1529 1275 1547 :
1289 1521 1310 1548 si
1327 1527 1393 1546 vero
1405 1519 1465 1545 his:
1478 1516 1594 1549 Quidam
1611 1514 1708 1540 homo:

888 1573 910 1602 C
928 1574 1004 1601 illum
1018 1571 1107 1598 solum
1122 1569 1225 1596 indico.
1248 1567 1342 1601 Itaque
1357 1566 1384 1592 in
1403 1563 1520 1592 Domino
1534 1564 1630 1588 nostro
1645 1558 1710 1585 Jesu

926 1620 1036 1647 Christo
1050 1617 1119 1644 duas
1130 1614 1240 1649 quidem
1254 1617 1379 1644 naturas,
1392 1609 1576 1637 divinitatem,
1588 1606 1711 1639 inquam,

925 1670 954 1692 et
965 1663 1176 1692 humanitatem,
1197 1664 1225 1686 at
1248 1665 1329 1685 unam
1351 1654 1510 1691 ltypostasin
1535 1660 1567 1679 ex
1594 1655 1712 1683 utraque

926 1709 1106 1743 compositam
1121 1706 1295 1734 conﬁtentur.
1309 1703 1418 1729 Etcum
1432 1699 1520 1734 ipsius
1531 1697 1643 1732 quidem
1664 1702 1713 1721 na-

926 1760 1003 1783 turas
1014 1749 1412 1781 consideramus,divinitatem
1420 1751 1448 1773 et
1462 1743 1660 1772 humanitatem
1672 1740 1715 1766 di-

928 1802 1035 1829 cimus:
1048 1806 1109 1827 cum
1126 1804 1192 1824 vero
1209 1795 1376 1831 ltypostasim
1392 1793 1477 1824 illam,
1493 1797 1553 1825 qum
1566 1788 1671 1815 duabus
1681 1793 1722 1811 ex.

928 1845 1034 1874 naturis
1049 1844 1194 1878 conjuncta
1210 1845 1264 1871 est,
1289 1846 1364 1867 nunc
1385 1837 1498 1872 quidem
1517 1833 1670 1863 Christum,
1686 1834 1714 1856 ct

928 1890 1067 1919 hominem
1083 1887 1268 1918 nominamus,
1284 1891 1357 1911 nunc
1370 1889 1437 1909 vero
1453 1881 1539 1908 Deum
1560 1879 1661 1906 solum,
1686 1878 1714 1901 et

928 1937 1069 1965 hominem
1082 1933 1183 1961 solttm.
1196 1931 1252 1958 Nec
1280 1937 1344 1957 cum
1367 1929 1452 1956 Deum
1479 1926 1566 1952 solum
1584 1922 1712 1951 dicimus,

929 1983 1018 2017 ipsum
1033 1979 1068 2006 ab
1083 1977 1195 2005 homine
1213 1982 1391 2010 separamus:
1407 1980 1459 1999 nec
1481 1978 1543 1996 cum
1572 1968 1713 1994 hominem

928 2026 1016 2054 solum
1030 2024 1216 2054 nominamus,
1236 2021 1326 2056 ipsutn
1343 2027 1358 2046 a
1376 2019 1431 2046 Deo
1460 2014 1639 2051 sejuugimns.
1668 2010 1715 2038 lti-

929 2073 991 2100 detn
1006 2079 1068 2099 cum
1084 2069 1256 2097 divinitatem
1273 2066 1401 2096 dicimus,
1418 2071 1471 2091 una
1487 2069 1550 2089 cntn
1568 2067 1600 2086 ea
1616 2059 1715 2084 huma-

930 2118 1024 2145 nitatis
1045 2115 1230 2151 proprietates
1249 2121 1304 2140 non
1327 2108 1635 2145 comprehendimnsze
1650 2110 1717 2130 con-

929 2170 1012 2190 verso
1034 2169 1096 2189 cum
1114 2159 1314 2188 humanitatem
1340 2155 1528 2184 enuntiamus,
1551 2152 1578 2178 in
1595 2158 1627 2177 ea
1649 2147 1721 2175 divi-

931 2208 1027 2236 nitatis
1048 2206 1232 2242 proprietates
1259 2211 1313 2231 non
1340 2199 1542 2235 intelligimus:
1561 2203 1612 2223 nec
1643 2193 1718 2220 enim

931 2254 1109 2290 impatibilem
1127 2257 1155 2279 et
1180 2252 1331 2279 increatam
1353 2245 1553 2274 humattitatcm
1578 2241 1715 2268 dicimus:

931 2306 959 2328 at
972 2301 999 2327 in
1019 2307 1073 2327 una
1095 2297 1236 2333 hypostasi
1255 2303 1309 2323 non
1335 2294 1371 2320 ita
1396 2292 1489 2319 dicere
1515 2289 1646 2318 solemus,
1670 2284 1718 2312 sed

932 2347 1063 2375 audacter
1080 2349 1108 2373 et
1127 2344 1216 2371 solum
1231 2344 1329 2375 Deum,
1350 2345 1378 2368 et
1400 2341 1489 2367 solum
1507 2337 1658 2365 hominem,
1678 2336 1727 2358 at-

932 2402 985 2429 que
1000 2392 1151 2424 Christum,
1168 2390 1214 2425 qui
1231 2393 1380 2422 utrumque
1395 2381 1617 2420 comprehcndit,
1634 2377 1723 2407 conﬁ~

933 2447 1043 2470 temur:
1057 2439 1240 2472 cumdcmque
1260 2437 1346 2463 Deum
1364 2433 1505 2469 patibilem
1518 2429 1648 2458 dicimus,
1668 2425 1722 2451 hu-

934 2485 1074 2514 mauitatis
1090 2470 1207 2514 ratione,
1224 2485 1252 2510 et
1269 2487 1369 2516 purum
1384 2478 1431 2514 qui
1451 2477 1504 2504 l'uit
1521 2479 1586 2502 ante
1607 2470 1719 2500 smcula,

935 2531 1041 2559 ratione
1055 2529 1217 2557 divinitatis.
1229 2529 1318 2562 Atque
1337 2525 1383 2553 hic
1403 2523 1565 2551 ἀντιδόσεως
1583 2526 1631 2545 seu
1656 2524 1719 2543 mu-

936 2585 989 2604 tntc
1006 2581 1165 2604 naturarum
1187 2572 1389 2601 retributionis,
1412 2569 1511 2596 tuodus
1528 2569 1582 2596 est,
1602 2571 1656 2597 qua
1678 2561 1719 2591 ﬁt.

936 2628 965 2648 ut
980 2627 1093 2655 utraque
1108 2625 1214 2648 natura.
1231 2627 1291 2652 qua:
1303 2617 1413 2652 propria
1430 2614 1481 2640 sibi
1497 2615 1561 2639 sunt
1573 2608 1720 2636 retribuat.

936 2668 1040 2694 ratione
1070 2666 1246 2701 hypostaseos
1270 2663 1409 2698 ejusdem,
1437 2663 1464 2686 ct
1492 2661 1592 2684 mutum
1612 2655 1721 2682 iliarum

936 2713 1084 2740 ailinitatis.
1106 2711 1295 2739 Conﬁtendum
1316 2715 1398 2743 porro
1413 2710 1465 2736 est,
1485 2703 1568 2731 Verbi
1593 2706 1718 2728 naturam

937 2760 1122 2790 incantatam,
1150 2757 1207 2783 sive
1237 2754 1314 2782 carni
1343 2752 1516 2786 conjunctam
1544 2747 1637 2774 fuisse.
1667 2754 1719 2771 non

937 2805 1000 2840 quia
1018 2808 1115 2830 natura
1136 2803 1162 2830 in
1179 2809 1259 2829 carne
1278 2807 1356 2835 passa
1382 2798 1427 2825 sit.
1453 2795 1530 2829 Quod
1551 2794 1624 2820 enim
1651 2792 1724 2817 ifeua

938 2851 1031 2881 ltotno,
1052 2856 1184 2882 versaque
1208 2848 1266 2874 vice
1293 2847 1375 2873 honto
1397 2844 1469 2871 Deus
1492 2841 1591 2872 fuerit,
1613 2839 1638 2866 id
1659 2846 1724 2865 vero

938 2897 1003 2925 illud
1029 2896 1117 2930 ipsum
1140 2898 1195 2927 est,
1225 2892 1298 2928 quod
1327 2891 1489 2919 conﬁtemur
1507 2898 1512 2915 :
1528 2887 1601 2924 quod
1631 2889 1720 2912 ant/2m
