1949 3073
226 163 294 196 1215

223 221 355 250 divinitas
371 222 453 251 homo
468 224 538 252 facta
555 225 600 259 sit,
615 226 657 253 vel
671 226 826 260 incarnata,
851 229 893 256 vel
919 230 1014 257 lmma-
1029 235 1050 261 Α

225 271 338 298 nitatem
356 271 462 307 induta,
480 273 565 306 nullo.
581 282 697 310 usquam
711 276 792 304 modo
808 277 974 305 audivimus.

528 364 604 393 CAP.
633 365 713 393 XVII.

224 432 303 464 flent.
320 433 352 460 de
372 439 469 471 natura
485 435 673 471 etrhypostnsi.
689 435 698 471 ι
715 435 798 462 Variis
814 435 939 470 exenlplis
961 444 1012 462 non

264 473 363 495 tantum
389 470 421 495 ab
443 470 662 497 intellectualibus
673 491 679 501 ,
711 471 885 497 rationalibus
897 491 903 501 ,
919 475 944 497 et
956 472 1013 497 ani-

260 504 356 534 malia,
373 504 419 530 sed
442 505 523 530 etiam
541 505 573 531 ab
595 505 720 531 inanimis
734 525 740 536 ,
764 506 949 537 immobilibus,
988 510 1013 531 et

259 539 470 569 inscmibilibus,
494 541 607 566 ostendit
631 540 728 566 Christi
752 548 858 566 carnem
877 549 929 566 non
954 548 1015 574 per-

261 581 364 605 sonam,
385 574 589 610 sed_esscntium
611 583 674 601 esse.
694 575 883 610 llyposlaseos,
899 579 1014 610 enhypo-

261 609 342 641 atali,
358 613 413 638 etc.
431 608 601 642 Deﬁnitiones
617 615 640 636 et
656 608 808 645 ercniplu.]

261 688 363 716 Natura
381 689 482 716 dicitur
497 689 552 724 ipsa
569 690 717 725 angelitas,
740 690 897 725 hypostases
922 694 1012 718 autem

226 735 395 768 singularum
414 735 599 769 angelicarum
616 742 795 769 personarum
820 735 1013 770 proprietates,

225 780 349 812 Gabriel,
368 780 492 807 Michael.
515 781 580 808 ltem
594 801 600 812 ,
619 785 715 807 natura
739 789 791 808 una
812 786 839 808 et
860 782 1014 808 communis

226 830 268 853 est
282 826 448 858 humanitas,
465 826 620 862 hypostasis
636 834 700 853 vero
718 826 815 853 Petrus
829 831 856 853 et
871 827 972 854 Paulus
987 831 1015 854 et

226 876 332 897 caetera!
350 878 482 905 personae,
497 876 523 898 et
540 871 721 898 characteres.
739 872 841 898 Natura
858 872 947 906 itaque
962 872 1014 899 do-

227 917 299 944 mina
318 921 370 948 est,
384 922 411 944 et
429 925 524 950 causa,
549 922 578 944 et
595 918 712 952 genitrix
738 918 930 952 hypostascon,
955 926 1015 953 qua“.

227 963 254 989 in
270 970 302 990 ea
322 964 434 996 insunt,
463 968 545 998 atque
563 964 666 991 idcirco
689 964 848 999 hypostases
872 965 1013 998 dicuntur,

225 1009 290 1043 quia
309 1015 413 1036 naturze
437 1017 567 1044 tanquam
590 1009 657 1037 fonti
676 1010 871 1045 subjiciuntur.
895 1010 924 1037 Si
949 1018 1014 1046 ergo

226 1054 322 1081 dicas:
337 1054 410 1082 Bona
428 1060 527 1082 natura.
545 1059 586 1082 est
604 1056 724 1090 angelus,
746 1060 828 1083 totam
852 1064 947 1083 eorum
970 1065 1014 1084 es-

225 1100 342 1127 sentiam
357 1100 504 1134 signiﬁcas.
529 1100 556 1128 Si
572 1109 637 1128 vero
653 1101 728 1128 dicas
747 1110 754 1127 :
771 1102 884 1137 Magnus
899 1108 941 1130 est
962 1103 1016 1130 Ga-

227 1146 312 1178 briel,
336 1154 415 1174 unam
439 1155 472 1174 ex
497 1148 626 1175 omnibus
652 1148 810 1183 liypostasin
837 1149 960 1177 denotas.
987 1148 1015 1176 Si

226 1202 303 1225 vero,
329 1194 502 1225 humanitas.
530 1201 593 1222 ecce
622 1198 704 1222 totam
731 1196 889 1222 essentiam.
919 1195 1015 1222 Conon

226 1242 317 1264 autem
334 1242 360 1265 et
375 1237 469 1265 Simon
490 1238 651 1274 hypostases
663 1245 736 1266 sunt.
756 1240 875 1267 Rursum
889 1240 912 1267 si
929 1240 1014 1274 dicas,

227 1282 348 1309 volucris
366 1288 491 1310 naturam
517 1291 577 1311 esse
597 1285 695 1316 levem.
720 1292 783 1312 ecce
800 1285 954 1312 universam
970 1292 1016 1317 es.-

227 1329 343 1355 sentiam
362 1328 477 1361 indicas,
496 1329 518 1356 si
536 1337 602 1356 vero
620 1330 762 1363 columba,
780 1330 821 1358 vel
848 1335 948 1362 turtur,
972 1331 1014 1359 vel

228 1375 343 1402 luscinia
361 1375 414 1408 sit,
430 1382 493 1402 ecce
509 1375 550 1402 Ine
567 1381 630 1402 sunt
653 1375 823 1411 liypostases.
838 1376 892 1404 Nec
910 1382 1014 1404 tantum

228 1421 255 1448 in
273 1421 379 1448 ratione
399 1422 541 1449 intellectu
554 1422 700 1457 animaque
714 1422 835 1457 praeditis
848 1422 943 1450 eadem
959 1423 1017 1451 haec

228 1466 321 1501 regula
338 1466 427 1493 locum
453 1467 554 1498 habet,
579 1467 627 1494 sed
652 1469 678 1495 in
694 1469 768 1496 omni
791 1476 901 1504 quoque
918 1474 1016 1497 natura

227 1512 326 1539 animae
344 1517 434 1539 motus
450 1517 478 1540 et
502 1521 600 1541 sensus
617 1518 740 1548 experte.
761 1515 845 1542 Verbi
868 1516 952 1550 gratia
967 1536 973 1548 ,
992 1516 1016 1543 si

228 1558 351 1586 dicamus
365 1566 372 1584 :
389 1558 463 1586 Fecit
477 1559 549 1586 Deus
565 1559 656 1587 lumen
670 1580 677 1592 ,
700 1561 857 1588 universam
874 1562 1015 1602 stellarum
1030 1573 1052 1602 ο

228 1603 377 1631 essentiam
399 1603 584 1639 signiﬁcamus
601 1613 608 1631 :
626 1605 650 1632 si
673 1613 738 1633 vero
764 1607 853 1634 solare
873 1607 952 1642 iubar
973 1608 1014 1635 di-

228 1658 338 1682 camus,
359 1651 510 1685 lpsummet
532 1652 616 1679 solem
635 1652 776 1680 innuimus
805 1661 812 1679 :
837 1653 1017 1688 quemadmo-

228 1697 294 1724 dum
328 1703 354 1724 et
386 1697 494 1728 lunare,
517 1702 545 1724 et
573 1703 720 1725 astrorum.
745 1698 818 1725 Idem
846 1707 955 1734 quoque
983 1700 1018 1727 de

229 1743 327 1775 ventis,
344 1747 372 1770 ct
396 1743 430 1770 de
445 1743 516 1778 ignis
536 1745 654 1771 essentia
676 1745 769 1771 dicere
795 1753 960 1779 possumus,
975 1753 1018 1773 se-

228 1795 327 1818 cantur
346 1792 418 1818 enim
446 1792 474 1818 in
498 1792 650 1825 essentias,
673 1792 731 1820 sive
749 1793 775 1819 in
798 1793 952 1827 aquilonem
966 1815 973 1824 .
991 1794 1018 1820 in

229 1841 366 1870 austrum,
384 1838 411 1864 in
437 1838 550 1874 lychnos
569 1843 596 1866 et
613 1838 762 1873 lampadas.
780 1839 872 1874 Itaque
896 1844 1018 1868 sanctam

229 1883 331 1911 Christi
352 1891 463 1911 carnem
485 1884 645 1920 hypostasin
670 1891 717 1912 seu
743 1892 887 1919 personam
904 1893 957 1913 non
977 1885 1019 1912 di-

228 1930 329 1962 cimus,
344 1930 392 1957 sed
416 1930 562 1957 essentiam
575 1951 583 1963 ,
601 1937 632 1957 ut
648 1934 732 1958 totam
748 1935 873 1958 naturam
897 1936 1017 1958 nostram

229 1976 263 2003 ab
279 1976 324 2003 illo
339 1982 507 2011 assumptam
522 1981 549 2003 et
572 1981 707 2004 servatam
722 1977 806 2004 fuisse
822 1977 1018 2012 signiﬁcemus.

230 2021 259 2048 Si
285 2022 359 2048 enim
383 2021 469 2056 ipsum
492 2021 650 2056 hypostasin
674 2021 843 2054 dixerimus,
868 2031 952 2049 unum
970 2023 1019 2050 ali-

229 2075 310 2102 quem
325 2067 465 2095 hominem
478 2068 569 2095 dicere
583 2067 834 2101 deprehendemur,
851 2068 924 2103 quod
938 2069 1020 2095 nimi-

230 2121 290 2140 rum
305 2113 432 2141 Christus
457 2115 639 2148 assumpserit
658 2117 686 2140 et
704 2113 864 2140 servaverit.
884 2113 1018 2142 Caeterum

230 2167 264 2186 ne
280 2159 435 2194 hypostasis
447 2160 557 2195 quidem
581 2160 636 2187 dici
654 2164 752 2194 potest,
767 2165 903 2194 quatenus
918 2168 982 2188 caro
1003 2168 1018 2188 a

231 2206 326 2233 divino
341 2205 442 2233 "Verbo
467 2207 589 2241 separavi
614 2206 712 2240 nequit
737 2214 745 2233 ε
768 2206 920 2241 liypostasis
944 2207 1018 2234 enim

848 173 997 204 NICETrE
1015 175 1216 210 CHONIATIE

1787 179 1874 211 1216

1361 233 1437 262 CAP.
1459 234 1553 263 XVIII.

1380 280 1418 307 De
1434 281 1535 308 habitu.

1102 322 1218 351 llabitus
1236 329 1278 352 est
1298 325 1427 353 universa
1446 330 1552 353 naturae
1569 326 1685 355 facultas
1707 328 1741 355 ad
1771 329 1876 364 quali—

1067 374 1148 397 tatem
1166 371 1262 405 relata,
1275 379 1328 406 qua
1341 372 1453 407 quidem
1470 371 1598 400 facultate
1616 373 1701 407 ipsam
1718 382 1732 401 a
1750 377 1876 403 caeteris

1065 416 1198 444 discernit
1211 421 1238 444 ct
1259 423 1402 453 segregat,
1423 418 1655 454 quemadmodum
1672 419 1774 447 beatus
1798 421 1870 448 Dio-

1065 462 1159 496 nysius
1178 462 1215 489 ait
1229 463 1273 490 his
1290 464 1397 491 verbis:
1412 465 1559 498 Corruptio
1575 465 1649 491 enim
1666 472 1713 492 seu
1726 466 1874 494 interitus

1065 514 1188 540 naturze.
1220 509 1364 538 inﬁrmitas
1393 517 1435 539 est
1472 517 1499 538 et
1526 511 1652 538 defectus
1687 513 1872 540 naturalium

1066 554 1220 587 habituum,
1238 555 1377 582 actionum
1398 561 1426 584 et
1442 557 1611 585 facultatum.

1371 612 1445 640 CAP.
1468 614 1539 642 XIX.

1127 656 1164 683 De
1177 657 1322 686 voluntate.
1339 658 1407 691 Quid
1420 661 1453 686 sit
1465 660 1597 694 voluntas,
1613 662 1645 688 de
1655 670 1775 696 quonam
1785 683 1794 695 ,

1286 698 1310 720 et
1324 699 1385 728 quot
1404 696 1485 722 modis
1502 696 1617 724 dicatur.

1100 737 1231 765 Voluntas
1258 740 1368 773 quidem
1393 746 1437 768 est
1462 742 1589 770 essentia:
1612 743 1816 771 intellectualis
1837 749 1869 771 et

1066 783 1210 811 rationalis
1228 784 1396 812 desiderium
1414 786 1447 813 ad
1462 795 1520 814 rem
1535 789 1720 823 concupitam.
1741 789 1868 817 Constat

1066 829 1138 855 enim
1164 830 1298 864 quidquid
1327 832 1504 866 intelligentia
1536 835 1678 868 praeditum
1711 839 1755 862 est
1787 836 1866 863 idem

1066 882 1175 908 quoque
1191 875 1261 902 velle
1276 883 1367 910 posse.
1393 877 1509 913 Θέληπις
1531 878 1604 906 enim
1628 887 1676 908 seu
1701 880 1802 908 volitio
1821 886 1868 908 est

1066 919 1144 952 quasi
1161 920 1271 954 quidam
1286 921 1347 948 t'ons
1356 926 1384 949 et
1400 924 1466 955 vita,
1489 931 1549 958 quas
1573 926 1646 952 omni
1665 926 1796 953 rationali
1815 935 1867 953 na-

1068 969 1136 992 turae
1150 966 1334 994 essentialiter
1352 967 1434 996 inest.
1451 969 1556 996 Dicitur
1568 975 1658 998 autem
1674 971 1784 1006 ϐἐλημα
1812 980 1863 1000 seu

1067 1011 1203 1044 voluntas,
1234 1013 1304 1039 κατὰ
1325 1013 1355 1039 τὺ
1371 1013 1442 1041 θέειν
1459 1014 1518 1041 λίαν
1539 1015 1597 1050 ἅμα
1621 1018 1656 1051 τῇ
1686 1017 1769 1051 φύσει
1792 1019 1865 1053 πρὸς

1067 1056 1151 1092 αὐτὴν
1169 1057 1268 1092 λῆγον,
1287 1058 1339 1086 hoc
1353 1064 1397 1087 est
1417 1063 1482 1096 quia
1498 1065 1603 1090 naturae
1617 1063 1768 1091 admodum
1791 1071 1864 1090 can-

1067 1107 1168 1135 currat.
1186 1108 1215 1130 et
1232 1104 1258 1130 in
1273 1105 1330 1139 ipsa
1344 1106 1453 1134 tandem
1469 1107 1587 1135 desinat.
1600 1108 1736 1136 Caeterum
1760 1110 1863 1144 triplex

1067 1148 1259 1176 consideratur
1281 1151 1429 1184 voluntas,
1454 1152 1563 1186 divina,
1589 1155 1723 1189 angelica,
1749 1160 1779 1182 et
1801 1156 1865 1182 ani-

1068 1194 1156 1222 malis.
1171 1194 1311 1229 Siquidem
1333 1201 1389 1224 tres
1409 1198 1451 1225 hm
1467 1203 1571 1226 naturae
1593 1203 1621 1226 et
1637 1200 1702 1228 sola:
1716 1201 1864 1228 voluntate

1067 1240 1187 1275 praedita:
1213 1246 1288 1268 sunt.
1315 1242 1461 1278 Triplicem
1486 1245 1551 1271 item
1573 1244 1667 1273 divina
1692 1253 1807 1281 quoque
1833 1247 1863 1274 in

1067 1285 1208 1321 Scriptura
1234 1288 1401 1316 voluntatem
1424 1289 1524 1317 dictam
1545 1291 1802 1327 deprehendimus,
1821 1292 1863 1320 di-

1066 1332 1169 1365 vinam,
1187 1334 1338 1361 naturalem
1362 1342 1410 1362 seu
1434 1336 1550 1363 mediam
1564 1356 1571 1369 ,
1589 1342 1618 1364 et
1645 1340 1787 1366 carnalem
1807 1343 1863 1366 ter-

1068 1378 1133 1405 tiam
1144 1399 1152 1411 ,
1167 1387 1219 1414 qua
1239 1380 1349 1414 quidem
1364 1381 1500 1409 diabolica
1515 1383 1696 1418 signiﬁcatur.
1720 1384 1861 1412 Naturalis

1067 1428 1158 1452 autem
1173 1425 1300 1453 voluntas
1312 1434 1327 1453 a
1341 1426 1396 1454 Deo
1411 1432 1503 1455 creata
1520 1428 1641 1456 hominis
1653 1434 1710 1462 est,
1725 1430 1859 1458 nimirum

1068 1470 1175 1504 cupidae
1192 1472 1279 1505 partis
1295 1472 1395 1499 animae
1414 1478 1503 1501 motus
1517 1474 1697 1509 intelligentia
1715 1480 1859 1508 constans,

1068 1516 1114 1550 qui
1131 1516 1271 1544 hominem
1286 1522 1383 1544 natura
1409 1519 1442 1546 ad
1464 1527 1521 1546 rem
1537 1520 1712 1555 concupitam
1729 1521 1858 1556 impellit.

1070 1561 1166 1588 Divina
1187 1569 1252 1588 vero
1268 1562 1394 1590 voluntas
1409 1563 1480 1597 apud
1507 1563 1632 1592 homines
1652 1568 1711 1598 est,
1736 1573 1800 1593 cum
1819 1566 1862 1593 in-

1069 1609 1150 1632 natus
1173 1605 1365 1634 intellectualis
1390 1607 1528 1641 appetitus
1547 1608 1581 1635 ad
1606 1617 1654 1640 ea,
1669 1618 1732 1644 qua:
1755 1616 1860 1639 natura:

1069 1650 1251 1682 conveniunt;
1265 1651 1299 1678 ab
1316 1651 1376 1679 aliis
1392 1659 1453 1686 quae
1467 1657 1572 1681 natura:
1593 1661 1747 1690 repugnant
1761 1664 1861 1691 prope-

1069 1700 1121 1724 rat.
1140 1695 1266 1723 Carnalis
1286 1695 1406 1732 denique
1428 1697 1554 1732 pathica,
1578 1706 1628 1726 seu
1644 1699 1860 1733 perturbationi-

1068 1742 1121 1769 bus
1145 1743 1327 1771 succumbens
1354 1743 1452 1771 animm
1475 1745 1666 1779 praevaricatio
1698 1751 1742 1773 est
1770 1747 1804 1774 ab
1826 1755 1858 1775 eo

1069 1787 1142 1823 quod
1163 1792 1269 1815 naturae.
1289 1789 1428 1821 convenit,
1450 1789 1484 1817 ad
1504 1789 1531 1816 id
1549 1790 1622 1824 quod
1647 1795 1755 1818 naturae
1780 1799 1858 1826 repu-

1070 1839 1146 1870 gnat.

1106 1882 1237 1910 Voluntas
1267 1882 1423 1910 essentialis
1442 1890 1474 1910 ea
1496 1886 1557 1915 est,
1584 1890 1644 1917 qua:
1675 1884 1857 1911 communiter

1071 1929 1099 1956 in
1118 1933 1215 1956 natura
1230 1929 1367 1956 consimili
1388 1929 1468 1956 modo
1483 1929 1592 1956 videtur
1605 1949 1612 1961 ,
1627 1929 1702 1964 quali
1725 1931 1856 1958 essentia-

1071 1974 1131 2001 liter
1149 1974 1258 2001 Domini
1280 1982 1347 2001 caro
1367 1974 1477 2008 prredita
1495 1979 1554 2002 erat
1575 1982 1638 2002 cum
1660 1976 1731 2002 mori
1753 1977 1855 2009 nollet,

1072 2026 1102 2048 ut
1118 2021 1203 2047 sancti
1221 2020 1314 2047 Patres
1339 2020 1443 2047 dicunt.
1462 2020 1490 2048 Si
1505 2021 1565 2048 talis
1580 2022 1708 2048 voluntas
1728 2023 1756 2048 in
1778 2022 1856 2050 Patre

1071 2070 1099 2094 et
1119 2066 1222 2101 Spiritu
1244 2069 1339 2093 sancto
1364 2066 1540 2099 inveniatur,
1559 2075 1614 2094 una
1633 2075 1747 2102 prorsus
1770 2069 1856 2094 carnis

1072 2116 1099 2140 et
1115 2112 1266 2139 divinitatis
1280 2112 1376 2140 volitio
1391 2112 1483 2141 fuerit.
1509 2112 1648 2140 Naturalis
1664 2113 1790 2141 voluntas
1810 2114 1857 2140 ho-

1073 2158 1165 2190 minis.
1185 2163 1214 2185 ut
1228 2159 1314 2185 sancti
1333 2158 1451 2186 Basilius
1463 2163 1490 2186 et
1504 2158 1624 2194 Cyrillus
1636 2164 1766 2186 auctores
1781 2165 1852 2191 sunt.

1072 2209 1114 2231 est
1133 2204 1191 2238 ipse
1219 2204 1281 2231 vitae
1306 2212 1394 2231 amor.
1421 2204 1501 2231 Omni
1529 2205 1601 2231 enim
1626 2205 1731 2231 homini
1754 2205 1807 2232 vita
1828 2211 1854 2232 et

233 2259 347 2285 persona
363 2257 487 2287 separata
512 2252 624 2280 dicitur.
642 2252 702 2285 Quo
719 2251 759 2284 ﬁt,
772 2256 802 2278 ιιι
816 2252 1016 2287 «ειιιιγροειςιιοη
1032 2250 1056 2279 D
1069 2250 1138 2277 lucis
1153 2250 1247 2277 frnitio
1263 2250 1344 2276 chara
1360 2255 1411 2280 est.
1425 2257 1489 2277 «cce
1506 2250 1565 2277 haec
1587 2254 1629 2277 est
1643 2251 1797 2277 communis
1812 2258 1855 2276 vo-

234 2305 330 2331 Ipsam.
344 2298 371 2325 id
387 2304 445 2331 est,
464 2306 514 2334 per
529 2307 558 2326 se
574 2306 677 2333 suaque
694 2299 719 2326 vi
745 2298 951 2331 subsistentem,
965 2307 1018 2325 non

233 2349 324 2371 autem
363 2345 520 2380 bypostasin
548 2345 682 2372 dicamus.
718 2345 912 2372 Ὲνυπόστατον
945 2345 1018 2372 enim

237 2391 268 2417 τὸ
288 2391 411 2426 ὑπὰρχον
425 2391 527 2418 dicitur
540 2411 548 2424 ,
564 2391 620 2418 sive
636 2391 673 2424 id,
684 2391 758 2426 quod
774 2391 1021 2425 subsistitzqucm-

231 2437 381 2464 admodum
421 2441 517 2464 contra
559 2436 747 2463 ἀνυπόστατον
779 2435 805 2462 id
834 2435 907 2470 quod
930 2436 1019 2463 subsi-

231 2483 331 2510 stentia
367 2482 425 2509 sive
459 2481 579 2509 essentia
610 2487 695 2514 caret,
729 2487 759 2510 ut
791 2483 957 2509 insomnium
991 2486 1020 2509 et

231 2529 351 2556 essentia
365 2533 394 2555 et
415 2527 593 2556 subsistentia
606 2533 684 2556 caret
703 2537 710 2556 :
727 2529 829 2564 quippe
842 2529 915 2564 quod
930 2537 944 2555 a
962 2529 1020 2556 sola

233 2574 376 2610 phantasia
388 2574 552 2608 dependeat.
568 2573 779 2603 Ἀνυπόστατον.
793 2579 818 2601 et
834 2575 1019 2608 ἀνυπάρκτον,

232 2625 261 2647 et
283 2620 408 2647 ἀνούσιον
425 2620 450 2647 id
473 2621 561 2655 ipsmn
587 2624 649 2651 est,
674 2620 747 2654 quod
769 2620 884 2647 verbum
910 2620 1019 2655 quidem

233 2674 304 2700 saepe
331 2666 480 2701 profertur,
493 2666 565 2694 nulla
581 2670 671 2692 tamen
690 2665 718 2692 in
736 2666 854 2693 essentia
874 2666 915 2693 vel
936 2666 1020 2702 hypo-

235 2711 299 2738 stasi
329 2712 510 2746 dignoscitur,
538 2715 568 2737 ut
588 2718 681 2742 mors,
711 2711 845 2738 infernus.
882 2712 1020 2739 Ἐνούσιον

213 2761 328 2785 ἐοιιιτει
349 2757 466 2784 dicimus
489 2757 530 2784 vel
556 2757 582 2784 id
604 2757 691 2790 ipsum
709 2757 782 2791 quod
809 2762 867 2790 est,
892 2758 934 2785 vel
958 2766 1022 2792 pro—

235 2803 378 2837 prietatem
391 2824 399 2836 ,
418 2811 479 2838 quae
495 2805 522 2831 in
537 2804 656 2830 essentia
672 2804 819 2831 innotescit
831 2824 838 2836 ,
863 2808 891 2830 ut
913 2804 1020 2839 ingeni-

237 2853 293 2874 tum
309 2849 335 2876 in
355 2850 409 2877 Deo
427 2850 524 2882 Patre,
541 2850 661 2885 genitum
684 2850 710 2876 in
727 2849 795 2877 Filio
808 2869 815 2882 ,
832 2851 969 2884 processio
993 2851 1019 2878 in

239 2894 341 2927 Spiritu
354 2900 457 2928 sancto,
475 2899 504 2921 ut
517 2903 597 2930 supra
613 2895 715 2922 dictum
732 2900 781 2922 est.

1071 2297 1170 2324 lunias.
1195 2296 1332 2324 Gnomicae
1352 2304 1455 2331 porro,
1480 2304 1529 2324 seu
1554 2296 1674 2324 scientes
1705 2297 1853 2324 voluntates

1070 2343 1097 2370 in
1122 2348 1218 2370 nostra
1245 2347 1342 2370 natura
1367 2343 1461 2370 multa:
1485 2348 1559 2374 sunt,
1585 2343 1655 2369 alius
1679 2343 1753 2381 enim
1778 2343 1853 2370 homo

1070 2389 1196 2425 privatim
1223 2396 1314 2416 secum
1342 2396 1423 2424 agerc
1439 2389 1508 2421 vult,
1524 2389 1595 2415 alius
1620 2388 1774 2419 aediﬁcare,
1789 2389 1852 2415 alius

1070 2443 1149 2462 arare
1161 2455 1168 2468 ,
1185 2436 1256 2462 alius
1269 2435 1407 2469 navigare,
1425 2440 1453 2462 et
1466 2435 1558 2462 caeteri
1569 2434 1752 2462 consimiliter
1767 2435 1851 2462 multis

1070 2482 1202 2517 gnomicis
1228 2482 1415 2509 voluntatibus
1433 2489 1481 2509 seu
1508 2481 1663 2516 spontinis,
1692 2488 1745 2507 una
1766 2486 1849 2508 autem

1071 2527 1209 2559 naturali,
1231 2527 1283 2554 hoc
1307 2531 1349 2554 cst
1365 2526 1473 2553 vivendi
1494 2526 1664 2560 cupiditate,
1686 2526 1791 2560 prazditi
1807 2533 1848 2553 su-

1071 2581 1142 2601 mus.
1161 2573 1216 2601 Nec
1232 2582 1298 2600 vero
1312 2573 1410 2600 frustra
1424 2578 1477 2604 est.
1494 2572 1567 2607 quod
1579 2572 1685 2599 homini
1701 2573 1781 2600 chara
1802 2573 1847 2598 vita

1070 2623 1122 2650 est,
1149 2619 1204 2646 imo
1229 2624 1326 2646 natura
1346 2626 1430 2645 unum
1453 2618 1518 2645 illud
1534 2618 1707 2653 signiﬁcans.
1732 2619 1799 2652 quod
1819 2619 1847 2645 ab

1072 2665 1152 2693 initio
1167 2665 1286 2693 habebat
1301 2666 1374 2700 (nata
1394 2665 1467 2692 enim
1490 2668 1532 2691 est
1549 2664 1583 2691 ad
1602 2664 1845 2695 immortalitatem),

1071 2713 1161 2746 ipsum
1177 2712 1274 2745 diligit,
1289 2716 1317 2738 et
1338 2715 1422 2738 amat.
1448 2710 1544 2737 Divina
1567 2710 1707 2740 voluntas.
1735 2711 1846 2737 mandata

1072 2757 1119 2784 Dei
1133 2761 1206 2784 sunt.
1223 2755 1362 2784 Naturalis
1383 2755 1510 2782 voluntas
1535 2759 1642 2782 natura:
1666 2755 1771 2782 ratione
1790 2763 1846 2790 prec

1072 2803 1128 2830 dita
1144 2802 1213 2829 nihil
1230 2802 1303 2829 aliud
1320 2806 1380 2834 est,
1396 2810 1476 2836 quam
1493 2800 1593 2828 divinae
1617 2801 1686 2835 legis
1709 2802 1845 2829 exsecutio.

1073 2849 1206 2875 Voluntas
1222 2848 1338 2874 carnalis
1359 2848 1425 2874 nihil
1449 2847 1521 2874 aliud
1535 2867 1541 2877 ,
1560 2854 1642 2881 quam
1670 2846 1768 2874 divinae
1790 2847 1846 2883 legis

1073 2899 1258 2930 contemptus.
