  <div class='ocr_page' id='page_1' title='image "/cluster/home/n/w/nwhite01/storage/ocr_20150623/139/njp.32101077773131/626.png"; bbox 0 0 1949 3073; ppageno 0'>
   <div class='ocr_carea' id='block_1_1' title="bbox 100 139 169 172">
    <p class='ocr_par' dir='ltr' id='par_1_1' title="bbox 100 139 169 172">
     <span class='ocr_line' id='line_1_1' title="bbox 100 139 169 172; baseline 0.014 -1"><span class='ocrx_word' id='word_1_1' title='bbox 100 139 169 172; x_wconf 80' lang='grc'><strong>121³1</strong></span> 
     </span>
    </p>
   </div>
   <div class='ocr_carea' id='block_1_2' title="bbox 413 194 572 223">
    <p class='ocr_par' dir='ltr' id='par_1_2' title="bbox 413 194 572 223">
     <span class='ocr_line' id='line_1_2' title="bbox 413 194 572 223; baseline -0.006 0"><span class='ocrx_word' id='word_1_2' title='bbox 413 195 489 223; x_wconf 82' lang='lat' dir='ltr'><strong>CAP.</strong></span> <span class='ocrx_word' id='word_1_3' title='bbox 513 194 572 222; x_wconf 79' lang='lat' dir='ltr'><strong>XX.</strong></span> 
     </span>
    </p>
   </div>
   <div class='ocr_carea' id='block_1_3' title="bbox 98 241 883 277">
    <p class='ocr_par' dir='ltr' id='par_1_3' title="bbox 98 241 883 277">
     <span class='ocr_line' id='line_1_3' title="bbox 98 241 883 277; baseline -0.004 -8"><span class='ocrx_word' id='word_1_4' title='bbox 98 242 170 275; x_wconf 84' lang='lat' dir='ltr'><strong>Quid</strong></span> <span class='ocrx_word' id='word_1_5' title='bbox 188 241 351 277; x_wconf 59' lang='lat' dir='ltr'><strong>proprietas,</strong></span> <span class='ocrx_word' id='word_1_6' title='bbox 363 241 394 267; x_wconf 75' lang='lat' dir='ltr'><strong>de</strong></span> <span class='ocrx_word' id='word_1_7' title='bbox 409 249 524 276; x_wconf 88' lang='lat' dir='ltr'><strong>quonam</strong></span> <span class='ocrx_word' id='word_1_8' title='bbox 537 242 652 271; x_wconf 76' lang='lat' dir='ltr'><strong>dicatur.</strong></span> <span class='ocrx_word' id='word_1_9' title='bbox 665 244 696 277; x_wconf 75' lang='lat' dir='ltr'><strong>et</strong></span> <span class='ocrx_word' id='word_1_10' title='bbox 710 244 774 277; x_wconf 73' lang='lat' dir='ltr'><strong>quot</strong></span> <span class='ocrx_word' id='word_1_11' title='bbox 790 241 883 268; x_wconf 77' lang='lat' dir='ltr'><strong>modis.</strong></span> 
     </span>
    </p>
   </div>
   <div class='ocr_carea' id='block_1_4' title="bbox 256 275 744 312">
    <p class='ocr_par' dir='ltr' id='par_1_4' title="bbox 256 275 744 312">
     <span class='ocr_line' id='line_1_4' title="bbox 256 275 744 312; baseline 0 -10"><span class='ocrx_word' id='word_1_12' title='bbox 256 276 323 308; x_wconf 81' lang='lat' dir='ltr'><strong>Quid</strong></span> <span class='ocrx_word' id='word_1_13' title='bbox 342 276 499 310; x_wconf 79' lang='lat' dir='ltr'><strong>hyposlasis,</strong></span> <span class='ocrx_word' id='word_1_14' title='bbox 516 277 579 309; x_wconf 86' lang='lat' dir='ltr'><strong>quid</strong></span> <span class='ocrx_word' id='word_1_15' title='bbox 596 275 744 312; x_wconf 64' lang='lat' dir='ltr'><strong>occidam]</strong></span> 
     </span>
    </p>
   </div>
   <div class='ocr_carea' id='block_1_5' title="bbox 141 332 886 368">
    <p class='ocr_par' dir='ltr' id='par_1_5' title="bbox 141 332 886 368">
     <span class='ocr_line' id='line_1_5' title="bbox 141 332 886 368; baseline 0 -9"><span class='ocrx_word' id='word_1_16' title='bbox 141 333 269 368; x_wconf 67' lang='lat' dir='ltr'><strong>‘lotwua,</strong></span> <span class='ocrx_word' id='word_1_17' title='bbox 296 340 343 359; x_wconf 92' lang='lat' dir='ltr'><strong>seu</strong></span> <span class='ocrx_word' id='word_1_18' title='bbox 369 332 522 367; x_wconf 73' lang='lat' dir='ltr'><strong>proprietas</strong></span> <span class='ocrx_word' id='word_1_19' title='bbox 548 333 662 366; x_wconf 90' lang='lat' dir='ltr'><strong>dicitur,</strong></span> <span class='ocrx_word' id='word_1_20' title='bbox 680 334 752 361; x_wconf 83' lang='grc' dir='ltr'><strong>κατὰ</strong></span> <span class='ocrx_word' id='word_1_21' title='bbox 775 334 806 360; x_wconf 78' lang='grc' dir='ltr'><strong>τὸ</strong></span> <span class='ocrx_word' id='word_1_22' title='bbox 834 333 886 360; x_wconf 75' lang='grc' dir='ltr'><strong>ἰδία</strong></span> 
     </span>
    </p>
   </div>
   <div class='ocr_carea' id='block_1_6' title="bbox 98 375 885 414">
    <p class='ocr_par' dir='ltr' id='par_1_6' title="bbox 98 375 885 414">
     <span class='ocr_line' id='line_1_6' title="bbox 98 375 885 414; baseline 0.001 -9"><span class='ocrx_word' id='word_1_23' title='bbox 98 375 169 405; x_wconf 72' lang='grc' dir='ltr'><strong>εἶναι</strong></span> <span class='ocrx_word' id='word_1_24' title='bbox 183 379 242 414; x_wconf 77' lang='grc' dir='ltr'><strong>ἅμα</strong></span> <span class='ocrx_word' id='word_1_25' title='bbox 256 379 289 410; x_wconf 82' lang='grc' dir='ltr'><strong>τῆ</strong></span> <span class='ocrx_word' id='word_1_26' title='bbox 304 378 357 414; x_wconf 81' lang='grc' dir='ltr'>ἰδίᾳ</span> <span class='ocrx_word' id='word_1_27' title='bbox 372 378 468 412; x_wconf 78' lang='grc' dir='ltr'><strong>φύσει,</strong></span> <span class='ocrx_word' id='word_1_28' title='bbox 479 379 578 414; x_wconf 81' lang='grc' dir='ltr'><strong>ἀμιγὲς</strong></span> <span class='ocrx_word' id='word_1_29' title='bbox 592 379 646 406; x_wconf 79' lang='grc' dir='ltr'><strong>τῶν</strong></span> <span class='ocrx_word' id='word_1_30' title='bbox 661 379 763 406; x_wconf 86' lang='grc' dir='ltr'><strong>λοιπῶν</strong></span> <span class='ocrx_word' id='word_1_31' title='bbox 785 380 885 406; x_wconf 82' lang='grc' dir='ltr'><strong>οὐσιῶν</strong></span> 
     </span>
    </p>
   </div>
   <div class='ocr_carea' id='block_1_7' title="bbox 99 422 884 460">
    <p class='ocr_par' dir='ltr' id='par_1_7' title="bbox 99 422 884 460">
     <span class='ocr_line' id='line_1_7' title="bbox 99 422 884 460; baseline 0.005 -12"><span class='ocrx_word' id='word_1_32' title='bbox 99 422 233 458; x_wconf 81' lang='grc' dir='ltr'><strong>ὕπαρχον,</strong></span> <span class='ocrx_word' id='word_1_33' title='bbox 250 423 302 451; x_wconf 90' lang='lat' dir='ltr'><strong>hoc</strong></span> <span class='ocrx_word' id='word_1_34' title='bbox 315 429 358 451; x_wconf 88' lang='lat' dir='ltr'><strong>est</strong></span> <span class='ocrx_word' id='word_1_35' title='bbox 374 424 438 458; x_wconf 85' lang='lat' dir='ltr'><strong>quia</strong></span> <span class='ocrx_word' id='word_1_36' title='bbox 452 425 579 459; x_wconf 74' lang='lat' dir='ltr'><strong>privatim</strong></span> <span class='ocrx_word' id='word_1_37' title='bbox 599 426 716 460; x_wconf 65' lang='lat' dir='ltr'><strong>propria:</strong></span> <span class='ocrx_word' id='word_1_38' title='bbox 729 429 835 452; x_wconf 67' lang='lat' dir='ltr'><strong>natura:</strong></span> <span class='ocrx_word' id='word_1_39' title='bbox 848 426 884 452; x_wconf 91' lang='lat' dir='ltr'><strong>ita</strong></span> 
     </span>
    </p>
   </div>
   <div class='ocr_carea' id='block_1_8' title="bbox 100 469 883 507">
    <p class='ocr_par' dir='ltr' id='par_1_8' title="bbox 100 469 883 507">
     <span class='ocr_line' id='line_1_8' title="bbox 100 469 883 507; baseline 0.006 -13"><span class='ocrx_word' id='word_1_40' title='bbox 100 469 186 500; x_wconf 87' lang='lat' dir='ltr'><strong>insit,</strong></span> <span class='ocrx_word' id='word_1_41' title='bbox 203 473 233 495; x_wconf 92' lang='lat' dir='ltr'><strong>ut</strong></span> <span class='ocrx_word' id='word_1_42' title='bbox 247 477 308 496; x_wconf 90' lang='lat' dir='ltr'><strong>cum</strong></span> <span class='ocrx_word' id='word_1_43' title='bbox 324 470 430 497; x_wconf 68' lang='lat' dir='ltr'><strong>caeteris</strong></span> <span class='ocrx_word' id='word_1_44' title='bbox 443 471 572 498; x_wconf 89' lang='lat' dir='ltr'><strong>essentiis</strong></span> <span class='ocrx_word' id='word_1_45' title='bbox 587 471 697 498; x_wconf 87' lang='lat' dir='ltr'><strong>misceri</strong></span> <span class='ocrx_word' id='word_1_46' title='bbox 715 479 769 499; x_wconf 86' lang='lat' dir='ltr'><strong>non</strong></span> <span class='ocrx_word' id='word_1_47' title='bbox 789 472 883 507; x_wconf 91' lang='lat' dir='ltr'><strong>possit.</strong></span> 
     </span>
    </p>
   </div>
   <div class='ocr_carea' id='block_1_9' title="bbox 100 514 887 552">
    <p class='ocr_par' dir='ltr' id='par_1_9' title="bbox 100 514 887 552">
     <span class='ocr_line' id='line_1_9' title="bbox 100 514 887 552; baseline 0.006 -12"><span class='ocrx_word' id='word_1_48' title='bbox 100 514 305 548; x_wconf 85' lang='lat' dir='ltr'><strong>(Proprietates</strong></span> <span class='ocrx_word' id='word_1_49' title='bbox 327 515 401 543; x_wconf 88' lang='lat' dir='ltr'><strong>enim</strong></span> <span class='ocrx_word' id='word_1_50' title='bbox 426 523 440 542; x_wconf 89' lang='lat' dir='ltr'><strong>a</strong></span> <span class='ocrx_word' id='word_1_51' title='bbox 459 516 566 544; x_wconf 83' lang='lat' dir='ltr'><strong>naturis</strong></span> <span class='ocrx_word' id='word_1_52' title='bbox 585 521 612 552; x_wconf 83' lang='lat' dir='ltr'><strong>et</strong></span> <span class='ocrx_word' id='word_1_53' title='bbox 635 517 827 552; x_wconf 80' lang='lat' dir='ltr'><strong>hypostasibus</strong></span> <span class='ocrx_word' id='word_1_54' title='bbox 845 525 887 544; x_wconf 89' lang='lat' dir='ltr'><strong>se-</strong></span> 
     </span>
    </p>
   </div>
   <div class='ocr_carea' id='block_1_10' title="bbox 99 560 886 599">
    <p class='ocr_par' dir='ltr' id='par_1_10' title="bbox 99 560 886 599">
     <span class='ocr_line' id='line_1_10' title="bbox 99 560 886 599; baseline 0.008 -14"><span class='ocrx_word' id='word_1_55' title='bbox 99 560 189 594; x_wconf 91' lang='lat' dir='ltr'><strong>parari</strong></span> <span class='ocrx_word' id='word_1_56' title='bbox 216 568 270 587; x_wconf 89' lang='lat' dir='ltr'><strong>non</strong></span> <span class='ocrx_word' id='word_1_57' title='bbox 297 563 440 595; x_wconf 90' lang='lat' dir='ltr'><strong>possunt)</strong></span> <span class='ocrx_word' id='word_1_58' title='bbox 466 562 524 590; x_wconf 86' lang='lat' dir='ltr'><strong>sive</strong></span> <span class='ocrx_word' id='word_1_59' title='bbox 548 564 702 598; x_wconf 85' lang='lat' dir='ltr'><strong>proprietas</strong></span> <span class='ocrx_word' id='word_1_60' title='bbox 725 564 750 591; x_wconf 90' lang='lat' dir='ltr'><strong>id</strong></span> <span class='ocrx_word' id='word_1_61' title='bbox 776 563 886 599; x_wconf 89' lang='lat' dir='ltr'><strong>proprie</strong></span> 
     </span>
    </p>
   </div>
   <div class='ocr_carea' id='block_1_11' title="bbox 98 606 885 645">
    <p class='ocr_par' dir='ltr' id='par_1_11' title="bbox 98 606 885 645">
     <span class='ocr_line' id='line_1_11' title="bbox 98 606 885 645; baseline 0.006 -13"><span class='ocrx_word' id='word_1_62' title='bbox 98 610 160 637; x_wconf 85' lang='lat' dir='ltr'><strong>est,</strong></span> <span class='ocrx_word' id='word_1_63' title='bbox 177 606 250 640; x_wconf 91' lang='lat' dir='ltr'><strong>quod</strong></span> <span class='ocrx_word' id='word_1_64' title='bbox 266 607 357 642; x_wconf 88' lang='lat' dir='ltr'><strong>aliqua</strong></span> <span class='ocrx_word' id='word_1_65' title='bbox 379 607 406 635; x_wconf 90' lang='lat' dir='ltr'><strong>in</strong></span> <span class='ocrx_word' id='word_1_66' title='bbox 426 611 522 635; x_wconf 83' lang='lat' dir='ltr'><strong>natura</strong></span> <span class='ocrx_word' id='word_1_67' title='bbox 540 609 669 644; x_wconf 73' lang='lat' dir='ltr'><strong>privatim</strong></span> <span class='ocrx_word' id='word_1_68' title='bbox 698 610 885 645; x_wconf 79' lang='lat' dir='ltr'><strong>cognoscitur,</strong></span> 
     </span>
    </p>
   </div>
   <div class='ocr_carea' id='block_1_12' title="bbox 100 650 886 689">
    <p class='ocr_par' dir='ltr' id='par_1_12' title="bbox 100 650 886 689">
     <span class='ocr_line' id='line_1_12' title="bbox 100 650 886 689; baseline 0.006 -13"><span class='ocrx_word' id='word_1_69' title='bbox 100 650 129 676; x_wconf 90' lang='lat' dir='ltr'><strong>in</strong></span> <span class='ocrx_word' id='word_1_70' title='bbox 156 650 208 677; x_wconf 88' lang='lat' dir='ltr'><strong>alia</strong></span> <span class='ocrx_word' id='word_1_71' title='bbox 233 659 299 678; x_wconf 91' lang='lat' dir='ltr'><strong>vero</strong></span> <span class='ocrx_word' id='word_1_72' title='bbox 321 658 376 678; x_wconf 91' lang='lat' dir='ltr'><strong>non</strong></span> <span class='ocrx_word' id='word_1_73' title='bbox 403 651 544 679; x_wconf 70' lang='lat' dir='ltr'><strong>invenitur</strong></span> <span class='ocrx_word' id='word_1_74' title='bbox 561 662 567 680; x_wconf 88' lang='lat'><strong>:</strong></span> <span class='ocrx_word' id='word_1_75' title='bbox 584 658 614 680; x_wconf 92' lang='lat' dir='ltr'><strong>ut</strong></span> <span class='ocrx_word' id='word_1_76' title='bbox 638 654 711 681; x_wconf 86' lang='lat' dir='ltr'><strong>verbi</strong></span> <span class='ocrx_word' id='word_1_77' title='bbox 738 655 833 689; x_wconf 77' lang='lat' dir='ltr'><strong>gratia,</strong></span> <span class='ocrx_word' id='word_1_78' title='bbox 859 654 886 681; x_wconf 92' lang='lat' dir='ltr'><strong>in</strong></span> 
     </span>
    </p>
   </div>
   <div class='ocr_carea' id='block_1_13' title="bbox 100 696 887 732">
    <p class='ocr_par' dir='ltr' id='par_1_13' title="bbox 100 696 887 732">
     <span class='ocr_line' id='line_1_13' title="bbox 100 696 887 732; baseline 0.008 -11"><span class='ocrx_word' id='word_1_79' title='bbox 100 699 198 723; x_wconf 88' lang='lat' dir='ltr'><strong>natura</strong></span> <span class='ocrx_word' id='word_1_80' title='bbox 212 696 304 724; x_wconf 91' lang='lat' dir='ltr'><strong>divina</strong></span> <span class='ocrx_word' id='word_1_81' title='bbox 325 697 352 724; x_wconf 93' lang='lat' dir='ltr'><strong>id</strong></span> <span class='ocrx_word' id='word_1_82' title='bbox 369 697 440 732; x_wconf 90' lang='lat' dir='ltr'><strong>quod</strong></span> <span class='ocrx_word' id='word_1_83' title='bbox 457 702 521 725; x_wconf 84' lang='lat' dir='ltr'><strong>ante</strong></span> <span class='ocrx_word' id='word_1_84' title='bbox 538 699 637 726; x_wconf 46' lang='lat' dir='ltr'><strong>Saecula</strong></span> <span class='ocrx_word' id='word_1_85' title='bbox 649 719 656 732; x_wconf 90' lang='lat'><strong>,</strong></span> <span class='ocrx_word' id='word_1_86' title='bbox 671 699 822 726; x_wconf 90' lang='lat' dir='ltr'><strong>increatum</strong></span> <span class='ocrx_word' id='word_1_87' title='bbox 835 720 842 732; x_wconf 92' lang='lat'><strong>,</strong></span> <span class='ocrx_word' id='word_1_88' title='bbox 859 706 887 727; x_wconf 91' lang='lat' dir='ltr'><strong>et</strong></span> 
     </span>
    </p>
   </div>
   <div class='ocr_carea' id='block_1_14' title="bbox 100 742 887 780">
    <p class='ocr_par' dir='ltr' id='par_1_14' title="bbox 100 742 887 780">
     <span class='ocr_line' id='line_1_14' title="bbox 100 742 887 780; baseline 0.006 -12"><span class='ocrx_word' id='word_1_89' title='bbox 100 742 389 777; x_wconf 79' lang='lat' dir='ltr'><strong>incircumscriptibile</strong></span> <span class='ocrx_word' id='word_1_90' title='bbox 400 748 451 776; x_wconf 92' lang='lat' dir='ltr'><strong>est,</strong></span> <span class='ocrx_word' id='word_1_91' title='bbox 465 751 525 778; x_wconf 56' lang='lat' dir='ltr'><strong>quae</strong></span> <span class='ocrx_word' id='word_1_92' title='bbox 541 744 651 778; x_wconf 90' lang='lat' dir='ltr'><strong>quidem</strong></span> <span class='ocrx_word' id='word_1_93' title='bbox 669 745 715 772; x_wconf 86' lang='lat' dir='ltr'><strong>alii</strong></span> <span class='ocrx_word' id='word_1_94' title='bbox 733 745 887 780; x_wconf 81' lang='lat' dir='ltr'><strong>cuicunque</strong></span> 
     </span>
    </p>
   </div>
   <div class='ocr_carea' id='block_1_15' title="bbox 99 786 887 823">
    <p class='ocr_par' dir='ltr' id='par_1_15' title="bbox 99 786 887 823">
     <span class='ocr_line' id='line_1_15' title="bbox 99 786 887 823; baseline 0.008 -11"><span class='ocrx_word' id='word_1_95' title='bbox 99 786 226 813; x_wconf 69' lang='lat' dir='ltr'><strong>essentia:</strong></span> <span class='ocrx_word' id='word_1_96' title='bbox 247 794 302 813; x_wconf 92' lang='lat' dir='ltr'><strong>non</strong></span> <span class='ocrx_word' id='word_1_97' title='bbox 322 787 433 819; x_wconf 85' lang='lat' dir='ltr'><strong>insunt,</strong></span> <span class='ocrx_word' id='word_1_98' title='bbox 448 795 482 815; x_wconf 89' lang='lat' dir='ltr'><strong>ne</strong></span> <span class='ocrx_word' id='word_1_99' title='bbox 506 788 557 823; x_wconf 90' lang='lat' dir='ltr'><strong>ipsi</strong></span> <span class='ocrx_word' id='word_1_100' title='bbox 579 789 690 823; x_wconf 88' lang='lat' dir='ltr'><strong>quidem</strong></span> <span class='ocrx_word' id='word_1_101' title='bbox 715 791 887 818; x_wconf 85' lang='lat' dir='ltr'><strong>sanctissimo</strong></span> 
     </span>
    </p>
   </div>
   <div class='ocr_carea' id='block_1_16' title="bbox 99 830 886 871">
    <p class='ocr_par' dir='ltr' id='par_1_16' title="bbox 99 830 886 871">
     <span class='ocr_line' id='line_1_16' title="bbox 99 830 886 871; baseline 0.009 -14"><span class='ocrx_word' id='word_1_102' title='bbox 99 830 201 858; x_wconf 90' lang='lat' dir='ltr'><strong>Christi</strong></span> <span class='ocrx_word' id='word_1_103' title='bbox 217 832 326 866; x_wconf 89' lang='lat' dir='ltr'><strong>corpori</strong></span> <span class='ocrx_word' id='word_1_104' title='bbox 337 851 346 864; x_wconf 84' lang='lat'><strong>,</strong></span> <span class='ocrx_word' id='word_1_105' title='bbox 367 841 418 859; x_wconf 85' lang='lat' dir='ltr'><strong>nec</strong></span> <span class='ocrx_word' id='word_1_106' title='bbox 438 833 511 860; x_wconf 91' lang='lat' dir='ltr'><strong>enim</strong></span> <span class='ocrx_word' id='word_1_107' title='bbox 528 839 592 861; x_wconf 88' lang='lat' dir='ltr'><strong>ante</strong></span> <span class='ocrx_word' id='word_1_108' title='bbox 609 835 708 863; x_wconf 59' lang='lat' dir='ltr'><strong>saecula</strong></span> <span class='ocrx_word' id='word_1_109' title='bbox 720 841 778 868; x_wconf 85' lang='lat' dir='ltr'><strong>est,</strong></span> <span class='ocrx_word' id='word_1_110' title='bbox 797 844 886 871; x_wconf 89' lang='lat' dir='ltr'><strong>neque</strong></span> 
     </span>
    </p>
   </div>
   <div class='ocr_carea' id='block_1_17' title="bbox 101 877 888 916">
    <p class='ocr_par' dir='ltr' id='par_1_17' title="bbox 101 877 888 916">
     <span class='ocr_line' id='line_1_17' title="bbox 101 877 888 916; baseline 0.006 -13"><span class='ocrx_word' id='word_1_111' title='bbox 101 877 254 904; x_wconf 89' lang='lat' dir='ltr'><strong>increatum</strong></span> <span class='ocrx_word' id='word_1_112' title='bbox 275 897 283 909; x_wconf 93' lang='lat'><strong>,</strong></span> <span class='ocrx_word' id='word_1_113' title='bbox 312 885 400 913; x_wconf 89' lang='lat' dir='ltr'><strong>neque</strong></span> <span class='ocrx_word' id='word_1_114' title='bbox 429 878 714 914; x_wconf 83' lang='lat' dir='ltr'><strong>incircumsriptibile.</strong></span> <span class='ocrx_word' id='word_1_115' title='bbox 752 881 888 916; x_wconf 69' lang='lat' dir='ltr'><strong>Angelicae</strong></span> 
     </span>
    </p>
   </div>
   <div class='ocr_carea' id='block_1_18' title="bbox 101 923 888 960">
    <p class='ocr_par' dir='ltr' id='par_1_18' title="bbox 101 923 888 960">
     <span class='ocr_line' id='line_1_18' title="bbox 101 923 888 960; baseline 0.006 -12"><span class='ocrx_word' id='word_1_116' title='bbox 101 926 206 949; x_wconf 68' lang='lat' dir='ltr'><strong>natura:</strong></span> <span class='ocrx_word' id='word_1_117' title='bbox 226 923 381 957; x_wconf 83' lang='lat' dir='ltr'><strong>proprietas</strong></span> <span class='ocrx_word' id='word_1_118' title='bbox 407 924 526 952; x_wconf 83' lang='lat' dir='ltr'><strong>essentia</strong></span> <span class='ocrx_word' id='word_1_119' title='bbox 545 928 588 952; x_wconf 88' lang='lat' dir='ltr'><strong>est</strong></span> <span class='ocrx_word' id='word_1_120' title='bbox 610 925 773 960; x_wconf 87' lang='lat' dir='ltr'><strong>impatibilis</strong></span> <span class='ocrx_word' id='word_1_121' title='bbox 794 945 802 958; x_wconf 91' lang='lat'><strong>,</strong></span> <span class='ocrx_word' id='word_1_122' title='bbox 827 933 888 960; x_wconf 65' lang='lat' dir='ltr'><strong>quae</strong></span> 
     </span>
    </p>
   </div>
   <div class='ocr_carea' id='block_1_19' title="bbox 102 965 888 1005">
    <p class='ocr_par' dir='ltr' id='par_1_19' title="bbox 102 965 888 1005">
     <span class='ocr_line' id='line_1_19' title="bbox 102 965 888 1005; baseline 0.008 -13"><span class='ocrx_word' id='word_1_123' title='bbox 102 965 154 993; x_wconf 86' lang='lat' dir='ltr'><strong>sibi</strong></span> <span class='ocrx_word' id='word_1_124' title='bbox 181 974 196 992; x_wconf 89' lang='lat' dir='ltr'><strong>a</strong></span> <span class='ocrx_word' id='word_1_125' title='bbox 213 966 341 994; x_wconf 84' lang='lat' dir='ltr'><strong>laudibus</strong></span> <span class='ocrx_word' id='word_1_126' title='bbox 358 968 414 994; x_wconf 89' lang='lat' dir='ltr'><strong>Deo</strong></span> <span class='ocrx_word' id='word_1_127' title='bbox 433 968 564 996; x_wconf 84' lang='lat' dir='ltr'><strong>canendis</strong></span> <span class='ocrx_word' id='word_1_128' title='bbox 587 970 726 998; x_wconf 87' lang='lat' dir='ltr'><strong>silentium</strong></span> <span class='ocrx_word' id='word_1_129' title='bbox 752 971 888 1005; x_wconf 83' lang='lat' dir='ltr'><strong>imperare</strong></span> 
     </span>
    </p>
   </div>
   <div class='ocr_carea' id='block_1_20' title="bbox 102 1013 888 1052">
    <p class='ocr_par' dir='ltr' id='par_1_20' title="bbox 102 1013 888 1052">
     <span class='ocr_line' id='line_1_20' title="bbox 102 1013 888 1052; baseline 0.006 -13"><span class='ocrx_word' id='word_1_130' title='bbox 102 1020 157 1039; x_wconf 93' lang='lat' dir='ltr'><strong>non</strong></span> <span class='ocrx_word' id='word_1_131' title='bbox 178 1017 278 1047; x_wconf 82' lang='lat' dir='ltr'><strong>potest.</strong></span> <span class='ocrx_word' id='word_1_132' title='bbox 304 1013 456 1048; x_wconf 87' lang='lat' dir='ltr'><strong>Impatibile</strong></span> <span class='ocrx_word' id='word_1_133' title='bbox 479 1022 560 1050; x_wconf 88' lang='lat' dir='ltr'><strong>porro</strong></span> <span class='ocrx_word' id='word_1_134' title='bbox 584 1015 612 1042; x_wconf 93' lang='lat' dir='ltr'><strong>in</strong></span> <span class='ocrx_word' id='word_1_135' title='bbox 634 1016 668 1043; x_wconf 88' lang='lat' dir='ltr'><strong>iis</strong></span> <span class='ocrx_word' id='word_1_136' title='bbox 685 1016 711 1043; x_wconf 82' lang='lat' dir='ltr'><strong>id</strong></span> <span class='ocrx_word' id='word_1_137' title='bbox 728 1017 799 1049; x_wconf 82' lang='lat' dir='ltr'><strong>dixi,</strong></span> <span class='ocrx_word' id='word_1_138' title='bbox 816 1018 888 1052; x_wconf 87' lang='lat' dir='ltr'><strong>quod</strong></span> 
     </span>
    </p>
   </div>
   <div class='ocr_carea' id='block_1_21' title="bbox 103 1058 888 1097">
    <p class='ocr_par' dir='ltr' id='par_1_21' title="bbox 103 1058 888 1097">
     <span class='ocr_line' id='line_1_21' title="bbox 103 1058 888 1097; baseline 0.009 -13"><span class='ocrx_word' id='word_1_139' title='bbox 103 1058 256 1085; x_wconf 73' lang='lat' dir='ltr'><strong>immortale</strong></span> <span class='ocrx_word' id='word_1_140' title='bbox 270 1062 322 1085; x_wconf 91' lang='lat' dir='ltr'><strong>est.</strong></span> <span class='ocrx_word' id='word_1_141' title='bbox 345 1058 487 1094; x_wconf 74' lang='lat' dir='ltr'><strong>Proprium</strong></span> <span class='ocrx_word' id='word_1_142' title='bbox 504 1060 624 1088; x_wconf 87' lang='lat' dir='ltr'><strong>hominis</strong></span> <span class='ocrx_word' id='word_1_143' title='bbox 651 1061 677 1089; x_wconf 94' lang='lat' dir='ltr'><strong>id</strong></span> <span class='ocrx_word' id='word_1_144' title='bbox 701 1063 811 1097; x_wconf 87' lang='lat' dir='ltr'><strong>proprie</strong></span> <span class='ocrx_word' id='word_1_145' title='bbox 826 1068 869 1090; x_wconf 90' lang='lat' dir='ltr'><strong>est</strong></span> <span class='ocrx_word' id='word_1_146' title='bbox 881 1083 888 1096; x_wconf 94' lang='lat'><strong>,</strong></span> 
     </span>
    </p>
   </div>
   <div class='ocr_carea' id='block_1_22' title="bbox 102 1103 892 1142">
    <p class='ocr_par' dir='ltr' id='par_1_22' title="bbox 102 1103 892 1142">
     <span class='ocr_line' id='line_1_22' title="bbox 102 1103 892 1142; baseline 0.009 -12"><span class='ocrx_word' id='word_1_147' title='bbox 102 1103 175 1138; x_wconf 76' lang='lat' dir='ltr'><strong>quod</strong></span> <span class='ocrx_word' id='word_1_148' title='bbox 192 1111 226 1131; x_wconf 83' lang='lat' dir='ltr'><strong>ex</strong></span> <span class='ocrx_word' id='word_1_149' title='bbox 245 1104 355 1131; x_wconf 88' lang='lat' dir='ltr'><strong>mortali</strong></span> <span class='ocrx_word' id='word_1_150' title='bbox 374 1109 402 1132; x_wconf 92' lang='lat' dir='ltr'><strong>et</strong></span> <span class='ocrx_word' id='word_1_151' title='bbox 420 1105 568 1133; x_wconf 86' lang='lat' dir='ltr'><strong>immortali</strong></span> <span class='ocrx_word' id='word_1_152' title='bbox 586 1112 682 1135; x_wconf 89' lang='lat' dir='ltr'><strong>natura</strong></span> <span class='ocrx_word' id='word_1_153' title='bbox 698 1112 819 1142; x_wconf 84' lang='lat' dir='ltr'><strong>constat,</strong></span> <span class='ocrx_word' id='word_1_154' title='bbox 838 1105 892 1136; x_wconf 81' lang='lat' dir='ltr'><strong>nec</strong></span> 
     </span>
    </p>
   </div>
   <div class='ocr_carea' id='block_1_23' title="bbox 102 1147 888 1189">
    <p class='ocr_par' dir='ltr' id='par_1_23' title="bbox 102 1147 888 1189">
     <span class='ocr_line' id='line_1_23' title="bbox 102 1147 888 1189; baseline 0.009 -15"><span class='ocrx_word' id='word_1_155' title='bbox 102 1147 132 1174; x_wconf 89' lang='lat' dir='ltr'><strong>in</strong></span> <span class='ocrx_word' id='word_1_156' title='bbox 149 1147 202 1175; x_wconf 92' lang='lat' dir='ltr'><strong>alia</strong></span> <span class='ocrx_word' id='word_1_157' title='bbox 219 1148 275 1175; x_wconf 85' lang='lat' dir='ltr'><strong>ulla</strong></span> <span class='ocrx_word' id='word_1_158' title='bbox 296 1149 416 1177; x_wconf 83' lang='lat' dir='ltr'><strong>essentia</strong></span> <span class='ocrx_word' id='word_1_159' title='bbox 442 1151 629 1185; x_wconf 76' lang='lat' dir='ltr'><strong>cognoscitur.</strong></span> <span class='ocrx_word' id='word_1_160' title='bbox 658 1152 799 1182; x_wconf 85' lang='lat' dir='ltr'><strong>Naturales</strong></span> <span class='ocrx_word' id='word_1_161' title='bbox 824 1162 888 1189; x_wconf 80' lang='lat' dir='ltr'><strong>pro-</strong></span> 
     </span>
    </p>
   </div>
   <div class='ocr_carea' id='block_1_24' title="bbox 103 1193 890 1232">
    <p class='ocr_par' dir='ltr' id='par_1_24' title="bbox 103 1193 890 1232">
     <span class='ocr_line' id='line_1_24' title="bbox 103 1193 890 1232; baseline 0.01 -12"><span class='ocrx_word' id='word_1_162' title='bbox 103 1193 233 1227; x_wconf 89' lang='lat' dir='ltr'><strong>prietates</strong></span> <span class='ocrx_word' id='word_1_163' title='bbox 255 1202 294 1222; x_wconf 63' lang='lat' dir='ltr'><strong>em</strong></span> <span class='ocrx_word' id='word_1_164' title='bbox 315 1200 389 1228; x_wconf 91' lang='lat' dir='ltr'><strong>sunt,</strong></span> <span class='ocrx_word' id='word_1_165' title='bbox 413 1204 481 1231; x_wconf 90' lang='lat' dir='ltr'><strong>quas</strong></span> <span class='ocrx_word' id='word_1_166' title='bbox 501 1197 557 1232; x_wconf 85' lang='lat' dir='ltr'><strong>jam</strong></span> <span class='ocrx_word' id='word_1_167' title='bbox 585 1198 639 1225; x_wconf 80' lang='lat' dir='ltr'><strong>dixi</strong></span> <span class='ocrx_word' id='word_1_168' title='bbox 659 1207 666 1226; x_wconf 88' lang='lat'><strong>:</strong></span> <span class='ocrx_word' id='word_1_169' title='bbox 688 1205 752 1226; x_wconf 89' lang='lat' dir='ltr'><strong>sunt</strong></span> <span class='ocrx_word' id='word_1_170' title='bbox 773 1208 837 1227; x_wconf 87' lang='lat' dir='ltr'><strong>vero</strong></span> <span class='ocrx_word' id='word_1_171' title='bbox 862 1205 890 1228; x_wconf 91' lang='lat' dir='ltr'><strong>et</strong></span> 
     </span>
    </p>
   </div>
   <div class='ocr_carea' id='block_1_25' title="bbox 104 1237 889 1279">
    <p class='ocr_par' dir='ltr' id='par_1_25' title="bbox 104 1237 889 1279">
     <span class='ocr_line' id='line_1_25' title="bbox 104 1237 889 1279; baseline 0.011 -15"><span class='ocrx_word' id='word_1_172' title='bbox 104 1237 293 1274; x_wconf 72' lang='lat' dir='ltr'><strong>hypostaticze,</strong></span> <span class='ocrx_word' id='word_1_173' title='bbox 313 1245 342 1267; x_wconf 90' lang='lat' dir='ltr'><strong>ut</strong></span> <span class='ocrx_word' id='word_1_174' title='bbox 354 1241 462 1274; x_wconf 88' lang='lat' dir='ltr'><strong>albedo,</strong></span> <span class='ocrx_word' id='word_1_175' title='bbox 480 1242 596 1276; x_wconf 88' lang='lat' dir='ltr'><strong>simitas,</strong></span> <span class='ocrx_word' id='word_1_176' title='bbox 621 1244 775 1279; x_wconf 82' lang='lat' dir='ltr'><strong>longitudo,</strong></span> <span class='ocrx_word' id='word_1_177' title='bbox 791 1245 889 1273; x_wconf 90' lang='lat' dir='ltr'><strong>decur-</strong></span> 
     </span>
    </p>
   </div>
   <div class='ocr_carea' id='block_1_26' title="bbox 106 1283 889 1326">
    <p class='ocr_par' dir='ltr' id='par_1_26' title="bbox 106 1283 889 1326">
     <span class='ocr_line' id='line_1_26' title="bbox 106 1283 889 1326; baseline 0.011 -16"><span class='ocrx_word' id='word_1_178' title='bbox 106 1283 185 1317; x_wconf 85' lang='lat' dir='ltr'><strong>tatio,</strong></span> <span class='ocrx_word' id='word_1_179' title='bbox 210 1285 345 1319; x_wconf 82' lang='lat' dir='ltr'><strong>viriditas,</strong></span> <span class='ocrx_word' id='word_1_180' title='bbox 365 1287 542 1321; x_wconf 84' lang='lat' dir='ltr'><strong>truculentia,</strong></span> <span class='ocrx_word' id='word_1_181' title='bbox 558 1294 586 1316; x_wconf 89' lang='lat' dir='ltr'><strong>et</strong></span> <span class='ocrx_word' id='word_1_182' title='bbox 615 1295 712 1317; x_wconf 71' lang='lat' dir='ltr'><strong>ctetcra</strong></span> <span class='ocrx_word' id='word_1_183' title='bbox 741 1291 767 1318; x_wconf 88' lang='lat' dir='ltr'><strong>id</strong></span> <span class='ocrx_word' id='word_1_184' title='bbox 792 1299 889 1326; x_wconf 79' lang='lat' dir='ltr'><strong>genus,</strong></span> 
     </span>
    </p>
   </div>
   <div class='ocr_carea' id='block_1_27' title="bbox 106 1332 891 1364">
    <p class='ocr_par' dir='ltr' id='par_1_27' title="bbox 106 1332 891 1364">
     <span class='ocr_line' id='line_1_27' title="bbox 106 1332 891 1364; baseline 0.009 -7"><span class='ocrx_word' id='word_1_185' title='bbox 106 1337 168 1364; x_wconf 65' lang='lat' dir='ltr'><strong>qua:</strong></span> <span class='ocrx_word' id='word_1_186' title='bbox 187 1332 314 1359; x_wconf 88' lang='lat' dir='ltr'><strong>omnibus</strong></span> <span class='ocrx_word' id='word_1_187' title='bbox 333 1332 360 1359; x_wconf 91' lang='lat' dir='ltr'><strong>in</strong></span> <span class='ocrx_word' id='word_1_188' title='bbox 385 1333 543 1361; x_wconf 87' lang='lat' dir='ltr'><strong>hominibus</strong></span> <span class='ocrx_word' id='word_1_189' title='bbox 562 1334 635 1362; x_wconf 84' lang='lat' dir='ltr'><strong>haud</strong></span> <span class='ocrx_word' id='word_1_190' title='bbox 652 1336 734 1363; x_wconf 86' lang='lat' dir='ltr'><strong>simili</strong></span> <span class='ocrx_word' id='word_1_191' title='bbox 750 1337 831 1364; x_wconf 90' lang='lat' dir='ltr'><strong>modo</strong></span> <span class='ocrx_word' id='word_1_192' title='bbox 851 1344 891 1364; x_wconf 91' lang='lat' dir='ltr'><strong>re-</strong></span> 
     </span>
    </p>
   </div>
   <div class='ocr_carea' id='block_1_28' title="bbox 106 1375 890 1409">
    <p class='ocr_par' dir='ltr' id='par_1_28' title="bbox 106 1375 890 1409">
     <span class='ocr_line' id='line_1_28' title="bbox 106 1375 890 1409; baseline 0.01 -8"><span class='ocrx_word' id='word_1_193' title='bbox 106 1375 272 1408; x_wconf 87' lang='lat' dir='ltr'><strong>periuntur,</strong></span> <span class='ocrx_word' id='word_1_194' title='bbox 299 1385 349 1404; x_wconf 90' lang='lat' dir='ltr'><strong>nec</strong></span> <span class='ocrx_word' id='word_1_195' title='bbox 370 1378 443 1405; x_wconf 91' lang='lat' dir='ltr'><strong>enim</strong></span> <span class='ocrx_word' id='word_1_196' title='bbox 468 1386 565 1407; x_wconf 89' lang='lat' dir='ltr'><strong>omnes</strong></span> <span class='ocrx_word' id='word_1_197' title='bbox 585 1385 650 1407; x_wconf 90' lang='lat' dir='ltr'><strong>sunt</strong></span> <span class='ocrx_word' id='word_1_198' title='bbox 672 1381 777 1409; x_wconf 86' lang='lat' dir='ltr'><strong>similes</strong></span> <span class='ocrx_word' id='word_1_199' title='bbox 803 1390 810 1408; x_wconf 88' lang='lat'><strong>:</strong></span> <span class='ocrx_word' id='word_1_200' title='bbox 835 1389 890 1409; x_wconf 88' lang='lat' dir='ltr'><strong>non</strong></span> 
     </span>
    </p>
   </div>
   <div class='ocr_carea' id='block_1_29' title="bbox 106 1422 892 1456">
    <p class='ocr_par' dir='ltr' id='par_1_29' title="bbox 106 1422 892 1456">
     <span class='ocr_line' id='line_1_29' title="bbox 106 1422 892 1456; baseline 0.011 -10"><span class='ocrx_word' id='word_1_201' title='bbox 106 1427 201 1447; x_wconf 86' lang='lat' dir='ltr'><strong>omnes</strong></span> <span class='ocrx_word' id='word_1_202' title='bbox 217 1426 282 1448; x_wconf 83' lang='lat' dir='ltr'><strong>sunt</strong></span> <span class='ocrx_word' id='word_1_203' title='bbox 296 1423 453 1456; x_wconf 87' lang='lat' dir='ltr'><strong>truculenti,</strong></span> <span class='ocrx_word' id='word_1_204' title='bbox 478 1431 533 1451; x_wconf 89' lang='lat' dir='ltr'><strong>non</strong></span> <span class='ocrx_word' id='word_1_205' title='bbox 554 1432 651 1452; x_wconf 88' lang='lat' dir='ltr'><strong>omnes</strong></span> <span class='ocrx_word' id='word_1_206' title='bbox 663 1422 738 1454; x_wconf 41' lang='lat' dir='ltr'><strong>‘Ilavi.</strong></span> <span class='ocrx_word' id='word_1_207' title='bbox 763 1427 840 1455; x_wconf 88' lang='lat' dir='ltr'><strong>Unde</strong></span> <span class='ocrx_word' id='word_1_208' title='bbox 862 1427 892 1455; x_wconf 80' lang='lat' dir='ltr'><strong>ﬁt</strong></span> 
     </span>
    </p>
   </div>
   <div class='ocr_carea' id='block_1_30' title="bbox 106 1464 892 1508">
    <p class='ocr_par' dir='ltr' id='par_1_30' title="bbox 106 1464 892 1508">
     <span class='ocr_line' id='line_1_30' title="bbox 106 1464 892 1508; baseline 0.014 -18"><span class='ocrx_word' id='word_1_209' title='bbox 106 1464 201 1496; x_wconf 86' lang='lat' dir='ltr'><strong>etiam,</strong></span> <span class='ocrx_word' id='word_1_210' title='bbox 221 1469 252 1492; x_wconf 92' lang='lat' dir='ltr'><strong>ut</strong></span> <span class='ocrx_word' id='word_1_211' title='bbox 275 1466 430 1501; x_wconf 85' lang='lat' dir='ltr'><strong>bypostasin</strong></span> <span class='ocrx_word' id='word_1_212' title='bbox 456 1470 580 1496; x_wconf 88' lang='lat' dir='ltr'><strong>nonnulli</strong></span> <span class='ocrx_word' id='word_1_213' title='bbox 605 1471 742 1505; x_wconf 85' lang='lat' dir='ltr'><strong>privatum</strong></span> <span class='ocrx_word' id='word_1_214' title='bbox 768 1477 796 1500; x_wconf 92' lang='lat' dir='ltr'><strong>et</strong></span> <span class='ocrx_word' id='word_1_215' title='bbox 809 1481 892 1508; x_wconf 90' lang='lat' dir='ltr'><strong>pecu-</strong></span> 
     </span>
    </p>
   </div>
   <div class='ocr_carea' id='block_1_31' title="bbox 106 1509 929 1565">
    <p class='ocr_par' dir='ltr' id='par_1_31' title="bbox 106 1509 929 1565">
     <span class='ocr_line' id='line_1_31' title="bbox 106 1509 929 1565; baseline 0.015 -30"><span class='ocrx_word' id='word_1_216' title='bbox 106 1509 203 1536; x_wconf 88' lang='lat' dir='ltr'><strong>liarem</strong></span> <span class='ocrx_word' id='word_1_217' title='bbox 220 1510 502 1540; x_wconf 81' lang='lat' dir='ltr'><strong>characteristicarum</strong></span> <span class='ocrx_word' id='word_1_218' title='bbox 525 1522 573 1542; x_wconf 90' lang='lat' dir='ltr'><strong>seu</strong></span> <span class='ocrx_word' id='word_1_219' title='bbox 596 1516 801 1551; x_wconf 77' lang='lat' dir='ltr'><strong>tigurativarum</strong></span> <span class='ocrx_word' id='word_1_220' title='bbox 826 1527 891 1554; x_wconf 89' lang='lat' dir='ltr'><strong>pro-</strong></span> <span class='ocrx_word' id='word_1_221' title='bbox 907 1536 929 1565; x_wconf 66' lang='grc' dir='ltr'>ο</span> 
     </span>
    </p>
   </div>
   <div class='ocr_carea' id='block_1_32' title="bbox 107 1555 892 1593">
    <p class='ocr_par' dir='ltr' id='par_1_32' title="bbox 107 1555 892 1593">
     <span class='ocr_line' id='line_1_32' title="bbox 107 1555 892 1593; baseline 0.015 -13"><span class='ocrx_word' id='word_1_222' title='bbox 107 1555 274 1589; x_wconf 87' lang='lat' dir='ltr'><strong>prietatum,</strong></span> <span class='ocrx_word' id='word_1_223' title='bbox 303 1564 371 1591; x_wconf 89' lang='lat' dir='ltr'><strong>quas</strong></span> <span class='ocrx_word' id='word_1_224' title='bbox 399 1559 528 1592; x_wconf 75' lang='lat' dir='ltr'><strong>praedixi,</strong></span> <span class='ocrx_word' id='word_1_225' title='bbox 558 1568 725 1589; x_wconf 80' lang='lat' dir='ltr'><strong>concursum</strong></span> <span class='ocrx_word' id='word_1_226' title='bbox 750 1563 892 1593; x_wconf 84' lang='lat' dir='ltr'><strong>deﬁniant.</strong></span> 
     </span>
    </p>
   </div>
   <div class='ocr_carea' id='block_1_33' title="bbox 107 1600 893 1643">
    <p class='ocr_par' dir='ltr' id='par_1_33' title="bbox 107 1600 893 1643">
     <span class='ocr_line' id='line_1_33' title="bbox 107 1600 893 1643; baseline 0.015 -17"><span class='ocrx_word' id='word_1_227' title='bbox 107 1600 253 1628; x_wconf 79' lang='lat' dir='ltr'><strong>Naturales</strong></span> <span class='ocrx_word' id='word_1_228' title='bbox 277 1606 367 1629; x_wconf 89' lang='lat' dir='ltr'><strong>autem</strong></span> <span class='ocrx_word' id='word_1_229' title='bbox 396 1605 581 1639; x_wconf 84' lang='lat' dir='ltr'><strong>proprietates</strong></span> <span class='ocrx_word' id='word_1_230' title='bbox 602 1614 636 1634; x_wconf 85' lang='lat' dir='ltr'><strong>ex</strong></span> <span class='ocrx_word' id='word_1_231' title='bbox 658 1615 736 1643; x_wconf 64' lang='lat' dir='ltr'><strong>aequo</strong></span> <span class='ocrx_word' id='word_1_232' title='bbox 764 1609 789 1636; x_wconf 93' lang='lat' dir='ltr'><strong>in</strong></span> <span class='ocrx_word' id='word_1_233' title='bbox 818 1611 893 1638; x_wconf 88' lang='lat' dir='ltr'><strong>omni</strong></span> 
     </span>
    </p>
   </div>
   <div class='ocr_carea' id='block_1_34' title="bbox 108 1648 894 1685">
    <p class='ocr_par' dir='ltr' id='par_1_34' title="bbox 108 1648 894 1685">
     <span class='ocr_line' id='line_1_34' title="bbox 108 1648 894 1685; baseline 0.015 -13"><span class='ocrx_word' id='word_1_234' title='bbox 108 1654 208 1681; x_wconf 71' lang='lat' dir='ltr'><strong>genere</strong></span> <span class='ocrx_word' id='word_1_235' title='bbox 223 1648 401 1676; x_wconf 87' lang='lat' dir='ltr'><strong>consimiliter</strong></span> <span class='ocrx_word' id='word_1_236' title='bbox 419 1650 609 1685; x_wconf 90' lang='lat' dir='ltr'><strong>inveniuntur,</strong></span> <span class='ocrx_word' id='word_1_237' title='bbox 633 1659 663 1681; x_wconf 89' lang='lat' dir='ltr'><strong>ut</strong></span> <span class='ocrx_word' id='word_1_238' title='bbox 687 1662 783 1683; x_wconf 89' lang='lat' dir='ltr'><strong>omnes</strong></span> <span class='ocrx_word' id='word_1_239' title='bbox 805 1656 894 1683; x_wconf 90' lang='lat' dir='ltr'><strong>homi-</strong></span> 
     </span>
    </p>
   </div>
   <div class='ocr_carea' id='block_1_35' title="bbox 109 1694 894 1732">
    <p class='ocr_par' dir='ltr' id='par_1_35' title="bbox 109 1694 894 1732">
     <span class='ocr_line' id='line_1_35' title="bbox 109 1694 894 1732; baseline 0.011 -12"><span class='ocrx_word' id='word_1_240' title='bbox 109 1701 159 1720; x_wconf 86' lang='lat' dir='ltr'><strong>nes</strong></span> <span class='ocrx_word' id='word_1_241' title='bbox 181 1694 319 1727; x_wconf 85' lang='lat' dir='ltr'><strong>mortales,</strong></span> <span class='ocrx_word' id='word_1_242' title='bbox 344 1696 479 1724; x_wconf 88' lang='lat' dir='ltr'><strong>consimili</strong></span> <span class='ocrx_word' id='word_1_243' title='bbox 502 1699 584 1725; x_wconf 90' lang='lat' dir='ltr'><strong>modo</strong></span> <span class='ocrx_word' id='word_1_244' title='bbox 610 1700 691 1727; x_wconf 86' lang='lat' dir='ltr'><strong>morti</strong></span> <span class='ocrx_word' id='word_1_245' title='bbox 710 1701 833 1732; x_wconf 87' lang='lat' dir='ltr'><strong>obnoxii,</strong></span> <span class='ocrx_word' id='word_1_246' title='bbox 849 1710 894 1728; x_wconf 84' lang='lat' dir='ltr'><strong>ra-</strong></span> 
     </span>
    </p>
   </div>
   <div class='ocr_carea' id='block_1_36' title="bbox 112 1739 895 1782">
    <p class='ocr_par' dir='ltr' id='par_1_36' title="bbox 112 1739 895 1782">
     <span class='ocr_line' id='line_1_36' title="bbox 112 1739 895 1782; baseline 0.014 -17"><span class='ocrx_word' id='word_1_247' title='bbox 112 1739 204 1771; x_wconf 89' lang='lat' dir='ltr'><strong>tionis,</strong></span> <span class='ocrx_word' id='word_1_248' title='bbox 223 1741 425 1776; x_wconf 89' lang='lat' dir='ltr'><strong>respirationis,</strong></span> <span class='ocrx_word' id='word_1_249' title='bbox 439 1744 527 1771; x_wconf 90' lang='lat' dir='ltr'><strong>somni</strong></span> <span class='ocrx_word' id='word_1_250' title='bbox 538 1749 566 1772; x_wconf 92' lang='lat' dir='ltr'><strong>et</strong></span> <span class='ocrx_word' id='word_1_251' title='bbox 577 1746 771 1775; x_wconf 84' lang='lat' dir='ltr'><strong>ambulationis</strong></span> <span class='ocrx_word' id='word_1_252' title='bbox 783 1749 895 1782; x_wconf 90' lang='lat' dir='ltr'><strong>partici—</strong></span> 
     </span>
    </p>
   </div>
   <div class='ocr_carea' id='block_1_37' title="bbox 109 1787 895 1829">
    <p class='ocr_par' dir='ltr' id='par_1_37' title="bbox 109 1787 895 1829">
     <span class='ocr_line' id='line_1_37' title="bbox 109 1787 895 1829; baseline 0.011 -18"><span class='ocrx_word' id='word_1_253' title='bbox 109 1793 158 1819; x_wconf 86' lang='lat' dir='ltr'><strong>pes</strong></span> <span class='ocrx_word' id='word_1_254' title='bbox 181 1791 256 1818; x_wconf 84' lang='lat' dir='ltr'><strong>sunt,</strong></span> <span class='ocrx_word' id='word_1_255' title='bbox 283 1793 378 1814; x_wconf 89' lang='lat' dir='ltr'><strong>omnes</strong></span> <span class='ocrx_word' id='word_1_256' title='bbox 400 1787 463 1816; x_wconf 87' lang='lat' dir='ltr'><strong>latis</strong></span> <span class='ocrx_word' id='word_1_257' title='bbox 490 1791 628 1829; x_wconf 75' lang='lat' dir='ltr'><strong>unguibus</strong></span> <span class='ocrx_word' id='word_1_258' title='bbox 650 1792 775 1826; x_wconf 66' lang='lat' dir='ltr'><strong>praediti,</strong></span> <span class='ocrx_word' id='word_1_259' title='bbox 798 1800 895 1821; x_wconf 87' lang='lat' dir='ltr'><strong>omnes</strong></span> 
     </span>
    </p>
   </div>
   <div class='ocr_carea' id='block_1_38' title="bbox 109 1830 893 1866">
    <p class='ocr_par' dir='ltr' id='par_1_38' title="bbox 109 1830 893 1866">
     <span class='ocr_line' id='line_1_38' title="bbox 109 1830 893 1866; baseline 0.013 -10"><span class='ocrx_word' id='word_1_260' title='bbox 109 1830 228 1866; x_wconf 87' lang='lat' dir='ltr'><strong>denique</strong></span> <span class='ocrx_word' id='word_1_261' title='bbox 262 1830 455 1866; x_wconf 69' lang='lat' dir='ltr'><strong>agriculturae,</strong></span> <span class='ocrx_word' id='word_1_262' title='bbox 494 1835 632 1863; x_wconf 84' lang='lat' dir='ltr'><strong>artibusve</strong></span> <span class='ocrx_word' id='word_1_263' title='bbox 671 1837 777 1865; x_wconf 62' lang='lat' dir='ltr'><strong>caeteris</strong></span> <span class='ocrx_word' id='word_1_264' title='bbox 809 1838 893 1866; x_wconf 80' lang='lat' dir='ltr'><strong>dediti</strong></span> 
     </span>
    </p>
   </div>
   <div class='ocr_carea' id='block_1_39' title="bbox 109 1882 183 1904">
    <p class='ocr_par' dir='ltr' id='par_1_39' title="bbox 109 1882 183 1904">
     <span class='ocr_line' id='line_1_39' title="bbox 109 1882 183 1904; baseline -0.014 0"><span class='ocrx_word' id='word_1_265' title='bbox 109 1882 183 1904; x_wconf 87' lang='lat' dir='ltr'><strong>sunt.</strong></span> 
     </span>
    </p>
   </div>
   <div class='ocr_carea' id='block_1_40' title="bbox 419 1938 588 1966">
    <p class='ocr_par' dir='ltr' id='par_1_40' title="bbox 419 1938 588 1966">
     <span class='ocr_line' id='line_1_40' title="bbox 419 1938 588 1966; baseline 0 0"><span class='ocrx_word' id='word_1_266' title='bbox 419 1938 496 1966; x_wconf 87' lang='lat' dir='ltr'><strong>CAP.</strong></span> <span class='ocrx_word' id='word_1_267' title='bbox 516 1939 588 1966; x_wconf 78' lang='lat' dir='ltr'><strong>XXI.</strong></span> 
     </span>
    </p>
   </div>
   <div class='ocr_carea' id='block_1_41' title="bbox 375 1983 643 2016">
    <p class='ocr_par' dir='ltr' id='par_1_41' title="bbox 375 1983 643 2016">
     <span class='ocr_line' id='line_1_41' title="bbox 375 1983 643 2016; baseline 0.004 -6"><span class='ocrx_word' id='word_1_268' title='bbox 375 1983 444 2016; x_wconf 82' lang='lat' dir='ltr'><strong>Quid</strong></span> <span class='ocrx_word' id='word_1_269' title='bbox 460 1983 500 2011; x_wconf 69' lang='lat' dir='ltr'><strong>aid</strong></span> <span class='ocrx_word' id='word_1_270' title='bbox 514 1985 643 2011; x_wconf 76' lang='lat' dir='ltr'><strong>accidens.</strong></span> 
     </span>
    </p>
   </div>
   <div class='ocr_carea' id='block_1_42' title="bbox 148 2039 897 2076">
    <p class='ocr_par' dir='ltr' id='par_1_42' title="bbox 148 2039 897 2076">
     <span class='ocr_line' id='line_1_42' title="bbox 148 2039 897 2076; baseline 0.008 -10"><span class='ocrx_word' id='word_1_271' title='bbox 148 2039 283 2068; x_wconf 82' lang='lat' dir='ltr'><strong>Accidens</strong></span> <span class='ocrx_word' id='word_1_272' title='bbox 294 2039 405 2074; x_wconf 89' lang='lat' dir='ltr'><strong>dicitur,</strong></span> <span class='ocrx_word' id='word_1_273' title='bbox 430 2041 456 2068; x_wconf 92' lang='lat' dir='ltr'><strong>id</strong></span> <span class='ocrx_word' id='word_1_274' title='bbox 480 2041 553 2076; x_wconf 90' lang='lat' dir='ltr'><strong>quod</strong></span> <span class='ocrx_word' id='word_1_275' title='bbox 576 2041 654 2069; x_wconf 86' lang='lat' dir='ltr'><strong>adest</strong></span> <span class='ocrx_word' id='word_1_276' title='bbox 682 2043 724 2070; x_wconf 86' lang='lat' dir='ltr'><strong>vel</strong></span> <span class='ocrx_word' id='word_1_277' title='bbox 747 2044 843 2076; x_wconf 90' lang='lat' dir='ltr'><strong>abest,</strong></span> <span class='ocrx_word' id='word_1_278' title='bbox 866 2050 897 2073; x_wconf 93' lang='lat' dir='ltr'><strong>ut</strong></span> 
     </span>
    </p>
   </div>
   <div class='ocr_carea' id='block_1_43' title="bbox 113 2085 895 2123">
    <p class='ocr_par' dir='ltr' id='par_1_43' title="bbox 113 2085 895 2123">
     <span class='ocr_line' id='line_1_43' title="bbox 113 2085 895 2123; baseline 0.009 -12"><span class='ocrx_word' id='word_1_279' title='bbox 113 2085 229 2112; x_wconf 78' lang='lat' dir='ltr'><strong>infantia</strong></span> <span class='ocrx_word' id='word_1_280' title='bbox 255 2091 284 2113; x_wconf 92' lang='lat' dir='ltr'><strong>et</strong></span> <span class='ocrx_word' id='word_1_281' title='bbox 313 2086 391 2114; x_wconf 86' lang='lat' dir='ltr'><strong>adest</strong></span> <span class='ocrx_word' id='word_1_282' title='bbox 411 2092 438 2114; x_wconf 89' lang='lat' dir='ltr'><strong>et</strong></span> <span class='ocrx_word' id='word_1_283' title='bbox 467 2087 545 2120; x_wconf 83' lang='lat' dir='ltr'><strong>abest</strong></span> <span class='ocrx_word' id='word_1_284' title='bbox 576 2088 754 2123; x_wconf 84' lang='lat' dir='ltr'><strong>perfectionis</strong></span> <span class='ocrx_word' id='word_1_285' title='bbox 780 2090 895 2118; x_wconf 90' lang='lat' dir='ltr'><strong>ratione.</strong></span> 
     </span>
    </p>
   </div>
   <div class='ocr_carea' id='block_1_44' title="bbox 111 2131 896 2168">
    <p class='ocr_par' dir='ltr' id='par_1_44' title="bbox 111 2131 896 2168">
     <span class='ocr_line' id='line_1_44' title="bbox 111 2131 896 2168; baseline 0.005 -10"><span class='ocrx_word' id='word_1_286' title='bbox 111 2131 254 2159; x_wconf 83' lang='lat' dir='ltr'><strong>Consimili</strong></span> <span class='ocrx_word' id='word_1_287' title='bbox 272 2132 354 2159; x_wconf 90' lang='lat' dir='ltr'><strong>modo</strong></span> <span class='ocrx_word' id='word_1_288' title='bbox 374 2132 478 2159; x_wconf 86' lang='lat' dir='ltr'><strong>sanitas</strong></span> <span class='ocrx_word' id='word_1_289' title='bbox 498 2140 607 2168; x_wconf 89' lang='lat' dir='ltr'><strong>quoque</strong></span> <span class='ocrx_word' id='word_1_290' title='bbox 628 2138 750 2162; x_wconf 85' lang='lat' dir='ltr'><strong>mutatur</strong></span> <span class='ocrx_word' id='word_1_291' title='bbox 765 2140 794 2163; x_wconf 90' lang='lat' dir='ltr'><strong>et</strong></span> <span class='ocrx_word' id='word_1_292' title='bbox 822 2143 896 2163; x_wconf 90' lang='lat' dir='ltr'><strong>mor-</strong></span> 
     </span>
    </p>
   </div>
   <div class='ocr_carea' id='block_1_45' title="bbox 113 2179 898 2215">
    <p class='ocr_par' dir='ltr' id='par_1_45' title="bbox 113 2179 898 2215">
     <span class='ocr_line' id='line_1_45' title="bbox 113 2179 898 2215; baseline 0.005 -9"><span class='ocrx_word' id='word_1_293' title='bbox 113 2179 174 2212; x_wconf 86' lang='lat' dir='ltr'><strong>bus,</strong></span> <span class='ocrx_word' id='word_1_294' title='bbox 193 2183 222 2206; x_wconf 88' lang='lat' dir='ltr'><strong>ct</strong></span> <span class='ocrx_word' id='word_1_295' title='bbox 244 2179 330 2212; x_wconf 82' lang='lat' dir='ltr'><strong>caler,</strong></span> <span class='ocrx_word' id='word_1_296' title='bbox 347 2184 375 2207; x_wconf 89' lang='lat' dir='ltr'><strong>et</strong></span> <span class='ocrx_word' id='word_1_297' title='bbox 391 2180 510 2212; x_wconf 86' lang='lat' dir='ltr'><strong>siccitas,</strong></span> <span class='ocrx_word' id='word_1_298' title='bbox 526 2185 607 2215; x_wconf 90' lang='lat' dir='ltr'><strong>atque</strong></span> <span class='ocrx_word' id='word_1_299' title='bbox 629 2186 658 2208; x_wconf 93' lang='lat' dir='ltr'><strong>ut</strong></span> <span class='ocrx_word' id='word_1_300' title='bbox 673 2189 727 2209; x_wconf 88' lang='lat' dir='ltr'><strong>uno</strong></span> <span class='ocrx_word' id='word_1_301' title='bbox 747 2183 832 2210; x_wconf 89' lang='lat' dir='ltr'><strong>verbo</strong></span> <span class='ocrx_word' id='word_1_302' title='bbox 850 2183 898 2210; x_wconf 90' lang='lat' dir='ltr'><strong>ab-</strong></span> 
     </span>
    </p>
   </div>
   <div class='ocr_carea' id='block_1_46' title="bbox 113 2225 899 2260">
    <p class='ocr_par' dir='ltr' id='par_1_46' title="bbox 113 2225 899 2260">
     <span class='ocr_line' id='line_1_46' title="bbox 113 2225 899 2260; baseline 0.005 -8"><span class='ocrx_word' id='word_1_303' title='bbox 113 2227 215 2252; x_wconf 70' lang='lat' dir='ltr'><strong>SUIVam</strong></span> <span class='ocrx_word' id='word_1_304' title='bbox 241 2225 374 2260; x_wconf 91' lang='lat' dir='ltr'><strong>quidquid</strong></span> <span class='ocrx_word' id='word_1_305' title='bbox 391 2226 556 2253; x_wconf 86' lang='lat' dir='ltr'><strong>commutari</strong></span> <span class='ocrx_word' id='word_1_306' title='bbox 577 2230 676 2260; x_wconf 84' lang='lat' dir='ltr'><strong>potest,</strong></span> <span class='ocrx_word' id='word_1_307' title='bbox 695 2227 721 2255; x_wconf 89' lang='lat' dir='ltr'><strong>id</strong></span> <span class='ocrx_word' id='word_1_308' title='bbox 748 2229 899 2256; x_wconf 86' lang='lat' dir='ltr'><strong>accidentis</strong></span> 
     </span>
    </p>
   </div>
   <div class='ocr_carea' id='block_1_47' title="bbox 114 2271 424 2306">
    <p class='ocr_par' dir='ltr' id='par_1_47' title="bbox 114 2271 424 2306">
     <span class='ocr_line' id='line_1_47' title="bbox 114 2271 424 2306; baseline 0 -8"><span class='ocrx_word' id='word_1_309' title='bbox 114 2271 226 2298; x_wconf 85' lang='lat' dir='ltr'><strong>nomine</strong></span> <span class='ocrx_word' id='word_1_310' title='bbox 244 2271 424 2306; x_wconf 77' lang='lat' dir='ltr'><strong>significatur.</strong></span> 
     </span>
    </p>
   </div>
   <div class='ocr_carea' id='block_1_48' title="bbox 420 2328 596 2357">
    <p class='ocr_par' dir='ltr' id='par_1_48' title="bbox 420 2328 596 2357">
     <span class='ocr_line' id='line_1_48' title="bbox 420 2328 596 2357; baseline 0.006 -1"><span class='ocrx_word' id='word_1_311' title='bbox 420 2328 496 2357; x_wconf 83' lang='lat' dir='ltr'><strong>CAP.</strong></span> <span class='ocrx_word' id='word_1_312' title='bbox 513 2329 596 2357; x_wconf 79' lang='lat' dir='ltr'><strong>XXII.</strong></span> 
     </span>
    </p>
   </div>
   <div class='ocr_carea' id='block_1_49' title="bbox 329 2376 688 2412">
    <p class='ocr_par' dir='ltr' id='par_1_49' title="bbox 329 2376 688 2412">
     <span class='ocr_line' id='line_1_49' title="bbox 329 2376 688 2412; baseline 0.008 -9"><span class='ocrx_word' id='word_1_313' title='bbox 329 2376 366 2403; x_wconf 87' lang='lat' dir='ltr'><strong>De</strong></span> <span class='ocrx_word' id='word_1_314' title='bbox 381 2377 498 2412; x_wconf 80' lang='lat' dir='ltr'><strong>energia,</strong></span> <span class='ocrx_word' id='word_1_315' title='bbox 515 2385 560 2404; x_wconf 74' lang='lat' dir='ltr'><strong>seu</strong></span> <span class='ocrx_word' id='word_1_316' title='bbox 576 2380 688 2406; x_wconf 81' lang='lat' dir='ltr'><strong>actione.</strong></span> 
     </span>
    </p>
   </div>
   <div class='ocr_carea' id='block_1_50' title="bbox 152 2432 901 2473">
    <p class='ocr_par' dir='ltr' id='par_1_50' title="bbox 152 2432 901 2473">
     <span class='ocr_line' id='line_1_50' title="bbox 152 2432 901 2473; baseline 0.008 -14"><span class='ocrx_word' id='word_1_317' title='bbox 152 2433 268 2468; x_wconf 76' lang='lat' dir='ltr'><strong>Energia</strong></span> <span class='ocrx_word' id='word_1_318' title='bbox 292 2432 394 2468; x_wconf 85' lang='lat' dir='ltr'><strong>itaque,</strong></span> <span class='ocrx_word' id='word_1_319' title='bbox 412 2440 460 2460; x_wconf 90' lang='lat' dir='ltr'><strong>seu</strong></span> <span class='ocrx_word' id='word_1_320' title='bbox 489 2433 573 2464; x_wconf 86' lang='lat' dir='ltr'><strong>actio,</strong></span> <span class='ocrx_word' id='word_1_321' title='bbox 600 2438 631 2461; x_wconf 92' lang='lat' dir='ltr'><strong>ut</strong></span> <span class='ocrx_word' id='word_1_322' title='bbox 656 2441 767 2463; x_wconf 84' lang='lat' dir='ltr'><strong>sanctus</strong></span> <span class='ocrx_word' id='word_1_323' title='bbox 797 2437 901 2473; x_wconf 83' lang='lat' dir='ltr'><strong>Grego-</strong></span> 
     </span>
    </p>
   </div>
   <div class='ocr_carea' id='block_1_51' title="bbox 116 2479 900 2517">
    <p class='ocr_par' dir='ltr' id='par_1_51' title="bbox 116 2479 900 2517">
     <span class='ocr_line' id='line_1_51' title="bbox 116 2479 900 2517; baseline 0.005 -10"><span class='ocrx_word' id='word_1_324' title='bbox 116 2481 176 2509; x_wconf 81' lang='lat' dir='ltr'><strong>rius</strong></span> <span class='ocrx_word' id='word_1_325' title='bbox 204 2479 342 2514; x_wconf 85' lang='lat' dir='ltr'><strong>Nyssenus</strong></span> <span class='ocrx_word' id='word_1_326' title='bbox 370 2479 476 2514; x_wconf 87' lang='lat' dir='ltr'><strong>inquit,</strong></span> <span class='ocrx_word' id='word_1_327' title='bbox 500 2480 633 2507; x_wconf 83' lang='lat' dir='ltr'><strong>naturalis</strong></span> <span class='ocrx_word' id='word_1_328' title='bbox 660 2486 702 2508; x_wconf 86' lang='lat' dir='ltr'><strong>est</strong></span> <span class='ocrx_word' id='word_1_329' title='bbox 730 2483 900 2517; x_wconf 72' lang='lat' dir='ltr'><strong>singularum</strong></span> 
     </span>
    </p>
   </div>
   <div class='ocr_carea' id='block_1_52' title="bbox 115 2523 900 2561">
    <p class='ocr_par' dir='ltr' id='par_1_52' title="bbox 115 2523 900 2561">
     <span class='ocr_line' id='line_1_52' title="bbox 115 2523 900 2561; baseline 0.001 -7"><span class='ocrx_word' id='word_1_330' title='bbox 115 2525 299 2554; x_wconf 88' lang='lat' dir='ltr'><strong>essentiarum</strong></span> <span class='ocrx_word' id='word_1_331' title='bbox 330 2523 445 2552; x_wconf 80' lang='lat' dir='ltr'><strong>facultas</strong></span> <span class='ocrx_word' id='word_1_332' title='bbox 465 2529 492 2551; x_wconf 92' lang='lat' dir='ltr'><strong>et</strong></span> <span class='ocrx_word' id='word_1_333' title='bbox 518 2528 627 2558; x_wconf 87' lang='lat' dir='ltr'><strong>motus,</strong></span> <span class='ocrx_word' id='word_1_334' title='bbox 659 2527 737 2561; x_wconf 91' lang='lat' dir='ltr'><strong>cujus</strong></span> <span class='ocrx_word' id='word_1_335' title='bbox 765 2535 850 2555; x_wconf 92' lang='lat' dir='ltr'><strong>unum</strong></span> <span class='ocrx_word' id='word_1_336' title='bbox 874 2529 900 2555; x_wconf 91' lang='lat' dir='ltr'><strong>id</strong></span> 
     </span>
    </p>
   </div>
   <div class='ocr_carea' id='block_1_53' title="bbox 116 2569 901 2607">
    <p class='ocr_par' dir='ltr' id='par_1_53' title="bbox 116 2569 901 2607">
     <span class='ocr_line' id='line_1_53' title="bbox 116 2569 901 2607; baseline 0.001 -7"><span class='ocrx_word' id='word_1_337' title='bbox 116 2579 216 2607; x_wconf 83' lang='lat' dir='ltr'><strong>expers</strong></span> <span class='ocrx_word' id='word_1_338' title='bbox 232 2576 284 2601; x_wconf 82' lang='lat' dir='ltr'><strong>est.</strong></span> <span class='ocrx_word' id='word_1_339' title='bbox 302 2570 374 2605; x_wconf 89' lang='lat' dir='ltr'><strong>quod</strong></span> <span class='ocrx_word' id='word_1_340' title='bbox 391 2569 418 2596; x_wconf 93' lang='lat' dir='ltr'><strong>in</strong></span> <span class='ocrx_word' id='word_1_341' title='bbox 437 2577 528 2597; x_wconf 91' lang='lat' dir='ltr'><strong>rerum</strong></span> <span class='ocrx_word' id='word_1_342' title='bbox 548 2575 645 2598; x_wconf 86' lang='lat' dir='ltr'><strong>natura</strong></span> <span class='ocrx_word' id='word_1_343' title='bbox 664 2580 717 2598; x_wconf 91' lang='lat' dir='ltr'><strong>non</strong></span> <span class='ocrx_word' id='word_1_344' title='bbox 744 2577 795 2600; x_wconf 91' lang='lat' dir='ltr'><strong>est.</strong></span> <span class='ocrx_word' id='word_1_345' title='bbox 823 2574 901 2607; x_wconf 85' lang='lat' dir='ltr'><strong>Quod</strong></span> 
     </span>
    </p>
   </div>
   <div class='ocr_carea' id='block_1_54' title="bbox 117 2615 901 2651">
    <p class='ocr_par' dir='ltr' id='par_1_54' title="bbox 117 2615 901 2651">
     <span class='ocr_line' id='line_1_54' title="bbox 117 2615 901 2651; baseline -0.001 -4"><span class='ocrx_word' id='word_1_346' title='bbox 117 2620 191 2647; x_wconf 89' lang='lat' dir='ltr'><strong>enim</strong></span> <span class='ocrx_word' id='word_1_347' title='bbox 207 2616 334 2645; x_wconf 67' lang='lat' dir='ltr'><strong>essentia:</strong></span> <span class='ocrx_word' id='word_1_348' title='bbox 348 2615 462 2650; x_wconf 82' lang='lat' dir='ltr'><strong>alicujus</strong></span> <span class='ocrx_word' id='word_1_349' title='bbox 480 2616 617 2651; x_wconf 86' lang='lat' dir='ltr'><strong>particeps</strong></span> <span class='ocrx_word' id='word_1_350' title='bbox 625 2622 677 2650; x_wconf 87' lang='lat' dir='ltr'><strong>est,</strong></span> <span class='ocrx_word' id='word_1_351' title='bbox 691 2620 804 2646; x_wconf 83' lang='lat' dir='ltr'><strong>omnino</strong></span> <span class='ocrx_word' id='word_1_352' title='bbox 813 2620 901 2646; x_wconf 86' lang='lat' dir='ltr'><strong>actio-</strong></span> 
     </span>
    </p>
   </div>
   <div class='ocr_carea' id='block_1_55' title="bbox 117 2661 902 2698">
    <p class='ocr_par' dir='ltr' id='par_1_55' title="bbox 117 2661 902 2698">
     <span class='ocr_line' id='line_1_55' title="bbox 117 2661 902 2698; baseline -0.001 -4"><span class='ocrx_word' id='word_1_353' title='bbox 117 2666 161 2694; x_wconf 87' lang='lat' dir='ltr'><strong>nis</strong></span> <span class='ocrx_word' id='word_1_354' title='bbox 184 2664 266 2692; x_wconf 86' lang='lat' dir='ltr'><strong>etiam</strong></span> <span class='ocrx_word' id='word_1_355' title='bbox 294 2662 368 2690; x_wconf 86' lang='lat' dir='ltr'><strong>illam</strong></span> <span class='ocrx_word' id='word_1_356' title='bbox 392 2661 560 2696; x_wconf 81' lang='lat' dir='ltr'><strong>designantis</strong></span> <span class='ocrx_word' id='word_1_357' title='bbox 582 2662 720 2698; x_wconf 85' lang='lat' dir='ltr'><strong>particeps</strong></span> <span class='ocrx_word' id='word_1_358' title='bbox 740 2664 803 2691; x_wconf 90' lang='lat' dir='ltr'><strong>erit.</strong></span> <span class='ocrx_word' id='word_1_359' title='bbox 834 2665 902 2693; x_wconf 80' lang='lat' dir='ltr'><strong>Vera</strong></span> 
     </span>
    </p>
   </div>
   <div class='ocr_carea' id='block_1_56' title="bbox 116 2707 901 2747">
    <p class='ocr_par' dir='ltr' id='par_1_56' title="bbox 116 2707 901 2747">
     <span class='ocr_line' id='line_1_56' title="bbox 116 2707 901 2747; baseline -0.001 -8"><span class='ocrx_word' id='word_1_360' title='bbox 116 2708 257 2747; x_wconf 70' lang='lat' dir='ltr'><strong>siquidem</strong></span> <span class='ocrx_word' id='word_1_361' title='bbox 270 2709 378 2736; x_wconf 85' lang='lat' dir='ltr'><strong>ratione</strong></span> <span class='ocrx_word' id='word_1_362' title='bbox 397 2707 569 2740; x_wconf 91' lang='lat' dir='ltr'><strong>instruimur,</strong></span> <span class='ocrx_word' id='word_1_363' title='bbox 587 2709 770 2737; x_wconf 81' lang='lat' dir='ltr'><strong>essentinrum</strong></span> <span class='ocrx_word' id='word_1_364' title='bbox 792 2711 860 2738; x_wconf 89' lang='lat' dir='ltr'><strong>fines</strong></span> <span class='ocrx_word' id='word_1_365' title='bbox 876 2711 901 2738; x_wconf 87' lang='lat' dir='ltr'><strong>in</strong></span> 
     </span>
    </p>
   </div>
   <div class='ocr_carea' id='block_1_57' title="bbox 117 2752 901 2790">
    <p class='ocr_par' dir='ltr' id='par_1_57' title="bbox 117 2752 901 2790">
     <span class='ocr_line' id='line_1_57' title="bbox 117 2752 901 2790; baseline -0.001 -6"><span class='ocrx_word' id='word_1_366' title='bbox 117 2758 191 2786; x_wconf 89' lang='lat' dir='ltr'><strong>veris</strong></span> <span class='ocrx_word' id='word_1_367' title='bbox 214 2763 310 2783; x_wconf 89' lang='lat' dir='ltr'><strong>earum</strong></span> <span class='ocrx_word' id='word_1_368' title='bbox 339 2752 494 2781; x_wconf 86' lang='lat' dir='ltr'><strong>actionibus</strong></span> <span class='ocrx_word' id='word_1_369' title='bbox 511 2753 673 2785; x_wconf 85' lang='lat' dir='ltr'><strong>consistere,</strong></span> <span class='ocrx_word' id='word_1_370' title='bbox 694 2755 901 2790; x_wconf 78' lang='lat' dir='ltr'><strong>intelligentiam</strong></span> 
     </span>
    </p>
   </div>
   <div class='ocr_carea' id='block_1_58' title="bbox 117 2799 902 2835">
    <p class='ocr_par' dir='ltr' id='par_1_58' title="bbox 117 2799 902 2835">
     <span class='ocr_line' id='line_1_58' title="bbox 117 2799 902 2835; baseline -0.003 -4"><span class='ocrx_word' id='word_1_371' title='bbox 117 2808 209 2832; x_wconf 81' lang='lat' dir='ltr'><strong>autem</strong></span> <span class='ocrx_word' id='word_1_372' title='bbox 229 2808 324 2828; x_wconf 89' lang='lat' dir='ltr'><strong>eorum</strong></span> <span class='ocrx_word' id='word_1_373' title='bbox 342 2807 403 2835; x_wconf 67' lang='lat' dir='ltr'><strong>qua:</strong></span> <span class='ocrx_word' id='word_1_374' title='bbox 422 2799 562 2826; x_wconf 91' lang='lat' dir='ltr'><strong>intellectu</strong></span> <span class='ocrx_word' id='word_1_375' title='bbox 591 2799 703 2834; x_wconf 63' lang='lat' dir='ltr'><strong>prmdita</strong></span> <span class='ocrx_word' id='word_1_376' title='bbox 730 2806 794 2828; x_wconf 90' lang='lat' dir='ltr'><strong>sunt</strong></span> <span class='ocrx_word' id='word_1_377' title='bbox 815 2803 902 2830; x_wconf 90' lang='lat' dir='ltr'><strong>actio-</strong></span> 
     </span>
    </p>
   </div>
   <div class='ocr_carea' id='block_1_59' title="bbox 119 2846 901 2880">
    <p class='ocr_par' dir='ltr' id='par_1_59' title="bbox 119 2846 901 2880">
     <span class='ocr_line' id='line_1_59' title="bbox 119 2846 901 2880; baseline -0.003 -4"><span class='ocrx_word' id='word_1_378' title='bbox 119 2857 181 2876; x_wconf 87' lang='lat' dir='ltr'><strong>nem</strong></span> <span class='ocrx_word' id='word_1_379' title='bbox 198 2855 269 2879; x_wconf 76' lang='lat' dir='ltr'><strong>esse,</strong></span> <span class='ocrx_word' id='word_1_380' title='bbox 287 2850 316 2874; x_wconf 92' lang='lat' dir='ltr'><strong>ut</strong></span> <span class='ocrx_word' id='word_1_381' title='bbox 334 2852 445 2873; x_wconf 82' lang='lat' dir='ltr'><strong>sensum</strong></span> <span class='ocrx_word' id='word_1_382' title='bbox 462 2852 557 2871; x_wconf 86' lang='lat' dir='ltr'><strong>eorum</strong></span> <span class='ocrx_word' id='word_1_383' title='bbox 582 2852 642 2879; x_wconf 76' lang='lat' dir='ltr'><strong>quze</strong></span> <span class='ocrx_word' id='word_1_384' title='bbox 662 2846 812 2880; x_wconf 78' lang='lat' dir='ltr'><strong>sensibilis,</strong></span> <span class='ocrx_word' id='word_1_385' title='bbox 843 2855 901 2874; x_wconf 49' lang='lat' dir='ltr'><strong>mo.</strong></span> 
     </span>
    </p>
   </div>
   <div class='ocr_carea' id='block_1_60' title="bbox 717 138 1096 170">
    <p class='ocr_par' dir='ltr' id='par_1_60' title="bbox 717 138 1096 170">
     <span class='ocr_line' id='line_1_60' title="bbox 717 138 1096 170; baseline -0.008 0"><span class='ocrx_word' id='word_1_386' title='bbox 717 140 917 170; x_wconf 68' lang='lat' dir='ltr'><strong>THESAURI</strong></span> <span class='ocrx_word' id='word_1_387' title='bbox 938 139 1012 169; x_wconf 86' lang='lat' dir='ltr'><strong>LIB.</strong></span> <span class='ocrx_word' id='word_1_388' title='bbox 1033 138 1096 168; x_wconf 88' lang='lat' dir='ltr'><strong>III.</strong></span> 
     </span>
    </p>
   </div>
   <div class='ocr_carea' id='block_1_61' title="bbox 901 189 1723 226">
    <p class='ocr_par' dir='ltr' id='par_1_61' title="bbox 901 189 1723 226">
     <span class='ocr_line' id='line_1_61' title="bbox 901 189 1723 226; baseline -0.007 -5"><span class='ocrx_word' id='word_1_389' title='bbox 901 199 922 226; x_wconf 79' lang='grc' dir='ltr'><strong>Α</strong></span> <span class='ocrx_word' id='word_1_390' title='bbox 939 198 996 220; x_wconf 82' lang='grc' dir='ltr'><strong>ιυηι</strong></span> <span class='ocrx_word' id='word_1_391' title='bbox 1019 200 1115 220; x_wconf 92' lang='lat' dir='ltr'><strong>eorum</strong></span> <span class='ocrx_word' id='word_1_392' title='bbox 1148 198 1208 226; x_wconf 59' lang='lat' dir='ltr'><strong>quas</strong></span> <span class='ocrx_word' id='word_1_393' title='bbox 1232 190 1362 223; x_wconf 90' lang='lat' dir='ltr'><strong>mobilia,</strong></span> <span class='ocrx_word' id='word_1_394' title='bbox 1386 189 1506 217; x_wconf 83' lang='lat' dir='ltr'><strong>volatum</strong></span> <span class='ocrx_word' id='word_1_395' title='bbox 1534 196 1630 216; x_wconf 91' lang='lat' dir='ltr'><strong>eorum</strong></span> <span class='ocrx_word' id='word_1_396' title='bbox 1661 197 1723 223; x_wconf 65' lang='lat' dir='ltr'><strong>qum</strong></span> 
     </span>
    </p>
   </div>
   <div class='ocr_carea' id='block_1_62' title="bbox 1654 132 1724 165">
    <p class='ocr_par' dir='ltr' id='par_1_62' title="bbox 1654 132 1724 165">
     <span class='ocr_line' id='line_1_62' title="bbox 1654 132 1724 165; baseline 0.014 -1"><span class='ocrx_word' id='word_1_397' title='bbox 1654 132 1724 165; x_wconf 72' lang='lat' dir='ltr'><strong>12l8</strong></span> 
     </span>
    </p>
   </div>
   <div class='ocr_carea' id='block_1_63' title="bbox 936 235 1724 271">
    <p class='ocr_par' dir='ltr' id='par_1_63' title="bbox 936 235 1724 271">
     <span class='ocr_line' id='line_1_63' title="bbox 936 235 1724 271; baseline -0.006 -5"><span class='ocrx_word' id='word_1_398' title='bbox 936 239 1069 271; x_wconf 84' lang='lat' dir='ltr'><strong>volatilia,</strong></span> <span class='ocrx_word' id='word_1_399' title='bbox 1097 237 1267 265; x_wconf 90' lang='lat' dir='ltr'><strong>natationem</strong></span> <span class='ocrx_word' id='word_1_400' title='bbox 1295 243 1392 264; x_wconf 91' lang='lat' dir='ltr'><strong>eorum</strong></span> <span class='ocrx_word' id='word_1_401' title='bbox 1429 243 1483 270; x_wconf 85' lang='lat' dir='ltr'><strong>qua</strong></span> <span class='ocrx_word' id='word_1_402' title='bbox 1510 235 1652 266; x_wconf 89' lang='lat' dir='ltr'><strong>natatilia,</strong></span> <span class='ocrx_word' id='word_1_403' title='bbox 1680 242 1724 262; x_wconf 89' lang='lat' dir='ltr'><strong>re-</strong></span> 
     </span>
    </p>
   </div>
   <div class='ocr_carea' id='block_1_64' title="bbox 937 280 1723 318">
    <p class='ocr_par' dir='ltr' id='par_1_64' title="bbox 937 280 1723 318">
     <span class='ocr_line' id='line_1_64' title="bbox 937 280 1723 318; baseline -0.006 -7"><span class='ocrx_word' id='word_1_404' title='bbox 937 285 1061 318; x_wconf 88' lang='lat' dir='ltr'><strong>ptionem</strong></span> <span class='ocrx_word' id='word_1_405' title='bbox 1076 291 1171 311; x_wconf 87' lang='lat' dir='ltr'><strong>eorum</strong></span> <span class='ocrx_word' id='word_1_406' title='bbox 1187 290 1249 317; x_wconf 76' lang='lat' dir='ltr'><strong>quae</strong></span> <span class='ocrx_word' id='word_1_407' title='bbox 1263 282 1381 316; x_wconf 75' lang='lat' dir='ltr'><strong>reptilia,</strong></span> <span class='ocrx_word' id='word_1_408' title='bbox 1393 280 1619 308; x_wconf 83' lang='lat' dir='ltr'><strong>illuminationem</strong></span> <span class='ocrx_word' id='word_1_409' title='bbox 1627 287 1723 307; x_wconf 89' lang='lat' dir='ltr'><strong>eorum</strong></span> 
     </span>
    </p>
   </div>
   <div class='ocr_carea' id='block_1_65' title="bbox 936 329 1726 364">
    <p class='ocr_par' dir='ltr' id='par_1_65' title="bbox 936 329 1726 364">
     <span class='ocr_line' id='line_1_65' title="bbox 936 329 1726 364; baseline -0.004 -8"><span class='ocrx_word' id='word_1_410' title='bbox 936 337 997 364; x_wconf 70' lang='lat' dir='ltr'><strong>qua:</strong></span> <span class='ocrx_word' id='word_1_411' title='bbox 1029 329 1177 356; x_wconf 87' lang='lat' dir='ltr'><strong>illuminari</strong></span> <span class='ocrx_word' id='word_1_412' title='bbox 1202 334 1325 363; x_wconf 87' lang='lat' dir='ltr'><strong>possunt,</strong></span> <span class='ocrx_word' id='word_1_413' title='bbox 1345 329 1463 355; x_wconf 90' lang='lat' dir='ltr'><strong>calorem</strong></span> <span class='ocrx_word' id='word_1_414' title='bbox 1487 334 1584 355; x_wconf 91' lang='lat' dir='ltr'><strong>eorum</strong></span> <span class='ocrx_word' id='word_1_415' title='bbox 1603 335 1665 362; x_wconf 76' lang='lat' dir='ltr'><strong>quae</strong></span> <span class='ocrx_word' id='word_1_416' title='bbox 1680 334 1726 354; x_wconf 89' lang='lat' dir='ltr'><strong>ca-</strong></span> 
     </span>
    </p>
   </div>
   <div class='ocr_carea' id='block_1_66' title="bbox 936 373 1722 408">
    <p class='ocr_par' dir='ltr' id='par_1_66' title="bbox 936 373 1722 408">
     <span class='ocr_line' id='line_1_66' title="bbox 936 373 1722 408; baseline -0.005 -6"><span class='ocrx_word' id='word_1_417' title='bbox 936 375 1003 406; x_wconf 85' lang='lat' dir='ltr'><strong>lida.</strong></span> <span class='ocrx_word' id='word_1_418' title='bbox 1026 375 1128 402; x_wconf 82' lang='lat' dir='ltr'><strong>fluxum</strong></span> <span class='ocrx_word' id='word_1_419' title='bbox 1151 382 1248 401; x_wconf 92' lang='lat' dir='ltr'><strong>eorum</strong></span> <span class='ocrx_word' id='word_1_420' title='bbox 1276 382 1337 408; x_wconf 75' lang='lat' dir='ltr'><strong>qua:</strong></span> <span class='ocrx_word' id='word_1_421' title='bbox 1357 373 1444 406; x_wconf 85' lang='lat' dir='ltr'><strong>ﬂuxa,</strong></span> <span class='ocrx_word' id='word_1_422' title='bbox 1462 373 1722 407; x_wconf 84' lang='lat' dir='ltr'><strong>contemplationem</strong></span> 
     </span>
    </p>
   </div>
   <div class='ocr_carea' id='block_1_67' title="bbox 936 417 1725 454">
    <p class='ocr_par' dir='ltr' id='par_1_67' title="bbox 936 417 1725 454">
     <span class='ocr_line' id='line_1_67' title="bbox 936 417 1725 454; baseline -0.003 -8"><span class='ocrx_word' id='word_1_423' title='bbox 936 427 1053 451; x_wconf 90' lang='lat' dir='ltr'><strong>eorum,</strong></span> <span class='ocrx_word' id='word_1_424' title='bbox 1089 427 1149 454; x_wconf 66' lang='lat' dir='ltr'><strong>quae</strong></span> <span class='ocrx_word' id='word_1_425' title='bbox 1178 418 1401 454; x_wconf 87' lang='lat' dir='ltr'><strong>contemplationi</strong></span> <span class='ocrx_word' id='word_1_426' title='bbox 1433 422 1544 453; x_wconf 88' lang='lat' dir='ltr'><strong>patent,</strong></span> <span class='ocrx_word' id='word_1_427' title='bbox 1570 417 1725 452; x_wconf 77' lang='lat' dir='ltr'><strong>generatio—</strong></span> 
     </span>
    </p>
   </div>
   <div class='ocr_carea' id='block_1_68' title="bbox 940 464 1725 500">
    <p class='ocr_par' dir='ltr' id='par_1_68' title="bbox 940 464 1725 500">
     <span class='ocr_line' id='line_1_68' title="bbox 940 464 1725 500; baseline -0.004 -8"><span class='ocrx_word' id='word_1_428' title='bbox 940 473 1000 492; x_wconf 85' lang='lat' dir='ltr'><strong>nem</strong></span> <span class='ocrx_word' id='word_1_429' title='bbox 1028 473 1124 492; x_wconf 87' lang='lat' dir='ltr'><strong>corum</strong></span> <span class='ocrx_word' id='word_1_430' title='bbox 1152 472 1213 500; x_wconf 75' lang='lat' dir='ltr'><strong>quae</strong></span> <span class='ocrx_word' id='word_1_431' title='bbox 1228 464 1396 499; x_wconf 84' lang='lat' dir='ltr'><strong>generationi</strong></span> <span class='ocrx_word' id='word_1_432' title='bbox 1419 464 1536 490; x_wconf 80' lang='lat' dir='ltr'><strong>obnoxia</strong></span> <span class='ocrx_word' id='word_1_433' title='bbox 1566 469 1640 494; x_wconf 84' lang='lat' dir='ltr'><strong>sunt,</strong></span> <span class='ocrx_word' id='word_1_434' title='bbox 1664 469 1725 489; x_wconf 62' lang='lat' dir='ltr'><strong>esse</strong></span> 
     </span>
    </p>
   </div>
   <div class='ocr_carea' id='block_1_69' title="bbox 937 509 1721 545">
    <p class='ocr_par' dir='ltr' id='par_1_69' title="bbox 937 509 1721 545">
     <span class='ocr_line' id='line_1_69' title="bbox 937 509 1721 545; baseline -0.004 -7"><span class='ocrx_word' id='word_1_435' title='bbox 937 511 1070 543; x_wconf 86' lang='lat' dir='ltr'><strong>dicimus,</strong></span> <span class='ocrx_word' id='word_1_436' title='bbox 1089 515 1181 545; x_wconf 86' lang='lat' dir='ltr'><strong>atque,</strong></span> <span class='ocrx_word' id='word_1_437' title='bbox 1208 516 1237 538; x_wconf 92' lang='lat' dir='ltr'><strong>ut</strong></span> <span class='ocrx_word' id='word_1_438' title='bbox 1258 510 1285 537; x_wconf 89' lang='lat' dir='ltr'><strong>in</strong></span> <span class='ocrx_word' id='word_1_439' title='bbox 1301 510 1461 537; x_wconf 89' lang='lat' dir='ltr'><strong>universum</strong></span> <span class='ocrx_word' id='word_1_440' title='bbox 1490 509 1596 541; x_wconf 86' lang='lat' dir='ltr'><strong>dicam,</strong></span> <span class='ocrx_word' id='word_1_441' title='bbox 1616 509 1721 535; x_wconf 89' lang='lat' dir='ltr'><strong>nullius</strong></span> 
     </span>
    </p>
   </div>
   <div class='ocr_carea' id='block_1_70' title="bbox 937 554 1726 590">
    <p class='ocr_par' dir='ltr' id='par_1_70' title="bbox 937 554 1726 590">
     <span class='ocr_line' id='line_1_70' title="bbox 937 554 1726 590; baseline -0.004 -7"><span class='ocrx_word' id='word_1_442' title='bbox 937 564 992 584; x_wconf 91' lang='lat' dir='ltr'><strong>non</strong></span> <span class='ocrx_word' id='word_1_443' title='bbox 1017 561 1122 583; x_wconf 65' lang='lat' dir='ltr'><strong>naturae</strong></span> <span class='ocrx_word' id='word_1_444' title='bbox 1138 555 1299 590; x_wconf 81' lang='lat' dir='ltr'><strong>signiﬁcatio</strong></span> <span class='ocrx_word' id='word_1_445' title='bbox 1315 560 1342 583; x_wconf 90' lang='lat' dir='ltr'><strong>et</strong></span> <span class='ocrx_word' id='word_1_446' title='bbox 1364 555 1556 582; x_wconf 86' lang='lat' dir='ltr'><strong>determinatio</strong></span> <span class='ocrx_word' id='word_1_447' title='bbox 1572 562 1586 582; x_wconf 88' lang='lat' dir='ltr'><strong>a</strong></span> <span class='ocrx_word' id='word_1_448' title='bbox 1606 554 1726 581; x_wconf 85' lang='lat' dir='ltr'><strong>naturali</strong></span> 
     </span>
    </p>
   </div>
   <div class='ocr_carea' id='block_1_71' title="bbox 938 599 1725 636">
    <p class='ocr_par' dir='ltr' id='par_1_71' title="bbox 938 599 1725 636">
     <span class='ocr_line' id='line_1_71' title="bbox 938 599 1725 636; baseline -0.004 -8"><span class='ocrx_word' id='word_1_449' title='bbox 938 602 996 636; x_wconf 85' lang='lat' dir='ltr'><strong>ejus</strong></span> <span class='ocrx_word' id='word_1_450' title='bbox 1014 601 1122 628; x_wconf 87' lang='lat' dir='ltr'><strong>actione</strong></span> <span class='ocrx_word' id='word_1_451' title='bbox 1136 600 1323 632; x_wconf 90' lang='lat' dir='ltr'><strong>constituitur,</strong></span> <span class='ocrx_word' id='word_1_452' title='bbox 1339 607 1393 634; x_wconf 88' lang='lat' dir='ltr'><strong>qua</strong></span> <span class='ocrx_word' id='word_1_453' title='bbox 1405 599 1522 631; x_wconf 86' lang='lat' dir='ltr'><strong>sublata,</strong></span> <span class='ocrx_word' id='word_1_454' title='bbox 1539 607 1651 633; x_wconf 81' lang='lat' dir='ltr'><strong>prorsus</strong></span> <span class='ocrx_word' id='word_1_455' title='bbox 1667 599 1725 633; x_wconf 81' lang='lat' dir='ltr'><strong>ipsa</strong></span> 
     </span>
    </p>
   </div>
   <div class='ocr_carea' id='block_1_72' title="bbox 938 644 1727 681">
    <p class='ocr_par' dir='ltr' id='par_1_72' title="bbox 938 644 1727 681">
     <span class='ocr_line' id='line_1_72' title="bbox 938 644 1727 681; baseline -0.003 -9"><span class='ocrx_word' id='word_1_456' title='bbox 938 654 1048 681; x_wconf 87' lang='lat' dir='ltr'><strong>quoque</strong></span> <span class='ocrx_word' id='word_1_457' title='bbox 1068 650 1166 674; x_wconf 88' lang='lat' dir='ltr'><strong>natura</strong></span> <span class='ocrx_word' id='word_1_458' title='bbox 1192 646 1351 680; x_wconf 87' lang='lat' dir='ltr'><strong>deperditnr</strong></span> <span class='ocrx_word' id='word_1_459' title='bbox 1366 649 1393 671; x_wconf 88' lang='lat' dir='ltr'><strong>et</strong></span> <span class='ocrx_word' id='word_1_460' title='bbox 1416 644 1518 671; x_wconf 77' lang='lat' dir='ltr'><strong>interit.</strong></span> <span class='ocrx_word' id='word_1_461' title='bbox 1546 644 1659 671; x_wconf 90' lang='lat' dir='ltr'><strong>Sublato</strong></span> <span class='ocrx_word' id='word_1_462' title='bbox 1679 652 1727 670; x_wconf 85' lang='lat' dir='ltr'><strong>ca-</strong></span> 
     </span>
    </p>
   </div>
   <div class='ocr_carea' id='block_1_73' title="bbox 937 690 1729 727">
    <p class='ocr_par' dir='ltr' id='par_1_73' title="bbox 937 690 1729 727">
     <span class='ocr_line' id='line_1_73' title="bbox 937 690 1729 727; baseline -0.005 -8"><span class='ocrx_word' id='word_1_463' title='bbox 937 693 1007 724; x_wconf 89' lang='lat' dir='ltr'><strong>lore,</strong></span> <span class='ocrx_word' id='word_1_464' title='bbox 1025 692 1096 727; x_wconf 76' lang='lat' dir='ltr'><strong>ignis</strong></span> <span class='ocrx_word' id='word_1_465' title='bbox 1112 692 1306 727; x_wconf 75' lang='lat' dir='ltr'><strong>exstinguitur,</strong></span> <span class='ocrx_word' id='word_1_466' title='bbox 1321 691 1430 718; x_wconf 85' lang='lat' dir='ltr'><strong>sublato</strong></span> <span class='ocrx_word' id='word_1_467' title='bbox 1443 690 1593 721; x_wconf 85' lang='lat' dir='ltr'><strong>intellectu,</strong></span> <span class='ocrx_word' id='word_1_468' title='bbox 1609 697 1647 716; x_wconf 61' lang='lat' dir='ltr'><strong>ea;</strong></span> <span class='ocrx_word' id='word_1_469' title='bbox 1662 697 1729 724; x_wconf 79' lang='lat' dir='ltr'><strong>quo-</strong></span> 
     </span>
    </p>
   </div>
   <div class='ocr_carea' id='block_1_74' title="bbox 939 737 1738 774">
    <p class='ocr_par' dir='ltr' id='par_1_74' title="bbox 939 737 1738 774">
     <span class='ocr_line' id='line_1_74' title="bbox 939 737 1738 774; baseline -0.004 -8"><span class='ocrx_word' id='word_1_470' title='bbox 939 747 992 774; x_wconf 88' lang='lat' dir='ltr'><strong>que</strong></span> <span class='ocrx_word' id='word_1_471' title='bbox 1008 744 1099 774; x_wconf 86' lang='lat' dir='ltr'><strong>partes</strong></span> <span class='ocrx_word' id='word_1_472' title='bbox 1111 739 1210 766; x_wconf 57' lang='lat' dir='ltr'><strong>animae</strong></span> <span class='ocrx_word' id='word_1_473' title='bbox 1233 739 1378 769; x_wconf 89' lang='lat' dir='ltr'><strong>tolluntur,</strong></span> <span class='ocrx_word' id='word_1_474' title='bbox 1397 746 1457 773; x_wconf 66' lang='lat' dir='ltr'><strong>quae</strong></span> <span class='ocrx_word' id='word_1_475' title='bbox 1473 737 1613 764; x_wconf 88' lang='lat' dir='ltr'><strong>intellectu</strong></span> <span class='ocrx_word' id='word_1_476' title='bbox 1635 741 1662 764; x_wconf 84' lang='lat' dir='ltr'><strong>et</strong></span> <span class='ocrx_word' id='word_1_477' title='bbox 1681 741 1738 763; x_wconf 84' lang='lat' dir='ltr'><strong>ra-‘</strong></span> 
     </span>
    </p>
   </div>
   <div class='ocr_carea' id='block_1_75' title="bbox 939 783 1726 820">
    <p class='ocr_par' dir='ltr' id='par_1_75' title="bbox 939 783 1726 820">
     <span class='ocr_line' id='line_1_75' title="bbox 939 783 1726 820; baseline -0.003 -9"><span class='ocrx_word' id='word_1_478' title='bbox 939 786 1013 812; x_wconf 89' lang='lat' dir='ltr'><strong>tione</strong></span> <span class='ocrx_word' id='word_1_479' title='bbox 1038 785 1158 820; x_wconf 61' lang='lat' dir='ltr'><strong>praedita;</strong></span> <span class='ocrx_word' id='word_1_480' title='bbox 1178 790 1257 817; x_wconf 91' lang='lat' dir='ltr'><strong>sunt,</strong></span> <span class='ocrx_word' id='word_1_481' title='bbox 1285 790 1359 812; x_wconf 90' lang='lat' dir='ltr'><strong>motu</strong></span> <span class='ocrx_word' id='word_1_482' title='bbox 1385 784 1449 811; x_wconf 88' lang='lat' dir='ltr'><strong>item</strong></span> <span class='ocrx_word' id='word_1_483' title='bbox 1465 783 1591 810; x_wconf 83' lang='lat' dir='ltr'><strong>animalis</strong></span> <span class='ocrx_word' id='word_1_484' title='bbox 1608 783 1726 815; x_wconf 84' lang='lat' dir='ltr'><strong>sublato,</strong></span> 
     </span>
    </p>
   </div>
   <div class='ocr_carea' id='block_1_76' title="bbox 939 828 1727 865">
    <p class='ocr_par' dir='ltr' id='par_1_76' title="bbox 939 828 1727 865">
     <span class='ocr_line' id='line_1_76' title="bbox 939 828 1727 865; baseline -0.005 -7"><span class='ocrx_word' id='word_1_485' title='bbox 939 831 1101 865; x_wconf 84' lang='lat' dir='ltr'><strong>deperditur</strong></span> <span class='ocrx_word' id='word_1_486' title='bbox 1118 830 1229 858; x_wconf 85' lang='lat' dir='ltr'><strong>animal.</strong></span> <span class='ocrx_word' id='word_1_487' title='bbox 1246 830 1339 864; x_wconf 86' lang='lat' dir='ltr'><strong>anue</strong></span> <span class='ocrx_word' id='word_1_488' title='bbox 1354 829 1388 856; x_wconf 90' lang='lat' dir='ltr'><strong>dc</strong></span> <span class='ocrx_word' id='word_1_489' title='bbox 1403 836 1484 856; x_wconf 87' lang='lat' dir='ltr'><strong>causa</strong></span> <span class='ocrx_word' id='word_1_490' title='bbox 1499 828 1566 856; x_wconf 89' lang='lat' dir='ltr'><strong>duas</strong></span> <span class='ocrx_word' id='word_1_491' title='bbox 1577 829 1604 855; x_wconf 93' lang='lat' dir='ltr'><strong>in</strong></span> <span class='ocrx_word' id='word_1_492' title='bbox 1616 828 1727 855; x_wconf 86' lang='lat' dir='ltr'><strong>Christo</strong></span> 
     </span>
    </p>
   </div>
   <div class='ocr_carea' id='block_1_77' title="bbox 940 874 1726 906">
    <p class='ocr_par' dir='ltr' id='par_1_77' title="bbox 940 874 1726 906">
     <span class='ocr_line' id='line_1_77' title="bbox 940 874 1726 906; baseline -0.005 -2"><span class='ocrx_word' id='word_1_493' title='bbox 940 878 1095 904; x_wconf 88' lang='lat' dir='ltr'><strong>voluntates</strong></span> <span class='ocrx_word' id='word_1_494' title='bbox 1117 880 1146 904; x_wconf 89' lang='lat' dir='ltr'><strong>et</strong></span> <span class='ocrx_word' id='word_1_495' title='bbox 1161 876 1285 903; x_wconf 86' lang='lat' dir='ltr'><strong>actiones</strong></span> <span class='ocrx_word' id='word_1_496' title='bbox 1317 875 1454 906; x_wconf 89' lang='lat' dir='ltr'><strong>dicimus,</strong></span> <span class='ocrx_word' id='word_1_497' title='bbox 1478 882 1512 901; x_wconf 87' lang='lat' dir='ltr'><strong>ne</strong></span> <span class='ocrx_word' id='word_1_498' title='bbox 1547 874 1726 901; x_wconf 70' lang='lat' dir='ltr'><strong>inanimatam</strong></span> 
     </span>
    </p>
   </div>
   <div class='ocr_carea' id='block_1_78' title="bbox 935 915 1732 957">
    <p class='ocr_par' dir='ltr' id='par_1_78' title="bbox 935 915 1732 957">
     <span class='ocr_line' id='line_1_78' title="bbox 935 915 1732 957; baseline -0.006 -8"><span class='ocrx_word' id='word_1_499' title='bbox 935 930 1049 957; x_wconf 74' lang='lat' dir='ltr'><strong>corpus,</strong></span> <span class='ocrx_word' id='word_1_500' title='bbox 1068 922 1241 956; x_wconf 89' lang='lat' dir='ltr'><strong>auimamque</strong></span> <span class='ocrx_word' id='word_1_501' title='bbox 1254 920 1368 947; x_wconf 89' lang='lat' dir='ltr'><strong>rationis</strong></span> <span class='ocrx_word' id='word_1_502' title='bbox 1385 923 1527 954; x_wconf 86' lang='lat' dir='ltr'><strong>expertem</strong></span> <span class='ocrx_word' id='word_1_503' title='bbox 1548 915 1575 945; x_wconf 87' lang='lat' dir='ltr'><strong>in</strong></span> <span class='ocrx_word' id='word_1_504' title='bbox 1590 919 1648 953; x_wconf 90' lang='lat' dir='ltr'><strong>ipso</strong></span> <span class='ocrx_word' id='word_1_505' title='bbox 1664 926 1732 945; x_wconf 91' lang='lat' dir='ltr'><strong>con-</strong></span> 
     </span>
    </p>
   </div>
   <div class='ocr_carea' id='block_1_79' title="bbox 941 963 1730 999">
    <p class='ocr_par' dir='ltr' id='par_1_79' title="bbox 941 963 1730 999">
     <span class='ocr_line' id='line_1_79' title="bbox 941 963 1730 999; baseline -0.008 -4"><span class='ocrx_word' id='word_1_506' title='bbox 941 968 1076 995; x_wconf 80' lang='lat' dir='ltr'><strong>fiteamur.</strong></span> <span class='ocrx_word' id='word_1_507' title='bbox 1099 966 1218 994; x_wconf 87' lang='lat' dir='ltr'><strong>Animati</strong></span> <span class='ocrx_word' id='word_1_508' title='bbox 1241 966 1315 992; x_wconf 91' lang='lat' dir='ltr'><strong>enim</strong></span> <span class='ocrx_word' id='word_1_509' title='bbox 1330 965 1455 999; x_wconf 90' lang='lat' dir='ltr'><strong>corporis</strong></span> <span class='ocrx_word' id='word_1_510' title='bbox 1473 963 1543 991; x_wconf 90' lang='lat' dir='ltr'><strong>actio</strong></span> <span class='ocrx_word' id='word_1_511' title='bbox 1570 963 1730 990; x_wconf 88' lang='lat' dir='ltr'><strong>deambula-</strong></span> 
     </span>
    </p>
   </div>
   <div class='ocr_carea' id='block_1_80' title="bbox 940 1009 1730 1046">
    <p class='ocr_par' dir='ltr' id='par_1_80' title="bbox 940 1009 1730 1046">
     <span class='ocr_line' id='line_1_80' title="bbox 940 1009 1730 1046; baseline -0.006 -6"><span class='ocrx_word' id='word_1_512' title='bbox 940 1013 1013 1040; x_wconf 88' lang='lat' dir='ltr'><strong>tione</strong></span> <span class='ocrx_word' id='word_1_513' title='bbox 1032 1018 1059 1039; x_wconf 91' lang='lat' dir='ltr'><strong>et</strong></span> <span class='ocrx_word' id='word_1_514' title='bbox 1076 1012 1235 1046; x_wconf 85' lang='lat' dir='ltr'><strong>operatione</strong></span> <span class='ocrx_word' id='word_1_515' title='bbox 1254 1018 1262 1038; x_wconf 89' lang='lat'>:</span> <span class='ocrx_word' id='word_1_516' title='bbox 1278 1011 1418 1038; x_wconf 85' lang='lat' dir='ltr'><strong>rationalis</strong></span> <span class='ocrx_word' id='word_1_517' title='bbox 1443 1014 1533 1037; x_wconf 88' lang='lat' dir='ltr'><strong>autem</strong></span> <span class='ocrx_word' id='word_1_518' title='bbox 1547 1009 1645 1036; x_wconf 66' lang='lat' dir='ltr'><strong>anima:</strong></span> <span class='ocrx_word' id='word_1_519' title='bbox 1658 1009 1730 1035; x_wconf 86' lang='lat' dir='ltr'><strong>actio</strong></span> 
     </span>
    </p>
   </div>
   <div class='ocr_carea' id='block_1_81' title="bbox 939 1054 1730 1094">
    <p class='ocr_par' dir='ltr' id='par_1_81' title="bbox 939 1054 1730 1094">
     <span class='ocr_line' id='line_1_81' title="bbox 939 1054 1730 1094; baseline -0.009 -7"><span class='ocrx_word' id='word_1_520' title='bbox 939 1059 1104 1094; x_wconf 68' lang='lat' dir='ltr'><strong>cogitatione</strong></span> <span class='ocrx_word' id='word_1_521' title='bbox 1120 1059 1187 1093; x_wconf 81' lang='lat' dir='ltr'><strong>,ipsa</strong></span> <span class='ocrx_word' id='word_1_522' title='bbox 1202 1057 1342 1089; x_wconf 83' lang='lat' dir='ltr'><strong>definitur,</strong></span> <span class='ocrx_word' id='word_1_523' title='bbox 1358 1064 1411 1091; x_wconf 88' lang='lat' dir='ltr'><strong>qua</strong></span> <span class='ocrx_word' id='word_1_524' title='bbox 1431 1055 1567 1087; x_wconf 79' lang='lat' dir='ltr'><strong>voluntas,</strong></span> <span class='ocrx_word' id='word_1_525' title='bbox 1582 1054 1730 1082; x_wconf 84' lang='lat' dir='ltr'><strong>ratiocina-</strong></span> 
     </span>
    </p>
   </div>
   <div class='ocr_carea' id='block_1_82' title="bbox 940 1104 1267 1138">
    <p class='ocr_par' dir='ltr' id='par_1_82' title="bbox 940 1104 1267 1138">
     <span class='ocr_line' id='line_1_82' title="bbox 940 1104 1267 1138; baseline -0.003 -6"><span class='ocrx_word' id='word_1_526' title='bbox 940 1114 1012 1138; x_wconf 89' lang='lat' dir='ltr'><strong>mur,</strong></span> <span class='ocrx_word' id='word_1_527' title='bbox 1027 1111 1054 1132; x_wconf 85' lang='lat' dir='ltr'><strong>et</strong></span> <span class='ocrx_word' id='word_1_528' title='bbox 1068 1104 1267 1132; x_wconf 87' lang='lat' dir='ltr'><strong>consultamus.</strong></span> 
     </span>
    </p>
   </div>
   <div class='ocr_carea' id='block_1_83' title="bbox 975 1144 1730 1178">
    <p class='ocr_par' dir='ltr' id='par_1_83' title="bbox 975 1144 1730 1178">
     <span class='ocr_line' id='line_1_83' title="bbox 975 1144 1730 1178; baseline -0.009 0"><span class='ocrx_word' id='word_1_529' title='bbox 975 1152 1030 1178; x_wconf 87' lang='lat' dir='ltr'><strong>Nec</strong></span> <span class='ocrx_word' id='word_1_530' title='bbox 1048 1151 1076 1177; x_wconf 91' lang='lat' dir='ltr'><strong>in</strong></span> <span class='ocrx_word' id='word_1_531' title='bbox 1091 1150 1219 1177; x_wconf 87' lang='lat' dir='ltr'><strong>animatis</strong></span> <span class='ocrx_word' id='word_1_532' title='bbox 1234 1154 1262 1176; x_wconf 90' lang='lat' dir='ltr'><strong>et</strong></span> <span class='ocrx_word' id='word_1_533' title='bbox 1278 1147 1425 1175; x_wconf 89' lang='lat' dir='ltr'><strong>mobilibus</strong></span> <span class='ocrx_word' id='word_1_534' title='bbox 1442 1150 1559 1178; x_wconf 90' lang='lat' dir='ltr'><strong>tantum,</strong></span> <span class='ocrx_word' id='word_1_535' title='bbox 1583 1145 1629 1172; x_wconf 85' lang='lat' dir='ltr'><strong>sed</strong></span> <span class='ocrx_word' id='word_1_536' title='bbox 1647 1145 1674 1172; x_wconf 97' lang='lat' dir='ltr'><strong>in</strong></span> <span class='ocrx_word' id='word_1_537' title='bbox 1697 1144 1730 1172; x_wconf 80' lang='lat' dir='ltr'><strong>iis</strong></span> 
     </span>
    </p>
   </div>
   <div class='ocr_carea' id='block_1_84' title="bbox 940 1191 1731 1230">
    <p class='ocr_par' dir='ltr' id='par_1_84' title="bbox 940 1191 1731 1230">
     <span class='ocr_line' id='line_1_84' title="bbox 940 1191 1731 1230; baseline -0.01 -6"><span class='ocrx_word' id='word_1_538' title='bbox 940 1197 1038 1229; x_wconf 84' lang='lat' dir='ltr'><strong>etiam,</strong></span> <span class='ocrx_word' id='word_1_539' title='bbox 1072 1203 1134 1230; x_wconf 74' lang='lat' dir='ltr'><strong>qua:</strong></span> <span class='ocrx_word' id='word_1_540' title='bbox 1162 1195 1254 1221; x_wconf 83' lang='lat' dir='ltr'><strong>anima</strong></span> <span class='ocrx_word' id='word_1_541' title='bbox 1282 1197 1413 1227; x_wconf 86' lang='lat' dir='ltr'><strong>motuque</strong></span> <span class='ocrx_word' id='word_1_542' title='bbox 1445 1196 1555 1223; x_wconf 87' lang='lat' dir='ltr'><strong>carent,</strong></span> <span class='ocrx_word' id='word_1_543' title='bbox 1592 1191 1731 1218; x_wconf 78' lang='lat' dir='ltr'><strong>naturales</strong></span> 
     </span>
    </p>
   </div>
   <div class='ocr_carea' id='block_1_85' title="bbox 940 1237 1730 1276">
    <p class='ocr_par' dir='ltr' id='par_1_85' title="bbox 940 1237 1730 1276">
     <span class='ocr_line' id='line_1_85' title="bbox 940 1237 1730 1276; baseline -0.008 -7"><span class='ocrx_word' id='word_1_544' title='bbox 940 1243 1061 1269; x_wconf 87' lang='lat' dir='ltr'><strong>actiones</strong></span> <span class='ocrx_word' id='word_1_545' title='bbox 1076 1240 1243 1276; x_wconf 85' lang='lat' dir='ltr'><strong>deprehendi</strong></span> <span class='ocrx_word' id='word_1_546' title='bbox 1263 1242 1387 1274; x_wconf 88' lang='lat' dir='ltr'><strong>possunt,</strong></span> <span class='ocrx_word' id='word_1_547' title='bbox 1402 1243 1431 1264; x_wconf 93' lang='lat' dir='ltr'><strong>ut</strong></span> <span class='ocrx_word' id='word_1_548' title='bbox 1449 1238 1476 1264; x_wconf 90' lang='lat' dir='ltr'><strong>in</strong></span> <span class='ocrx_word' id='word_1_549' title='bbox 1493 1237 1661 1264; x_wconf 83' lang='lat' dir='ltr'><strong>scammonia</strong></span> <span class='ocrx_word' id='word_1_550' title='bbox 1682 1244 1730 1270; x_wconf 85' lang='lat' dir='ltr'><strong>pa-</strong></span> 
     </span>
    </p>
   </div>
   <div class='ocr_carea' id='block_1_86' title="bbox 941 1281 1732 1319">
    <p class='ocr_par' dir='ltr' id='par_1_86' title="bbox 941 1281 1732 1319">
     <span class='ocr_line' id='line_1_86' title="bbox 941 1281 1732 1319; baseline -0.011 -4"><span class='ocrx_word' id='word_1_551' title='bbox 941 1291 990 1318; x_wconf 89' lang='lat' dir='ltr'><strong>tet,</strong></span> <span class='ocrx_word' id='word_1_552' title='bbox 1006 1290 1034 1314; x_wconf 91' lang='lat' dir='ltr'><strong>et</strong></span> <span class='ocrx_word' id='word_1_553' title='bbox 1048 1285 1155 1313; x_wconf 67' lang='lat' dir='ltr'><strong>caneris</strong></span> <span class='ocrx_word' id='word_1_554' title='bbox 1171 1283 1383 1319; x_wconf 78' lang='lat' dir='ltr'><strong>expurgautibus</strong></span> <span class='ocrx_word' id='word_1_555' title='bbox 1407 1281 1576 1316; x_wconf 76' lang='lat' dir='ltr'><strong>pharmacis,</strong></span> <span class='ocrx_word' id='word_1_556' title='bbox 1592 1288 1653 1316; x_wconf 82' lang='lat' dir='ltr'><strong>quae</strong></span> <span class='ocrx_word' id='word_1_557' title='bbox 1668 1281 1732 1315; x_wconf 89' lang='lat' dir='ltr'><strong>qni-</strong></span> 
     </span>
    </p>
   </div>
   <div class='ocr_carea' id='block_1_87' title="bbox 940 1327 1731 1361">
    <p class='ocr_par' dir='ltr' id='par_1_87' title="bbox 940 1327 1731 1361">
     <span class='ocr_line' id='line_1_87' title="bbox 940 1327 1731 1361; baseline -0.01 -1"><span class='ocrx_word' id='word_1_558' title='bbox 940 1334 1002 1360; x_wconf 86' lang='lat' dir='ltr'><strong>dem</strong></span> <span class='ocrx_word' id='word_1_559' title='bbox 1018 1331 1169 1359; x_wconf 87' lang='lat' dir='ltr'><strong>evacuandi</strong></span> <span class='ocrx_word' id='word_1_560' title='bbox 1194 1330 1351 1357; x_wconf 79' lang='lat' dir='ltr'><strong>facultatem</strong></span> <span class='ocrx_word' id='word_1_561' title='bbox 1369 1328 1493 1355; x_wconf 82' lang='lat' dir='ltr'><strong>habent:</strong></span> <span class='ocrx_word' id='word_1_562' title='bbox 1508 1327 1572 1354; x_wconf 89' lang='lat' dir='ltr'><strong>item</strong></span> <span class='ocrx_word' id='word_1_563' title='bbox 1587 1331 1731 1361; x_wconf 73' lang='lat' dir='ltr'><strong>argentum</strong></span> 
     </span>
    </p>
   </div>
   <div class='ocr_carea' id='block_1_88' title="bbox 942 1373 1735 1410">
    <p class='ocr_par' dir='ltr' id='par_1_88' title="bbox 942 1373 1735 1410">
     <span class='ocr_line' id='line_1_88' title="bbox 942 1373 1735 1410; baseline -0.01 -3"><span class='ocrx_word' id='word_1_564' title='bbox 942 1380 1033 1407; x_wconf 87' lang='lat' dir='ltr'><strong>vivum</strong></span> <span class='ocrx_word' id='word_1_565' title='bbox 1049 1377 1144 1405; x_wconf 88' lang='lat' dir='ltr'><strong>Iethali</strong></span> <span class='ocrx_word' id='word_1_566' title='bbox 1159 1376 1269 1403; x_wconf 88' lang='lat' dir='ltr'><strong>actione</strong></span> <span class='ocrx_word' id='word_1_567' title='bbox 1294 1374 1460 1410; x_wconf 67' lang='lat' dir='ltr'><strong>praeditum:</strong></span> <span class='ocrx_word' id='word_1_568' title='bbox 1488 1378 1516 1400; x_wconf 89' lang='lat' dir='ltr'><strong>et</strong></span> <span class='ocrx_word' id='word_1_569' title='bbox 1529 1375 1617 1400; x_wconf 85' lang='lat' dir='ltr'><strong>cicuta</strong></span> <span class='ocrx_word' id='word_1_570' title='bbox 1641 1373 1735 1400; x_wconf 87' lang='lat' dir='ltr'><strong>consi-</strong></span> 
     </span>
    </p>
   </div>
   <div class='ocr_carea' id='block_1_89' title="bbox 942 1420 1730 1459">
    <p class='ocr_par' dir='ltr' id='par_1_89' title="bbox 942 1420 1730 1459">
     <span class='ocr_line' id='line_1_89' title="bbox 942 1420 1730 1459; baseline -0.009 -7"><span class='ocrx_word' id='word_1_571' title='bbox 942 1425 1053 1457; x_wconf 86' lang='lat' dir='ltr'><strong>militer,</strong></span> <span class='ocrx_word' id='word_1_572' title='bbox 1070 1432 1124 1459; x_wconf 91' lang='lat' dir='ltr'><strong>qua</strong></span> <span class='ocrx_word' id='word_1_573' title='bbox 1139 1424 1243 1451; x_wconf 90' lang='lat' dir='ltr'><strong>nullum</strong></span> <span class='ocrx_word' id='word_1_574' title='bbox 1267 1422 1301 1450; x_wconf 87' lang='lat' dir='ltr'><strong>ad</strong></span> <span class='ocrx_word' id='word_1_575' title='bbox 1328 1425 1443 1448; x_wconf 88' lang='lat' dir='ltr'><strong>mortem</strong></span> <span class='ocrx_word' id='word_1_576' title='bbox 1467 1420 1639 1447; x_wconf 81' lang='lat' dir='ltr'><strong>inferendam</strong></span> <span class='ocrx_word' id='word_1_577' title='bbox 1659 1427 1730 1454; x_wconf 76' lang='lat' dir='ltr'><strong>pra:-</strong></span> 
     </span>
    </p>
   </div>
   <div class='ocr_carea' id='block_1_90' title="bbox 943 1471 1266 1498">
    <p class='ocr_par' dir='ltr' id='par_1_90' title="bbox 943 1471 1266 1498">
     <span class='ocr_line' id='line_1_90' title="bbox 943 1471 1266 1498; baseline -0.009 0"><span class='ocrx_word' id='word_1_578' title='bbox 943 1471 1049 1498; x_wconf 89' lang='lat' dir='ltr'><strong>sentius</strong></span> <span class='ocrx_word' id='word_1_579' title='bbox 1063 1477 1199 1497; x_wconf 88' lang='lat' dir='ltr'><strong>venenum</strong></span> <span class='ocrx_word' id='word_1_580' title='bbox 1213 1473 1266 1496; x_wconf 88' lang='lat' dir='ltr'><strong>est.</strong></span> 
     </span>
    </p>
   </div>
   <div class='ocr_carea' id='block_1_91' title="bbox 980 1511 1732 1547">
    <p class='ocr_par' dir='ltr' id='par_1_91' title="bbox 980 1511 1732 1547">
     <span class='ocr_line' id='line_1_91' title="bbox 980 1511 1732 1547; baseline -0.008 -3"><span class='ocrx_word' id='word_1_581' title='bbox 980 1516 1059 1544; x_wconf 87' lang='lat' dir='ltr'><strong>Nulla</strong></span> <span class='ocrx_word' id='word_1_582' title='bbox 1072 1523 1138 1543; x_wconf 90' lang='lat' dir='ltr'><strong>vero</strong></span> <span class='ocrx_word' id='word_1_583' title='bbox 1160 1522 1213 1542; x_wconf 92' lang='lat' dir='ltr'><strong>non</strong></span> <span class='ocrx_word' id='word_1_584' title='bbox 1241 1513 1423 1541; x_wconf 87' lang='lat' dir='ltr'><strong>admiratione</strong></span> <span class='ocrx_word' id='word_1_585' title='bbox 1452 1512 1564 1547; x_wconf 81' lang='lat' dir='ltr'><strong>dignum</strong></span> <span class='ocrx_word' id='word_1_586' title='bbox 1581 1515 1633 1544; x_wconf 79' lang='lat' dir='ltr'><strong>est,</strong></span> <span class='ocrx_word' id='word_1_587' title='bbox 1658 1511 1732 1546; x_wconf 89' lang='lat' dir='ltr'><strong>quod</strong></span> 
     </span>
    </p>
   </div>
   <div class='ocr_carea' id='block_1_92' title="bbox 946 1557 1732 1598">
    <p class='ocr_par' dir='ltr' id='par_1_92' title="bbox 946 1557 1732 1598">
     <span class='ocr_line' id='line_1_92' title="bbox 946 1557 1732 1598; baseline -0.009 -7"><span class='ocrx_word' id='word_1_588' title='bbox 946 1564 1066 1592; x_wconf 71' lang='lat' dir='ltr'><strong>diversae</strong></span> <span class='ocrx_word' id='word_1_589' title='bbox 1094 1562 1219 1598; x_wconf 71' lang='lat' dir='ltr'><strong>quaedam</strong></span> <span class='ocrx_word' id='word_1_590' title='bbox 1244 1566 1350 1588; x_wconf 63' lang='lat' dir='ltr'><strong>natura:</strong></span> <span class='ocrx_word' id='word_1_591' title='bbox 1370 1560 1532 1595; x_wconf 88' lang='lat' dir='ltr'><strong>plerumque</strong></span> <span class='ocrx_word' id='word_1_592' title='bbox 1560 1557 1732 1585; x_wconf 86' lang='lat' dir='ltr'><strong>naturalibus</strong></span> 
     </span>
    </p>
   </div>
   <div class='ocr_carea' id='block_1_93' title="bbox 946 1604 1733 1643">
    <p class='ocr_par' dir='ltr' id='par_1_93' title="bbox 946 1604 1733 1643">
     <span class='ocr_line' id='line_1_93' title="bbox 946 1604 1733 1643; baseline -0.01 -5"><span class='ocrx_word' id='word_1_593' title='bbox 946 1609 1104 1638; x_wconf 84' lang='lat' dir='ltr'><strong>actionibus</strong></span> <span class='ocrx_word' id='word_1_594' title='bbox 1129 1607 1252 1643; x_wconf 58' lang='lat' dir='ltr'><strong>privatae,</strong></span> <span class='ocrx_word' id='word_1_595' title='bbox 1277 1607 1344 1634; x_wconf 82' lang='lat' dir='ltr'><strong>altas</strong></span> <span class='ocrx_word' id='word_1_596' title='bbox 1363 1606 1487 1633; x_wconf 86' lang='lat' dir='ltr'><strong>actiones</strong></span> <span class='ocrx_word' id='word_1_597' title='bbox 1504 1605 1621 1639; x_wconf 85' lang='lat' dir='ltr'><strong>pariant.</strong></span> <span class='ocrx_word' id='word_1_598' title='bbox 1641 1608 1670 1631; x_wconf 91' lang='lat' dir='ltr'><strong>ut</strong></span> <span class='ocrx_word' id='word_1_599' title='bbox 1692 1604 1733 1631; x_wconf 89' lang='lat' dir='ltr'><strong>la-</strong></span> 
     </span>
    </p>
   </div>
   <div class='ocr_carea' id='block_1_94' title="bbox 945 1651 1732 1691">
    <p class='ocr_par' dir='ltr' id='par_1_94' title="bbox 945 1651 1732 1691">
     <span class='ocr_line' id='line_1_94' title="bbox 945 1651 1732 1691; baseline -0.008 -8"><span class='ocrx_word' id='word_1_600' title='bbox 945 1657 987 1691; x_wconf 82' lang='lat' dir='ltr'><strong>pis</strong></span> <span class='ocrx_word' id='word_1_601' title='bbox 1004 1655 1103 1682; x_wconf 90' lang='lat' dir='ltr'><strong>ardens</strong></span> <span class='ocrx_word' id='word_1_602' title='bbox 1119 1654 1226 1681; x_wconf 87' lang='lat' dir='ltr'><strong>actione</strong></span> <span class='ocrx_word' id='word_1_603' title='bbox 1241 1653 1339 1688; x_wconf 81' lang='lat' dir='ltr'><strong>frigida</strong></span> <span class='ocrx_word' id='word_1_604' title='bbox 1353 1653 1486 1687; x_wconf 81' lang='lat' dir='ltr'><strong>privatur,</strong></span> <span class='ocrx_word' id='word_1_605' title='bbox 1504 1651 1564 1678; x_wconf 84' lang='lat' dir='ltr'><strong>calx</strong></span> <span class='ocrx_word' id='word_1_606' title='bbox 1581 1651 1654 1678; x_wconf 89' lang='lat' dir='ltr'><strong>enim</strong></span> <span class='ocrx_word' id='word_1_607' title='bbox 1672 1651 1732 1678; x_wconf 85' lang='lat' dir='ltr'><strong>viva</strong></span> 
     </span>
    </p>
   </div>
   <div class='ocr_carea' id='block_1_95' title="bbox 945 1697 1720 1734">
    <p class='ocr_par' dir='ltr' id='par_1_95' title="bbox 945 1697 1720 1734">
     <span class='ocr_line' id='line_1_95' title="bbox 945 1697 1720 1734; baseline -0.008 -6"><span class='ocrx_word' id='word_1_608' title='bbox 945 1702 1015 1728; x_wconf 88' lang='lat' dir='ltr'><strong>facta</strong></span> <span class='ocrx_word' id='word_1_609' title='bbox 1025 1701 1077 1727; x_wconf 83' lang='lat' dir='ltr'><strong>vim</strong></span> <span class='ocrx_word' id='word_1_610' title='bbox 1085 1707 1229 1734; x_wconf 86' lang='lat' dir='ltr'><strong>corporum</strong></span> <span class='ocrx_word' id='word_1_611' title='bbox 1238 1698 1391 1725; x_wconf 84' lang='lat' dir='ltr'><strong>adustivam</strong></span> <span class='ocrx_word' id='word_1_612' title='bbox 1407 1697 1458 1724; x_wconf 87' lang='lat' dir='ltr'><strong>sibi</strong></span> <span class='ocrx_word' id='word_1_613' title='bbox 1472 1701 1623 1731; x_wconf 82' lang='lat' dir='ltr'><strong>comparat,</strong></span> <span class='ocrx_word' id='word_1_614' title='bbox 1638 1703 1720 1730; x_wconf 90' lang='lat' dir='ltr'><strong>quem</strong></span> 
     </span>
    </p>
   </div>
   <div class='ocr_carea' id='block_1_96' title="bbox 947 1742 1732 1779">
    <p class='ocr_par' dir='ltr' id='par_1_96' title="bbox 947 1742 1732 1779">
     <span class='ocr_line' id='line_1_96' title="bbox 947 1742 1732 1779; baseline -0.009 -5"><span class='ocrx_word' id='word_1_615' title='bbox 947 1747 1093 1775; x_wconf 86' lang='lat' dir='ltr'><strong>admodum</strong></span> <span class='ocrx_word' id='word_1_616' title='bbox 1114 1746 1213 1772; x_wconf 87' lang='lat' dir='ltr'><strong>cedrus</strong></span> <span class='ocrx_word' id='word_1_617' title='bbox 1235 1752 1344 1779; x_wconf 88' lang='lat' dir='ltr'><strong>quoque</strong></span> <span class='ocrx_word' id='word_1_618' title='bbox 1369 1743 1469 1770; x_wconf 87' lang='lat' dir='ltr'><strong>ardens</strong></span> <span class='ocrx_word' id='word_1_619' title='bbox 1497 1742 1604 1769; x_wconf 86' lang='lat' dir='ltr'><strong>actione</strong></span> <span class='ocrx_word' id='word_1_620' title='bbox 1621 1742 1732 1776; x_wconf 87' lang='lat' dir='ltr'><strong>quidem</strong></span> 
     </span>
    </p>
   </div>
   <div class='ocr_carea' id='block_1_97' title="bbox 947 1787 1732 1824">
    <p class='ocr_par' dir='ltr' id='par_1_97' title="bbox 947 1787 1732 1824">
     <span class='ocr_line' id='line_1_97' title="bbox 947 1787 1732 1824; baseline -0.01 -4"><span class='ocrx_word' id='word_1_621' title='bbox 947 1791 1065 1821; x_wconf 89' lang='lat' dir='ltr'><strong>naturali</strong></span> <span class='ocrx_word' id='word_1_622' title='bbox 1089 1795 1117 1818; x_wconf 86' lang='lat' dir='ltr'><strong>et</strong></span> <span class='ocrx_word' id='word_1_623' title='bbox 1142 1791 1307 1824; x_wconf 79' lang='lat' dir='ltr'><strong>vegetativa,</strong></span> <span class='ocrx_word' id='word_1_624' title='bbox 1333 1793 1362 1815; x_wconf 89' lang='lat' dir='ltr'><strong>et</strong></span> <span class='ocrx_word' id='word_1_625' title='bbox 1393 1787 1571 1823; x_wconf 82' lang='lat' dir='ltr'><strong>germinativa</strong></span> <span class='ocrx_word' id='word_1_626' title='bbox 1598 1787 1732 1820; x_wconf 86' lang='lat' dir='ltr'><strong>privatur,</strong></span> 
     </span>
    </p>
   </div>
   <div class='ocr_carea' id='block_1_98' title="bbox 947 1828 1733 1868">
    <p class='ocr_par' dir='ltr' id='par_1_98' title="bbox 947 1828 1733 1868">
     <span class='ocr_line' id='line_1_98' title="bbox 947 1828 1733 1868; baseline -0.01 -1"><span class='ocrx_word' id='word_1_627' title='bbox 947 1840 1082 1868; x_wconf 85' lang='lat' dir='ltr'><strong>actionem</strong></span> <span class='ocrx_word' id='word_1_628' title='bbox 1096 1828 1161 1865; x_wconf 81' lang='lat' dir='ltr'><strong>vero</strong></span> <span class='ocrx_word' id='word_1_629' title='bbox 1176 1845 1224 1864; x_wconf 85' lang='lat' dir='ltr'><strong>seu</strong></span> <span class='ocrx_word' id='word_1_630' title='bbox 1239 1837 1394 1863; x_wconf 83' lang='lat' dir='ltr'><strong>facultatem</strong></span> <span class='ocrx_word' id='word_1_631' title='bbox 1409 1835 1571 1866; x_wconf 87' lang='lat' dir='ltr'><strong>sanativam,</strong></span> <span class='ocrx_word' id='word_1_632' title='bbox 1587 1839 1615 1861; x_wconf 89' lang='lat' dir='ltr'><strong>et</strong></span> <span class='ocrx_word' id='word_1_633' title='bbox 1629 1833 1733 1861; x_wconf 79' lang='lat' dir='ltr'><strong>veruti—</strong></span> 
     </span>
    </p>
   </div>
   <div class='ocr_carea' id='block_1_99' title="bbox 946 1878 1614 1914">
    <p class='ocr_par' dir='ltr' id='par_1_99' title="bbox 946 1878 1614 1914">
     <span class='ocr_line' id='line_1_99' title="bbox 946 1878 1614 1914; baseline -0.007 -4"><span class='ocrx_word' id='word_1_634' title='bbox 946 1884 998 1911; x_wconf 91' lang='lat' dir='ltr'><strong>bus</strong></span> <span class='ocrx_word' id='word_1_635' title='bbox 1014 1881 1150 1910; x_wconf 87' lang='lat' dir='ltr'><strong>exitialem</strong></span> <span class='ocrx_word' id='word_1_636' title='bbox 1168 1881 1270 1907; x_wconf 90' lang='lat' dir='ltr'><strong>emittit</strong></span> <span class='ocrx_word' id='word_1_637' title='bbox 1298 1887 1359 1914; x_wconf 71' lang='lat' dir='ltr'><strong>qua:</strong></span> <span class='ocrx_word' id='word_1_638' title='bbox 1378 1879 1487 1906; x_wconf 69' lang='lat' dir='ltr'><strong>cedraza</strong></span> <span class='ocrx_word' id='word_1_639' title='bbox 1502 1878 1614 1905; x_wconf 92' lang='lat' dir='ltr'><strong>dicitur.</strong></span> 
     </span>
    </p>
   </div>
   <div class='ocr_carea' id='block_1_100' title="bbox 1248 1938 1437 1967">
    <p class='ocr_par' dir='ltr' id='par_1_100' title="bbox 1248 1938 1437 1967">
     <span class='ocr_line' id='line_1_100' title="bbox 1248 1938 1437 1967; baseline -0.005 0"><span class='ocrx_word' id='word_1_640' title='bbox 1248 1940 1324 1967; x_wconf 85' lang='lat' dir='ltr'><strong>CAP.</strong></span> <span class='ocrx_word' id='word_1_641' title='bbox 1341 1938 1437 1966; x_wconf 79' lang='lat' dir='ltr'><strong>XXIII.</strong></span> 
     </span>
    </p>
   </div>
   <div class='ocr_carea' id='block_1_101' title="bbox 1012 1984 1672 2022">
    <p class='ocr_par' dir='ltr' id='par_1_101' title="bbox 1012 1984 1672 2022">
     <span class='ocr_line' id='line_1_101' title="bbox 1012 1984 1672 2022; baseline -0.006 -8"><span class='ocrx_word' id='word_1_642' title='bbox 1012 1987 1170 2022; x_wconf 81' lang='lat' dir='ltr'><strong>(.‘onjunctio</strong></span> <span class='ocrx_word' id='word_1_643' title='bbox 1183 1986 1245 2021; x_wconf 83' lang='lat' dir='ltr'><strong>quid</strong></span> <span class='ocrx_word' id='word_1_644' title='bbox 1259 1990 1307 2018; x_wconf 75' lang='lat' dir='ltr'><strong>est,</strong></span> <span class='ocrx_word' id='word_1_645' title='bbox 1324 1993 1441 2020; x_wconf 83' lang='lat' dir='ltr'><strong>quanam</strong></span> <span class='ocrx_word' id='word_1_646' title='bbox 1456 1984 1486 2011; x_wconf 86' lang='lat' dir='ltr'><strong>de</strong></span> <span class='ocrx_word' id='word_1_647' title='bbox 1501 1992 1539 2017; x_wconf 83' lang='lat' dir='ltr'><strong>re,</strong></span> <span class='ocrx_word' id='word_1_648' title='bbox 1557 1988 1672 2020; x_wconf 80' lang='lat' dir='ltr'><strong>quotque</strong></span> 
     </span>
    </p>
   </div>
   <div class='ocr_carea' id='block_1_102' title="bbox 1229 2021 1450 2047">
    <p class='ocr_par' dir='ltr' id='par_1_102' title="bbox 1229 2021 1450 2047">
     <span class='ocr_line' id='line_1_102' title="bbox 1229 2021 1450 2047; baseline 0 0"><span class='ocrx_word' id='word_1_649' title='bbox 1229 2021 1314 2047; x_wconf 80' lang='lat' dir='ltr'><strong>modis</strong></span> <span class='ocrx_word' id='word_1_650' title='bbox 1335 2021 1450 2047; x_wconf 80' lang='lat' dir='ltr'><strong>dicatur.</strong></span> 
     </span>
    </p>
   </div>
   <div class='ocr_carea' id='block_1_103' title="bbox 983 2065 1736 2104">
    <p class='ocr_par' dir='ltr' id='par_1_103' title="bbox 983 2065 1736 2104">
     <span class='ocr_line' id='line_1_103' title="bbox 983 2065 1736 2104; baseline -0.007 -7"><span class='ocrx_word' id='word_1_651' title='bbox 983 2069 1149 2104; x_wconf 70' lang='lat' dir='ltr'><strong>Coniunctio</strong></span> <span class='ocrx_word' id='word_1_652' title='bbox 1169 2067 1238 2095; x_wconf 84' lang='lat' dir='ltr'><strong>nihil</strong></span> <span class='ocrx_word' id='word_1_653' title='bbox 1260 2066 1332 2094; x_wconf 90' lang='lat' dir='ltr'><strong>aliud</strong></span> <span class='ocrx_word' id='word_1_654' title='bbox 1348 2071 1400 2098; x_wconf 90' lang='lat' dir='ltr'><strong>est,</strong></span> <span class='ocrx_word' id='word_1_655' title='bbox 1424 2074 1506 2101; x_wconf 83' lang='lat' dir='ltr'><strong>quam</strong></span> <span class='ocrx_word' id='word_1_656' title='bbox 1527 2065 1668 2094; x_wconf 86' lang='lat' dir='ltr'><strong>familiaris</strong></span> <span class='ocrx_word' id='word_1_657' title='bbox 1694 2065 1736 2093; x_wconf 76' lang='lat' dir='ltr'><strong>di-</strong></span> 
     </span>
    </p>
   </div>
   <div class='ocr_carea' id='block_1_104' title="bbox 949 2111 1736 2144">
    <p class='ocr_par' dir='ltr' id='par_1_104' title="bbox 949 2111 1736 2144">
     <span class='ocr_line' id='line_1_104' title="bbox 949 2111 1736 2144; baseline -0.011 0"><span class='ocrx_word' id='word_1_658' title='bbox 949 2115 1080 2144; x_wconf 86' lang='lat' dir='ltr'><strong>stantium</strong></span> <span class='ocrx_word' id='word_1_659' title='bbox 1099 2122 1190 2142; x_wconf 88' lang='lat' dir='ltr'><strong>rerum</strong></span> <span class='ocrx_word' id='word_1_660' title='bbox 1207 2121 1368 2141; x_wconf 88' lang='lat' dir='ltr'><strong>concursus.</strong></span> <span class='ocrx_word' id='word_1_661' title='bbox 1384 2113 1407 2139; x_wconf 84' lang='lat' dir='ltr'><strong>A</strong></span> <span class='ocrx_word' id='word_1_662' title='bbox 1422 2111 1521 2140; x_wconf 56' lang='lat' dir='ltr'><strong>Graecis</strong></span> <span class='ocrx_word' id='word_1_663' title='bbox 1535 2116 1625 2139; x_wconf 88' lang='lat' dir='ltr'><strong>autem</strong></span> <span class='ocrx_word' id='word_1_664' title='bbox 1640 2111 1736 2142; x_wconf 74' lang='grc' dir='ltr'><strong>ἒνωσις</strong></span> 
     </span>
    </p>
   </div>
   <div class='ocr_carea' id='block_1_105' title="bbox 950 2154 1737 2192">
    <p class='ocr_par' dir='ltr' id='par_1_105' title="bbox 950 2154 1737 2192">
     <span class='ocr_line' id='line_1_105' title="bbox 950 2154 1737 2192; baseline -0.009 -4"><span class='ocrx_word' id='word_1_665' title='bbox 950 2161 1064 2192; x_wconf 89' lang='lat' dir='ltr'><strong>dicitur,</strong></span> <span class='ocrx_word' id='word_1_666' title='bbox 1084 2160 1128 2186; x_wconf 77' lang='grc' dir='ltr'><strong>διὰ</strong></span> <span class='ocrx_word' id='word_1_667' title='bbox 1147 2159 1177 2185; x_wconf 78' lang='grc' dir='ltr'><strong>τὸ</strong></span> <span class='ocrx_word' id='word_1_668' title='bbox 1198 2159 1236 2189; x_wconf 76' lang='grc' dir='ltr'><strong>εἰς</strong></span> <span class='ocrx_word' id='word_1_669' title='bbox 1250 2158 1279 2184; x_wconf 75' lang='grc' dir='ltr'>ἓν</span> <span class='ocrx_word' id='word_1_670' title='bbox 1292 2154 1378 2189; x_wconf 80' lang='grc' dir='ltr'><strong>ὦσαι,</strong></span> <span class='ocrx_word' id='word_1_671' title='bbox 1394 2160 1519 2183; x_wconf 76' lang='grc' dir='ltr'><strong>τουτέστι</strong></span> <span class='ocrx_word' id='word_1_672' title='bbox 1534 2156 1687 2191; x_wconf 78' lang='grc' dir='ltr'><strong>συνωτῆσαι</strong></span> <span class='ocrx_word' id='word_1_673' title='bbox 1703 2156 1737 2182; x_wconf 84' lang='grc' dir='ltr'><strong>τὰ</strong></span> 
     </span>
    </p>
   </div>
   <div class='ocr_carea' id='block_1_106' title="bbox 917 2203 1722 2242">
    <p class='ocr_par' dir='ltr' id='par_1_106' title="bbox 917 2203 1722 2242">
     <span class='ocr_line' id='line_1_106' title="bbox 917 2203 1722 2242; baseline -0.001 -12"><span class='ocrx_word' id='word_1_674' title='bbox 917 2203 938 2230; x_wconf 85' lang='lat' dir='ltr'><strong>D</strong></span> <span class='ocrx_word' id='word_1_675' title='bbox 953 2207 1115 2242; x_wconf 80' lang='grc' dir='ltr'><strong>πράγματα,</strong></span> <span class='ocrx_word' id='word_1_676' title='bbox 1132 2205 1184 2232; x_wconf 89' lang='lat' dir='ltr'><strong>hoc</strong></span> <span class='ocrx_word' id='word_1_677' title='bbox 1198 2204 1313 2238; x_wconf 88' lang='lat' dir='ltr'><strong>estquia</strong></span> <span class='ocrx_word' id='word_1_678' title='bbox 1331 2204 1358 2230; x_wconf 91' lang='lat' dir='ltr'><strong>in</strong></span> <span class='ocrx_word' id='word_1_679' title='bbox 1374 2211 1458 2230; x_wconf 91' lang='lat' dir='ltr'><strong>unum</strong></span> <span class='ocrx_word' id='word_1_680' title='bbox 1474 2210 1518 2230; x_wconf 91' lang='lat' dir='ltr'><strong>res</strong></span> <span class='ocrx_word' id='word_1_681' title='bbox 1532 2207 1609 2237; x_wconf 84' lang='lat' dir='ltr'><strong>cogat</strong></span> <span class='ocrx_word' id='word_1_682' title='bbox 1622 2207 1649 2230; x_wconf 88' lang='lat' dir='ltr'><strong>et</strong></span> <span class='ocrx_word' id='word_1_683' title='bbox 1660 2209 1722 2229; x_wconf 88' lang='lat' dir='ltr'><strong>com</strong></span> 
     </span>
    </p>
   </div>
   <div class='ocr_carea' id='block_1_107' title="bbox 953 2248 1738 2289">
    <p class='ocr_par' dir='ltr' id='par_1_107' title="bbox 953 2248 1738 2289">
     <span class='ocr_line' id='line_1_107' title="bbox 953 2248 1738 2289; baseline -0.005 -10"><span class='ocrx_word' id='word_1_684' title='bbox 953 2253 1044 2289; x_wconf 87' lang='lat' dir='ltr'><strong>pellat.</strong></span> <span class='ocrx_word' id='word_1_685' title='bbox 1061 2252 1197 2279; x_wconf 60' lang='lat' dir='ltr'><strong>Caeterum</strong></span> <span class='ocrx_word' id='word_1_686' title='bbox 1214 2249 1371 2285; x_wconf 82' lang='lat' dir='ltr'><strong>conjunctio</strong></span> <span class='ocrx_word' id='word_1_687' title='bbox 1386 2249 1549 2284; x_wconf 83' lang='lat' dir='ltr'><strong>quintuplex</strong></span> <span class='ocrx_word' id='word_1_688' title='bbox 1565 2254 1618 2281; x_wconf 85' lang='lat' dir='ltr'><strong>est,</strong></span> <span class='ocrx_word' id='word_1_689' title='bbox 1641 2248 1738 2276; x_wconf 88' lang='lat' dir='ltr'><strong>confu-</strong></span> 
     </span>
    </p>
   </div>
   <div class='ocr_carea' id='block_1_108' title="bbox 952 2293 1737 2329">
    <p class='ocr_par' dir='ltr' id='par_1_108' title="bbox 952 2293 1737 2329">
     <span class='ocr_line' id='line_1_108' title="bbox 952 2293 1737 2329; baseline -0.005 -5"><span class='ocrx_word' id='word_1_690' title='bbox 952 2298 1020 2329; x_wconf 89' lang='lat' dir='ltr'><strong>siva,</strong></span> <span class='ocrx_word' id='word_1_691' title='bbox 1054 2302 1084 2324; x_wconf 94' lang='lat' dir='ltr'><strong>ut</strong></span> <span class='ocrx_word' id='word_1_692' title='bbox 1109 2296 1165 2323; x_wconf 89' lang='lat' dir='ltr'><strong>vini</strong></span> <span class='ocrx_word' id='word_1_693' title='bbox 1188 2300 1215 2322; x_wconf 88' lang='lat' dir='ltr'><strong>et</strong></span> <span class='ocrx_word' id='word_1_694' title='bbox 1238 2302 1335 2329; x_wconf 58' lang='lat' dir='ltr'><strong>aquae:</strong></span> <span class='ocrx_word' id='word_1_695' title='bbox 1357 2294 1490 2328; x_wconf 87' lang='lat' dir='ltr'><strong>divisiva,</strong></span> <span class='ocrx_word' id='word_1_696' title='bbox 1513 2299 1543 2321; x_wconf 94' lang='lat' dir='ltr'><strong>ut</strong></span> <span class='ocrx_word' id='word_1_697' title='bbox 1566 2294 1683 2321; x_wconf 91' lang='lat' dir='ltr'><strong>hominis</strong></span> <span class='ocrx_word' id='word_1_698' title='bbox 1704 2293 1737 2320; x_wconf 88' lang='lat' dir='ltr'><strong>ad</strong></span> 
     </span>
    </p>
   </div>
   <div class='ocr_carea' id='block_1_109' title="bbox 954 2340 1736 2373">
    <p class='ocr_par' dir='ltr' id='par_1_109' title="bbox 954 2340 1736 2373">
     <span class='ocr_line' id='line_1_109' title="bbox 954 2340 1736 2373; baseline -0.004 -3"><span class='ocrx_word' id='word_1_699' title='bbox 954 2344 1114 2371; x_wconf 86' lang='lat' dir='ltr'><strong>hominem:</strong></span> <span class='ocrx_word' id='word_1_700' title='bbox 1143 2341 1306 2373; x_wconf 88' lang='lat' dir='ltr'><strong>habitualis,</strong></span> <span class='ocrx_word' id='word_1_701' title='bbox 1333 2345 1363 2367; x_wconf 92' lang='lat' dir='ltr'><strong>ut</strong></span> <span class='ocrx_word' id='word_1_702' title='bbox 1383 2348 1491 2368; x_wconf 90' lang='lat' dir='ltr'><strong>aurum.</strong></span> <span class='ocrx_word' id='word_1_703' title='bbox 1518 2340 1620 2368; x_wconf 87' lang='lat' dir='ltr'><strong>Christi</strong></span> <span class='ocrx_word' id='word_1_704' title='bbox 1645 2344 1736 2367; x_wconf 85' lang='lat' dir='ltr'><strong>autem</strong></span> 
     </span>
    </p>
   </div>
   <div class='ocr_carea' id='block_1_110' title="bbox 954 2385 1739 2425">
    <p class='ocr_par' dir='ltr' id='par_1_110' title="bbox 954 2385 1739 2425">
     <span class='ocr_line' id='line_1_110' title="bbox 954 2385 1739 2425; baseline -0.006 -8"><span class='ocrx_word' id='word_1_705' title='bbox 954 2389 1110 2425; x_wconf 87' lang='lat' dir='ltr'><strong>conjunctio</strong></span> <span class='ocrx_word' id='word_1_706' title='bbox 1129 2395 1211 2422; x_wconf 86' lang='lat' dir='ltr'><strong>super</strong></span> <span class='ocrx_word' id='word_1_707' title='bbox 1227 2386 1275 2413; x_wconf 89' lang='lat' dir='ltr'><strong>has</strong></span> <span class='ocrx_word' id='word_1_708' title='bbox 1296 2393 1391 2413; x_wconf 81' lang='lat' dir='ltr'><strong>omnes</strong></span> <span class='ocrx_word' id='word_1_709' title='bbox 1416 2385 1583 2421; x_wconf 82' lang='lat' dir='ltr'><strong>hypostatica</strong></span> <span class='ocrx_word' id='word_1_710' title='bbox 1600 2394 1647 2414; x_wconf 90' lang='lat' dir='ltr'><strong>seu</strong></span> <span class='ocrx_word' id='word_1_711' title='bbox 1676 2393 1739 2421; x_wconf 85' lang='lat' dir='ltr'><strong>per-</strong></span> 
     </span>
    </p>
   </div>
   <div class='ocr_carea' id='block_1_111' title="bbox 953 2433 1186 2463">
    <p class='ocr_par' dir='ltr' id='par_1_111' title="bbox 953 2433 1186 2463">
     <span class='ocr_line' id='line_1_111' title="bbox 953 2433 1186 2463; baseline -0.009 -1"><span class='ocrx_word' id='word_1_712' title='bbox 953 2435 1056 2463; x_wconf 88' lang='lat' dir='ltr'><strong>sonalis</strong></span> <span class='ocrx_word' id='word_1_713' title='bbox 1076 2433 1186 2461; x_wconf 82' lang='lat' dir='ltr'><strong>dicitur.</strong></span> 
     </span>
    </p>
   </div>
   <div class='ocr_carea' id='block_1_112' title="bbox 989 2476 1738 2515">
    <p class='ocr_par' dir='ltr' id='par_1_112' title="bbox 989 2476 1738 2515">
     <span class='ocr_line' id='line_1_112' title="bbox 989 2476 1738 2515; baseline -0.005 -8"><span class='ocrx_word' id='word_1_714' title='bbox 989 2480 1163 2515; x_wconf 85' lang='lat' dir='ltr'><strong>Ilyposlatica</strong></span> <span class='ocrx_word' id='word_1_715' title='bbox 1178 2485 1258 2513; x_wconf 88' lang='lat' dir='ltr'><strong>porro</strong></span> <span class='ocrx_word' id='word_1_716' title='bbox 1272 2476 1430 2512; x_wconf 85' lang='lat' dir='ltr'><strong>conjunctio</strong></span> <span class='ocrx_word' id='word_1_717' title='bbox 1442 2484 1594 2504; x_wconf 88' lang='lat' dir='ltr'><strong>concursus</strong></span> <span class='ocrx_word' id='word_1_718' title='bbox 1609 2476 1655 2504; x_wconf 90' lang='lat' dir='ltr'><strong>ille</strong></span> <span class='ocrx_word' id='word_1_719' title='bbox 1668 2476 1738 2503; x_wconf 81' lang='lat' dir='ltr'><strong>dua-</strong></span> 
     </span>
    </p>
   </div>
   <div class='ocr_carea' id='block_1_113' title="bbox 954 2522 1736 2558">
    <p class='ocr_par' dir='ltr' id='par_1_113' title="bbox 954 2522 1736 2558">
     <span class='ocr_line' id='line_1_113' title="bbox 954 2522 1736 2558; baseline -0.006 -4"><span class='ocrx_word' id='word_1_720' title='bbox 954 2535 1014 2554; x_wconf 92' lang='lat' dir='ltr'><strong>rum</strong></span> <span class='ocrx_word' id='word_1_721' title='bbox 1039 2531 1199 2553; x_wconf 90' lang='lat' dir='ltr'><strong>naturarum</strong></span> <span class='ocrx_word' id='word_1_722' title='bbox 1215 2524 1277 2555; x_wconf 83' lang='lat' dir='ltr'><strong>fuit,</strong></span> <span class='ocrx_word' id='word_1_723' title='bbox 1293 2523 1340 2558; x_wconf 80' lang='lat' dir='ltr'><strong>qui</strong></span> <span class='ocrx_word' id='word_1_724' title='bbox 1361 2531 1408 2558; x_wconf 92' lang='lat' dir='ltr'><strong>per</strong></span> <span class='ocrx_word' id='word_1_725' title='bbox 1428 2531 1457 2551; x_wconf 89' lang='lat' dir='ltr'><strong>se</strong></span> <span class='ocrx_word' id='word_1_726' title='bbox 1470 2531 1575 2558; x_wconf 84' lang='lat' dir='ltr'><strong>suaque</strong></span> <span class='ocrx_word' id='word_1_727' title='bbox 1589 2524 1615 2549; x_wconf 94' lang='lat' dir='ltr'><strong>vi</strong></span> <span class='ocrx_word' id='word_1_728' title='bbox 1637 2522 1665 2549; x_wconf 94' lang='lat' dir='ltr'><strong>in</strong></span> <span class='ocrx_word' id='word_1_729' title='bbox 1689 2523 1736 2550; x_wconf 87' lang='lat' dir='ltr'><strong>Dei</strong></span> 
     </span>
    </p>
   </div>
   <div class='ocr_carea' id='block_1_114' title="bbox 954 2573 1272 2601">
    <p class='ocr_par' dir='ltr' id='par_1_114' title="bbox 954 2573 1272 2601">
     <span class='ocr_line' id='line_1_114' title="bbox 954 2573 1272 2601; baseline -0.006 0"><span class='ocrx_word' id='word_1_730' title='bbox 954 2573 1101 2601; x_wconf 83' lang='lat' dir='ltr'><strong>Genitricis</strong></span> <span class='ocrx_word' id='word_1_731' title='bbox 1120 2578 1199 2600; x_wconf 88' lang='lat' dir='ltr'><strong>utero</strong></span> <span class='ocrx_word' id='word_1_732' title='bbox 1212 2573 1272 2600; x_wconf 90' lang='lat' dir='ltr'><strong>fuit.</strong></span> 
     </span>
    </p>
   </div>
   <div class='ocr_carea' id='block_1_115' title="bbox 989 2613 1739 2654">
    <p class='ocr_par' dir='ltr' id='par_1_115' title="bbox 989 2613 1739 2654">
     <span class='ocr_line' id='line_1_115' title="bbox 989 2613 1739 2654; baseline -0.011 -7"><span class='ocrx_word' id='word_1_733' title='bbox 989 2619 1084 2653; x_wconf 76' lang='lat' dir='ltr'><strong>Neque</strong></span> <span class='ocrx_word' id='word_1_734' title='bbox 1099 2619 1172 2646; x_wconf 92' lang='lat' dir='ltr'><strong>enim</strong></span> <span class='ocrx_word' id='word_1_735' title='bbox 1186 2627 1287 2654; x_wconf 86' lang='lat' dir='ltr'><strong>corpus</strong></span> <span class='ocrx_word' id='word_1_736' title='bbox 1314 2624 1377 2647; x_wconf 86' lang='lat' dir='ltr'><strong>ante</strong></span> <span class='ocrx_word' id='word_1_737' title='bbox 1392 2618 1438 2645; x_wconf 84' lang='lat' dir='ltr'><strong>Dei</strong></span> <span class='ocrx_word' id='word_1_738' title='bbox 1460 2616 1579 2644; x_wconf 86' lang='lat' dir='ltr'><strong>Verbum</strong></span> <span class='ocrx_word' id='word_1_739' title='bbox 1605 2613 1739 2645; x_wconf 86' lang='lat' dir='ltr'><strong>substitit,</strong></span> 
     </span>
    </p>
   </div>
   <div class='ocr_carea' id='block_1_116' title="bbox 954 2660 1740 2700">
    <p class='ocr_par' dir='ltr' id='par_1_116' title="bbox 954 2660 1740 2700">
     <span class='ocr_line' id='line_1_116' title="bbox 954 2660 1740 2700; baseline -0.006 -7"><span class='ocrx_word' id='word_1_740' title='bbox 954 2673 1043 2700; x_wconf 91' lang='lat' dir='ltr'><strong>neque</strong></span> <span class='ocrx_word' id='word_1_741' title='bbox 1059 2665 1159 2699; x_wconf 88' lang='lat' dir='ltr'><strong>anima,</strong></span> <span class='ocrx_word' id='word_1_742' title='bbox 1180 2668 1227 2693; x_wconf 87' lang='lat' dir='ltr'><strong>sed</strong></span> <span class='ocrx_word' id='word_1_743' title='bbox 1248 2667 1327 2694; x_wconf 89' lang='lat' dir='ltr'><strong>simul</strong></span> <span class='ocrx_word' id='word_1_744' title='bbox 1342 2671 1423 2700; x_wconf 88' lang='lat' dir='ltr'><strong>atque</strong></span> <span class='ocrx_word' id='word_1_745' title='bbox 1438 2664 1505 2690; x_wconf 86' lang='lat' dir='ltr'><strong>facta</strong></span> <span class='ocrx_word' id='word_1_746' title='bbox 1521 2667 1563 2689; x_wconf 85' lang='lat' dir='ltr'><strong>est</strong></span> <span class='ocrx_word' id='word_1_747' title='bbox 1576 2669 1651 2693; x_wconf 89' lang='lat' dir='ltr'><strong>caro,</strong></span> <span class='ocrx_word' id='word_1_748' title='bbox 1666 2660 1740 2688; x_wconf 87' lang='lat' dir='ltr'><strong>Deus</strong></span> 
     </span>
    </p>
   </div>
   <div class='ocr_carea' id='block_1_117' title="bbox 955 2707 1739 2746">
    <p class='ocr_par' dir='ltr' id='par_1_117' title="bbox 955 2707 1739 2746">
     <span class='ocr_line' id='line_1_117' title="bbox 955 2707 1739 2746; baseline -0.005 -8"><span class='ocrx_word' id='word_1_749' title='bbox 955 2719 1065 2746; x_wconf 89' lang='lat' dir='ltr'><strong>quoque</strong></span> <span class='ocrx_word' id='word_1_750' title='bbox 1082 2711 1213 2742; x_wconf 85' lang='lat' dir='ltr'><strong>Verbum,</strong></span> <span class='ocrx_word' id='word_1_751' title='bbox 1232 2717 1316 2746; x_wconf 89' lang='lat' dir='ltr'><strong>atque</strong></span> <span class='ocrx_word' id='word_1_752' title='bbox 1341 2711 1459 2738; x_wconf 89' lang='lat' dir='ltr'><strong>animata</strong></span> <span class='ocrx_word' id='word_1_753' title='bbox 1480 2716 1543 2736; x_wconf 89' lang='lat' dir='ltr'><strong>caro</strong></span> <span class='ocrx_word' id='word_1_754' title='bbox 1570 2707 1739 2742; x_wconf 81' lang='lat' dir='ltr'><strong>rationisque</strong></span> 
     </span>
    </p>
   </div>
   <div class='ocr_carea' id='block_1_118' title="bbox 955 2753 1738 2792">
    <p class='ocr_par' dir='ltr' id='par_1_118' title="bbox 955 2753 1738 2792">
     <span class='ocr_line' id='line_1_118' title="bbox 955 2753 1738 2792; baseline -0.005 -9"><span class='ocrx_word' id='word_1_755' title='bbox 955 2757 1101 2792; x_wconf 83' lang='lat' dir='ltr'><strong>particeps.</strong></span> <span class='ocrx_word' id='word_1_756' title='bbox 1132 2757 1160 2784; x_wconf 93' lang='lat' dir='ltr'><strong>In</strong></span> <span class='ocrx_word' id='word_1_757' title='bbox 1187 2757 1247 2792; x_wconf 87' lang='lat' dir='ltr'><strong>ipso</strong></span> <span class='ocrx_word' id='word_1_758' title='bbox 1273 2757 1347 2785; x_wconf 89' lang='lat' dir='ltr'><strong>enim</strong></span> <span class='ocrx_word' id='word_1_759' title='bbox 1376 2756 1510 2786; x_wconf 80' lang='lat' dir='ltr'><strong>subsistit.</strong></span> <span class='ocrx_word' id='word_1_760' title='bbox 1530 2759 1560 2782; x_wconf 90' lang='lat' dir='ltr'><strong>ut</strong></span> <span class='ocrx_word' id='word_1_761' title='bbox 1585 2753 1651 2781; x_wconf 87' lang='lat' dir='ltr'><strong>mihi</strong></span> <span class='ocrx_word' id='word_1_762' title='bbox 1674 2753 1738 2787; x_wconf 89' lang='lat' dir='ltr'><strong>qui-</strong></span> 
     </span>
    </p>
   </div>
   <div class='ocr_carea' id='block_1_119' title="bbox 955 2802 1740 2838">
    <p class='ocr_par' dir='ltr' id='par_1_119' title="bbox 955 2802 1740 2838">
     <span class='ocr_line' id='line_1_119' title="bbox 955 2802 1740 2838; baseline -0.005 -8"><span class='ocrx_word' id='word_1_763' title='bbox 955 2803 1017 2830; x_wconf 89' lang='lat' dir='ltr'><strong>dem</strong></span> <span class='ocrx_word' id='word_1_764' title='bbox 1043 2803 1160 2836; x_wconf 64' lang='lat' dir='ltr'><strong>videtur,</strong></span> <span class='ocrx_word' id='word_1_765' title='bbox 1184 2802 1414 2838; x_wconf 84' lang='lat' dir='ltr'><strong>quemadmodum</strong></span> <span class='ocrx_word' id='word_1_766' title='bbox 1434 2805 1526 2828; x_wconf 83' lang='lat' dir='ltr'><strong>nostra</strong></span> <span class='ocrx_word' id='word_1_767' title='bbox 1542 2806 1652 2835; x_wconf 83' lang='lat' dir='ltr'><strong>quoque</strong></span> <span class='ocrx_word' id='word_1_768' title='bbox 1672 2805 1740 2826; x_wconf 77' lang='lat' dir='ltr'><strong>con-</strong></span> 
     </span>
    </p>
   </div>
   <div class='ocr_carea' id='block_1_120' title="bbox 955 2848 1052 2878">
    <p class='ocr_par' dir='ltr' id='par_1_120' title="bbox 955 2848 1052 2878">
     <span class='ocr_line' id='line_1_120' title="bbox 955 2848 1052 2878; baseline 0 -2"><span class='ocrx_word' id='word_1_769' title='bbox 955 2848 1052 2878; x_wconf 75' lang='lat' dir='ltr'><strong>contio.</strong></span> 
     </span>
    </p>
   </div>
  </div>
