1949 3073
220 103 288 135 1219

827 105 853 134 -N
860 104 978 134 ICET/E
1007 102 1209 133 CIIONIATJE
1224 141 1230 146 _

1781 98 1793 129 1
1800 99 1864 130 22?)

253 158 350 189 Attium
376 162 449 199 enim
475 168 522 195 per
549 168 577 188 se
601 160 681 195 vique
705 168 753 187 stta
778 160 912 188 exsistens
938 160 1036 190 eumA
1052 164 1123 186 terra
1141 161 1264 193 corrupta
1284 161 1340 184 erat
1364 161 1470 190 peccato
1481 155 1514 184 ".
1537 156 1603 182 Item
1621 154 1653 182 de
1677 155 1861 183 hominibus

217 215 332 242 corpore
354 207 504 234 concurrit.
527 207 582 233 Nec
599 207 671 233 enim
688 214 789 241 corpus
811 214 859 240 per
880 207 1000 241 seipsum

215 254 402 283 constituitur,
420 260 470 279 nec
489 253 580 279 anima
604 254 711 287 corpori
738 253 911 287 praeexsistit,
941 260 1002 286 quae

214 297 326 332 quidem
342 296 563 331 coniunctionem
575 296 678 323 Christi
691 297 765 323 velut
784 297 952 331 pra-ﬁgurat.

522 364 597 391 CAP.
616 364 709 395 XXIV,

218 411 405 441 Homoouriun,
423 418 467 436 seu
491 409 711 436 consubstantiule
735 409 808 444 quid,
831 417 948 444 quanam
973 409 1004 435 dc

417 453 455 477 re,
473 449 585 480 quotque
609 445 691 471 modis
707 444 822 471 dicatur.

254 513 423 545 llumousion
445 513 470 538 id
490 512 601 546 quidetn
621 515 672 542 est,
700 510 772 545 quod
797 510 919 543 ejusdem
936 509 1002 537 sub-

219 561 326 587 stantia:
341 565 367 586 et
381 559 497 586 actionis
512 559 581 585 citra
601 557 843 584 commutationem
870 556 1004 590 particeps

218 610 270 636 est,
287 610 315 631 ut
337 605 417 632 homo
433 603 554 634 homini,
575 603 687 637 angelus
707 604 814 636 angelo,
829 602 928 628 animal
946 601 1006 628 ani-

219 651 295 683 mali,
312 650 426 678 ﬂamma'
438 650 571 676 ﬂammas:
589 648 834 676 consubstantialia
853 651 926 678 sunt,
942 655 1005 674 cum

219 695 335 722 diversis
361 694 389 720 in
417 693 608 728 Itypostasibus
631 692 753 718 eamdem
773 691 890 718 habeant
910 698 1004 718 essen-

222 742 298 767 tiam.
324 740 428 767 Dicitur
446 743 538 766 autem
553 738 705 773 ὁμοούσιον,
723 737 786 772 quia
807 737 930 764 eamdem
954 736 1006 764 sibi

220 789 368 815 essentiam
385 787 496 821 vimque
511 785 691 820 comparavit.
713 784 836 818 Quatuor
850 791 931 818 porro
950 791 1007 810 mo-

221 834 263 860 dis
290 834 393 860 dicitur
419 832 572 866 ὀμοούσιον,
596 832 654 858 sive
679 831 706 857 id
723 831 796 866 quod
821 831 942 865 ejusdem
964 834 1006 856 est
1023 828 1043 856 Β

216 879 389 910 substantias,
409 878 550 909 nimirum.
570 877 713 911 ὗμογενὲς,
733 877 857 912 ejusdem
885 876 1004 910 generis,

226 923 370 958 συγγενὲς,
389 927 546 958 cognatum,
563 921 719 956 ὁμοιογενὲς
735 921 834 948 similis
849 922 966 956 generis,
978 926 1006 948 et

220 970 357 1004 6p6;u).ov
376 968 498 1004 ejusdem
521 968 619 995 tribus.
646 967 812 994 llomousion
839 971 898 997 est,
932 967 1004 1001 quod

221 1015 343 1050 potentia
372 1014 463 1040 minus
484 1013 541 1047 ipsa
561 1013 602 1039 sai
627 1012 745 1039 essentia
763 1017 814 1042 est,
833 1016 862 1038 ut
876 1011 949 1045 lapis
961 1019 1007 1037 ea-

222 1059 244 1085 ri
258 1066 312 1089 xsus
327 1063 353 1085 et
377 1058 449 1092 lapis
469 1057 564 1086 durus.
589 1057 625 1083 ita
651 1060 679 1083 et
706 1057 808 1091 lignum
834 1057 949 1090 palmae,
968 1055 1004 1082 li-

222 1112 305 1140 gnum
321 1104 480 1135 cbeninum,
495 1104 559 1130 item
579 1110 643 1130 caro
663 1102 746 1137 piscis
762 1106 790 1128 et
817 1110 881 1128 caro
898 1102 1006 1129 cameli.

222 1150 416 1182 lleterousion,
440 1158 488 1177 seu
509 1148 809 1180 diversisubstantiale,
831 1148 857 1175 id
877 1147 1007 1182 estquod

222 1196 313 1223 modis
335 1195 462 1223 onmibus
484 1195 531 1222 alii
555 1194 688 1222 dissimile
705 1199 746 1221 est
774 1198 802 1221 ut
824 1193 910 1228 ignis,
938 1201 1007 1228 aqua

221 1247 250 1268 et
266 1242 358 1272 homo,
385 1242 456 1268 Deus
471 1245 498 1268 et
514 1240 637 1274 angelus,
659 1240 747 1266 lutunt
772 1244 801 1266 et
822 1239 863 1266 sol
884 1239 917 1266 ad
944 1247 1007 1273 gra-

222 1296 286 1315 men
308 1287 512 1322 protereudum.
541 1285 712 1318 lleutiusion,
736 1286 786 1312 ltoc
808 1290 849 1312 est
871 1285 1009 1312 scmisub-

221 1335 361 1367 stantiale,
380 1343 395 1362 a
409 1334 573 1368 quibusdam
592 1333 707 1360 cadaver
730 1333 832 1360 dictum
854 1337 906 1363 est,
924 1339 937 1358 a
953 1337 1009 1365 quo

223 1383 277 1408 vita
295 1381 439 1409 abscessit.
461 1380 641 1415 Ἐτεροφυὲς,
661 1385 687 1407 et
704 1379 849 1413 ἁλλογξνὲς
870 1383 897 1405 ct
918 1379 1011 1411 ἑτερο-

224 1428 301 1461 γενὲς
313 1447 320 1459 ,
333 1432 361 1455 et
388 1428 441 1455 hoc
453 1432 495 1455 est
511 1427 626 1454 diversa:
648 1431 769 1458 naturae,
787 1425 902 1452 alterius
915 1424 1010 1451 diver-

223 1473 302 1506 sique
324 1472 432 1507 generis
453 1477 600 1506 utrumque
633 1471 742 1498 diversa
765 1470 887 1498 essentia
909 1468 1010 1504 praedi-

226 1523 283 1545 tum
309 1517 419 1550 dicitur,
443 1518 573 1544 nimirum
599 1517 653 1544 hoc
666 1522 694 1544 et
716 1517 793 1550 illud,
814 1516 872 1543 sive
888 1515 980 1543 ambo.

525 1584 601 1612 CAP.
626 1584 710 1612 XXV.

234 1630 374 1657 Itium-alio
388 1631 450 1665 quid
465 1631 596 1666 quamque
621 1632 771 1658 necessaria
798 1632 856 1665 ejus
874 1632 998 1667 cognitio.

262 1700 402 1726 lnnovatio
429 1699 531 1726 dicitur
559 1699 693 1734 quidquid
726 1699 815 1727 modis
841 1699 971 1727 omnibus
999 1708 1013 1727 a

218 1743 379 1770 communis
395 1748 501 1771 natura:
525 1745 584 1779 lege
606 1744 778 1773 immutatum
806 1749 859 1777 est,
888 1753 938 1772 nec
956 1745 1010 1772 ulla

226 1788 254 1814 in
275 1797 304 1815 re
330 1789 450 1816 assimile
468 1792 510 1817 est
531 1790 573 1822 ei,
590 1790 665 1824 quod
682 1790 758 1817 inter
774 1790 898 1818 homines
923 1798 973 1817 usu
988 1795 1016 1818 et

225 1835 427 1862 consuetudine
460 1835 580 1862 invaluit
617 1840 645 1863 et
678 1836 801 1863 inolevit.
842 1836 892 1864 Hic
920 1842 1012 1864 autem

227 1880 326 1907 modus
351 1881 508 1907 necessario
534 1881 698 1908 ediscendus
725 1885 785 1913 est,
818 1885 932 1916 propter
966 1889 1013 1909 eos

227 1926 273 1959 qui
309 1926 378 1952 male
408 1926 613 1953 innovationem
645 1927 672 1953 in
701 1926 812 1954 Christo
845 1927 1012 1963 intelligunt.

225 1971 283 1999 Etsi
301 1972 372 1998 enim
393 1976 491 1998 natura
514 1972 666 2004 innovavit,
690 1980 751 2000 cum
765 1973 824 1999 sine
842 1973 947 2000 semine
964 1981 1014 2000 ua-

227 2022 272 2044 tus
285 2021 336 2048 est,
355 2024 368 2043 a
386 2022 466 2051 partu
489 2023 581 2045 tamen
601 2018 690 2045 aetatis
714 2018 928 2050 incrementum,
943 2019 1015 2045 mul-

226 2066 309 2095 taque
339 2061 502 2096 corporibus
537 2062 665 2088 humanis
694 2061 861 2094 accidentia,
891 2061 1015 2088 ciborum

229 2106 397 2141 ingestioncs
420 2110 448 2133 et
467 2106 634 2141 egestioues,
656 2105 906 2136 cit‘cumcisionem,
926 2110 1016 2132 trans-

226 2151 433 2186 migrationem.
453 2151 581 2183 fortnam,
599 2151 734 2183 membra,
749 2151 922 2185 capillorum,
946 2151 1015 2178 den-
1035 2163 1055 2191 ι)

228 2197 298 2223 tium
324 2201 351 2223 et
367 2196 498 2231 unguium
513 2196 726 2228 excresccntias,
743 2195 905 2228 balbutiem,
928 2195 1016 2230 pueri-

217 2243 322 2276 ,lesque
340 2242 598 2269 deambulationes:
619 2241 689 2274 haec,
712 2242 836 2275 inquam,
855 2241 948 2268 omnia
967 2248 1016 2275 per

221 2286 433 2316 .innovationcm
453 2295 506 2313 non
528 2286 635 2319 habuit,
660 2285 706 2313 sed
726 2285 759 2312 ad
780 2285 867 2312 nostri
888 2285 1019 2313 similitu-

221 2332 321 2359 .-dinem
353 2331 463 2366 dempto
491 2337 622 2367 peccato,
652 2331 885 2366 quemadmodum
917 2331 1018 2358 Paulus

220 2378 372 2406 .exclamat.

532 2446 608 2473 CAP.
625 2445 720 2472 XXVI.

300 2491 474 2528 Corruptibile
493 2492 572 2526 quid,
593 2491 686 2528 unde,
709 2495 823 2526 quotque
853 2491 937 2517 modis

570 2527 690 2554 dicatur.

272 2584 424 2618 Corruptio
455 2584 564 2611 duobus
590 2582 680 2609 modis
707 2589 784 2608 sacra
821 2582 848 2608 in
880 2581 1020 2616 Scriptura

225 2629 351 2662 dicitur,
382 2629 512 2656 nimirum
548 2629 671 2664 corporis
697 2633 725 2656 et
751 2627 868 2658 animae,
894 2632 923 2654 ut
951 2634 1019 2654 cum

227 2674 318 2702 dicit:
343 2675 411 2702 Vidit
426 2680 514 2702 autem
533 2675 661 2702 Dominus
676 2674 757 2707 Deus,
781 2676 804 2699 et
823 2680 878 2699 ecce
897 2681 1019 2700 universa

283 2778 303 2793 ‘"
320 2778 388 2806 Gen.
404 2786 441 2810 γι,
465 2779 507 2806 12.
546 2779 569 2794 ⁷⁰
582 2777 656 2806 Psal.
669 2786 730 2811 xtn,
750 2778 775 2805 1.
814 2777 928 2804 “Joan.
942 2785 966 2807 ν.
986 2777 1032 2804 19.

1053 205 1126 231 hunc
1148 205 1173 230 in
1204 203 1314 229 modum
1339 201 1419 229 verba
1444 201 1517 227 facit.
1539 200 1663 234 ϐου-ναριί
1697 204 1764 226 sunt
1781 220 1792 231 ,
1832 206 1859 226 et

1053 248 1242 277 abominabiles
1260 249 1323 283 farti
1347 252 1407 274 sunt
1427 248 1454 273 in
1477 247 1705 273 adinventionibus
1733 247 1798 272 suis
1818 246 1857 272 "'.

1052 297 1181 329 Superest
1197 302 1273 328 ergo,
1293 299 1321 320 ut
1344 300 1405 319 cum
1438 292 1518 319 altilis
1547 292 1685 319 doctorem
1715 291 1857 318 incurru-

1054 342 1149 376 ptibile
1172 340 1279 367 Domini
1303 345 1406 372 corpus
1431 338 1568 365 dicentem
1584 343 1731 371 antequam
1751 337 1852 363 cruci-

1055 388 1200 422 ﬁgeretur,
1231 390 1262 413 ut
1296 389 1400 420 peccati
1445 383 1652 418 corruptionem
1692 382 1854 417 intelligas.

1053 433 1123 460 Dicit
1134 437 1225 459 autent
1238 431 1376 465 ἄφθαρτον
1393 429 1611 464 ineorruptibile,
1625 428 1682 455 sive
1693 428 1856 461 ἀμίαντον.

1054 478 1107 505 hoc
1122 483 1164 505 est
1188 478 1382 512 impollutam:
1403 483 1457 502 non
1484 479 1575 501 autem
1595 474 1658 509 quia
1685 473 1856 500 subtilitate

1054 525 1144 558 aliqua
1160 528 1207 551 aut
1224 531 1238 550 a
1257 523 1358 550 nostris
1377 521 1541 556 corporibus
1563 520 1724 547 diversitate
1742 519 1857 552 praedi-

1054 573 1112 596 tum
1140 569 1233 596 fuerit.
1262 568 1329 595 Nam
1358 566 1569 601 incorruptibile
1590 565 1707 602 proprie
1735 563 1763 590 id
1796 567 1855 595 est,

1056 614 1128 648 quod
1151 615 1184 641 ab
1212 615 1284 641 omni
1306 614 1433 648 passione
1448 634 1454 646 ,
1476 611 1597 642 materia,
1621 616 1650 637 et
1674 614 1748 637 tactu
1780 608 1856 634 Νυμ-

1056 667 1116 685 rum
1130 664 1181 686 est.
1212 658 1422 693 lncorruptibile
1451 657 1479 684 id
1511 655 1595 683 etiam
1617 658 1671 686 est,
1701 653 1779 687 quod
1817 653 1855 679 ab

1057 705 1108 731 alia
1136 705 1254 731 essentia
1281 704 1341 731 lredi
1368 711 1422 730 non
1447 707 1546 737 potest.
1576 698 1795 733 lneorruptibile
1827 698 1855 723 id

1057 758 1176 784 quoque,
1199 750 1272 784 quod
1288 749 1376 777 modis
1395 749 1522 776 omnibus
1540 755 1555 774 a
1581 746 1665 777 ﬂuxu.
1680 746 1809 776 defectu,
1827 749 1854 770 et

1058 795 1169 822 laesione
1193 796 1309 822 liberum
1339 799 1390 822 est.
1409 794 1492 828 Atqui
1509 792 1711 820 sanctissimum
1739 790 1854 818 Christi

1058 850 1158 876 corpus
1188 849 1296 876 passum
1315 846 1366 873 est,
1392 840 1477 868 clavis
1498 839 1655 866 confossum
1681 841 1709 864 et
1735 837 1853 868 laniea,

1059 887 1216 921 sanguinem
1232 892 1259 913 et
1274 893 1372 920 aquam
1387 885 1490 916 emisit,
1506 892 1521 911 e
1543 884 1604 910 vivo
1633 882 1754 915 denique
1772 890 1854 908 mor-

1060 937 1137 959 tuum
1170 931 1266 959 evasit.
1294 930 1478 965 Corruptibile
1506 934 1566 962 est,
1594 927 1728 964 quidquid
1765 926 1853 952 morti

1059 978 1207 1005 obnoxium
1223 986 1237 1005 a
1255 978 1307 1004 vita
1321 977 1440 1011 separari
1462 981 1562 1011 potest.
1587 974 1734 1008 Corruptio
1753 977 1852 1000 autem

1060 1026 1174 1052 natura},
1197 1025 1234 1048 ut'
1244 1026 1356 1048 sanctus
1370 1020 1515 1055 Dionysius
1532 1020 1583 1051 ait,
1603 1018 1670 1045 nihil
1693 1018 1768 1044 aliud
1795 1021 1851 1045 est.

1060 1075 1141 1101 quam
1162 1067 1335 1093 imbecillitas
1364 1070 1392 1092 et
1414 1065 1538 1092 detectus
1570 1063 1736 1090 naturalium
1766 1061 1852 1087 habi-

1061 1117 1149 1142 tuum.
1163 1113 1301 1139 actionum
1328 1117 1353 1138 et
1372 1111 1542 1138 facultatum.
1572 1108 1607 1136 L't
1621 1111 1711 1136 autem
1729 1107 1852 1141 quibus-

1060 1157 1122 1185 dam
1150 1158 1269 1192 placuit,
1293 1157 1496 1184 sauctissimum
1517 1154 1621 1182 Citriin
1643 1160 1744 1187 corpus
1771 1156 1852 1186 pote-

1062 1206 1131 1228 state
1148 1201 1259 1236 quidem
1281 1200 1429 1235 eorruptile
1445 1203 1514 1231 erat,
1537 1199 1587 1226 hoc
1604 1202 1646 1225 est.
1660 1196 1851 1230 corruptionis

1062 1254 1166 1281 capax:
1197 1250 1260 1272 actu
1288 1252 1354 1272 vero
1377 1243 1587 1279 iucorruptibile
1611 1243 1638 1270 in
1667 1246 1850 1269 monumento

1062 1301 1077 1320 a
1091 1291 1173 1320 Verbi
1189 1292 1332 1320 divinitate
1359 1295 1553 1318 conservatum
1570 1293 1622 1317 est.

1351 1371 1427 1399 CAP.
1455 1365 1561 1397 XXVII.

1311 1437 1348 1463 De
1374 1437 1455 1463 [ibch
1478 1436 1599 1463 arbitrio.

1028 1501 1049 1529 (Σ
1101 1506 1298 1538 Αὺτεξούσιον,
1328 1512 1375 1532 seu
1409 1504 1524 1532 liberant
1560 1503 1724 1533 arbitrium,
1745 1506 1788 1529 est
1818 1501 1849 1528 τὸ

1067 1553 1263 1579 αὑτοδὲσποτον
1280 1551 1333 1578 hoc
1355 1555 1397 1578 cst
1416 1550 1488 1585 quod
1510 1551 1537 1576 in
1563 1550 1696 1584 cujusque
1712 1553 1849 1584 potestate

1066 1599 1148 1627 situm
1166 1603 1219 1626 est.
1233 1597 1312 1631 Quod
1326 1598 1399 1624 enim
1414 1596 1529 1624 Domino
1542 1595 1693 1630 subjectum
1701 1600 1754 1627 est,
1771 1594 1848 1622 liberi

1067 1645 1173 1672 arbitrii
1188 1652 1240 1671 non
1256 1648 1309 1671 est.

1102 1702 1320 1737 Λὺτεξουσιότης
1344 1708 1420 1736 ergo.
1436 1708 1483 1728 seu
1512 1700 1618 1727 arbitrii
1642 1699 1768 1729 libertas.
1784 1705 1846 1733 pro-

1067 1748 1126 1782 prie
1139 1753 1191 1778 est,
1215 1747 1303 1774 libera
1318 1753 1369 1774 uec
1387 1745 1469 1772 ullius
1486 1744 1667 1771 dominationi
1686 1743 1795 1771 subdita
1814 1743 1846 1771 ad

1066 1801 1124 1820 rem
1150 1794 1323 1827 concupitum
1349 1791 1510 1819 dominatio.

1102 1849 1215 1876 Arbitrii
1231 1848 1343 1876 libertas
1362 1846 1556 1875 intellectualis
1573 1848 1682 1879 animm,
1703 1851 1745 1874 est
1763 1847 1846 1875 libera

1066 1896 1172 1930 cupida:
1191 1895 1275 1930 partis
1294 1895 1393 1922 aniune
1405 1893 1439 1921 ad
1457 1894 1587 1921 virtutem
1601 1894 1643 1921 vel
1657 1894 1753 1921 vitium
1771 1894 1847 1921 incli—

1067 1941 1141 1968 natio
1158 1944 1185 1967 ct
1209 1945 1309 1968 mutus.
1331 1940 1382 1967 Ubi
1399 1944 1491 1967 autem
1519 1939 1593 1966 nulla
1620 1939 1731 1967 virtutis
1751 1945 1778 1967 et
1792 1940 1847 1967 vitii

1068 1995 1157 2022 pugna
1172 1992 1223 2017 est,
1248 1986 1285 2014 ibi
1301 1993 1392 2020 neque
1407 1985 1515 2013 arbitrii
1532 1986 1631 2012 animae
1646 1985 1758 2012 libertas
1774 1986 1849 2012 inno-

1069 2037 1173 2059 tescere
1191 2035 1289 2066 potest.
1306 2030 1358 2064 Qui
1377 2031 1451 2058 enim
1469 2030 1528 2058 ﬁeri
1546 2035 1645 2065 potest,
1662 2035 1692 2057 ut
1714 2030 1751 2057 ibi
1766 2030 1847 2058 libera

1068 2079 1218 2106 voluntatis
1236 2079 1335 2106 electio
1349 2081 1489 2112 appareat,
1504 2076 1553 2104 ubi
1580 2077 1780 2104 contrariorum
1792 2084 1848 2104 cer-

1071 2125 1165 2151 tamini
1183 2126 1259 2151 locus
1273 2123 1422 2151 nullus'est
1435 2122 1447 2148 ?
1463 2121 1527 2150 Sola
1541 2121 1634 2156 itaque
1648 2121 1749 2149 Christi
1764 2129 1846 2154 mens,

1068 2174 1096 2196 et
1109 2170 1279 2197 sanctissima
1305 2170 1366 2204 ejus
1383 2168 1483 2201 anima,
1512 2168 1546 2196 ab
1570 2167 1729 2200 omni,tnali
1758 2175 1848 2203 sugge-

1069 2216 1158 2244 stione
1173 2215 1303 2242 immunis
1321 2220 1349 2242 et
1373 2215 1458 2242 libera
1478 2214 1540 2242 fuit.
1569 2214 1646 2242 Servi
1672 2214 1745 2241 enim
1767 2215 1847 2241 forma

1069 2267 1141 2293 erat,
1163 2269 1223 2296 qua:
1249 2266 1378 2296 tanquam
1397 2261 1512 2288 habenis
1528 2265 1555 2288 et
1582 2261 1698 2295 imperio
1717 2260 1763 2287 Dei
1778 2260 1847 2287 verbi

1071 2307 1227 2342 regebatur,
1258 2307 1306 2341 qui
1320 2306 1430 2341 quidem
1445 2306 1471 2333 ei
1497 2306 1659 2341 conjunetus
1682 2310 1753 2332 erat.
1782 2305 1847 2338 Quo.

1071 2353 1145 2380 circa
1168 2353 1250 2380 homo
1277 2353 1322 2380 ille
1339 2353 1458 2385 dicebat,
1487 2353 1533 2387 qui
1556 2352 1589 2379 de
1609 2352 1754 2380 Servatore
1773 2352 1846 2378 intel-

1076 2399 1171 2434 ligitur
1182 2408 1189 2426 :
1199 2399 1256 2426 Non
1266 2408 1370 2434 possunt
1385 2407 1431 2434 ego
1443 2407 1458 2426 a
1471 2399 1567 2434 meipso
1582 2399 1668 2433 facere
1679 2399 1845 2433 quidquam“.

1074 2445 1142 2472 Cum
1157 2446 1230 2473 enim
1245 2453 1328 2480 supra
1348 2450 1454 2472 natura
1476 2450 1576 2472 nostra:
1597 2444 1730 2471 terminos
1746 2444 1846 2478 etleges

1070 2494 1129 2520 sine
1155 2492 1260 2521 semine
1291 2492 1472 2522 subsisteret,
1502 2495 1531 2518 ut
1555 2491 1601 2526 qui
1628 2489 1675 2517 Dei
1705 2498 1798 2524 corpus
1821 2496 1843 2517 ct

1071 2539 1162 2565 anima
1177 2531 1251 2565 esset
1267 2537 1375 2564 Domini
1394 2537 1473 2564 nutui
1484 2536 1628 2564 confestim
1649 2535 1785 2570 subjectus
1800 2541 1844 2567 est,

1072 2589 1201 2618 tanquam
1214 2584 1260 2611 Dei
1276 2583 1362 2610 forma
1379 2582 1518 2618 praaditus.

1064 2626 1074 2630 “
1113 2628 1264 2662 Sequuntur
1290 2628 1450 2655 diversorum
1474 2626 1587 2654 Patrum
1613 2627 1644 2654 de
1667 2626 1843 2654 incarnationis

1071 2674 1268 2710 dispensatione
1283 2674 1448 2703 assertiones.
