1949 3073
152 117 220 152 1221

435 179 509 208 CAP.
534 178 653 208 XXVIII.

150 225 186 254 Β.
202 225 319 262 Dionysii
335 226 535 262 Areopagitas;
546 226 581 252 De
600 226 690 253 divina
707 226 891 262 ingurnatione
904 233 935 252 ea:

297 261 381 295 cap.i
398 261 436 287 De
455 261 549 287 diuini:
565 261 712 287 nominibus
726 261 793 296 (28).

190 316 216 342 Ι.
231 315 382 343 Thearchia
397 316 452 348 illa,
463 323 510 343 seu
520 323 625 343 sunttua
636 316 774 346 divinitas.
784 316 934 344 humanum

149 368 235 396 genus
257 361 388 395 singulari
413 362 530 396 quodatn
547 369 641 388 antore
655 362 849 396 prosequitur:
868 368 934 396 puta

149 414 210 440 qua:
222 414 254 433 ea
280 407 402 437 omnino,
416 407 517 441 quibus
537 407 648 433 obnoxii
672 415 776 438 sumus,
794 408 820 434 in
849 408 935 443 hypo-

149 457 260 479 staseon
289 460 400 480 suarum
418 461 471 479 una
499 453 625 485 subierit,
642 453 788 480 humanam
802 453 934 481 vilitateut

148 505 197 526 seu
212 500 391 534 abjcctionem
416 500 449 527 ad
467 502 584 534 seipsam
602 508 733 528 revocans
746 505 771 528 et
786 502 934 533 asciscens,

148 551 183 570 ex
198 552 250 577 qua
262 543 393 570 ineﬂabili
410 545 515 571 ratione
527 545 572 578 qui
589 544 703 578 simplex
715 550 755 572 est
769 545 849 572 Jesus
864 553 937 573 com-

149 590 256 623 positus
274 594 325 620 est,
343 594 369 617 et
383 590 428 624 qui
440 594 559 616 aeternus
573 594 627 621 est,
649 591 780 624 temporis
797 591 935 618 extensio-

148 643 212 662 ttem
242 635 360 662 ascivit:
392 640 493 662 nostra:
518 636 638 670 denique
666 641 770 663 natura
793 637 894 663 finibus
913 638 936 664 is

150 686 296 707 contentus
319 685 370 713 est,
392 682 437 716 qui
465 681 688 716 superessentiali
705 683 810 710 ratione
826 691 934 710 omnem

150 726 285 752 universae
303 731 408 753 naturm
419 727 541 753 ordinetn
556 727 680 754 excedit:
697 736 749 754 una
765 736 826 754 cuin
838 729 937 756 immu-

149 771 225 798 tabili
252 771 418 806 minimeque
447 772 560 799 confusa
589 773 788 807 proprietatum
820 781 932 801 suarum

149 819 368 845 conservatione.

184 863 212 889 εὶ.
230 863 433 898 Eiusdcmﬁfl),
447 872 480 891 ex
500 865 614 899 epistola
630 865 662 892 ad
671 865 765 893 Caium
775 865 932 901 Therapeu-

149 912 195 934 ten
213 908 291 943 (50):
307 908 358 942 Qui
379 910 434 936 fieri
451 914 549 943 potest,
564 910 654 945 inquit
670 911 725 943 ille,
740 916 767 938 ut
782 911 873 944 Iesus,
887 912 933 946 qui

149 955 232 981 rebus
253 955 381 982 omnibus
409 957 557 988 antecellit,
587 964 649 983 cum
681 957 765 985 rebus
798 958 934 985 universis

149 1000 334 1027 essentialiter
371 1001 580 1028 constituatur?
604 1009 656 1029 nec
689 1003 762 1029 enim
798 1008 934 1038 quatenus

151 1044 291 1071 hominum
316 1050 412 1072 auctor
431 1051 479 1074 est,
502 1047 584 1073 homo
599 1046 710 1078 dicitur,
737 1047 782 1074 sed
801 1053 935 1081 quatenus

151 1095 206 1117 tota
225 1090 282 1123 ipsa
307 1091 425 1118 essentia
446 1100 510 1119 vere
533 1092 614 1119 homo
638 1098 689 1120 est.
710 1093 744 1119 At
770 1101 818 1120 nos
841 1093 934 1121 Jesum

149 1135 222 1162 haud
251 1137 370 1163 ltumauo
399 1145 474 1164 more
499 1137 653 1165 delittitttus.
675 1137 731 1165 Nec
758 1139 830 1165 enim
862 1139 935 1166 Deus

149 1185 254 1208 tantum
270 1185 322 1213 est,
334 1181 381 1208 sed
398 1181 480 1208 etiam
495 1190 560 1209 vere
576 1182 658 1209 homo
672 1188 726 1213 est,
743 1183 789 1216 qui
804 1184 934 1218 singulari

148 1227 268 1260 qnodam
284 1235 379 1254 amore
407 1235 492 1262 genus
518 1228 666 1255 httmanum
696 1231 873 1264 prosequitur
887 1239 893 1256 :
908 1235 935 1257 et

148 1272 195 1305 qui
209 1292 217 1302 ,
235 1280 297 1299 cunt
324 1273 450 1300 homines
473 1274 665 1306 antecelleret,
687 1274 843 1302 hominibus
865 1275 935 1303 adte-

148 1321 249 1351 quattts
269 1322 320 1350 est,
343 1326 375 1345 ex
389 1319 531 1345 hominum
549 1320 666 1346 essentia
685 1321 866 1348 substantiam
881 1322 933 1348 sibi

149 1370 330 1397 comparans,
354 1363 401 1397 qui
422 1371 502 1398 supra
523 1372 632 1391 omnem
657 1366 805 1392 essentiam
832 1367 935 1394 consti-

150 1413 226 1435 tutus
242 1414 312 1436 erat.
346 1409 401 1436 Nec
424 1410 515 1436 minus
540 1415 629 1436 tamett
652 1412 935 1444 superessentiaiitate

149 1461 230 1487 quant
255 1454 430 1487 plenissimus
451 1459 509 1486 est,
533 1454 580 1488 qui
597 1462 736 1488 nunquam
758 1463 936 1489 superessen-

151 1499 223 1526 lialis
239 1507 298 1526 esse
317 1499 398 1525 desiit
415 1508 421 1525 :
444 1500 522 1534 cujus
542 1499 671 1526 nimirum
696 1501 865 1528 abundantia
895 1502 935 1528 ia~
949 1512 971 1542 ρ

149 1548 223 1571 ctum
235 1548 287 1575 est,
304 1548 333 1570 ut
345 1551 406 1570 cum
421 1543 447 1570 in
463 1543 581 1570 hominis
600 1544 745 1571 essentiam
763 1553 825 1572 vere
843 1549 933 1572 trans-

149 1590 244 1621 iisset,
269 1590 490 1623 snperessentiali
513 1590 618 1616 ratione
645 1590 765 1617 hominis
785 1591 932 1618 essentiam

148 1635 313 1670 aSsumpsit,
337 1639 418 1669 atqtte
439 1636 508 1662 adeo
538 1643 619 1669 supra
647 1635 783 1663 hominem
809 1645 841 1663 ea
870 1644 934 1664 suc-

149 1686 302 1712 cesserunt,
330 1689 391 1715 quas
412 1686 476 1707 sunt
507 1681 635 1709 hominis.
667 1682 757 1709 Testis
784 1686 826 1709 est
852 1682 934 1717 Virgo

147 1727 350 1760 supernaturali
372 1727 479 1753 ratione
496 1728 671 1762 concipiens,
687 1732 768 1762 atque
786 1736 855 1763 aqua
884 1729 936 1755 im-

150 1773 270 1804 mobilis,
295 1772 477 1799 materialium
502 1777 731 1807 terrenorumque
749 1774 848 1808 pedum
865 1783 935 1808 pott-

149 1817 201 1844 dus
216 1817 366 1848 sustinens,
383 1825 433 1844 nec
454 1817 563 1844 illorum
590 1818 717 1852 gravitati
740 1819 935 1852 succumbens,

149 1862 197 1889 sed
219 1863 421 1896 supernaturali
441 1863 570 1890 facultate
587 1863 622 1889 ita
640 1864 798 1896 constituta,
816 1870 847 1892 ut
869 1873 936 1892 neu-

149 1912 219 1934 tram
237 1908 262 1933 in
280 1911 384 1942 partem
401 1907 547 1934 tliﬂlueret.
566 1908 636 1940 Quid
652 1916 735 1942 porro
750 1917 819 1944 opus
835 1915 886 1942 est,
906 1913 936 1938 ut

148 1960 179 1979 ea
195 1952 256 1986 quis
284 1953 449 1986 percurrat?
472 1953 556 1979 multa
575 1953 631 1985 illa,
653 1954 780 1988 inquam,
813 1960 840 1982 et
853 1963 934 1990 quant

150 1998 269 2031 plurima
296 1999 396 2032 quibus
426 1999 473 2033 qui
512 1999 605 2026 divina
642 2001 823 2035 contemplari
848 2002 934 2034 novit,

150 2048 232 2073 supra
257 2041 357 2068 metttis
384 2047 491 2076 captum
513 2043 596 2069 etiam
615 2043 666 2076 iis,
690 2052 751 2078 qua:
779 2045 813 2072 de
838 2045 935 2072 huma-

151 2087 234 2113 nitate
249 2086 313 2114 Jesu
328 2087 510 2119 aftirmantur,
528 2090 766 2117 excellentissima:
783 2093 936 2126 negationis

149 2132 204 2158 vim
226 2134 314 2159 inesse
329 2138 484 2166 cogitoseet.
500 2133 578 2165 Nam,
595 2140 625 2161 ut
641 2142 697 2161 rem
718 2137 744 2162 in
766 2144 851 2170 pauca
869 2145 936 2164 con-

767 125 960 154 THESAURI
987 125 1060 154 LIB.
1083 125 1142 156 lli.

950 179 1022 208 Asit
1050 180 1188 214 prolvitius
1219 180 1259 211 is,
1283 187 1365 214 quem
1385 187 1480 207 eorum
1510 180 1621 206 nomine
1650 179 1773 208 releltmv

1707 121 1776 152 1222

988 231 1066 255 ntus,
1089 232 1149 257 quae
1174 233 1262 259 neque
1288 226 1358 252 ratio
1386 230 1479 252 nostra
1505 223 1654 258 consequi,
1683 232 1774 258 neque

988 271 1076 296 oratio
1100 271 1255 304 exprimere
1279 277 1376 306 queat,
1404 271 1529 305 quamvis
1553 271 1581 298 in
1599 271 1641 298 his
1662 279 1773 305 quoque

990 317 1229 348 superesseutialis
1261 318 1383 348 exsistat,
1409 326 1461 344 tum
1491 318 1578 344 solum
1608 317 1671 350 quia
1702 317 1771 344 citra

988 360 1167 387 mutationem
1184 367 1211 388 ct
1227 363 1416 389 confusionem
1444 367 1549 388 uatum:
1574 367 1673 388 uasta:
1687 361 1771 395 γωιί-

987 414 1061 439 inps,
1089 407 1157 433 nihil
1180 415 1274 441 passus
1292 413 1333 434 est
1356 408 1389 434 ab
1416 407 1544 434 incll'ab‘li
1564 406 1770 441 conjuueliotte,

987 452 1060 485 quod
1076 452 1238 478 exuberanti
1256 452 1418 486 plenitudini
1437 460 1492 479 sua:
1514 457 1696 486 repugnaret,
1722 451 1770 477 sed

988 497 1052 531 quia
1068 497 1148 524 etiam
1163 497 1246 532 (quod
1258 498 1368 532 quidem
1384 505 1454 524 nova
1474 498 1565 523 omnia
1586 497 1705 523 novitate
1723 503 1771 522 sua

990 542 1112 569 inaudite
1125 542 1246 578 superat)
1272 544 1296 569 in
1329 543 1361 569 iis
1377 551 1436 577 quae
1454 542 1534 568 nobis
1550 542 1683 568 naturalia
1708 546 1772 567 sunt

987 588 1155 621 superiorem
1175 594 1280 618 ttatura,
1299 592 1325 614 et
1344 588 1369 614 iit
1386 588 1420 614 iis
1438 595 1498 621 qua:
1519 587 1598 613 nobis
1612 586 1770 613 cssentialia

987 638 1067 665 sum,
1096 635 1215 661 essentia
1252 635 1383 669 majorem
1418 641 1446 660 se
1478 633 1623 667 praestitit:
1654 632 1773 666 denique

987 679 1078 706 omnia
1098 687 1158 712 qum
1179 680 1259 706 nobis
1282 680 1392 711 iusuttt,
1411 678 1528 714 quadam
1551 678 1657 705 ratione
1679 677 1773 704 modo-

987 734 1040 759 que
1052 726 1132 752 nobis
1150 726 1175 752 ih
1181 725 1280 753 usitato
1295 726 1428 760 possedit.

1289 781 1365 808 CAP.
1392 781 1489 808 XXIX.

1048 827 1139 862 Magni
1153 825 1323 862 Gregorii,rex
1333 827 1452 853 aratione
1466 828 1493 852 in
1508 826 1576 853 diem
1591 825 1707 853 natalem

1278 861 1384 888 Domini
1402 862 1470 895 (51).

1023 909 1048 935 l.
1060 908 1238 941 Posteaquam
1250 914 1314 934 vero
1323 906 1421 933 diaboli
1434 907 1580 937 invidia,et
1593 906 1767 934 fraudulenta

986 953 1059 980 illitis
1079 953 1116 985 vi,
1133 961 1214 987 quatit
1240 952 1352 984 mulier,
1369 957 1399 979 ut
1418 956 1446 979 et
1464 952 1627 978 imbecillior
1640 959 1769 986 perpessa

986 1001 1039 1026 est,
1057 1001 1085 1022 ct
1110 997 1143 1022 ad
1176 995 1397 1030 persuadendum
1417 996 1505 1030 aptior
1529 996 1649 1023 obtrusit
1669 997 1728 1023 viro
1746 998 1775 1030 (ο

960 1057 968 1060 —
987 1041 1173 1068 infirmitatem
1205 1050 1307 1074 nteant,
1329 1050 1388 1068 mea
1412 1042 1484 1068 enim
1499 1047 1540 1068 est
1556 1043 1634 1076 primi
1653 1042 1775 1077 parentis

987 1087 1145 1121 infirmitas)
1174 1087 1308 1120 mandati,
1331 1087 1402 1122 quod
1422 1092 1566 1122 acceperat
1592 1089 1650 1122 ipse
1672 1088 1775 1115 oblitus

986 1139 1043 1166 est,
1073 1139 1100 1160 et
1132 1142 1223 1161 amore
1251 1134 1323 1168 ponti
1342 1138 1487 1167 superatus
1508 1133 1589 1160 simul
1610 1139 1637 1160 et
1661 1141 1675 1159 a
1698 1134 1775 1168 ligno

985 1185 1058 1212 vitze,
1082 1185 1109 1207 et
1126 1189 1140 1207 a
1154 1180 1276 1214 paradiso
1289 1199 1296 1211 ,
1319 1185 1346 1206 ct
1359 1188 1373 1206 a
1392 1181 1466 1212 Deo,
1487 1184 1615 1214 tanquam
1632 1180 1708 1207 exsul
1725 1188 1775 1206 ex-

988 1226 1125 1259 truditur,
1144 1231 1172 1253 et
1192 1225 1314 1261 pellict-is
1337 1226 1460 1253 induitur
1487 1227 1673 1257 vestimentis,
1701 1234 1778 1252 cras.

987 1272 1059 1299 siore
1076 1272 1208 1298 nitnirutn
1221 1271 1319 1303 ‘carue,
1337 1280 1398 1306 quas
1414 1277 1528 1298 mortettt
1544 1272 1659 1302 subiret,
1674 1275 1701 1298 et
1722 1271 1778 1305 spi-

988 1318 1053 1344 ritui
1086 1323 1260 1352 repugnaret.
1294 1318 1331 1343 Ac
1360 1318 1478 1352 primum
1510 1317 1622 1351 quidem
1651 1317 1774 1351 agnoscit

989 1362 1187 1396 turpitudinem
1205 1370 1281 1388 suam
1294 1383 1300 1395 ,
1319 1367 1400 1396 atque
1415 1362 1478 1388 ideo
1492 1369 1521 1388 se
1535 1361 1581 1388 Dei
1596 1366 1776 1394 conspectum

988 1408 1095 1442 fugiens
1121 1408 1276 1434 abscondit.
1305 1407 1353 1434 llie
1378 1412 1468 1434 tamen
1497 1408 1620 1433 literatur
1647 1412 1775 1436 mortem,

988 1461 1036 1487 per
1051 1460 1133 1487 quant
1160 1458 1304 1487 peccatuttt
1330 1453 1521 1483 abscinditur,
1548 1461 1582 1479 ne
1609 1452 1719 1479 miseria
1742 1453 1777 1478 sit

989 1499 1161 1531 immortalis,
1181 1503 1210 1526 et
1225 1507 1286 1526 cuin
1305 1500 1440 1533 supplicio
1466 1499 1627 1525 betteficmm
1662 1499 1778 1533 conjun-

987 1549 1061 1571 ctum
1073 1550 1211 1571 cernatur.
1221 1544 1276 1570 liae
1293 1545 1366 1570 enim
1377 1544 1480 1571 ratione
1495 1545 1574 1575 Deus,
1589 1549 1617 1570 ut
1634 1544 1698 1570 milii
1715 1543 1778 1577 qui-

987 1590 1050 1625 dem
1073 1591 1236 1625 persuadeo,
1256 1591 1344 1625 punit.
1365 1589 1498 1617 Caeterum
1517 1598 1578 1617 cum
1594 1591 1675 1618 variis
1696 1597 1778 1617 occa-

988 1636 1127 1667 sionibus,
1144 1640 1226 1670 atque
1247 1636 1419 1671 temporibus
1435 1636 1582 1662 humanunt
1600 1643 1686 1671 genus
1707 1635 1777 1662 mul‘

989 1685 1079 1706 torunt
1098 1685 1286 1713 peccatorum,
1303 1665 1373 1714 .quae
1394 1665 1439 1706 ma
1456 1679 1566 1706 malitia:
1580 1680 1658 1706 radix
1683 1683 1781 1713 protu—

987 1725 1066 1757 lerat,
1086 1725 1179 1752 multis
1196 1725 1296 1756 tnodis,
1310 1733 1408 1759 nempe
1423 1724 1559 1755 oratione,
1574 1725 1642 1759 lege,
1660 1724 1779 1758 prophe-

989 1770 1035 1800 tis,
1055 1770 1213 1802 beneficiis,
1239 1771 1337 1801 ntittis,
1354 1770 1457 1804 plagis,
1472 1770 1658 1801 eluvionibus,
1682 1769 1778 1796 incen-

989 1815 1052 1847 diis,
1071 1816 1160 1848 bellis,
1177 1817 1298 1842 victoriis
1310 1835 1317 1846 ,
1332 1816 1472 1847 cladibus,
1495 1815 1628 1849 prodigiis
1647 1823 1680 1842 ex
1695 1815 1781 1847 (mlo,

987 1868 1021 1887 ex
1039 1868 1113 1891 acre,
1139 1869 1173 1887 ex
1198 1866 1280 1894 terra,
1297 1869 1329 1888 ex
1346 1862 1426 1891 mari.
1453 1861 1600 1895 insperatis
1619 1861 1774 1893 ltontinum,

991 1906 1141 1938 civitatum,
1153 1907 1275 1942 gentium
1289 1907 1480 1934 eversionibus
1493 1907 1606 1943 (quibus
1620 1907 1779 1934 rationibus

993 1953 1062 1980 nihil
1076 1953 1150 1980 aliud
1162 1953 1307 1987 agebatur,
1327 1953 1380 1980 nisi
1399 1958 1428 1980 ut
1452 1953 1554 1980 malitia
1578 1953 1774 1985 everteretur.)

990 1999 1091 2026 frustra
1117 2000 1195 2034 prius
1218 2004 1291 2026 esset
1311 2000 1481 2026 admonitunt
1510 2004 1538 2026 ct
1565 1999 1777 2033 reprehensum,

990 2049 1017 2072 et
1033 2045 1184 2078 majoribus
1197 2045 1328 2079 peccatis,
1345 2050 1375 2072 ut
1391 2045 1496 2072 mutuis
1513 2044 1684 2076 homicidiis,
1698 2044 1777 2071 adul-

992 2091 1079 2122 teriis,
1107 2090 1247 2125 perjuriis,
1273 2091 1378 2118 insanis
1406 2091 1547 2117 hominum
1571 2086 1724 2123 amoribus,
1749 2095 1778 2117 et

991 2136 1075 2171 (quod
1092 2136 1215 2162 ontniuut
1235 2137 1368 2163 malorutn
1388 2137 1580 2171 graviSsimnm
1596 2136 1664 2170 erat)
1690 2136 1779 2162 sintu-

153 2178 302 2210 trahamus,
322 2185 356 2205 ne
377 2178 458 2205 immo
473 2179 583 2213 quidem
596 2185 665 2210 erat.
690 2188 744 2207 non
761 2181 834 2215 quod
854 2182 935 2209 homo
954 2179 974 2206 Ι)
990 2183 1125 2208 lacrorum
1141 2183 1227 2214 cultu,
1240 2190 1295 2217 quo
1309 2182 1434 2209 homines
1450 2184 1574 2216 neglecto
1585 2183 1778 2211 Procreatore.

150 2231 203 2249 non
218 2228 306 2256 esset,
325 2224 371 2251 sed
392 2225 464 2258 quod
493 2233 527 2252 ex
550 2225 716 2260 hominibus,
746 2234 829 2262 supra
850 2236 932 2262 quant

151 2267 275 2295 hotuines
288 2269 410 2300 soleant,
426 2274 508 2304 atque
525 2278 607 2306 supra
624 2271 762 2300 hominem
777 2281 840 2300 vere
857 2281 937 2302 natus

152 2314 231 2340 homo
247 2315 279 2340 sit
294 2322 301 2340 :
318 2320 373 2341 tttm
394 2321 525 2349 praeterea
546 2324 636 2351 neque
658 2318 749 2346 divina
766 2320 875 2352 divine,
891 2330 938 2348 ue-

151 2368 204 2394 que
235 2361 354 2388 humana
387 2362 506 2390 humane
533 2368 685 2398 operatus:
717 2365 765 2392 sed
796 2368 938 2394 incarnato

152 2405 205 2432 Deo
221 2415 318 2433 novam
334 2409 480 2442 quamdam
500 2410 700 2443 tlteandricam,
723 2411 776 2439 hoc
791 2417 832 2440 est
845 2413 893 2440 Dei
908 2419 936 2441 et

151 2451 280 2483 hominis,
301 2454 435 2481 actionem
456 2455 536 2482 nobis
548 2456 715 2483 exhibuerit.

187 2499 214 2526 3.
226 2499 364 2534 Ejusdem,
378 2508 410 2527 ex
419 2501 580 2537 theologicis
591 2503 735 2531 elementis
743 2505 829 2532 sancti
841 2505 937 2532 Hiero-

152 2543 228 2570 thei:
256 2543 324 2576 Quia
350 2552 415 2571 vero
431 2552 487 2579 pne
513 2554 563 2574 suo
587 2555 652 2582 erga
679 2555 765 2583 genus
787 2548 935 2575 humanum

154 2596 245 2616 .tmore
260 2590 293 2616 ad
316 2594 436 2617 nostram
455 2598 540 2625 usque
556 2597 679 2620 naturant
695 2594 784 2626 venit,
799 2600 873 2622 certe
894 2602 938 2621 es-

153 2635 267 2662 sentiam
282 2644 392 2671 quoque
410 2643 533 2664 nostram
553 2646 617 2666 vere
641 2639 741 2672 subiit,
760 2647 937 2675 summusque

154 2681 221 2708 adeo
228 2680 303 2710 Deus
318 2682 400 2709 homo
408 2687 434 2710 et
447 2683 535 2710 factus
543 2688 570 2711 et
581 2684 669 2712 dictus
681 2690 733 2712 est.
747 2685 831 2713 Nobis
844 2690 936 2713 autent

190 2759 246 2794 (28)
264 2761 424 2795 Patro/agite
436 2765 503 2789 tom.
522 2762 566 2794 lll,
576 2763 630 2791 col.
644 2763 706 2791 647.

189 2796 244 2830 (29)
263 2796 330 2822 Ibid.
345 2797 396 2822 l‘Ol.
420 2797 497 2824 1071.

188 2832 243 2866 (fill)
262 2831 322 2858 Non
336 2832 473 2864 medicum,
486 2839 515 2861 ut
526 2834 621 2867 Zittus,
635 2835 683 2862 sed
704 2837 870 2864 monac/tum.
888 2837 934 2863 Sic

987 2228 1021 2254 ad
1041 2236 1084 2254 res
1097 2234 1254 2262 procreatas
1269 2229 1399 2255 colendas
1413 2233 1441 2255 et
1449 2229 1604 2255 adorantlas
1619 2236 1648 2255 se
1661 2236 1779 2254 convcr-

988 2273 1091 2304 tcbant,
1108 2274 1326 2308 obstringeretur
1353 2282 1359 2300 :
1379 2274 1623 2308 gravioraquejatn
1639 2273 1778 2308 ejusmodi

989 2319 1073 2345 tttorti
1091 2319 1214 2345 remedia
1232 2319 1484 2354 medicamentaque
1497 2319 1679 2354 requirerent,
1691 2319 1781 2352 maio.

988 2374 1028 2395 ra,
1051 2365 1232 2400 gravioraque
1256 2369 1319 2392 suttt
1344 2365 1477 2392 adhibita.
1504 2365 1596 2399 Ipsum
1622 2364 1695 2392 enim
1726 2364 1778 2392 Dci

988 2411 1121 2443 Verbum,
1134 2410 1207 2445 quod
1224 2415 1267 2437 est
1282 2415 1345 2437 ante
1360 2411 1468 2443 stecula,
1486 2410 1558 2446 quod
1577 2409 1778 2444 comprehendi

990 2464 1044 2483 non
1062 2461 1164 2490 potest,
1183 2457 1256 2491 quod
1283 2464 1383 2491 corpus
1402 2465 1456 2483 non
1485 2457 1568 2483 habet
1594 2456 1632 2491 (et
1655 2464 1715 2490 qua:
1731 2462 1776 2482 se.

989 2506 1130 2538 quuntur)
1146 2505 1202 2538 ipsa
1226 2504 1273 2531 Dei
1304 2506 1394 2538 imago
1417 2503 1662 2535 incommutabilis,
1687 2503 1779 2529 Patris

988 2550 1112 2577 definitio
1125 2555 1152 2577 ct
1168 2550 1247 2582 ratio,
1265 2550 1413 2585 imaginem
1431 2557 1512 2584 quam
1531 2549 1635 2576 immitti
1655 2548 1777 2583 impres-

989 2600 1062 2623 serat
1088 2596 1147 2630 ipse
1172 2596 1287 2630 suscipit
1312 2601 1339 2623 et
1362 2601 1474 2630 propter
1503 2602 1635 2628 carnem,
1664 2601 1777 2621 carnem

989 2642 1069 2676 gerit,
1084 2647 1112 2668 ct
1126 2641 1218 2668 animo
1236 2643 1340 2669 ratione
1364 2641 1479 2675 praedito
1504 2648 1554 2675 pro
1576 2640 1664 2667 salute
1690 2639 1777 2666 animi

989 2687 1194 2719 commiscetur,
1209 2691 1238 2713 ut
1254 2687 1336 2713 simili
1353 2687 1469 2714 similem
1482 2691 1590 2721 purget,
1604 2687 1630 2713 in
1646 2687 1779 2714 omnibus

988 2765 1061 2800 enim
1078 2765 1205 2792 monachi
1221 2765 1367 2800 primitivze
1378 2763 1509 2792 Ecclesia:
1537 2765 1723 2794 dicebantur:
1741 2773 1778 2794 ex

987 2799 1111 2828 Philone,
1122 2799 1240 2833 Justitto,
1254 2801 1352 2828 Euseb.
1365 2801 1468 2832 “Leto.

1024 2835 1080 2869 (3|)
1098 2834 1164 2863 Vide
1178 2841 1243 2863 tom.
1261 2835 1379 2868 XXXVI,
1393 2836 1445 2862 col.
1463 2835 1524 2863 5'23.
