1949 3073
161 120 232 153 1223

160 178 293 213 denique,
311 181 424 212 peccato
440 180 532 203 tamen
546 177 672 210 excepto,
685 174 714 201 lit
727 173 819 200 homo.
836 173 874 200 Ex
891 172 950 199 Vir-
965 175 990 203 Α

159 225 236 260 gine,
253 224 331 259 cujus
347 224 469 250 animum
493 226 521 249 et
545 229 656 248 carnem
673 220 792 254 Spiritus
803 223 867 245 ante
882 226 948 252 pur-

160 274 284 306 gaverat,
303 269 436 296 nascitur.
463 267 583 294 Decebat
599 266 683 298 enim,
701 270 731 292 ut
757 269 785 292 et
799 265 949 291 liberorum

161 315 302 350 susceptio
324 315 519 345 ltonoraretur,
549 319 578 340 at
603 312 640 339 illi
672 316 763 338 tamen
789 311 816 337 in
846 310 950 336 honore

162 362 307 396 virginitas
328 358 529 389 anteferretur,
547 363 629 392 atque
652 358 688 384 ita
712 358 832 383 humana
862 355 950 382 l'ortna

162 411 304 440 assumpta
333 405 367 432 ad
394 413 445 432 nos
471 404 649 439 progreditur
673 410 757 429 unum
786 410 820 428 ex
844 401 952 428 duobus

162 452 321 483 contrariis,
340 458 422 478 carne
438 454 467 477 et
491 450 590 484 spiritu
607 454 736 476 constans
751 456 758 473 :
774 455 892 482 quorum
905 447 951 473 hic

163 498 335 525 divinitatem
350 496 502 528 tribuebat,
519 496 563 522 illa
579 495 724 522 divinitate
738 494 909 521 adiciebatur
926 493 953 525 (0

163 551 263 570 novatn
278 543 444 570 mistioneml
457 550 473 569 ο
487 542 709 576 conjunctionem
726 539 951 573 admirabileml),

165 588 210 614 ille
222 588 268 621 qui
283 587 397 614 effector
412 589 464 618 est,
479 585 596 612 efﬁcitur
607 595 613 611 :
625 585 672 619 qui
685 590 793 612 creator
809 588 861 615 est,
878 591 953 610 erea-

164 637 210 658 tus
225 640 231 658 :
247 633 293 666 qui
311 630 507 665 comprehendi
531 638 586 657 non
600 635 699 665 potest,
716 631 826 657 vinculo
840 629 953 656 humani

165 678 250 704 animi
260 677 433 703 divinitatem
446 680 474 703 ct
484 676 577 703 carnis
585 676 798 702 crassitudinem
809 675 955 710 copulante

166 721 427 757 comprehenditur.
440 721 492 754 Qui
507 721 576 748 ditat
590 721 668 753 alios,
686 728 790 756 pauper
814 720 854 747 ﬁt.
883 721 954 747 Pau-

167 769 282 803 pertatis
305 768 378 795 enim
397 775 464 794 meae
490 771 679 801 paupertatem
705 766 898 800 amplectitur,
926 770 955 792 ut

167 820 218 847 ego
249 812 404 841 divinitatis
424 813 484 847 ejus
515 811 627 838 divitias
652 818 794 845 assequar.
817 811 868 843 Qui
894 811 956 845 plus

167 863 220 887 est,
237 859 395 885 exinanitur
407 866 413 883 :
424 863 570 892 parumper
582 857 656 883 enim
669 857 783 890 gloriam
799 863 876 882 suam
892 856 957 882 sinit
974 852 993 878 Β

168 903 321 935 exhauriri,
342 909 434 937 utego
457 903 639 937 plenitudinis
662 903 722 937 ejus
745 903 882 936 particeps
899 903 955 928 cllt-

169 951 235 976 ciar.
254 948 385 981 Quaenam
405 953 470 976 sunt
485 948 526 975 lim
537 948 669 975 bonitatis
687 948 703 975 d
717 947 802 974 γίιὶκῖ
818 947 956 982 quodnam

169 997 243 1023 circa
256 1003 299 1023 me
312 995 474 1030 mysterium
488 995 614 1030 apparet?
631 994 687 1029 Ego
704 994 862 1029 imaginem,
880 994 958 1028 cujus

170 1042 313 1076 particeps
326 1049 401 1068 eram
419 1040 519 1072 factus,
543 1048 597 1067 non
614 1039 728 1067 servavi
755 1048 761 1065 :
790 1039 836 1067 ille
848 1046 958 1066 carnem

170 1094 260 1114 meam
273 1087 399 1120 suscipit,
413 1090 443 1113 ut
462 1091 490 1113 et
506 1086 652 1120 imaginem
669 1090 771 1116 servet,
798 1089 826 1112 ct
849 1091 958 1112 carnem

172 1133 270 1160 reddat
286 1132 482 1159 immortalem.
495 1132 615 1158 Alteram
630 1131 681 1158 init
693 1131 854 1158 societatem
868 1130 959 1165 priore

171 1183 316 1210 societate,
334 1186 368 1205 eo
382 1177 491 1212 quidem
509 1177 592 1212 longe
615 1177 862 1207 admirabiliorem,
886 1175 959 1210 quod

171 1227 199 1252 in
216 1225 308 1260 priore
324 1225 499 1259 praestantius
515 1223 589 1258 quod
602 1227 662 1250 erat
674 1222 812 1254 attribuit,
826 1222 854 1248 in
869 1226 960 1256 poste-

174 1272 249 1298 riore
265 1271 338 1306 quod
350 1270 473 1297 deterius
485 1273 544 1297 erat
560 1269 677 1303 accepit.

206 1327 234 1354 2.
255 1327 395 1363 Ejusdem,
411 1335 444 1354 ex
461 1327 586 1354 oratione
598 1327 626 1353 in
641 1326 757 1353 Lumina
776 1326 844 1361 (Μ).
868 1326 959 1360 Atque

173 1373 222 1400 Dei
237 1372 333 1406 Filius,
355 1373 472 1399 hominis
487 1372 573 1399 Filius
582 1376 609 1399 et
623 1372 652 1399 iit
672 1377 700 1399 et
722 1376 836 1399 vocatur
851 1379 858 1398 ε
875 1371 961 1398 haud-

174 1426 312 1453 quaquam
338 1418 364 1445 id
388 1419 539 1445 immutans
566 1418 640 1452 quod
659 1423 719 1445 erat
744 1426 750 1444 :
775 1418 874 1444 mutari
890 1418 962 1444 enim

175 1472 232 1491 non
250 1470 341 1499 potest
356 1474 363 1491 :
380 1464 427 1491 sed
445 1464 470 1490 id
487 1471 632 1491 assumens
647 1464 720 1498 quod
737 1471 793 1490 non
807 1468 868 1490 erat
880 1483 887 1496 ,
903 1471 963 1498 qua:

175 1510 251 1537 illius
267 1517 331 1542 erga
351 1517 400 1536 nos
423 1510 581 1536 humanitas
598 1514 640 1535 est
656 1518 663 1535 :
679 1513 710 1535 ut
724 1515 899 1543 separaretur
914 1509 961 1543 qui
975 1515 998 1546 ρ

175 1555 300 1590 separari
324 1555 430 1588 nequit.
459 1554 622 1581 intermedia
649 1561 731 1580 carne
751 1558 880 1588 tanquam
902 1554 963 1581 velo

175 1600 322 1628 nobiseum
339 1607 463 1631 versans,
480 1599 707 1634 quandoquidem
724 1607 799 1634 purae
814 1599 875 1634 ejus
891 1599 963 1626 divi-

176 1646 256 1673 nitati
268 1645 387 1672 ferendae
400 1651 497 1672 natura
509 1645 582 1672 onui
598 1650 626 1672 et
643 1644 766 1672 interitui
780 1645 897 1671 obnoxia
909 1652 964 1672 non

175 1691 243 1718 satis
260 1691 358 1718 idonea
375 1696 427 1718 est.

218 1747 244 1773 5.
266 1747 409 1782 Ejusdem,
420 1754 452 1774 ex
469 1749 593 1774 oratione
608 1747 728 1775 secunda
741 1748 775 1774 ad
792 1747 963 1775 Cledonium.

178 1793 300 1828 Utraque
319 1794 393 1821 enim
411 1801 495 1820 unum
511 1794 704 1821 commistione
720 1798 876 1825 evaserunt,
902 1802 963 1822 cum

178 1839 250 1867 Dcus
266 1839 439 1872 incarnctur,
457 1839 541 1866 homo
557 1844 649 1867 autem
663 1840 817 1868 deiﬁcctur.

264 1895 404 1932 Ejusdem,
418 1904 452 1924 ex
469 1896 590 1924 secunda
605 1897 731 1924 oratione
760 1897 794 1925 de
809 1897 878 1925 Filio
895 1897 964 1933 (55).

180 1942 238 1970 Etsi
253 1943 326 1970 enim
346 1950 378 1970 ex
397 1947 512 1972 utroque
525 1951 608 1970 unutn
625 1943 725 1970 factum
740 1944 786 1975 sit,
804 1951 859 1971 non
876 1948 967 1971 tamen

180 1989 209 2016 id
227 1994 334 2021 natura,
352 1990 399 2016 sed
414 1997 562 2017 concursu.

216 2046 244 2073 5.
262 2046 404 2081 Ejusdem,
423 2054 458 2072 ex
481 2047 607 2074 oratione
625 2047 653 2074 in
668 2046 784 2073 Lumina
804 2056 810 2074 :
828 2047 966 2074 llonorem

177 2093 252 2119 enim
269 2092 378 2127 corpori
401 2092 505 2125 defert,
532 2093 755 2127 quandoquidem
783 2093 836 2119 hoc
859 2101 968 2128 quoque

178 2137 354 2164 deiﬁcatione
371 2137 441 2164 Deus
456 2142 509 2164 est.

216 2194 241 2220 6.
260 2193 401 2228 Ejusdem,
424 2201 457 2220 ex
481 2193 606 2221 oratione
635 2194 756 2221 secunda
774 2193 808 2221 de
823 2193 965 2222 Paschate.
981 2183 1007 2212 D

180 2239 216 2266 Et
234 2247 283 2274 per
299 2245 524 2274 assumpttoncm,
543 2247 625 2274 quam
641 2241 770 2267 divinitas
786 2240 873 2273 unxit,
892 2247 966 2275 qum-

179 2293 235 2320 que
247 2286 342 2312 eadem
356 2294 417 2313 cum
431 2291 558 2321 ungente,
572 2292 654 2321 atque
667 2287 765 2320 (ausim
779 2286 851 2314 enim
862 2287 965 2321 dicere)

183 2333 238 2359 Deo
253 2332 364 2366 aaqualis
381 2332 482 2359 evadit.

218 2390 244 2416 7.
262 2389 404 2423 Ejusdem,
426 2397 458 2416 ex
485 2389 610 2416 oratione
627 2389 660 2417 ad
681 2389 848 2425 baptismum
868 2390 969 2418 exhor-

182 2436 293 2464 tatoria.
337 2435 470 2463 Eumdem
501 2440 587 2462 totum
621 2436 780 2469 hominem,
810 2441 838 2464 et
881 2441 968 2464 totum

181 2483 278 2514 Deum,
295 2489 345 2516 pro
363 2485 419 2509 toto
444 2490 495 2515 eo,
519 2483 567 2517 qui
592 2490 689 2517 passus
706 2487 765 2514 est,
791 2487 821 2509 ut
847 2482 896 2509 toti
918 2482 967 2509 tibi

180 2530 297 2557 salutem
313 2530 456 2564 largiatur,
471 2529 480 2565 ι
495 2534 578 2556 totam
592 2528 697 2563 peccati
712 2529 821 2556 solvens
836 2528 968 2556 condem-

180 2575 331 2603 nationem.
344 2575 354 2612 ]

217 2631 244 2660 8.
265 2632 405 2667 Ejusdem,
423 2639 456 2659 ex
472 2631 568 2659 eadem
584 2631 722 2658 oratione.
740 2631 858 2658 Tantum
886 2633 967 2660 homo

182 2684 295 2714 propter
313 2684 349 2711 te,
362 2686 444 2716 qpain
462 2683 490 2704 tu
505 2682 618 2712 propter
633 2677 709 2705 illum
727 2678 810 2706 Deus.

219 2775 277 2811 (⁸52)
295 2775 362 2803 Vide
383 2776 451 2809 ibid,
467 2776 520 2804 col.
538 2776 599 2803 555.

221 2812 277 2845 (55)
291 2812 359 2838 Ibid.
377 2813 430 2839 ειη,
450 2812 510 2839 105.

776 117 926 148 NICETIE
955 115 1158 146 CHONIATJE

1721 107 1810 140 122$

1301 167 1376 195 CAP.
1397 166 1482 195 XXX.

1003 239 1127 274 Nysseni,
1141 238 1172 274 de
1183 236 1524 274 diuinajncarnatione,”
1532 234 1655 274 oratione
1666 233 1790 274 Quteche
1798 248 1809 253 -

1040 276 1102 301 lica.
1144 272 1297 299 Divinitatis
1324 275 1348 297 et
1376 270 1550 296 humanitatis
1581 277 1641 295 cum
1673 270 1736 303 igne
1777 272 1811 295 et

1040 308 1168 343 elyclmio,
1188 308 1300 341 itemque
1310 313 1369 332 cum
1379 313 1458 332 carne
1469 309 1491 331 et
1503 305 1592 330 animo
1604 303 1713 330 collatio
1727 304 1809 338 (54).

1041 373 1278 408 Quemadmodum
1301 373 1375 400 enim
1390 372 1417 399 in
1433 373 1547 400 lucerna
1570 371 1715 399 materiam
1741 371 1810 399 cir-

1006 421 1180 455 cumplexum
1205 419 1300 453 ignem
1319 417 1479 452 aspicimus,
1499 424 1618 452 eumque
1633 425 1647 443 a
1666 417 1808 448 materia.

1006 475 1066 502 qua:
1096 467 1186 500 ipsum
1215 464 1338 499 attingit,
1356 464 1463 490 ratione
1486 463 1702 498 distinguimus,
1735 470 1811 495 quae

1008 518 1099 539 tamen
1123 512 1213 546 reipsa
1233 511 1365 545 distingui
1385 518 1441 537 non
1463 514 1596 544 possunt,
1626 513 1656 536 ut
1680 509 1805 536 ﬂamma

1007 566 1056 593 per
1071 565 1100 585 se
1114 565 1129 584 a
1146 557 1262 584 materia
1278 557 1403 592 sejuncta
1417 556 1592 588 ostendatur,
1611 555 1658 583 sed
1677 559 1808 589 utraque

1009 611 1092 630 unum
1111 607 1154 630 est
1174 601 1280 636 (nullus
1305 605 1397 628 autem
1424 600 1545 628 id’mihi
1572 604 1662 627 sumat
1689 600 1718 626 in
1744 599 1807 626 hoc

1008 648 1145 683 exemplo,
1162 646 1237 682 quod
1257 646 1327 681 ignis
1343 651 1558 680 corrumpatur,
1583 645 1632 672 sed
1655 645 1681 671 id
1702 644 1805 671 solum

1008 693 1158 728 accipiens,
1180 691 1254 727 quod
1273 690 1449 718 similitudini
1471 690 1609 722 convenit,
1629 697 1690 724 qua:
1709 689 1746 716 ab
1767 695 1806 715 ea

1009 745 1072 767 sunt
1087 739 1175 766 aliena
1191 737 1328 772 repudiet)
1354 737 1420 771 quid
1445 735 1584 771 prohibet,
1605 736 1672 770 quin
1695 734 1806 762 eodem

1010 786 1101 818 modo,
1121 793 1176 820 quo
1188 785 1330 812 cernimus
1344 783 1481 810 ﬂammam
1499 782 1635 815 attingere
1651 780 1806 807 materiam

1009 833 1171 867 subjectam,
1187 838 1240 858 nec
1263 830 1290 857 in
1313 838 1346 857 ea
1369 834 1459 856 tamen
1475 827 1590 860 includi,
1609 827 1663 854 Deo
1685 826 1806 860 dignam

1008 878 1201 912 cogitationem
1217 875 1402 910 suscipiamus
1419 883 1426 901 :
1444 874 1645 908 credamusque
1668 877 1805 899 naturam

1008 923 1128 949 divinam
1144 922 1181 948 ita
1193 921 1333 956 conjungi,
1350 924 1432 954 atque
1445 927 1531 946 unum
1547 919 1607 946 ﬁeri
1620 926 1682 945 cum
1696 922 1806 945 natura

1009 969 1138 1000 humana,
1156 972 1185 994 ut
1217 968 1245 994 in
1270 967 1328 1001 ipsa
1354 965 1549 1001 conjunctione
1571 970 1654 1000 atque
1680 964 1806 997 unitate,

1009 1013 1137 1048 quamvis
1157 1013 1185 1040 in
1205 1012 1316 1039 homine
1331 1012 1404 1039 Deus
1419 1011 1465 1043 sit,
1482 1011 1556 1038 nulla
1570 1014 1660 1038 tamen
1676 1010 1804 1037 circum-

1010 1059 1159 1094 scriptione
1174 1058 1369 1086 concludatur?
1392 1057 1469 1090 Quod
1486 1057 1508 1084 si
1524 1057 1625 1092 quaeris
1639 1077 1646 1090 ,
1660 1055 1806 1091 quomodo

1011 1107 1084 1134 Deus
1095 1112 1158 1132 cum
1176 1105 1288 1131 homine
1304 1103 1466 1130 commistus
1487 1103 1541 1135 sit,
1559 1102 1637 1136 prius
1651 1100 1805 1128 considera

1011 1149 1235 1185 conjunctionem
1251 1147 1336 1175 animi
1352 1154 1415 1174 cum
1430 1154 1513 1175 carne
1530 1151 1586 1179 tua,
1611 1146 1658 1180 qui
1685 1145 1803 1180 quidem

1012 1196 1139 1226 animus.
1179 1194 1202 1222 si
1229 1193 1383 1228 intelligere
1417 1200 1473 1220 non
1501 1196 1579 1227 potes
1612 1199 1666 1226 qua
1692 1191 1805 1218 ratione

1012 1249 1074 1269 cum
1093 1248 1210 1276 corpore
1226 1240 1381 1275 copuletur,
1398 1238 1485 1265 multo
1508 1239 1599 1265 minus
1622 1237 1748 1264 existima
1776 1240 1804 1263 te

1013 1295 1093 1323 posse
1113 1286 1233 1321 assequi,
1253 1293 1309 1320 quo
1328 1289 1409 1320 pacto
1432 1285 1505 1312 Dens
1521 1291 1583 1311 cum
1598 1283 1711 1310 homine
1729 1290 1802 1309 con-

1010 1335 1151 1370 jungatur.
1170 1332 1268 1359 Verum
1279 1330 1513 1366 quemadmodum
1534 1329 1562 1356 in
1583 1333 1609 1356 te
1623 1329 1714 1356 credis
1725 1329 1802 1356 aliud

1014 1379 1144 1414 quiddam
1160 1385 1221 1405 esse
1233 1377 1367 1409 animum,
1385 1383 1467 1411 quam
1481 1383 1595 1410 corpus,
1609 1378 1657 1402 aut
1669 1375 1802 1410 quoniam

1014 1432 1116 1459 corpus
1133 1424 1167 1451 ab
1190 1423 1283 1450 animo
1299 1422 1440 1449 desertum
1458 1421 1575 1449 cadaver
1591 1420 1693 1452 evadit,
1717 1425 1802 1454 atque

1015 1470 1089 1496 iners
1105 1469 1151 1501 sit,
1169 1472 1198 1496 et
1216 1467 1249 1494 ad
1265 1466 1401 1501 agendum
1417 1465 1526 1498 inutile,
1542 1465 1609 1492 licet
1622 1464 1802 1499 conjunctio-

1014 1514 1057 1542 nis
1079 1513 1213 1541 rationem
1227 1513 1353 1546 ignores:
1371 1511 1411 1538 sic
1424 1510 1507 1539 etiam
1530 1510 1578 1538 Dei
1604 1517 1666 1537 cum
1691 1509 1800 1536 homine

1015 1558 1210 1593 conjunctione
1222 1556 1386 1591 conﬁtemur
1403 1556 1524 1583 divinam
1539 1561 1665 1583 naturam
1682 1555 1794 1582 caducae

1016 1605 1180 1639 mortalique
1195 1604 1283 1630 modis
1298 1603 1426 1630 omnibus
1441 1602 1576 1637 dignitate
1595 1605 1734 1636 praestare,
1748 1608 1799 1634 qua

1016 1652 1123 1678 ratione
1143 1655 1234 1677 autetn
1251 1650 1385 1677 etliciatur
1401 1651 1460 1684 ipsa
1478 1649 1639 1683 eonjunctio
1667 1656 1722 1675 non
1737 1654 1800 1681 pos-

1016 1703 1112 1723 sumus
1132 1695 1297 1730 intelligere.
1314 1694 1391 1727 Quod
1412 1694 1485 1721 Deus
1506 1694 1532 1720 in
1557 1693 1677 1720 hominis
1704 1698 1800 1719 natura

1016 1742 1126 1778 genitus
1140 1743 1187 1773 sit,
1207 1749 1239 1768 ex
1271 1742 1354 1769 rebus
1371 1740 1552 1774 admirandis,
1568 1748 1629 1775 qua:
1648 1741 1713 1767 visa:
1734 1739 1801 1767 scri-

1017 1793 1124 1824 ptzeque
1142 1793 1216 1818 sunt,
1236 1795 1291 1815 non
1309 1787 1486 1822 ambigimus,
1502 1788 1636 1814 rationem
1659 1789 1749 1814 autem
1768 1793 1799 1813 ac

1017 1835 1139 1867 modum,
1155 1840 1184 1862 ut
1195 1835 1325 1869 majorem
1339 1842 1419 1869 quam
1433 1834 1482 1868 qui
1499 1841 1514 1860 a
1529 1833 1606 1861 nobis
1618 1832 1723 1868 percipi
1738 1839 1800 1867 pos-

1017 1883 1064 1914 sit,
1083 1881 1237 1908 omittimus
1265 1880 1405 1915 indagare.
1436 1879 1531 1914 Neque
1564 1879 1637 1906 enim
1668 1885 1730 1905 cum
1758 1885 1800 1905 res

1019 1935 1115 1955 omnes
1128 1929 1313 1962 incorporeas,
1322 1931 1350 1954 et
1364 1933 1425 1961 quae
1439 1931 1530 1953 mente
1542 1926 1630 1953 solum
1646 1925 1800 1960 percipiun-

1018 1979 1074 2005 ῑιιτ,
1091 1982 1106 2001 a
1119 1979 1217 2000 natura
1241 1973 1403 2007 incorporea
1432 1976 1460 1999 et
1480 1979 1542 2006 qua:
1557 1976 1650 1999 creata
1671 1978 1726 1998 non
1748 1975 1796 2001 est,

1018 2025 1177 2056 procreatas
1200 2027 1261 2047 esse
1286 2019 1426 2046 credimus
1442 2038 1450 2050 ,
1481 2018 1554 2045 unde
1591 2022 1637 2044 aut
1665 2017 1797 2052 quomodo

1019 2067 1096 2094 facta:
1114 2067 1179 2098 sint,
1195 2066 1404 2100 investigamus.
1425 2064 1478 2092 Sed
1499 2072 1561 2091 cum
1586 2063 1721 2091 mundum
1737 2071 1799 2090 cou-

1019 2114 1108 2140 ditum
1122 2113 1206 2140 fuisse
1227 2111 1426 2146 acceperimus,
1448 2110 1583 2138 rationem
1600 2117 1654 2143 qua
1676 2108 1799 2136 conditus

1020 2159 1113 2190 fuerit,
1129 2158 1238 2186 curiose
1255 2165 1311 2184 non
1327 2157 1510 2191 exquirimus,
1526 2157 1630 2191 quippe
1653 2155 1700 2190 qui
1723 2156 1797 2189 plane

1020 2207 1158 2238 sciamus,
1182 2212 1243 2232 eam
1270 2204 1347 2231 nullo
1384 2203 1466 2231 modo
1497 2211 1576 2238 posse
1612 2203 1717 2238 percipi
1755 2206 1797 2229 aut

1020 2252 1166 2287 explicari.

1057 2312 1136 2345 Quod
1149 2315 1240 2338 autem
1262 2311 1332 2338 Deus
1352 2311 1381 2338 in
1398 2317 1481 2338 carne
1497 2309 1577 2337 nobis
1589 2309 1756 2344 apparuerit,
1775 2307 1795 2335 si

1021 2360 1084 2394 quis
1101 2358 1352 2385 demonstrationes
1366 2356 1489 2391 inquirit,
1509 2356 1532 2384 is
1553 2356 1612 2391 ejus
1631 2362 1714 2390 opera
1737 2363 1796 2382 con-

1024 2405 1133 2439 spiciat.
1147 2403 1215 2430 Nam
1229 2407 1258 2430 et
1272 2402 1346 2438 quod
1367 2402 1438 2430 Deus
1455 2403 1513 2437 ipse
1529 2401 1576 2434 sit,
1596 2401 1672 2428 nullo
1686 2401 1740 2427 alio
1750 2401 1796 2428 nisi

1023 2458 1139 2485 operum
1158 2450 1244 2485 ipsius
1266 2449 1425 2477 testimonio
1438 2448 1644 2483 comprobatur.
1665 2447 1700 2475 Ut
1722 2447 1796 2480 igitur

1023 2504 1116 2523 rerum
1136 2495 1346 2522 universitatem
1362 2494 1504 2521 intuentes
1516 2514 1524 2526 ,
1540 2500 1692 2527 earumque
1709 2493 1795 2518 mode-

1023 2541 1155 2567 rationem
1186 2545 1214 2566 et
1235 2539 1370 2571 ordinem,
1397 2538 1514 2573 vitaeque
1540 2542 1641 2565 nostra:
1663 2537 1794 2564 comtnoda

1025 2586 1156 2613 divinitus
1166 2585 1234 2612 'data
1245 2584 1463 2616 considerantes,
1478 2585 1533 2611 vim
1548 2583 1694 2618 quamdam
1711 2582 1794 2609 mundi

1023 2631 1202 2661 etl'ectrtcem,
1214 2631 1499 2664 conscrvatricemque
1511 2630 1713 2665 cognoscimus,
1727 2629 1762 2656 sic
1771 2630 1793 2655 in

1022 2678 1078 2705 Deo
1092 2677 1172 2704 nobis
1195 2684 1245 2711 per
1269 2684 1380 2704 carnctn
1404 2676 1540 2711 patefacto
1556 2675 1716 2704 admiranda
1733 2674 1796 2703 illius

1063 2775 1118 2812 (54)
1136 2756 1214 2802 Tom.
1229 2775 1308 2808 XLV,
1322 2776 1375 2803 col.
1400 2775 1442 2803 to.
