1949 3073
99 142 172 176 1ἲὲ5

729 131 929 162 THESAURI
950 130 1026 163 LIB.
1047 130 1106 161 III.

1651 126 1718 156 1226

96 205 182 234 opera
196 195 296 224 similia
310 194 343 222 iis
359 200 419 228 quae
434 190 536 225 scripta
550 193 623 221 sunt,
640 187 741 223 quibus
757 191 885 221 tanquam
900 191 922 219 Α
938 192 998 212 esse
1015 183 1154 217 concedis,
1173 190 1206 211 ex
1223 182 1324 210 eisdem
1341 181 1419 208 dabis
1437 181 1559 234 omnino:
1575 185 1602 233 et
1627 188 1718 234 or’t‘uul

96 233 183 276 notis,
209 246 307 269 natura
334 239 426 267 divina
453 237 622 267 declaratur,
651 234 775 268 locuples
804 233 884 260 nobis

96 288 249 318 divinitatis
261 287 319 321 ejus
335 284 523 312 testimonium
548 280 679 308 all‘erunt.
696 279 744 306 Dei
767 286 886 312 namque

96 342 159 363 esse
179 331 380 368 cognoscimus,
402 327 561 356 hominibus
576 327 659 354 vitam
676 325 807 352 tribuere.
828 324 885 357 Dei,

97 389 132 408 ea
146 387 207 414 qua:
225 381 290 405 sunt
303 374 478 411 providentia
492 373 574 404 tueri,
593 379 624 400 ac
636 378 813 399 conservare.
826 371 886 403 Dei,

97 427 191 454 cibum
213 429 241 451 et
267 426 360 458 potum
387 421 421 448 iis
445 428 505 455 quae
528 420 555 446 in
577 426 658 446 carne
675 418 756 445 vitam
774 417 886 452 degunt,

98 468 221 503 elargiri.
239 468 296 499 Dei,
321 467 355 493 de
370 465 538 500 pauperibus
562 468 588 491 et
613 463 801 498 indigentibus
818 463 887 489 bene

100 514 212 542 mereri.
229 513 288 544 Dei,
308 517 433 538 naturam
450 517 511 545 quae
527 510 685 537 inﬁrmitate
699 517 748 536 sua
765 509 799 536 de
813 513 887 536 recta

99 561 144 587 via
161 558 320 589 deﬂexerat,
340 558 473 584 reducere
499 556 533 583 ad
559 556 704 583 sanitatem
717 575 724 587 ,
740 560 768 582 et
785 555 812 582 in
831 555 889 589 pri-

99 607 205 633 stinum
223 609 324 632 statum
339 610 470 630 revocare
486 611 493 635 ;
511 602 570 635 Dei,
585 601 695 628 cunctis
717 607 795 635 aeque
808 601 890 628 rebus

100 649 254 686 procreatis
281 649 430 682 imperare,
455 651 545 678 terrae,
563 646 642 678 mari,
659 646 726 678 aeri,
742 649 770 673 et
786 645 819 673 iis
830 653 891 680 quae

101 703 185 730 supra
207 702 299 722 aerem
321 695 373 721 sita
394 697 468 721 sunt.
492 692 551 724 Dei,
568 697 727 727 perpetuam
746 693 773 719 in
799 692 891 719 omnia

102 746 267 777 potestatem
291 740 409 772 habere,
433 738 623 773 imprimisque
655 746 716 765 esse
748 743 838 765 morte
863 741 892 764 et.

102 788 281 822 corruptione
295 787 475 821 superiorem.
486 784 588 812 Horum
600 784 623 812 si
637 783 704 819 quid
721 784 750 811 in
764 784 890 816 historia,

103 843 158 870 qua
172 836 226 862 vita
242 834 329 868 ipsius
343 833 521 864 describitur,
545 831 730 864 desideratur,
749 831 788 858 illi
805 831 851 865 qui
876 838 891 858 a

937 236 964 258 et
983 235 1098 258 mortem
1111 230 1170 265 ejus
1182 237 1197 256 a
1213 229 1389 262 corruptione
1404 227 1497 262 procul
1513 226 1641 254 abfuisse.
1654 226 1720 259 Qun:

937 277 958 303 si
974 281 1101 302 naturam
1118 278 1260 310 superant,
1283 273 1307 300 is
1332 273 1403 300 intra
1423 277 1547 299 naturam
1563 280 1617 298 non
1633 271 1721 298 conti-

938 327 1039 354 netur,
1068 322 1115 356 qui
1142 326 1257 356 propter
1285 320 1343 346 hzec
1366 324 1462 345 natura
1485 318 1610 354 superior
1636 318 1722 345 fuisse

938 369 1155 396 demonstratur.

1236 422 1312 450 CAP.
1327 421 1424 448 XXXI.

940 481 1071 512 Maximi,
1089 480 1120 506 de
1138 479 1228 506 divina
1242 479 1435 509 incarnatione,
1451 480 1489 504 ’ραε
1508 478 1724 513 interpretatione

976 516 1105 542 orationis
1139 516 1169 541 de
1209 519 1280 540 recta
1309 514 1479 547 t'ottjcssioue.
1507 512 1724 548 jlucamutiouis

975 551 1097 585 myst‘eria
1111 549 1208 585 nullius
1219 549 1342 583 facundia
1354 548 1466 583 exprimi
1482 547 1597 582 possunt,
1611 549 1655 574 aed
1666 547 1727 574 solt:

975 583 1025 620 fide
1039 583 1203 621 creduntur.]

978 643 1004 670 1.
1025 642 1129 678 Ecquis
1148 646 1253 669 tantum
1280 641 1389 668 excellit
1406 639 1516 667 dicendi
1532 639 1670 671 facultate,
1695 645 1725 666 ut

941 689 1050 719 audeat,
1068 693 1116 715 aut
1133 688 1219 723 possit
1235 687 1382 722 explicare,
1398 686 1536 721 quomodo
1546 686 1726 721 comprehen-

942 743 989 762 sus
1004 735 1038 762 sit
1055 734 1148 761 Deus?

977 782 1005 808 2.
1027 780 1172 814 Quomodo
1187 788 1252 808 caro
1269 781 1328 808 sine
1344 781 1449 808 semine
1466 785 1595 816 generata
1609 779 1657 807 sit?

980 826 1007 853 5.
1025 825 1169 858 Quomodo
1198 825 1256 852 sine
1283 825 1461 860 corruptione
1486 824 1610 852 mulieris
1634 828 1729 860 partus

104 880 238 915 religione
255 883 321 906 sunt
336 878 440 911 alieni,
459 878 559 905 merito
580 877 741 913 mysterium
765 881 891 903 nostrum
908 861 928 888 Β
943 872 1097 900 exstiterit?

105 926 292 961 repudiarent.
311 925 357 953 Sin
374 925 467 952 omnia
490 924 592 959 quibus
613 923 686 950 Deus
708 922 893 957 cognoscitur,

106 973 133 1000 in
145 980 178 1000 ea
189 972 406 1007 conspiciuntur,
419 971 484 1006 quid
500 971 628 1006 prohibet
650 969 799 1004 quominus
813 968 894 995 iidem

111 1019 331 1054 religionemque
357 1018 512 1052 suscipias?
525 1018 561 1043 At
575 1017 660 1049 enim,
674 1016 792 1051 inquies,
818 1014 894 1042 nasci

108 1070 138 1092 et
153 1065 231 1092 obire
255 1063 366 1099 propria
386 1068 451 1091 sunt
474 1063 590 1097 hujusce
613 1061 716 1089 carnis.
741 1060 893 1089 Concedo:

108 1117 206 1137 terum
223 1117 255 1136 ea
270 1116 330 1143 quae
348 1113 439 1136 ortum
461 1108 521 1143 ejus
542 1110 756 1142 praecesserunt,
779 1111 896 1140 quaeque

109 1161 224 1183 mortem
240 1160 304 1182 sunt
320 1155 475 1186 subsecuta,
487 1159 660 1181 communem
678 1155 783 1179 natura:
797 1155 897 1191 nostra:

108 1201 295 1229 conditionem
307 1207 458 1235 superant:
470 1208 532 1227 nam
545 1199 568 1227 si
584 1204 733 1233 utrumque
748 1198 896 1226 terminum

111 1245 237 1273 humana:
253 1246 315 1272 vitae
334 1244 505 1276 consideres,
524 1243 630 1272 videbis
645 1243 718 1270 unde
732 1242 897 1277 incipiamus

109 1297 137 1320 et
153 1300 208 1327 quo
223 1292 403 1320 deducamur.
413 1291 436 1318 Α
449 1291 629 1326 corruptione
643 1291 718 1317 enim
731 1289 896 1324 principium

109 1338 249 1371 ducimus,
265 1342 292 1365 et
308 1338 335 1365 in
356 1338 563 1372 corruptionem
579 1336 752 1363 desinimus:
772 1335 831 1370 ejus
850 1342 898 1361 au-

111 1391 165 1412 tem
194 1392 245 1412 nec
271 1389 362 1411 ortum
384 1391 436 1411 nec
466 1388 585 1410 mortem
612 1381 719 1416 excepit
745 1381 897 1415 corruptio.

112 1430 169 1458 lloc
186 1429 235 1456 tibi
251 1429 444 1456 admirandum
459 1429 569 1455 videtur
584 1432 611 1455 et
626 1427 810 1454 incredibile?
827 1426 900 1454 Gau-

113 1477 176 1504 deo.
194 1476 260 1508 Qua:
274 1476 348 1502 enim
368 1482 451 1510 supra
464 1482 547 1509 quam
562 1473 637 1501 credi
649 1473 762 1508 possint,
780 1472 898 1500 admira-

978 919 1006 946 4.
1034 918 1179 952 Quomodo
1203 918 1281 953 virgo
1301 917 1379 945 nullo
1405 916 1593 944 intercedente
1617 916 1729 944 homine

944 970 1033 992 mater
1046 964 1190 996 evaserit?

981 1012 1007 1039 5.
1027 1011 1171 1045 Quomodo
1187 1016 1283 1044 mater,
1301 1014 1380 1045 partu
1398 1010 1584 1045 virginitatem
1603 1017 1657 1037 non
1670 1009 1729 1036 sol-

945 1061 1038 1090 vente,
1055 1057 1129 1091 virgo
1141 1055 1344 1090 permanserit?
1461 1047 1463 1049 ’

981 1103 1008 1130 6.
1029 1103 1064 1129 Et
1077 1103 1118 1137 (ut
1134 1108 1257 1129 extremo
1272 1101 1332 1128 loco
1349 1100 1421 1136 quod
1436 1100 1556 1135 primum
1571 1104 1613 1127 est
1628 1100 1731 1134 dicam)

946 1148 1085 1184 quomodo
1101 1149 1172 1175 Deus
1188 1148 1278 1175 factus
1295 1148 1329 1175 sit
1346 1147 1447 1174 homo?

983 1195 1009 1222 7.
1029 1195 1063 1222 Et
1079 1194 1160 1229 (quod
1175 1194 1262 1230 majus
1276 1194 1435 1229 mysterium
1447 1193 1581 1228 continet)
1593 1194 1732 1228 quomodo

947 1249 996 1277 per
1006 1241 1152 1269 essentiam
1165 1240 1314 1268 secundum
1327 1248 1470 1275 personam
1479 1241 1505 1267 in
1515 1248 1594 1268 carne
1602 1242 1732 1272 existens,

948 1296 997 1323 per
1010 1287 1158 1314 essentiam
1175 1286 1326 1314 secundum
1339 1294 1483 1321 personant
1498 1291 1572 1314 totus
1587 1287 1733 1322 semperin

948 1334 1029 1362 Patre
1046 1333 1149 1361 fuerit?

984 1380 1010 1407 8.
1031 1380 1174 1413 Quomodo
1197 1383 1225 1407 et
1253 1383 1327 1406 totus
1340 1378 1376 1406 sit
1392 1384 1490 1406 natura
1508 1379 1598 1412 Deus,
1614 1383 1640 1405 et
1661 1383 1735 1406 totus

950 1429 1049 1452 natura
1075 1426 1110 1452 ita
1138 1426 1226 1453 lactus
1241 1426 1277 1453 sit
1295 1426 1378 1453 homo
1389 1447 1395 1458 ,
1412 1431 1443 1453 ut
1459 1433 1509 1453 nec
1525 1425 1644 1452 divinam
1659 1445 1666 1457 ,
1684 1433 1736 1452 nee

950 1473 1099 1500 humanam
1124 1472 1274 1508 abjiceret,
1294 1473 1341 1500 sed
1365 1473 1460 1500 ambas
1483 1473 1543 1500 sine
1571 1472 1736 1500 confusione

113 1523 178 1551 bilia
202 1526 300 1556 putas,
326 1528 359 1549 ea
386 1528 469 1555 supra
496 1524 625 1547 naturam
659 1526 720 1546 esse
747 1518 897 1546 conﬁteris.
913 1525 933 1555 ο
950 1520 1111 1554 conjunctas
1127 1519 1324 1546 conservaret?

113 1567 285 1602 Quapropter
311 1566 364 1593 hoc
398 1565 447 1592 tibi
463 1565 618 1592 divinitatis
633 1565 692 1601 ejus
714 1565 900 1593 certissimum

114 1615 151 1640 sit
169 1615 375 1647 argumentum,
394 1611 468 1646 quod
484 1618 546 1646 quae
569 1612 603 1638 de
628 1611 676 1638 illo
701 1611 899 1646 praadicantur,

115 1666 170 1686 non
181 1662 336 1693 sequuntur
345 1659 458 1685 omnino
470 1658 597 1685 ordinem
608 1658 762 1685 naturalem
775 1667 780 1685 :
796 1657 900 1685 etenim

115 1705 138 1732 si
159 1712 192 1731 ea
217 1712 278 1739 quae
293 1703 328 1731 de
348 1704 460 1731 Christo
476 1704 618 1731 memoriae
634 1704 744 1738 prodita
762 1708 837 1737 sunt,
854 1711 902 1731 ua-

117 1757 184 1778 tum
198 1751 324 1778 terminis
337 1751 429 1778 omnia
440 1750 660 1783 continerentur,
672 1750 717 1777 ubi
733 1751 807 1778 illius
827 1755 902 1778 esset

117 1796 265 1823 divinitas?
279 1795 347 1823 Cum
365 1803 432 1823 vero
446 1795 608 1827 multorum,
626 1795 727 1830 quibus
753 1796 832 1823 [idem
847 1804 902 1822 non

117 1841 212 1874 habes,
229 1842 299 1868 ratio
315 1845 579 1875 naturamsuperet,
595 1841 653 1868 haec
669 1842 728 1876 ipsa
743 1842 904 1869 testimonio

117 1891 193 1920 sunt,
211 1887 288 1914 illum
306 1894 388 1921 quem
411 1887 595 1921 praedicamus
612 1887 698 1914 Deum
723 1887 806 1914 etiam
831 1894 902 1914 esse.

118 1931 249 1958 Homines
279 1931 352 1958 enim
376 1935 544 1966 generantur
566 1939 600 1958 ex
624 1936 768 1966 parentum
790 1932 904 1966 conjun-

118 1977 218 2010 ctione,
233 1981 338 2012 etpost
359 1981 476 2004 mortem
494 1977 579 2011 ipsam
596 1982 820 2009 corrumpuntur.
839 1977 905 2010 Quae

119 2023 141 2050 si
161 2022 195 2050 de
219 2023 280 2058 ipso
298 2023 468 2056 dicerentur,
490 2024 575 2050 Deum
590 2031 651 2051 esse
666 2031 723 2050 non
735 2031 832 2058 posses
846 2024 906 2050 exi;

119 2069 241 2101 stimare,
260 2077 341 2104 quem
358 2069 483 2096 eamdetn
502 2076 583 2103 quam
601 2075 668 2099 nos.
683 2069 785 2096 habere
799 2073 906 2096 naturae

117 2114 303 2142 conditionem
325 2114 503 2149 intelligeres.
529 2114 564 2141 At
591 2122 653 2141 cuin
682 2114 761 2142 illum
789 2115 903 2150 quidem

118 2159 212 2187 natum
238 2167 298 2187 esse
319 2160 410 2192 audis,
434 2160 481 2187 scd
504 2160 635 2187 nascendi
654 2160 761 2188 ratione
780 2168 905 2188 commu-

987 1565 1014 1591 l.
1034 1564 1095 1591 Hzec
1108 1564 1176 1591 lides
1191 1565 1248 1592 sola
1265 1564 1486 1600 comprehendit,
1501 1570 1564 1592 cum
1573 1572 1666 1592 eorum
1677 1573 1737 1599 quas

953 1614 1072 1637 mentem
1083 1614 1111 1637 et.
1121 1610 1316 1645 cogitationem
1331 1615 1465 1645 superant
1479 1610 1679 1639 demonstratio
1690 1611 1738 1643 sit,

952 1660 1034 1690 atque
1047 1656 1130 1683 etiam
1146 1656 1269 1691 cognitio
1281 1661 1309 1684 et
1326 1656 1453 1690 scientia,
1468 1664 1528 1692 quae
1543 1657 1625 1684 nullis
1643 1656 1738 1684 verbis

953 1701 1134 1728 demonstrari
1153 1702 1250 1736 possit.

989 1747 1016 1774 2.
1036 1748 1184 1782 Ejusdem,
1210 1747 1331 1775 Adamus
1357 1755 1372 1775 a
1397 1748 1491 1775 divino
1509 1747 1638 1774 mandato
1660 1755 1738 1774 recu-

954 1792 1023 1819 dens
1038 1792 1064 1819 in
1079 1798 1160 1819 causa
1179 1791 1241 1823 fuit,
1261 1797 1291 1819 ut
1304 1792 1422 1819 hominis
1444 1791 1610 1826 principium
1627 1791 1738 1818 sitcum

954 1838 1104 1872 voluptate,
1124 1838 1185 1864 linis
1209 1845 1271 1864 cum
1297 1838 1402 1865 dolore.
1427 1838 1494 1865 Nam
1518 1845 1581 1865 cum
1598 1837 1740 1872 voluptate

955 1883 1087 1918 gignitur,
1103 1891 1165 1910 cum
1179 1883 1274 1910 dolore
1288 1884 1417 1911 moritur.
1434 1884 1561 1910 Christus
1585 1889 1676 1910 autem
1701 1883 1742 1910 l'a-

956 1933 1015 1955 ctus
1038 1929 1170 1956 obediens
1191 1929 1276 1956 alium
1293 1937 1326 1956 ex
1346 1929 1450 1965 Spiritu
1473 1935 1564 1957 ortum
1582 1930 1741 1957 hominibus

957 1975 1073 2010 largitus
1088 1981 1141 2008 est,
1157 1976 1237 2011 cujus
1255 1976 1363 2003 initium
1382 1984 1397 2003 a
1411 1976 1507 2003 dolore
1528 1976 1640 2011 quidem
1659 1983 1742 2003 exco-

957 2020 1045 2047 lenth
1070 2021 1191 2052 virtutis,
1218 2025 1246 2048 et
1270 2020 1411 2048 laboribus
1434 2022 1576 2048 nascitur:
1598 2021 1661 2048 linis
1678 2029 1742 2048 vero

958 2065 1126 2100 voluptatem
1151 2070 1179 2093 et
1205 2067 1325 2100 quietem
1349 2068 1539 2102 consequitur.
1556 2068 1741 2100 Quamobrem

957 2116 984 2139 et
999 2111 1056 2146 ipse
1071 2119 1133 2138 cum
1150 2112 1232 2139 vellet
1247 2112 1329 2140 homo
1342 2112 1411 2146 lteri,
1431 2113 1558 2148 quamvis
1573 2114 1677 2141 semine
1691 2121 1741 2140 no-

958 2158 1041 2185 luerit
1057 2159 1204 2193 generari,
1232 2163 1348 2186 mortem
1377 2164 1470 2186 tamen
1495 2159 1620 2194 perferre
1641 2160 1741 2190 voluit.

119 2211 182 2230 nem
203 2210 309 2232 naturae
325 2211 426 2232 nostra!
447 2205 572 2232 ordinem
589 2213 745 2240 superasse,
762 2206 905 2233 eumdcm-
922 2197 943 2224 Ῑ)
959 2212 1014 2231 non
1029 2209 1059 2232 ut
1074 2205 1239 2240 voluptatis,
1255 2213 1315 2239 qua:
1331 2205 1406 2232 nulla
1429 2205 1532 2238 fuerat,
1551 2210 1624 2233 esset
1650 2213 1741 2239 pmna.

118 2256 171 2283 que
190 2255 329 2276 mortuum
344 2250 468 2283 quidem,
486 2251 534 2278 sed
548 2251 754 2286 corruptionem
772 2259 827 2279 non
842 2253 906 2279 atti-

118 2295 188 2330 gisse
208 2303 214 2322 :
233 2303 404 2330 consequens
415 2296 498 2329 foret,
510 2301 541 2324 ut
555 2297 577 2324 si
595 2297 758 2324 alterutrum
775 2297 823 2324 tibi
841 2305 904 2324 creo

120 2341 239 2369 dendqu
255 2350 308 2368 non
324 2347 408 2374 esset,
428 2343 568 2370 hominem
585 2342 677 2377 potius
694 2351 757 2370 eum
772 2351 832 2371 esse
851 2352 905 2371 non

118 2388 256 2420 crederes,
272 2396 356 2415 unum
371 2396 404 2416 ex
416 2388 450 2416 iis
462 2389 510 2423 qui
527 2388 555 2415 in
568 2393 666 2416 natura
681 2389 902 2423 conspiciuntur,

118 2437 147 2459 et
163 2440 244 2466 quem
262 2440 316 2460 non
340 2441 402 2460 esse
420 2433 561 2460 hominem
577 2434 713 2466 crederes,
729 2442 791 2461 eum
805 2443 903 2462 neces-

119 2476 191 2503 sario
210 2477 295 2503 Deum
310 2485 369 2505 esse
382 2478 568 2507 arbitrareris.
580 2478 632 2512 Qui
648 2479 721 2505 enim
736 2487 800 2506 cum
813 2484 903 2507 ortum

118 2529 179 2549 esse
197 2524 336 2550 memoriae
363 2524 485 2557 tradidit,
517 2524 588 2551 idem
613 2532 647 2551 ex
672 2525 782 2560 Virgine
809 2531 904 2553 natum

121 2571 237 2594 testatus
261 2574 313 2595 est.
339 2568 526 2600 Quamobrem
555 2570 578 2597 si
602 2570 749 2605 scriptoris
771 2572 856 2599 verba
879 2577 905 2599 te

119 2613 270 2646 adducunt,
288 2619 317 2640 ut
331 2619 425 2642 natum
439 2615 545 2648 credas,
555 2616 650 2644 eadem
662 2616 806 2652 scriptoris
822 2617 905 2644 verba

122 2659 170 2686 tibi
187 2660 264 2686 illum
289 2660 326 2688 ita
349 2665 443 2688 natum
461 2668 521 2688 esse
545 2663 728 2694 persuadeant
749 2672 755 2689 :
773 2663 819 2698 qni
832 2664 906 2690 enim

122 2710 213 2731 ortum
232 2706 318 2740 ipsius
342 2707 491 2738 enarravit,
511 2707 582 2734 idem
604 2715 665 2734 cum
681 2716 714 2734 ex
730 2709 840 2743 Virgine
857 2704 907 2736 ad-

120 2751 207 2786 iunxit
220 2752 357 2780 cxstitisse
373 2757 420 2780 :ct
435 2753 481 2788 qui
501 2753 534 2780 de
552 2758 639 2781 morte
651 2755 818 2782 mentionem
831 2756 904 2789 fecit,

122 2799 351 2826 resurrectionem
375 2799 456 2826 etiam
480 2804 542 2835 post
558 2805 673 2828 mortem
688 2805 730 2829 est
746 2805 904 2830 attestatus.

122 2843 197 2876 Quod
216 2844 236 2871 si
253 2852 285 2871 ex
302 2844 335 2871 iis
347 2852 408 2879 qua:
423 2845 512 2879 audis,
527 2850 553 2873 et
572 2852 710 2875 mortuum
733 2852 761 2876 et
781 2849 904 2884 genitum

263 2893 397 2925 ΡΑτιιοι..
414 2895 471 2926 Gn.
488 2892 645 2924 CXXXIX.

958 2249 1006 2277 sed
1030 2255 1059 2277 ut
1085 2258 1135 2277 nos
1161 2251 1305 2278 damnatos
1329 2251 1500 2285 absolveret,
1529 2256 1559 2279 ut
1584 2257 1671 2279 morte
1692 2260 1740 2278 sua

959 2300 1076 2323 mortem
1093 2302 1215 2323 nostram
1233 2297 1415 2330 interimeret,
1432 2302 1460 2324 et
1481 2297 1641 2326 conciliaret
1662 2298 1743 2325 nobis

959 2342 1201 2370 immortalitatem.

995 2389 1010 2415 5
1042 2389 1183 2423 Ejusdem.
1201 2389 1321 2423 [Equum
1335 2389 1398 2422 l'uit,
1414 2393 1444 2416 ut
1468 2391 1552 2423 Deus,
1575 2391 1621 2425 qui
1646 2395 1744 2418 natura

958 2439 986 2461 et
997 2435 1097 2466 bonus,
1112 2440 1139 2461 ct
1152 2435 1270 2469 sapiens,
1285 2440 1313 2462 et
1325 2436 1426 2470 justus,
1438 2440 1465 2463 et
1479 2441 1577 2471 potens
1591 2441 1644 2469 est,
1656 2444 1745 2471 neque

958 2481 996 2508 uti
1014 2481 1103 2508 bonus
1126 2480 1246 2508 hominis
1259 2489 1274 2508 a
1288 2489 1316 2508 se
1333 2483 1467 2516 procreati
1492 2482 1646 2516 despiceret
1665 2482 1744 2508 infir-

960 2527 1082 2554 mitatem
1101 2536 1107 2553 ι
1126 2532 1153 2554 et
1177 2527 1215 2553 uti
1232 2527 1353 2562 sapiens-
1368 2528 1428 2563 ejus
1452 2528 1582 2554 curandae
1608 2527 1744 2553 rationem

957 2578 1094 2608 cognitam
1121 2574 1235 2600 haberet
1252 2582 1257 2600 :
1272 2578 1300 2601 et
1316 2574 1355 2600 uti
1369 2574 1460 2609 justus
1484 2581 1532 2600 eos
1553 2573 1600 2607 qui
1618 2572 1746 2599 volentes

960 2620 1087 2647 servituti
1102 2627 1163 2647 sese
1176 2621 1363 2655 subjccerant,
1380 2620 1455 2647 nulla
1472 2619 1603 2646 violentia
1618 2618 1646 2645 in
1660 2617 1746 2646 libcr-

959 2670 1042 2692 tatem
1057 2665 1209 2692 vindicaret
1223 2675 1229 2692 :
1244 2669 1313 2692 etut
1325 2669 1423 2699 potens
1436 2664 1469 2691 ad
1481 2665 1534 2691 hoc
1546 2662 1746 2698 perliciendum

957 2713 1032 2739 vires
1049 2716 1077 2739 et
1091 2711 1251 2739 facultatem
1268 2712 1418 2739 obtineret.

994 2758 1021 2785 4.
1043 2758 1090 2785 Dei
1110 2758 1230 2785 Verbum
1249 2765 1332 2785 carne
1356 2757 1440 2785 semel
1463 2761 1624 2792 generatum
1640 2756 1745 2792 Spiritu

959 2803 1118 2831 volentibus
1151 2811 1260 2838 semper
1287 2807 1445 2838 generatur.
1469 2803 1559 2831 Mores
1573 2803 1744 2836 virtutesque

961 2850 1039 2886 quasi
1053 2857 1152 2885 corpus
1171 2851 1231 2885 ejus
1246 2850 1429 2882 constituunt,
1445 2857 1584 2877 sermones
1598 2849 1624 2877 in
1642 2849 1746 2885 Spiritu

1509 2897 1546 2929 39
