1949 3073
184 109 250 142 19.27

184 163 270 191 habiti
289 161 408 189 animam
422 179 429 191 ,
450 161 571 186 mentem
586 162 652 183 vero
669 151 822 186 theologica
847 155 972 176 contem-
984 149 1008 179 Α

183 210 278 245 platio.

218 255 246 282 ὅ.
267 253 407 289 Ejusdem.
424 250 474 284 Qui
491 250 550 277 siue
571 250 685 283 peccato
710 245 798 273 factus
821 247 863 270 cst
878 242 971 274 homo,

183 301 296 329 omnino
312 298 372 326 sine
389 296 543 324 mutatione
568 291 724 320 divinitatis
748 288 888 316 hominem
903 286 974 314 divi-

184 353 250 372 nutn
262 343 371 374 elIiciet,
385 347 504 376 eumque
520 346 569 374 per
582 346 610 365 se
624 341 730 364 tantum
745 333 868 364 estollet,
883 339 972 366 quan-

184 396 243 419 tutn
259 397 309 425 per
325 389 402 416 illum
419 394 480 415 sese
503 383 643 412 submisit.
664 383 694 409 In
713 380 822 407 sazculis
838 379 912 406 enim
931 377 974 403 iu-

185 438 265 468 turis,
296 440 327 462 ut
361 435 399 461 ait
430 431 601 468 Apostolus.
633 429 764 464 pateliettt
806 425 974 452 excellentes

186 484 288 512 divitiae
308 481 439 508 bonitatis
455 486 519 513 erga
538 484 587 504 nos
604 476 662 502 Dei.

222 530 247 556 6.
269 525 506 562 Quemadmodum
532 524 559 550 in
588 523 649 549 lana
675 518 809 549 candida,
833 517 855 544 si
883 515 975 542 colore

186 583 316 611 purpurae
331 573 483 604 imbuatur,
499 578 554 598 non
571 569 626 596 duo
636 572 712 596 sunt,
726 565 774 592 scd
792 571 862 590 uitus
878 562 974 589 color:

186 623 226 650 sic
242 623 268 649 iu
289 625 379 648 mente
401 620 519 646 humana
539 624 554 643 a
571 616 626 642 Dco
645 617 785 647 assumpta
800 631 806 643 ,
824 610 975 642 divinaque

189 669 307 698 reddita.
329 674 384 694 non
409 665 464 692 duo
489 668 552 691 sunt
577 661 718 697 principes
737 658 810 685 Deus
834 660 862 683 ct
887 662 974 685 mens,

188 715 236 743 sed
255 721 326 741 unus
341 712 388 747 qui
405 716 526 738 mentem
542 708 663 735 divinam
678 702 798 732 reddidit
814 702 896 729 Deus.

475 777 551 805 CAP.
580 773 690 802 XXXII.

389 835 501 864 Joannis
530 831 688 860 Dumascem‘
709 829 777 865 (55).

226 897 346 933 Angelus
369 893 475 922 Domini
502 891 603 919 missus
623 888 657 916 ad
688 892 811 915 sanctam
827 885 978 920 Virginem,

191 953 252 980 quae
275 932 363 978 genus
390 949 423 968 ex
443 938 574 967 Davidica
601 936 674 963 tribu
700 933 836 964 ducebat,
862 932 981 966 (constat

192 993 266 1020 enim
292 989 438 1017 Dotuinum
463 993 497 1013 ex
524 983 594 1012 Juda
610 987 702 1009 ortum
726 977 863 1012 traxisse).
879 985 933 1013 qua
948 984 982 1004 ex

193 1037 268 1065 tribu
293 1034 386 1062 nullus
419 1031 541 1059 animum
567 1028 600 1055 ad
617 1026 800 1055 sacerdotium
816 1023 933 1058 appulit.
974 1040 982 1049 .

195 1135 226 1158 ut
247 1131 343 1156 beatus
370 1125 519 1160 Apostolus
538 1123 585 1154 ait,
604 1122 638 1147 de
660 1127 715 1154 quo
744 1121 837 1153 postea
859 1116 984 1143 dicemus

195 1176 332 1212 apertius)
352 1174 390 1201 sic
405 1170 599 1206 evangelist
615 1167 685 1194 dixit
700 1175 706 1193 :
724 1165 777 1193 Avo
792 1163 880 1198 gratia
894 1161 984 1196 plena,

195 1224 323 1252 Dominus
342 1225 437 1247 tecum.
463 1217 530 1250 Qum
552 1221 614 1241 cum
637 1212 746 1239 turbata
762 1214 836 1236 esset
855 1208 905 1232 hoc
926 1212 984 1232 εει-ο

197 1278 288 1302 mone,
307 1255 424 1301 subiecit
437 1263 550 1298 angelus
565 1268 572 1286 :
584 1259 622 1287 Nc
635 1260 738 1288 timeas,
755 1254 852 1285 Maria,
866 1250 987 1278 invenisti

197 1317 267 1344 enim
290 1314 407 1350 gratiam
421 1309 491 1342 apud
511 1307 665 1335 Dominum,
681 1308 704 1330 et
720 1302 806 1337 paries
834 1298 945 1328 Filium,
963 1300 988 1323 et

201 1362 305 1390 vocabis
320 1365 413 1386 nomen
425 1356 480 1391 ejus
492 1354 594 1381 Iesum.
613 1350 674 1385 Ipse
689 1349 758 1375 enim
776 1345 889 1373 servabit
905 1350 988 1378 popu-

200 1411 254 1436 lum
266 1415 344 1435 suunt
361 1414 376 1432 a
390 1403 501 1440 peccatis
514 1408 605 1428 eorum
620 1407 628 1426 :
644 1397 716 1425 unde
729 1396 810 1424 Jesus
822 1396 989 1421 servatorem

199 1456 345 1491 signiﬁcat.
354 1453 419 1485 Quae
430 1457 492 1477 cum
506 1447 634 1475 haesitans
643 1442 845 1478 respondisset:
857 1437 991 1471 Quomodo

200 1503 244 1537 [iet
258 1501 338 1531 istud,
355 1500 418 1534 quia
430 1498 516 1523 virum
529 1502 581 1520 non
603 1489 749 1527 cognosco?
761 1488 861 1522 adjecit
880 1484 992 1520 angelus

201 1547 318 1582 Spiritus
331 1549 438 1571 sanctus
452 1539 616 1573 superveniet
631 1537 657 1563 in
674 1540 708 1566 te,
725 1540 750 1560 et
766 1534 847 1560 virtus
860 1529 992 1557 Altissimi

201 1577 368 1619 obuntbrabit
383 1588 440 1620 tibi,
454 1587 562 1620 ideoque
573 1586 640 1619 quod
652 1585 775 1608 nascetur
788 1583 853 1606 este
865 1577 991 1604 Sanctum

201 1638 338 1666 vocabitur
351 1635 434 1662 Filius
451 1633 507 1660 [ιεὶ.
527 1631 573 1658 llla
585 1637 668 1657 vero:
688 1628 763 1657 Ecce,
780 1625 880 1660 inquit,
895 1621 994 1650 ancilla

204 1684 321 1714 Domitii,
339 1681 388 1715 fiat
408 1679 471 1706 mihi
485 1676 626 1703 secundant
642 1673 748 1700 verbum
761 1677 837 1697 tuum
852 1670 886 1696 7‘.

240 1730 336 1764 Itaque
352 1726 399 1754 ubi
416 1726 534 1760 primum
551 1726 645 1749 sancta
668 1717 810 1746 consensit
825 1716 916 1750 Virgo,
932 1713 996 1748 Spi—

208 1776 279 1804 ritus
298 1777 413 1801 sanctus
424 1772 452 1798 in
463 1777 524 1797 eam
533 1766 688 1798 descendit,
702 1768 783 1799 prout
795 1762 928 1789 Dominus
943 1767 993 1794 per

207 1822 336 1857 angelum
349 1820 467 1848 dixerat,
481 1820 512 1843 ut
532 1822 592 1842 eam
611 1815 750 1847 purgaret,
771 1809 881 1843 vimque
897 1806 999 1833 divini-

210 1870 275 1897 tatis
306 1871 334 1894 et
359 1862 549 1901 generationis
566 1860 649 1888 Verbi
674 1864 802 1892 capacetn
827 1857 997 1890 suggereret.

209 1915 346 1948 Tuncque
362 1919 412 1947 per
429 1918 458 1937 se
484 1907 640 1935 subsistens
655 1903 781 1931 altissimi
797 1901 845 1929 Dei
864 1898 999 1934 sapientia

209 1969 238 1989 et
250 1962 351 1991 virtus,
364 1959 492 1986 nimirum
508 1955 556 1981 Dei
580 1953 665 1980 Filius
683 1950 755 1978 Patri
776 1946 1000 1976 consubstantia-

209 2009 255 2041 iis,
271 2007 344 2034 haud
363 2011 443 2032 secus
462 2007 544 2036 atque
566 1999 691 2026 divinum
720 2003 813 2023 semen
829 2001 889 2020 eam
904 1993 1002 2019 obum-

179 2074 195 2080 -
212 2057 311 2087 hravit,
326 2054 434 2088 sibique
448 2051 499 2086 ipsi
513 2057 546 2076 ex
561 2048 644 2074 castis
657 2045 716 2079 ejus
728 2048 755 2070 et
772 2039 927 2077 purissimis
940 2046 1004 2065 san-

213 2102 343 2138 guiuibus
361 2105 473 2126 carnem
491 2095 582 2122 anima
600 2091 715 2119 rationis
732 2094 759 2116 et
775 2087 930 2115 intellectus
945 2091 1005 2118 par-

215 2129 228 2138 ς.

215 2149 297 2183 ticipc
309 2147 458 2173 animatum
474 2138 621 2175 compegit,
638 2140 739 2164 nostra:
751 2140 849 2161 massa:
861 2129 982 2165 priinitia
997 2135 1003 2155 :

216 2172 295 2183 μνη-η
311 2172 317 2173 κ
539 2172 546 2175 ,
576 2172 582 2173 ,

215 2204 268 2222 nec
281 2195 306 2221 id
320 2201 353 2220 ex
367 2191 483 2219 sctniuo.
500 2187 547 2215 sed
562 2186 656 2213 divino
667 2181 796 2212 artiﬁcio,
807 2187 855 2215 per
871 2177 1004 2212 Spiritum
1022 2174 1045 2204 Ι)
1060 2174 1166 2201 Etenim
1193 2172 1329 2203 Christus,

217 2246 345 2270 sanctum
378 2247 385 2265 :
419 2244 470 2264 nec
508 2235 595 2268 ﬁgura
631 2229 762 2266 paulatim
802 2224 1008 2254 accassionihus

219 2288 374 2317 cll'ormata,
394 2283 441 2310 sed
465 2289 519 2308 uno
543 2279 695 2310 eodemque
726 2278 865 2302 momento
888 2271 979 2306 perl’ec
993 2277 1008 2295 a

221 2336 312 2368 ipsutu
332 2331 378 2357 Dei
401 2329 520 2356 Verbum
546 2325 638 2353 carnis
661 2320 821 2358 hypostasin
847 2315 1007 2349 assumpsit.

223 2381 315 2413 Itaque
332 2383 393 2404 cum
423 2374 542 2409 primum
561 2378 624 2398 caro
651 2369 713 2399 fuit,
733 2366 779 2394 Dei
800 2370 910 2399 quoque
928 2361 1008 2388 Verbi

223 2431 288 2451 caro
306 2422 358 2449 luit
374 2430 380 2447 :
395 2425 424 2446 ct
436 2426 498 2446 cum
513 2417 632 2452 primum
648 2412 770 2439 attitnata
785 2415 862 2438 caro,
881 2404 1010 2433 rationis-

223 2479 276 2506 que
292 2474 320 2496 ct
336 2466 493 2496 intellectus
511 2449 649 2498 particeps
660 2458 721 2489 l'uit,
740 2456 788 2484 Dei
804 2460 914 2489 quoque
928 2449 1010 2478 Verbi

225 2496 274 2506 γι-ν-
512 2496 517 2498 .

224 2517 345 2543 animata
363 2519 439 2543 caro,
456 2508 627 2540 rationisque
650 2508 678 2531 et
704 2501 859 2529 intellectus
877 2496 1013 2532 particeps

226 2563 288 2590 fuit.
304 2560 438 2595 Quocirca
454 2564 509 2584 non
523 2553 663 2581 hominem
684 2542 854 2589 deiﬁcatum,
878 2544 925 2572 sed
946 2542 1013 2570 Ver-

308 2585 389 2595 r.“
795 2585 798 2589 .

227 2612 291 2638 butn
306 2609 480 2635 incarnatqu
494 2602 622 2630 dicituus.
639 2598 707 2625 Nam
725 2602 788 2623 eum
805 2593 944 2628 perl’ectus
963 2596 1013 2616 na-

220 2659 288 2684 'tura
313 2655 387 2682 Deus
426 2655 509 2681 esset,
550 2647 622 2674 idem
662 2645 745 2672 homo
782 2646 893 2675 quoque
923 2635 1014 2672 perfe-

227 2706 288 2728 ctus
313 2704 356 2726 cst
381 2705 388 2724 :
412 2703 500 2730 neque
530 2697 657 2720 naturam
695 2691 816 2718 mutans,
847 2689 938 2717 neque
965 2689 1015 2716 per

269 2783 290 2797 "
315 2781 382 2808 Luc.
398 2787 416 2810 I,
432 2778 467 2804 28
481 2784 558 2810 seqq.
598 2774 630 2789 "'
647 2771 717 2799 Psal.
735 2775 805 2801 ιιιγ,
818 2767 845 2794 8.

268 2840 323 2871 ('55)
348 2838 425 2864 Tom.
445 2835 532 2867 XCIV,
549 2833 612 2861 985.

812 97 834 127 N
843 95 960 126 lCETA'i
981 91 1184 124 CHONlAT/E

1746 83 1834 116 1228

1023 146 1194 182 phantasiam
1221 151 1269 171 seu
1286 143 1488 171 simulationem
1511 141 1672 178 disponens,
1685 139 1736 167 sed
1756 147 1837 167 car-

1023 201 1085 220 netn
1110 194 1200 220 anima
1227 191 1342 218 rationis
1366 195 1395 218 et
1417 190 1574 217 intellectus
1592 187 1730 223 participe
1762 186 1835 213 ani—

1023 245 1123 267 niataiu
1136 246 1168 265 cx
1185 241 1280 264 saneta
1294 236 1405 271 Virgine
1417 242 1572 265 assumens,
1583 241 1698 269 quaeque
1716 233 1746 259 in
1761 232 1834 266 ipso

1023 286 1173 314 essentiam
1201 284 1337 314 haberet,
1364 281 1535 317 hypostatice
1562 280 1731 315 eonjunctus
1766 283 1833 309 est.

1026 332 1100 358 nulla
1119 330 1297 361 confusione,
1311 329 1387 356 nulla
1406 328 1568 358 mutatione,
1586 327 1662 353 nulla
1679 325 1833 351 divisione

1024 378 1104 409 facta,
1121 377 1273 405 divinitatis
1297 383 1353 403 suae
1374 379 1472 401 natura
1495 374 1522 400 in
1549 373 1641 400 carnis
1667 370 1833 399 essentiam

1025 423 1140 450 minime
1157 427 1273 454 mutata,
1292 428 1382 455 neque
1396 425 1504 450 contra,
1519 418 1610 444 carnis
1626 424 1682 443 suae
1696 415 1834 442 essentia

1026 468 1054 495 in
1069 475 1124 494 sua:
1142 466 1296 493 divinitatis
1318 471 1443 492 naturam
1469 469 1601 490 conversa
1619 470 1625 487 :
1641 468 1733 495 neque
1769 467 1833 486 una

1026 514 1178 547 eademque
1196 516 1304 542 natura,
1323 510 1474 544 composita
1485 517 1519 536 ex
1532 509 1625 536 divina
1642 514 1690 534 sua
1707 511 1832 540 natura,

1026 564 1054 586 et
1072 559 1195 585 humana
1207 565 1289 592 quain
1305 560 1504 590 assumpserat.

1321 623 1395 652 CAP.
1407 623 1526 650 XXXIII.

1028 685 1167 718 Eiusdem,
1186 683 1223 711 De
1247 681 1323 710 modo
1336 681 1508 718 artiﬁciosae,
1526 688 1573 718 seu
1587 683 1686 706 mutuis
1701 677 1834 714 proprie-

1276 722 1362 744 tatum
1382 716 1571 743 retribuionis.

1068 790 1153 818 Voces
1178 789 1220 816 ha:
1240 787 1391 816 divinitatis
1416 791 1444 813 et
1469 785 1658 815 humanitatis,
1674 782 1831 810 essentiam

995 822 1018 851 Β
1032 837 1090 864 sive
1099 840 1225 863 naturam
1238 833 1403 870 signiﬁcant.
1422 832 1476 859 lllze
1489 839 1564 864 vero,
1579 830 1652 857 Deus
1670 834 1699 856 et
1728 828 1831 858 homo,

1030 883 1112 910 modo
1127 883 1274 910 essentiam
1294 880 1426 912 indicant,
1450 883 1480 905 ut
1502 885 1564 905 cum
1592 876 1728 903 dicimus:
1754 874 1833 900 Deus

1030 929 1153 972 essentia,
1165 933 1208 955 est
1222 934 1284 962 quae
1296 924 1492 960 comprehendi
1523 931 1578 950 non
1606 925 1711 957 potest,
1737 920 1806 946 item
1825 927 1832 944 :

1031 976 1104 1002 Deus
1117 965 1160 1002 est
1172 981 1243 1000 unus
1255 980 1261 999 :
1278 971 1358 998 modo
1367 977 1498 1006 personas
1516 968 1666 999 declarant,
1677 966 1712 993 de
1727 965 1835 999 quibus

1032 1020 1069 1047 ita
1086 1019 1188 1046 dicitur
1207 1023 1236 1045 ut
1249 1017 1356 1052 species
1369 1017 1403 1043 de
1432 1016 1490 1042 suis
1514 1012 1673 1042 individuis.
1689 1015 1720 1038 ut
1747 1010 1776 1037 iu
1799 1017 1835 1036 eo

1033 1065 1183 1100 Scriptura:
1217 1064 1298 1091 loco:
1324 1061 1467 1096 Propterea
1498 1061 1573 1087 unxit
1587 1063 1611 1085 te
1646 1057 1727 1089 Deus,
1759 1055 1835 1081 Deus

1034 1112 1149 1143 turia’";
1165 1118 1230 1137 ecce
1241 1110 1314 1136 enim
1330 1109 1375 1135 hic
1384 1108 1490 1135 Patrem
1504 1111 1531 1133 et
1541 1106 1639 1132 Fitiuui
1655 1102 1834 1138 signiﬁcavit.

1034 1158 1143 1185 Etcum
1166 1156 1234 1190 legis
1255 1156 1282 1181 in
1299 1155 1352 1182 alio
1381 1155 1464 1182 loco:
1482 1154 1567 1180 Homo
1588 1150 1696 1185 quidam
1722 1152 1782 1175 erat
1805 1148 1834 1174 in

1036 1203 1143 1237 regione
1163 1200 1330 1232 Ausitide";
1351 1198 1438 1226 Jobus
1461 1205 1536 1225 enim
1567 1197 1644 1223 solus
1680 1194 1834 1220 indicatur.

1036 1247 1170 1282 Quoniam
1180 1246 1262 1282 igitur
1272 1247 1299 1272 in
1309 1245 1424 1272 Domino
1447 1248 1545 1270 nostro
1560 1241 1622 1268 .Icsu
1638 1240 1749 1267 Christo
1763 1239 1835 1265 duas

1038 1300 1151 1322 naturas
1165 1293 1349 1328 agnoscimus,
1375 1296 1404 1318 et
1436 1297 1519 1316 unam
1550 1293 1655 1314 tantum
1686 1291 1834 1320 personati)

1040 1350 1100 1377 qua:
1112 1349 1145 1368 ex
1158 1345 1273 1374 utraque
1285 1342 1393 1366 constat
1421 1341 1519 1363 natura
1530 1355 1538 1367 ,
1556 1333 1671 1369 proinde
1701 1339 1764 1359 cum
1782 1338 1834 1357 na-

1043 1393 1117 1414 turas
1134 1385 1363 1419 contetuplainur,
1380 1383 1553 1410 divinitatem
1581 1384 1609 1407 et
1632 1378 1834 1406 humanitatem

1042 1434 1170 1461 dicimus.
1186 1431 1300 1465 Quando
1315 1435 1406 1457 autern
1418 1436 1452 1455 ex
1462 1431 1561 1454 natura
1583 1428 1753 1453 constantem
1770 1429 1834 1453 per-

1043 1488 1149 1512 sonam,
1162 1479 1185 1507 Si
1196 1487 1229 1505 ex
1247 1483 1361 1511 utraque
1376 1480 1480 1509 natura;
1492 1478 1619 1501 constare
1631 1470 1834 1501 consideretur,

1043 1534 1103 1554 eam
1117 1531 1173 1552 tum
1189 1524 1339 1554 Christum.
1359 1526 1416 1549 tum
1426 1521 1511 1548 Deum
1525 1524 1554 1546 et
1579 1518 1718 1545 hominem
1741 1514 1834 1546 simul,

1044 1577 1102 1600 tum
1117 1573 1202 1599 Deum
1217 1572 1389 1598 incarnatqu
1414 1573 1560 1594 vocamus;
1579 1565 1621 1592 sin
1637 1571 1669 1590 es
1694 1569 1758 1593 una,
1778 1566 1842 1586 lum‘

1045 1620 1130 1647 Deum
1147 1621 1324 1648 duntaxat,et
1342 1615 1440 1643 Filium
1458 1613 1514 1643 Dei,
1530 1617 1586 1639 tum
1599 1610 1737 1637 hominem
1747 1608 1835 1634 solum

1045 1665 1223 1700 appellamus.
1238 1664 1270 1690 Et
1285 1661 1432 1696 aliquauth
1449 1658 1560 1693 quidctn
1583 1664 1615 1683 ex
1628 1653 1836 1682 sublimioribus

1046 1711 1209 1742 rationibus,
1226 1707 1373 1743 aliquando
1401 1710 1493 1732 autent
1508 1712 1541 1730 ex
1565 1700 1759 1729 humilioribus
1770 1705 1835 1724 cou-

1047 1758 1204 1785 sideratur:
1218 1761 1289 1781 unus
1303 1753 1376 1781 enim
1389 1756 1441 1781 est,
1463 1750 1520 1776 sive
1534 1749 1584 1774 hoc
1600 1748 1658 1773 sive
1678 1745 1725 1771 illo
1756 1742 1835 1769 modo

1048 1805 1170 1832 exsistat.
1189 1802 1247 1829 Jam
1268 1807 1329 1826 cum
1347 1793 1517 1825 divinitatem
1531 1794 1658 1824 dicimus,
1669 1798 1730 1818 eam
1744 1791 1835 1816 huma-

1048 1850 1144 1877 nitatis
1173 1845 1389 1883 proprietatibus
1411 1850 1467 1869 non
1498 1839 1727 1867 deuotninamus:
1752 1839 1837 1868 neque

1049 1897 1123 1924 eniin
1146 1895 1263 1922 dicimus
1278 1891 1449 1919 divinitatem
1467 1889 1534 1923 pati,
1553 1891 1601 1914 aut
1619 1889 1738 1912 creatam
1768 1888 1835 1908 esse.

1051 1943 1225 1970 Necrursum
1242 1942 1274 1967 de
1300 1945 1394 1970 carne,
1421 1940 1468 1963 aut
1489 1934 1659 1962 humanitate
1689 1926 1837 1956 divinitatis

1053 1989 1233 2024 proprietates
1255 1985 1440 2012 cuuutiatuus.
1463 1978 1690 2014 Quandoquidem
1710 1981 1759 2002 nec
1781 1980 1837 1999 car-

1053 2044 1117 2063 nem
1138 2042 1189 2062 ncc
1205 2033 1404 2060 humanitatem
1430 2030 1579 2057 incrcatain
1604 2026 1780 2060 appellamus.
1805 2023 1837 2049 At

1055 2088 1188 2116 persome,
1205 2080 1262 2107 sive
1274 2087 1306 2106 ex
1324 2086 1388 2108 una,
1404 2077 1460 2104 sive
1475 2083 1508 2102 ex
1524 2080 1638 2107 utraque
1654 2077 1729 2106 parte
1753 2068 1836 2096 nomi-

1059 2135 1164 2159 nemus,
1181 2126 1323 2158 utriusque
1342 2128 1445 2151 natura:
1468 2121 1648 2157 proprietates
1659 2115 1835 2144 attrihuimus.

1356 2167 1587 2204 quemadmodum
1615 2169 1758 2196 utrumque
1786 2163 1836 2188 est,

1059 2221 1097 2247 sic
1111 2220 1194 2247 etiam
1204 2218 1315 2249 dicitur,
1327 2221 1384 2243 tum
1398 2216 1469 2242 Deus
1483 2218 1510 2241 et
1536 2212 1628 2242 homo,
1658 2215 1714 2235 tum
1739 2210 1838 2232 creatus

1059 2271 1086 2293 et
1103 2267 1254 2294 iucreatus,
1276 2268 1332 2290 tum
1346 2261 1401 2296 pati
1432 2264 1528 2286 etnon
1569 2256 1644 2293 pati:
1678 2253 1743 2287 Quin
1763 2251 1838 2277 etiam

1060 2321 1120 2340 cuin
1135 2319 1167 2339 ex
1180 2317 1233 2337 una
1243 2313 1348 2336 tantum
1365 2311 1452 2342 parte,
1465 2305 1507 2331 \‘cl
1521 2304 1592 2330 Deus
1617 2304 1664 2327 aut
1694 2298 1774 2325 Filius
1795 2295 1839 2322 Dei

1061 2358 1230 2387 nominatur,
1246 2355 1398 2389 eonjuuctzc
1411 2352 1460 2379 sibi
1476 2354 1581 2377 natura:
1596 2355 1642 2374 seu
1656 2344 1746 2371 carnis
1762 2341 1840 2369 susci-

1062 2405 1129 2439 cipit
1144 2387 1334 2438 propiietttes.
1351 2400 1473 2432 Itemque
1494 2397 1564 2422 Deus
1593 2398 1700 2428 passus,
1713 2394 1741 2416 et
1758 2387 1841 2415 Domi—
1866 2411 1868 2414 ,

1064 2458 1116 2477 nus
1127 2449 1219 2485 gloria:
1231 2447 1326 2474 allixus
1342 2445 1428 2476 cruci,
1456 2450 1510 2470 tton
1534 2445 1669 2476 quatenus
1697 2436 1773 2467 Deus,
1798 2433 1840 2460 sed

1065 2502 1202 2532 quatenus
1216 2495 1297 2520 homo
1310 2492 1411 2520 dicitur
1426 2498 1432 2516 :
1455 2489 1497 2516 vel
1511 2488 1603 2517 homo,
1621 2488 1668 2511 aut
1700 2482 1782 2509 Filius
1797 2479 1842 2506 bo-

1067 2542 1150 2570 ntiuis
1184 2544 1309 2571 vocatur,
1341 2535 1467 2564 essentia).
1499 2533 1596 2561 divina:
1623 2528 1799 2565 proprietates
1818 2527 1842 2550 ct

1067 2588 1214 2623 dignitates
1232 2584 1363 2615 admittit,
1376 2586 1542 2614 vocaturque
1552 2576 1683 2612 puerulus
1696 2577 1756 2599 autc
1766 2577 1843 2597 saecu-

1066 2634 1102 2665 la,
1119 2637 1146 2660 et
1162 2632 1244 2658 liouto
1259 2631 1318 2657 sine
1329 2627 1482 2664 principio:
1499 2632 1552 2651 non
1583 2625 1718 2657 quatenus
1728 2622 1766 2644 est
1783 2621 1841 2649 pue-

1069 2680 1145 2706 rulus
1173 2681 1220 2705 aut
1256 2662 1355 2707 homo,
1383 2673 1432 2701 sed
1458 2676 1596 2706 quatenus
1623 2667 1696 2694 Deus
1725 2662 1844 2690 essisteus

899 2764 922 2780 ”
937 2762 998 2791 Job.
1012 2769 1033 2794 ι,
1052 2761 1076 2788 1.
