1949 3073
116 152 184 185 1229

741 150 937 182 THESAURI
957 151 1030 181 LIB.
1050 150 1107 180 IlI.

1666 150 1732 181 1230

114 211 177 234 ante
191 206 301 239 saecula,
321 206 347 233 in
360 205 515 233 novissimis
536 209 616 233 natus
629 210 671 233 est
684 206 800 233 saeculis.
814 207 902 241 Atque
916 208 938 236 Α
952 206 1080 232 omnibus
1093 204 1272 232 immanitatis
1287 202 1412 238 personis
1438 202 1590 231 secundum
1607 211 1738 238 personas

114 254 172 281 hac
182 253 292 288 quidem
308 256 349 280 est
365 251 434 279 ratio
451 256 553 278 mutua:
564 251 731 286 alternaeque
743 252 903 280 attributio-

113 300 157 327 nis
173 299 317 333 utriusque
326 301 430 324 naturae
451 304 512 331 quae
525 303 589 323 suas
616 302 732 331 utraque
757 297 904 332 proprieta-

115 350 156 372 tes
171 344 247 372 alteri
275 343 397 370 vicissim
424 343 536 377 praebet.
553 346 696 377 propterea
726 343 798 377 quod
823 351 903 370 unam

116 397 145 420 et
167 390 290 418 eamdem
317 397 462 425 personam
495 389 675 422 constituunt,
701 396 785 424 seque
808 393 904 416 mutuo

112 435 362 471 comprehendunt.
380 435 417 462 Ex
433 442 488 469 quo
498 434 537 467 fit,
558 439 588 462 ut
619 435 653 462 de
684 434 793 461 Christo
816 435 904 469 possi-

113 490 175 510 mus
185 482 277 509 dicere
295 490 301 508 :
321 481 370 508 Hic
383 481 456 507 Deus
476 486 579 513 noster,
605 481 632 507 in
661 484 734 508 terra
756 481 829 507 visus
851 484 903 514 est,
926 500 929 502 ›

113 532 141 554 et
171 535 233 554 cum
278 526 438 553 [nominibus
479 531 614 553 versatus.
646 526 734 553 ltcm:
753 525 803 553 llic
823 526 904 553 homo

113 580 165 602 nec
194 578 304 600 creatus
343 577 460 605 est,nee
490 571 602 606 patitur,
629 579 680 599 nec
707 572 763 599 ullo
785 572 904 600 termino

113 618 361 646 circumscribitur.

400 685 477 713 CAP.
491 684 612 712 XXXIV.

117 743 254 778 Ejusdem.
280 744 373 770 Totam
392 745 507 770 divinam
526 748 650 770 naturam
674 745 700 770 in
720 751 772 770 una
793 752 903 771 marum

151 787 323 813 personarum
334 780 513 806 totihumanw
532 785 637 806 natura:
655 780 825 810 coniunctam
836 787 902 811 esse,

151 822 203 840 non
240 821 329 840 autem
355 819 457 847 partem
486 815 577 847 parti:
593 813 602 874 5
616 821 674 848 qua?
692 815 796 848 quidem
817 815 902 841 oratio

151 849 297 874 necessaria
307 852 344 874 est
360 849 438 874 etiam
449 849 591 874 nduersus’t’
605 848 654 874 los.
667 850 711 874 aui
723 850 751 874 in
763 853 855 874 sancta
879 854 902 874 et

149 849 297 875 necessaria
307 852 344 874 est
360 849 438 875 etiam
449 848 654 882 nduersusft’llos,
667 850 711 883 qui
723 850 751 875 in
763 853 855 875 sancta
879 854 904 876 et

151 885 269 918 ejusdem
298 889 418 910 essentia:
449 880 580 918 Trinitate
613 879 677 910 tres'
699 888 823 911 asserunt
846 892 904 912 esse
920 879 940 906 Β

149 917 300 953 singulares
315 917 466 954 essentiam]

149 985 215 1019 Qua
227 993 371 1014 commune
388 990 416 1014 et
447 987 618 1018 universum,
638 994 669 1014 ac
700 987 782 1014 veluti
816 991 904 1015 totum

113 1033 244 1068 quiddam
262 1032 443 1066 constituunt,
458 1041 489 1060 ea
499 1033 533 1060 de
551 1033 684 1068 subjectis
698 1033 751 1060 sibi
781 1033 906 1068 partibus

114 1078 261 1105 dicuntur.
270 1077 365 1112 itaque
375 1085 439 1106 cum
449 1078 568 1105 essentia
590 1085 736 1105 commune
754 1083 782 1105 et
796 1079 907 1106 univer-

115 1131 175 1151 sum
201 1124 335 1158 quiddam
359 1124 404 1156 sit,
438 1131 469 1151 ac
499 1124 583 1151 totius
624 1125 757 1151 rationem
785 1124 907 1152 obtineat

115 1176 230 1204 persona
246 1175 336 1196 autetn
354 1177 427 1204 pars,
446 1170 536 1204 (pars.
554 1170 677 1205 inquam,
690 1178 743 1197 non
760 1171 833 1205 quod
851 1179 903 1198 na-

119 1220 188 1242 turae
219 1219 325 1250 partem
360 1215 470 1248 habeat,
499 1219 604 1250 partem
640 1223 695 1243 non
723 1216 832 1248 habeat,
858 1216 904 1244 sed

116 1268 231 1287 nutnero
246 1267 319 1295 pars,
337 1264 365 1286 ut
393 1260 580 1293 individuum;
604 1268 721 1288 nuntero
751 1262 836 1294 enim,
852 1270 906 1289 non

119 1310 218 1333 natura
239 1305 372 1333 diﬁerunt
384 1306 526 1340 personae)
550 1309 669 1334 essentia
688 1307 791 1335 dicitur
801 1308 834 1335 de
845 1316 907 1342 per-

116 1358 193 1378 sona.
205 1351 340 1384 Quoniam
355 1352 382 1378 in
397 1359 560 1386 unaquaque
582 1352 707 1387 ejusdem
732 1352 832 1387 speciei
846 1361 907 1388 per.

119 1406 248 1426 sonarum
261 1403 304 1426 est
319 1399 438 1426 essentia
450 1399 580 1433 perfecta.

152 1443 336 1475 Quamobrem
371 1450 494 1477 personae
538 1444 657 1471 essentia
694 1451 748 1471 non
776 1444 908 1472 dill‘erunt

117 1488 188 1515 inter
204 1495 244 1519 se,
260 1488 307 1515 sed
319 1487 516 1515 accidentibus.
539 1488 696 1516 Accidentia
720 1497 787 1516 voco
811 1490 908 1517 chara-

119 1540 208 1562 cteres
224 1542 257 1561 ac
272 1539 352 1561 notas
376 1534 435 1561 illas
448 1534 583 1568 proprias,
607 1542 668 1569 qua:
681 1543 837 1570 personam,
852 1543 905 1563 non
919 1552 941 1581 ο

116 1585 208 1606 autent
238 1580 385 1607 essentiam
406 1580 561 1615 designant.
590 1579 635 1607 Sic
659 1581 732 1607 enim
759 1589 905 1616 personam

116 1626 260 1658 definiunt,
277 1631 306 1654 ut
320 1626 355 1654 sit
371 1627 489 1654 essentia
511 1634 572 1654 cum
585 1626 773 1654 accidentibus
796 1628 908 1662 conjun-

120 1678 174 1699 cta.
192 1672 282 1705 Quare
294 1679 411 1708 persona
439 1672 523 1699 habet
540 1672 577 1705 id,
594 1672 667 1707 quod
696 1678 738 1700 est
761 1680 907 1701 commune

116 1727 178 1747 cum
194 1720 302 1754 propria
328 1724 391 1746 nota
416 1720 584 1754 copulatum.
611 1720 736 1747 Essentia
763 1728 827 1747 vero
851 1727 906 1749 non

116 1773 165 1799 per
194 1773 224 1792 se
257 1765 396 1798 subsistit,
430 1765 477 1792 scd
495 1765 521 1791 in
550 1765 674 1800 personis
704 1765 906 1794 consideratur.

115 1810 209 1844 Itaque
225 1818 286 1837 cum
299 1819 352 1837 una
371 1811 472 1845 patitur
489 1817 679 1845 personarum,
695 1811 787 1839 omnis
812 1819 908 1839 essen-

117 1855 167 1887 tia,
183 1863 233 1890 per
251 1864 332 1890 quam
351 1861 394 1883 est
415 1863 542 1890 persona,
559 1857 586 1882 in
603 1864 657 1883 una
670 1864 781 1884 suarum
813 1865 909 1892 perso-

116 1908 213 1927 narum
230 1901 332 1928 dicitur
350 1908 439 1936 passa.
454 1900 510 1928 Nec
527 1905 617 1928 tamen
635 1902 760 1936 sequitur
782 1909 908 1929 necessa-

116 1947 168 1980 l‘iu,
186 1952 216 1974 ut
227 1955 323 1974 omnes
335 1947 456 1981 ejusdem
470 1948 571 1982 speciei
586 1954 709 1981 persona:
731 1947 813 1975 simul
839 1955 904 1975 cum

117 1994 162 2021 illa
175 2001 236 2028 quae
250 2000 328 2027 passa
355 1997 416 2025 est,
432 1993 498 2028 ipsae
522 2000 634 2028 quoque
663 2001 747 2028 passa:
772 1994 906 2022 dicantur.

116 2039 162 2067 Sic
172 2046 238 2073 ergo
255 2038 419 2066 conﬁtemur
444 2042 529 2066 totam
544 2038 701 2067 divinitatis
727 2044 852 2067 naturam
879 2040 907 2067 in

116 2083 231 2117 singulis
252 2083 377 2117 personis
412 2083 470 2110 suis
497 2090 558 2110 esse
587 2083 750 2117 perfectam,
778 2088 864 2110 totam
879 2085 907 2112 in

115 2128 197 2157 Patre
214 2149 220 2160 ,
238 2134 321 2156 totam
349 2129 375 2155 in
404 2128 484 2160 Filio,
513 2133 596 2156 totam
624 2129 650 2155 in
674 2128 777 2163 Spiritu
801 2135 906 2158 sancto.

116 2174 250 2205 Quocirca
262 2178 293 2201 et
309 2174 449 2209 perfectus
466 2174 537 2200 Deus
551 2179 593 2201 est
609 2174 700 2207 Pater,
719 2179 747 2202 et
771 2175 908 2210 perfectus

955 259 1015 278 esse
1033 250 1203 285 conjunclas.
1221 249 1300 276 Nulla
1323 248 1396 276 enim
1413 248 1476 280 alia,
1495 247 1547 274 nisi
1564 248 1740 283 approbatio-

955 297 998 324 nis
1008 302 1036 324 et
1051 296 1202 323 voluntatis
1219 295 1325 322 ratione
1339 295 1419 322 Pater
1439 298 1466 321 et
1481 293 1600 328 Spiritus
1617 300 1741 326 sanctus,

955 345 1124 376 assumptata
1139 342 1193 368 Dco
1204 341 1293 369 Verbo
1314 339 1477 367 humanitati
1489 339 1741 367 eommunicarunt.
1768 359 1770 361 -

955 389 1051 415 Totam
1081 395 1147 415 vero
1174 387 1326 415 divinitatis
1359 387 1506 414 essentiam
1536 386 1584 414 toti
1613 387 1741 414 humanae

955 439 1060 460 naturae
1075 433 1248 468 conjunctam
1259 433 1417 459 asserimus.
1434 432 1503 464 Quia
1534 432 1602 459 nihil
1634 439 1742 464 eorum,

954 488 1015 515 qua:
1031 484 1136 506 natura;
1152 483 1252 506 nostra:
1275 479 1347 506 Deus
1378 479 1498 506 Verbum
1525 478 1651 509 inseruit,
1680 485 1743 505 cum

955 525 1036 552 initio
1053 533 1103 552 nos
1120 529 1293 560 procrearet,
1310 524 1426 556 dimisit,
1441 524 1487 552 sed
1503 524 1593 551 omnia
1612 525 1743 558 suscepit,

955 579 1053 607 nempe
1068 579 1178 606 corpus,
1194 571 1312 598 animam
1335 576 1427 598 mente
1455 571 1616 604 rationeque
1643 569 1742 604 pncdi-

957 626 1022 651 tam,
1045 625 1076 646 et
1103 626 1196 646 eorum
1224 617 1534 653 proprietates(animal
1564 617 1637 643 enim
1667 616 1742 651 quod

955 667 1052 694 harum
1065 666 1155 700 aliqua
1170 670 1245 700 parte
1270 669 1353 694 caret,
1367 672 1420 690 non
1450 667 1492 690 cst
1520 662 1630 696 homo).
1644 663 1743 690 Totum

954 712 1028 739 enim
1046 716 1119 738 totus
1128 710 1286 745 assumpsit,
1306 714 1334 737 et
1353 714 1425 736 totus
1442 709 1490 736 toti
1513 709 1675 743 conjunctus
1691 713 1744 739 est,

956 761 985 784 ut
1001 757 1048 784 loti
1063 757 1178 783 salutem
1196 756 1350 790 largiretur.
1379 755 1456 788 Quod
1485 754 1558 782 enim
1590 763 1644 782 non
1672 759 1745 782 esset

955 806 1135 837 assumptum,
1157 801 1229 829 foret
1254 801 1417 829 iucurabile.
1451 801 1635 835 Conjunctum
1662 801 1745 836 igitur

954 853 996 876 est
1011 849 1086 876 carni
1098 848 1218 876 Verbum
1233 847 1293 879 Dei,
1313 852 1341 873 et
1354 847 1426 874 Deus
1455 853 1502 881 per
1526 851 1644 873 mentem
1673 847 1745 873 inter

957 894 1006 921 Dei
1021 894 1170 929 puritatem
1182 898 1210 920 et
1236 892 1328 920 carnis
1340 892 1555 919 crassitudinem
1568 892 1741 918 interceden—

957 945 1022 968 tem.
1042 940 1110 967 Nam
1126 940 1225 967 animae
1248 938 1358 973 quidem
1381 939 1526 972 carnisque
1546 938 1673 972 princeps
1703 942 1745 965 est

957 994 1044 1019 mens,
1060 990 1156 1021 utpote
1183 985 1331 1020 purissima
1350 984 1437 1019 ipsius
1453 984 1552 1011 animm
1579 991 1651 1018 pars.
1674 983 1746 1011 Deus

957 1037 1047 1059 autern
1065 1031 1152 1066 ipsius
1161 1031 1270 1062 mentis,
1289 1037 1350 1065 quae
1365 1037 1428 1057 cum
1452 1029 1525 1057 cedit
1548 1029 1746 1064 pratstantiori,

956 1077 1140 1112 principatum
1158 1076 1278 1104 ostendit
1293 1083 1386 1103 suum.
1417 1075 1562 1103 Sicautem
1587 1083 1651 1102 cum
1675 1083 1747 1110 pne-

957 1125 1082 1152 stantiori
1094 1125 1280 1160 conjungitur,
1292 1129 1373 1159 atque
1387 1124 1425 1151 illi
1439 1124 1612 1158 obsequitur,
1626 1128 1654 1150 ut
1665 1123 1748 1151 l‘aciat

958 1178 1137 1205 quaecumque
1165 1169 1293 1197 voluntas
1307 1169 1399 1196 divina
1430 1169 1597 1204 praescrihit.
1617 1169 1692 1196 Mens
1703 1173 1748 1197 est

958 1215 1112 1243 divinitatis
1134 1215 1186 1242 sibi
1209 1223 1258 1250 per
1288 1222 1432 1250 personam
1472 1215 1628 1250 conjuncta:
1658 1215 1747 1245 locus,

957 1262 1187 1298 quemadmodum
1202 1266 1229 1288 et
1241 1269 1316 1294 caro,
1332 1269 1386 1288 non
1401 1265 1492 1288 autem
1519 1261 1601 1288 simul
1633 1261 1748 1288 inhabi-

959 1313 1006 1338 tat.
1024 1314 1055 1336 ut
1069 1309 1208 1344 opinionis
1219 1315 1313 1335 errore
1332 1307 1508 1342 decipiuntur
1532 1307 1663 1338 hmrctici,
1678 1307 1723 1341 qui
1739 1316 1747 1334 :

957 1355 1109 1389 Quomodo,
1126 1354 1270 1389 inquiunt.
1296 1353 1369 1389 quod
1389 1361 1472 1380 unum
1492 1357 1599 1379 tantum
1627 1353 1749 1380 modium

958 1403 1041 1436 capit.
1050 1401 1119 1428 duos
1133 1401 1238 1428 modios
1248 1399 1400 1428 continebit
1411 1398 1467 1435 (36)
1479 1399 1490 1426 ?
1500 1399 1600 1426 Errant
1617 1398 1748 1433 imperiti,

958 1447 1022 1483 quia
1038 1449 1142 1474 ratione
1160 1454 1291 1481 corporea
1309 1446 1462 1482 dijudicant
1487 1453 1530 1478 ca,
1546 1453 1606 1480 quze
1618 1452 1634 1471 a
1662 1449 1749 1472 mate<

959 1493 999 1520 ria
1027 1497 1092 1520 sunt
1122 1492 1318 1519 remotissima.
1354 1490 1500 1524 Quomodo
1519 1490 1594 1517 enim
1620 1490 1750 1518 Christus

959 1538 1067 1566 dicetur
1077 1538 1214 1573 perfectus
1232 1537 1313 1570 Deus,
1331 1542 1359 1564 et
1370 1538 1508 1572 perfectus
1525 1538 1616 1569 homo,
1633 1542 1662 1564 et
1678 1537 1751 1571 ejus-

958 1585 1020 1612 dem
1035 1592 1097 1612 cum
1113 1584 1192 1611 Patre
1204 1587 1232 1611 et
1264 1584 1406 1611 nobiscum
1432 1583 1569 1615 essentne,
1598 1583 1620 1610 si
1645 1587 1750 1618 partem

958 1631 1058 1658 divinae
1075 1635 1179 1657 natura:
1192 1637 1254 1657 cum
1270 1633 1349 1664 parte
1365 1634 1472 1656 naturae
1482 1630 1609 1656 humana:
1621 1629 1648 1656 in
1659 1629 1750 1663 seipse

958 1675 1122 1712 conjungat?
1147 1676 1232 1702 Porro
1265 1675 1382 1702 dicimus
1418 1677 1545 1701 naturam
1575 1678 1698 1700 nostram
1732 1681 1748 1701 a

957 1722 1074 1749 mortuis
1082 1720 1244 1752 surrexisse,
1259 1724 1286 1747 et
1302 1720 1329 1746 in
1350 1719 1450 1746 cmlum
1476 1717 1648 1748 ascendisse.
1661 1721 1689 1744 et
1706 1725 1751 1743 sc—

958 1768 1032 1795 dissc
1044 1767 1077 1794 ad
1089 1767 1228 1794 dexteram
1245 1766 1345 1797 Patris,
1361 1773 1415 1791 non
1432 1764 1505 1798 quod
1519 1771 1617 1791 omnes
1627 1763 1751 1789 ontnium

959 1814 1101 1841 hominum
1132 1819 1255 1847 persona
1283 1811 1467 1841 surrexerint,
1492 1814 1520 1837 et
1552 1809 1585 1836 ad
1609 1809 1750 1836 dexteram

959 1860 1046 1887 Patris
1062 1858 1249 1889 consederint,
1263 1857 1310 1885 sed
1331 1856 1403 1891 quod
1419 1856 1508 1883 onmis
1526 1860 1623 1883 natura
1654 1860 1751 1894 nostra

959 1905 1017 1932 hanc
1033 1905 1058 1931 iu
1072 1904 1174 1932 Christi
1189 1911 1306 1938 persona
1330 1903 1366 1930 sit
1381 1906 1528 1929 consecuta
1543 1909 1549 1927 :
1568 1901 1634 1934 Non,
1661 1901 1751 1936 inquit

958 1951 1054 1979 beatus
1068 1950 1223 1984 Apostolus,
1235 1956 1391 1983 consurgere
1424 1952 1447 1974 et
1460 1947 1592 1974 considere
1623 1947 1683 1982 fecit
1724 1947 1752 1972 in

959 1997 1062 2024 Christo
1072 1997 1093 2012 "
1104 2014 1111 2022 .
1121 1996 1255 2022 Praeterea
1272 1994 1390 2021 dicimus
1403 1993 1625 2029 conjunctioncm
1639 1992 1709 2019 hanc
1717 1998 1751 2018 ex

959 2041 1182 2070 commnmnibus
1208 2041 1339 2068 essentiis
1364 2040 1530 2067 coniectam.
1562 2038 1629 2065 Nam
1661 2038 1751 2064 omnis

958 2088 1089 2120 essentia,
1108 2093 1138 2116 ut
1153 2095 1300 2114 commune
1323 2091 1405 2120 atque
1430 2086 1587 2112 universum
1605 2084 1750 2119 quiddam,

958 2139 1054 2159 omnes
1069 2131 1121 2158 sibi
1148 2131 1286 2165 subjectos
1316 2137 1448 2165 personas
1473 2130 1676 2164 complectitur.
1693 2128 1752 2156 Nec

959 2179 1025 2205 licet
1053 2182 1180 2204 naturam
1210 2177 1268 2204 sive
1295 2176 1442 2203 essuntiam
1475 2175 1556 2202 ullam
1581 2175 1747 2209 singularem

117 2218 188 2246 Deus
213 2224 254 2247 est
283 2219 379 2251 Filius,
399 2225 428 2246 et
453 2219 592 2254 perfectus
613 2220 684 2246 Deus
722 2225 764 2247 est
788 2221 906 2256 Spiritus
922 2218 945 2247 ο
959 2223 1148 2257 privatamque
1161 2221 1301 2256 reperire:
1317 2221 1356 2248 sic
1366 2221 1441 2248 cnitn
1460 2225 1532 2247 esset
1555 2220 1751 2251 necessarium,

97 2269 237 2292 .sanctus.
255 2264 300 2291 Sic
311 2265 377 2291 item
390 2265 417 2291 in
431 2265 603 2291 humanitate
616 2269 758 2299 assumpta
788 2266 822 2293 ab
849 2273 905 2293 uno

115 2314 216 2337 sancto:
238 2309 380 2338 Trinitatis
407 2310 460 2336 Deo
471 2309 561 2336 Verbo
585 2314 670 2336 totam
702 2316 731 2337 et
757 2311 907 2345 perfectam

115 2354 269 2381 divinitatis
282 2360 420 2386 naturam,
461 2354 488 2381 in
517 2362 693 2382 uuasuarum
725 2363 906 2390 personarum

109 2400 165 2426 .toti
195 2399 320 2428 humana:
351 2405 466 2433 naturae,
495 2407 552 2427 non
579 2405 670 2427 autem
707 2407 812 2435 partem
836 2403 908 2436 parti

115 2444 200 2473 fuisse
215 2447 387 2481 conjunctam
405 2447 532 2474 dicimus.
550 2446 618 2477 Nam
637 2451 667 2473 ut
694 2447 792 2474 beatus
818 2447 908 2482 inquit

115 2493 273 2527 Apostolus,
288 2493 314 2519 in
331 2494 386 2527 ipso
409 2493 543 2520 inhabitat
558 2494 643 2520 omnis
656 2492 792 2526 plenitudo
811 2494 907 2521 divini-

115 2540 177 2566 tatis
194 2538 367 2573 corporaliter
378 2538 401 2553 ⁷⁸
413 2559 420 2571 ,
438 2539 464 2565 id
478 2543 530 2572 est,
547 2540 574 2565 in
590 2547 670 2566 carne
686 2540 754 2574 ejus.
766 2540 799 2567 Et
828 2540 904 2568 Pauli

113 2585 266 2619 discipulus
297 2585 324 2611 in
349 2584 431 2611 rebus
460 2584 562 2611 divinis
572 2585 742 2620 explicandis
767 2587 904 2613 excellen-

114 2630 238 2657 tissimus
249 2629 410 2665 Dionysius:
422 2630 457 2656 Se
471 2633 566 2662 totam,
577 2630 678 2664 inquit,
692 2631 717 2658 in
730 2639 782 2658 una
792 2639 903 2659 suarum

113 2683 294 2710 personarum
322 2676 544 2703 communicavit.
577 2675 632 2702 Nec
660 2681 751 2703 tamen
773 2684 903 2711 cogemur

112 2721 205 2749 dicere
220 2729 325 2754 omnes,
345 2729 393 2749 seu
409 2726 465 2750 tres
475 2727 575 2750 sancta:
599 2722 751 2752 divinitatis
772 2731 904 2759 personas

148 2800 170 2816 "
184 2799 244 2827 Col.
257 2808 286 2833 ιι,
303 2800 330 2828 9.
369 2801 392 2817 "
407 2799 466 2828 Col.
480 2809 509 2828 ut
537 2803 563 2830 i.

958 2276 1090 2304 personas
1107 2268 1179 2302 ipsas
1189 2267 1316 2294 essentia:
1330 2272 1358 2294 et
1375 2266 1498 2301 ejusdem
1512 2273 1575 2293 esse
1583 2270 1611 2293 et
1624 2266 1750 2296 diversae.

957 2319 985 2342 et
1011 2318 1134 2342 sanctam
1153 2313 1318 2340 Trinitatem
1346 2312 1471 2347 ejusdem
1483 2319 1554 2343 esse,
1583 2311 1753 2346 diversaeque

957 2359 1096 2390 essentne,
1106 2363 1240 2392 quantum
1258 2359 1377 2393 pertinet
1388 2357 1421 2385 ad
1445 2357 1628 2384 divinitatem.
1645 2357 1748 2384 Eadem

959 2405 1043 2440 igitur
1069 2409 1165 2432 natura
1194 2404 1310 2438 singulis
1337 2403 1463 2438 personis
1488 2403 1690 2430 consideratur.
1716 2402 1753 2429 Et

957 2450 1067 2485 quando
1079 2450 1206 2481 dicimus,
1222 2450 1305 2477 Verbi
1321 2455 1445 2476 naturam
1461 2457 1570 2476 carnem
1586 2448 1749 2483 assumpsis-

958 2503 999 2528 se,
1017 2495 1199 2528 divinitatem,
1219 2503 1251 2522 ex
1268 2495 1411 2522 beatorum
1434 2495 1575 2523 Athanasii
1602 2495 1751 2529 Cyrillique

958 2542 1104 2572 sententia.
1115 2542 1191 2568 carni
1204 2549 1263 2569 esse
1275 2542 1449 2577 conjunctam
1461 2541 1636 2568 aliirmamus.
1649 2539 1750 2572 Quam-

957 2587 1053 2614 obrcm
1072 2595 1125 2614 non
1139 2595 1283 2621 possumus
1299 2587 1404 2620 dicere,
1423 2587 1505 2614 Verbi
1533 2591 1660 2614 naturam
1689 2593 1750 2613 esse

957 2641 1076 2668 passam.
1094 2634 1264 2668 nequeenim
1291 2633 1424 2660 divinitas
1449 2633 1477 2659 in
1502 2633 1562 2667 ipso
1591 2640 1669 2667 passa
1696 2637 1749 2659 est.

957 2679 1085 2706 Dicentcs
1099 2684 1190 2707 autem
1209 2684 1334 2707 naturam
1358 2679 1508 2705 humanam
1530 2678 1616 2706 fuisse
1642 2685 1749 2713 passam

957 2725 984 2752 in
997 2725 1117 2759 Christo,
1133 2733 1187 2754 non
1200 2733 1296 2754 omnes
1331 2725 1473 2754 hominum
1500 2731 1633 2761 perSOnas
1646 2724 1750 2760 signiti-

150 2860 274 2896 (56)|loc
294 2860 440 2889 .Philonius
461 2860 580 2895 dicebat,
609 2865 638 2887 ut
664 2859 835 2888 Scutariotss
861 2859 906 2887 hic
925 2859 1047 2888 adnotat.
