1949 3073
205 128 273 162 19η

203 190 308 215 (auius,
341 181 386 209 sed
424 181 450 208 in
482 185 578 207 natura
605 179 725 206 humana
760 177 901 204 Christum
930 185 1028 212 esseA

202 237 312 264 passum
339 228 510 255 conlitemur.
537 225 627 259 Quare
655 231 718 252 cum
751 223 833 252 Verbi
865 229 991 251 naturam

203 276 338 306 dicimus,
355 274 442 309 ipsum
459 274 576 300 Verbum
603 271 766 298 indicamus.
801 271 919 298 Verbum
945 279 994 297 au-

203 326 298 347 temet
312 319 436 347 essentia:
449 317 675 345 communitatem
703 316 820 348 obtinet,
848 320 875 342 et
898 323 993 350 perso-

203 374 246 394 nae
258 365 464 401 proprietatem.

501 433 577 461 CAP.
588 431 696 460 XXXV.

203 491 340 526 Ejusdem.
365 491 402 518 De
428 499 482 518 una
509 491 564 553 ι)εὲ
583 490 661 552 γει·ξὶ
684 489 828 524 composita
868 495 992 524 persona.

568 535 612 553 αι).
654 545 661 553 ι

568 535 612 561 ap.
639 535 661 553 ι.

238 596 371 624 Eumdem
411 595 492 629 igitur
516 593 600 621 etiam
627 596 687 627 post
713 592 861 619 humanam
883 598 993 618 carnem

203 647 371 676 assumptam
390 648 474 667 unum
491 639 588 666 Filium
605 638 652 665 Dei
682 642 710 664 et
735 636 833 663 Filium
862 630 994 668 hominis,

204 696 289 715 unum
300 687 450 717 Christum,
468 693 551 711 unum
573 684 729 715 Dominum,
751 682 921 717 unigenitum
948 681 994 708 Fi-

203 736 282 765 lium,
296 739 324 761 et
336 733 455 760 Verbum
489 730 537 758 Dei
563 730 657 757 .lcsum
693 729 839 755 Dominum
869 733 993 755 nostrum

203 780 377 808 confitemur.
392 778 465 806 Duos
486 776 570 811 ipsius
599 781 677 802 ortus
709 779 885 807 venerantes,
908 782 994 801 unum

203 826 315 861 quidem
325 833 359 852 ex
376 825 456 852 Patre
472 828 535 850 ante
550 822 659 851 szecula.
685 821 759 847 onmi
777 829 859 848 causa
870 825 896 848 et
913 821 995 847 ratio-

838 122 986 152 NlCET:E
1003 121 1207 151 CllONlATiE

1770 119 1856 150 1232

1043 181 1148 211 quanto
1173 176 1258 212 magis
1287 176 1312 203 id
1338 175 1404 203 solis
1437 180 1532 204 auctor
1572 180 1598 203 et
1622 175 1762 204 Dominus
1798 176 1865 211 ipse

1046 223 1186 258 praestabit
1198 224 1209 250 Ἰ

1339 280 1543 308 CAP.XXXVI.

1047 325 1235 360 Ejusdem.De
1258 332 1356 355 natura
1393 328 1418 355 in
1439 329 1524 361 specie
1546 332 1570 355 et
1593 329 1730 355 indiuiduo
1762 329 1865 354 (ansi-

1081 363 1184 394 derata,
1217 370 1313 389 necnon
1345 364 1377 390 de
1400 364 1591 398 conjunctionis
1606 369 1630 390 et
1653 364 1864 390 incarnationis

1083 397 1245 432 differentia.

1083 453 1186 481 Natura
1203 455 1244 482 vel
1261 455 1427 490 cogitatione
1439 455 1496 483 sola
1508 461 1536 483 et
1548 456 1620 483 nuda
1638 455 1860 486 consideratur,

1048 506 1098 533 per
1107 507 1136 526 se
1150 500 1221 526 enim
1237 508 1289 527 non
1300 501 1439 528 subsistit:
1456 501 1497 528 vel
1516 502 1700 528 communiter
1728 501 1756 527 in
1791 509 1860 526 om-

1049 546 1132 573 nibus
1148 547 1271 581 ejusdem
1288 548 1390 582 speciei
1408 549 1543 583 personis,
1575 556 1622 575 eas
1647 549 1704 582 ipsa
1728 549 1860 582 eoiijun-

1048 593 1161 627 gens.Et
1170 593 1270 620 dicitur
1279 594 1304 620 in
1321 591 1411 629 specie
1423 600 1470 621 aut
1479 595 1661 622 communiter
1671 594 1859 622 considerata

1048 642 1147 664 natura
1159 639 1265 668 eadem.
1280 647 1341 674 qua:
1353 640 1502 674 assumptis
1526 640 1717 667 accidentibus
1736 640 1764 666 in
1800 647 1858 666 una

1049 691 1176 718 persona.
1195 683 1227 711 Et
1242 676 1386 712 dicitur.in
1411 686 1555 713 individuo
1582 687 1756 713 considerata
1791 694 1846 721 per

1049 738 1116 758 sona
1151 732 1248 759 eadem
1280 741 1349 766 esse,
1378 741 1439 768 qua:
1460 734 1488 761 in
1527 734 1618 768 specie
1641 734 1846 761 consideratur

1051 777 1123 803 Deus
1148 778 1233 812 igitur
1273 779 1392 806 Verbum
1422 787 1532 807 carnem
1563 787 1716 811 assumens,
1754 786 1856 813 neque

1051 823 1124 850 nuda
1148 829 1175 850 et
1196 825 1252 851 sola
1275 825 1441 859 cogitatione
1464 826 1688 860 comprehensam
1717 830 1854 852 naturam

202 881 238 901 ne
251 877 308 899 tum
322 870 453 905 temporis
466 874 522 896 tum
545 873 649 895 natura:
666 868 834 902 superiorem
849 875 855 893 :
875 867 994 894 alterum
1015 870 1035 899 Β
1051 869 1156 902 accepit
1176 869 1361 904 (nequeenim
1379 870 1405 897 id
1419 875 1492 897 esset
1502 878 1613 897 carnem
1626 878 1784 903 assumere,
1800 871 1852 898 sed

202 923 294 947 autem
309 917 466 945 novissimis
482 915 654 950 temporibus
679 919 790 949 propter
818 921 878 946 nos,
907 918 936 940 et
961 921 993 940 ex

203 966 293 997 nobis,
310 970 337 991 et
372 971 455 998 supra
484 970 552 989 nos:
578 965 690 996 propter
715 967 773 990 nos,
795 960 860 994 quia
886 964 996 994 propter

204 1012 322 1038 salutem
336 1015 477 1036 nostram:
493 1015 526 1035 ex
539 1006 628 1038 nobis,
641 1005 704 1040 quia
726 1012 760 1033 ex
776 1006 890 1032 muliere
917 1009 996 1031 natus

207 1062 250 1084 est
261 1057 343 1083 homo
357 1055 480 1090 legitimo
492 1058 589 1089 partus
603 1058 744 1088 tempore:
761 1059 844 1086 supra
861 1059 920 1083 nos,
932 1051 996 1085 quia

203 1104 262 1131 sine
273 1102 377 1129 semine
393 1108 427 1128 ex
447 1100 552 1135 Spiritu
574 1104 678 1130 sancto,
697 1102 725 1125 et
753 1102 847 1124 sancta
875 1096 995 1132 Virgine,

204 1157 289 1186 supra
301 1147 425 1183 pariendi
465 1146 564 1181 legem.
591 1144 646 1172 Nec
675 1144 760 1171 Deum
790 1143 877 1170 solum
906 1143 996 1177 ipsum

204 1195 419 1230 praedicamusa
436 1198 528 1220 nostra
553 1192 707 1226 sejunctum
736 1189 918 1221 humanitate,
945 1196 997 1216 nec

204 1243 292 1270 solum
305 1241 443 1268 hominem
457 1243 591 1267 remotum
605 1247 620 1265 a
647 1237 802 1269 divinitate,
833 1245 884 1264 nec
912 1236 995 1263 alium

203 1295 286 1324 atque
299 1289 394 1320 alitnn,
411 1287 457 1314 sed
476 1293 560 1313 unum
577 1290 605 1312 et
631 1285 769 1316 eumdem,
802 1283 881 1310 simul
910 1283 996 1309 Deum

205 1339 287 1369 atque
304 1332 456 1360 hominem:
485 1331 571 1358 Deum
597 1329 759 1365 perfectum,
788 1329 829 1355 et'
847 1328 995 1362 perfectum

205 1379 358 1410 nominem,
373 1382 459 1405 totum
483 1376 568 1402 Deum
605 1379 632 1402 et
649 1379 735 1402 totum
754 1374 904 1405 hominem,
921 1380 998 1399 cum-

205 1427 267 1452 dem
284 1429 369 1451 tottnn
383 1423 468 1450 Deum
488 1422 569 1449 etiam
587 1429 649 1448 cum
674 1429 755 1448 carne
780 1427 829 1447 sua
855 1423 881 1446 et
910 1423 996 1446 totum

206 1470 344 1498 hominem
360 1469 441 1497 etiam
458 1476 519 1495 cum
534 1475 641 1494 summa
653 1467 815 1501 divinitate:
833 1471 863 1492 ut
874 1466 998 1492 dicentes

207 1518 357 1552 perfectum
369 1517 455 1542 Deum
470 1520 497 1542 et
511 1515 663 1550 perlectum
677 1515 828 1546 hominem,
845 1513 997 1540 absolutam

206 1569 233 1589 et
249 1562 323 1589 nulla
341 1570 369 1588 re
398 1561 573 1588 deiicientem
606 1565 766 1586 naturarum
798 1558 997 1594 plenitudinem

206 1609 406 1639 ostendamus;
422 1607 544 1633 dicentes
557 1610 648 1632 autem
667 1609 756 1631 totum
769 1605 856 1631 Deum
868 1609 896 1631 et
911 1608 998 1630 totum

207 1656 359 1683 hominem,
377 1653 484 1679 unicam
498 1656 526 1678 et
553 1651 718 1683 singularem
738 1657 882 1685 personam
908 1649 1000 1676 deela-

208 1707 309 1727 icmus.
338 1699 422 1727 Unam
452 1698 517 1725 item
544 1697 590 1724 Dei
620 1696 701 1724 Verbi
730 1701 854 1723 naturam
889 1702 999 1722 carnem

207 1740 388 1782 assumpsisse
403 1747 576 1778 conlitemur,
605 1745 631 1772 id
656 1749 709 1775 est,
733 1744 823 1771 carnis
840 1743 998 1775 essentiam,

209 1801 240 1823 ut
261 1794 358 1822 beatus
374 1794 494 1829 Cyrillus
509 1793 646 1827 intelligit.
671 1791 788 1818 Carnem
823 1790 906 1824 igitur
934 1789 1002 1816 Ver-

208 1842 274 1868 bum
287 1840 447 1874 assumpsit,
462 1846 513 1865 nec
528 1844 618 1865 tamen
644 1846 658 1863 a
687 1842 785 1863 natura
809 1843 858 1862 sua
886 1834 1001 1862 recessit

209 1883 331 1916 materia:
342 1892 467 1921 experte,
483 1891 583 1913 etcum
600 1890 683 1911 totam
699 1890 809 1910 carnem
843 1889 1001 1916 assumpse-

210 1935 257 1966 rit,
272 1939 358 1961 totum
384 1938 473 1959 tamen
505 1931 580 1958 nullo
609 1929 726 1956 termino
754 1928 1001 1955 circumscribitur.

209 1981 332 2015 Corpore
344 1979 488 2010 minuitur,
503 1982 585 2012 atque
600 1975 785 2007 contrahitur,
819 1980 847 2000 at
859 1974 1002 2000 divinitate

211 2035 266 2054 nm
283 2025 532 2057 circumscribitur,
551 2031 613 2050 cum
640 2023 699 2057 ejus
728 2029 793 2048 caro
806 2028 888 2055 super
903 2019 1004 2046 divini—

213 2079 277 2106 tate,
296 2081 356 2107 qua:
371 2070 560 2100 circumscribi
578 2078 633 2097 non
649 2072 748 2104 potest,
760 2075 816 2094 non
828 2066 1003 2093 extendatur.

212 2120 299 2146 Totus
312 2126 377 2153 ergo
393 2116 587 2153 perlectus'est
609 2116 693 2147 Deus,
717 2122 772 2141 non
799 2118 885 2140 totum
912 2118 1003 2139 autem

212 2166 296 2196 Deus,
312 2171 400 2198 neque
415 2163 488 2190 enim
505 2162 593 2189 solum
624 2160 706 2193 Deus,
738 2159 785 2186 sed
800 2159 881 2186 etiam
911 2158 1003 2185 homo.

214 2212 247 2238 lit
265 2216 339 2238 totus
354 2209 502 2245 perfectus,
518 2216 573 2235 non
593 2212 686 2234 autem
707 2211 795 2233 totum
830 2205 924 2237 homo,
952 2212 1004 2230 ne-

215 2264 268 2290 que
281 2257 352 2283 enim
368 2256 456 2283 solum
474 2255 566 2286 homo,
579 2253 627 2280 sed
645 2253 728 2280 etiam
742 2252 826 2284 Deus,
848 2256 879 2277 nt
914 2255 1003 2278 totum

215 2302 326 2336 quidem
341 2307 466 2329 naturam
497 2300 657 2329 constituat,
684 2303 756 2325 totus
787 2301 877 2324 autem
911 2304 1006 2331 perso~

216 2357 291 2379 natu,
301 2348 422 2381 itemque
431 2351 536 2373 natura;
547 2345 583 2372 sit
593 2345 679 2377 aliud,
692 2344 763 2371 alius
770 2348 861 2370 autem
872 2350 1005 2376 persome.

217 2397 246 2422 ιιι
259 2394 388 2421 omnibus
402 2397 472 2426 erat,
487 2397 514 2419 et
528 2400 610 2427 super
630 2391 734 2423 omnia,
755 2390 838 2417 etiam
867 2389 894 2415 in
928 2393 1006 2414 utero

217 2441 317 2476 nnipze
328 2439 490 2466 Genitricis:
512 2439 539 2466 in
572 2439 623 2465 hoc
657 2444 746 2464 tamen
772 2443 805 2464 ea
835 2435 1006 2470 potissimum

217 2490 336 2520 actione,
351 2494 405 2521 qua
416 2493 526 2512 carnem
549 2484 690 2512 induebat.

254 2535 322 2562 illud
337 2534 479 2562 sciendum
505 2537 558 2564 est,
589 2531 716 2566 quanivis
743 2530 870 2558 dicamus
898 2529 1006 2556 Domini

219 2588 333 2610 naturas
357 2582 430 2608 inter
459 2587 488 2607 so
507 2584 603 2606 mutuo
622 2584 787 2608 commeare,
823 2577 849 2603 id
876 2582 967 2603 tamen
993 2583 1008 2601 a

221 2634 319 2657 natura
331 2628 424 2655 divina
453 2625 600 2662 proﬁcisci.
632 2624 692 2658 Ipsa
706 2624 792 2655 enim,
818 2627 848 2649 ut
864 2623 932 2654 vult,
960 2629 1009 2657 per

220 2676 313 2703 omnia
326 2678 471 2705 commeat,
492 2672 600 2705 transit,
630 2678 662 2698 ac
690 2673 826 2704 penetrat,
851 2677 900 2703 per
922 2669 1009 2703 ipsum

220 2731 286 2750 vero
300 2722 378 2749 nihil.
393 2721 482 2755 Atque
495 2720 553 2754 ipsa
568 2718 680 2754 quidem
696 2717 844 2752 dignitates
855 2724 918 2743 suas
933 2715 1009 2742 carni

222 2778 262 2797 Sic
281 2768 422 2803 ciargitur,
440 2772 470 2794 ut
483 2767 552 2794 nihil
567 2766 698 2801 patiatur,
709 2768 737 2792 et
771 2763 862 2790 carnis
886 2762 1011 2789 aliectio~

223 2823 289 2841 num
306 2821 403 2848 expers
420 2817 539 2840 maneat.
563 2813 631 2840 Nam
663 2811 685 2838 si
713 2810 793 2837 nobis
817 2809 857 2836 sol
889 2809 1012 2835 actiones

226 2859 348 2894 impertit
400 2867 472 2893 suas,
513 2863 541 2886 et
584 2866 600 2885 a
640 2856 742 2885 nostris
786 2855 854 2882 nihil
899 2855 1010 2888 acripit,

1011 1542 1034 1571 Ω

1047 913 1186 948 decipere,
1203 918 1231 940 et
1244 915 1334 941 carnis
1356 916 1570 949 assumptionem
1598 917 1779 950 contingere)
1801 923 1854 942 ne—

1047 967 1101 993 que
1119 966 1246 987 naturam
1264 961 1348 994 illam,
1376 969 1437 996 quae
1463 962 1490 989 in
1516 963 1606 997 specie
1634 963 1851 990 consideratur:

1049 1011 1138 1039 neque
1148 1006 1221 1032 enim
1235 1014 1366 1040 personas
1376 1014 1473 1035 omnes
1490 1009 1605 1043 accepit,
1633 1009 1680 1036 sed
1715 1014 1850 1036 naturam

1049 1052 1075 1078 in
1091 1052 1318 1087 individuo,quae
1328 1053 1422 1080 eadem
1445 1059 1488 1082 est
1515 1062 1577 1082 cum
1596 1056 1652 1086 illa,
1675 1063 1737 1090 qua:
1751 1061 1797 1083 est
1821 1057 1850 1083 in

1047 1099 1138 1133 specie
1155 1099 1305 1133 (primitias
1326 1101 1399 1127 enim
1429 1102 1533 1136 accepit
1547 1106 1647 1129 nostra:
1663 1110 1760 1129 massae
1771 1103 1779 1136 )
1792 1110 1850 1130 non

1048 1152 1097 1179 per
1114 1153 1142 1172 se
1154 1145 1358 1177 subsistentem,
1371 1152 1399 1174 et
1413 1155 1474 1182 quze
1500 1148 1575 1182 prius
1598 1148 1784 1180 individuum,
1819 1153 1850 1176 ut

1047 1190 1088 1217 sic
1098 1190 1132 1217 ab
1162 1192 1221 1226 ipso
1250 1198 1445 1226 assumeretur,
1473 1194 1518 1221 sed
1544 1201 1604 1228 quae
1630 1194 1656 1220 in
1677 1202 1732 1221 «sua
1759 1195 1850 1229 ipsius

1047 1237 1328 1275 exsisteretpersona.
1352 1239 1419 1266 Nam
1437 1239 1492 1273 ipsa
1517 1239 1564 1266 Dei
1586 1239 1666 1266 Verbi
1676 1239 1847 1274 hypostasis,

1048 1283 1105 1310 sive
1123 1291 1250 1318 persona,
1262 1286 1353 1311 carnis
1366 1285 1517 1320 hypostasis
1527 1285 1585 1312 sive
1598 1294 1714 1320 persona
1727 1287 1846 1314 exstitit.

1047 1330 1136 1364 Atque
1151 1330 1187 1358 ita
1200 1330 1318 1357 Verbum
1335 1338 1398 1358 caro
1426 1331 1525 1358 factum
1541 1336 1592 1365 est,
1606 1334 1664 1359 sine
1685 1332 1848 1360 incitatione

1048 1379 1150 1406 tamen,
1171 1380 1198 1402 et
1225 1383 1289 1403 caro
1316 1376 1445 1409 Verbum,
1472 1377 1531 1404 sine
1553 1379 1781 1406 commutatione.
1813 1379 1847 1406 Et

1049 1420 1120 1447 Dens
1135 1421 1226 1453 homo.
1250 1427 1277 1449 et
1291 1422 1372 1450 homo
1400 1423 1481 1456 Deus,
1512 1423 1546 1450 ob
1571 1424 1643 1451 hanc
1671 1425 1846 1459 pt-rsonalem

1049 1466 1281 1500 conjunctionem.
1301 1467 1554 1502 Quapropteridem
1572 1473 1614 1495 est
1627 1469 1732 1500 dicere,
1764 1476 1847 1497 natu-

1051 1519 1107 1538 rain
1126 1512 1217 1545 Verbi,
1234 1518 1261 1540 et
1276 1517 1401 1541 naturam
1419 1514 1445 1541 in
1473 1514 1625 1542 individuo.
1651 1515 1745 1550 Neque
1770 1517 1844 1543 enim

1051 1558 1077 1585 id
1091 1558 1273 1591 individuum,
1291 1567 1339 1587 seu
1356 1568 1498 1594 personam
1521 1561 1631 1595 proprie
1654 1566 1682 1588 et
1695 1561 1846 1596 singulari-

1052 1609 1094 1632 ter
1122 1605 1252 1638 declarat,
1278 1614 1365 1641 neque
1402 1614 1580 1642 personarum
1607 1609 1844 1640 communitatem,

1051 1651 1098 1678 sed
1114 1659 1286 1680 communem
1303 1656 1441 1684 naturam,
1457 1660 1519 1687 qua:
1546 1654 1572 1680 in
1591 1657 1644 1680 una
1662 1662 1842 1688 personarum
1868 1684 1871 1686 η

1051 1697 1244 1725 consideratur
1269 1703 1298 1726 et
1325 1699 1500 1733 expenditur.
1525 1699 1606 1727 Aliud
1633 1700 1716 1735 igitur
1731 1706 1845 1728 estcon-

1052 1743 1157 1777 iunctio
1175 1763 1183 1776 ,
1200 1743 1274 1771 aliud
1287 1746 1377 1772 carnis
1400 1746 1561 1780 assumptio.
1594 1746 1761 1782 COIIjUIICllO
1771 1748 1842 1775 enim

1053 1789 1138 1816 solam
1172 1790 1274 1818 indicat
1303 1791 1507 1825 copulationem
1528 1811 1536 1825 ,
1569 1800 1632 1820 cum
1660 1801 1715 1828 quo
1754 1799 1842 1821 autem

1053 1835 1100 1862 ﬁat
1116 1837 1174 1871 ipsa
1194 1837 1332 1871 copulatio
1361 1845 1414 1865 non
1446 1837 1585 1872 declarat;
1614 1845 1642 1865 at
1667 1840 1769 1873 carnis,
1796 1849 1842 1868 seu

1053 1882 1149 1916 (quod
1192 1883 1265 1910 idem
1306 1882 1366 1918 est)
1393 1884 1571 1915 humanitatis
1603 1887 1756 1920 assumptio
1782 1894 1842 1914 eum

1053 1935 1146 1960 carne,
1195 1930 1252 1956 sive
1294 1937 1356 1956 cum
1385 1930 1495 1957 homine
1532 1931 1757 1966 conjunctionem
1797 1933 1843 1960 de-

1054 1982 1199 2010 monstrat,
1240 1978 1471 2012 quemadmodum
1519 1984 1547 2007 et
1587 1979 1684 2015 ignitio
1715 1981 1762 2016 (ut
1808 1982 1842 2010 ita

1054 2022 1161 2057 dicant)
1192 2022 1256 2050 ferri
1288 2031 1350 2050 cum
1385 2023 1446 2059 igne
1485 2026 1705 2061 conjunctionem
1754 2031 1843 2054 osten-

1055 2068 1104 2096 dit.

1342 2125 1416 2153 CAP.
1431 2126 1564 2154 XXXVII.

1060 2169 1196 2204 Ejusdem.
1213 2170 1250 2197 De
1262 2173 1440 2204 naturalibus,
1462 2178 1486 2200 et
1511 2174 1578 2201 nulli
1599 2176 1706 2203 crimini
1728 2177 1841 2205 obnoxii;

1094 2207 1284 2244 affectionibus.
1326 2207 1446 2240 Verbum,
1476 2209 1580 2243 dempto
1612 2217 1727 2244 peccato.
1761 2218 1840 2239 totum

1093 2242 1233 2272 hominem,
1258 2246 1281 2268 et
1301 2247 1394 2268 cuncto
1407 2251 1465 2277 qua;
1477 2250 1536 2270 sum
1554 2242 1679 2278 hominis,
1692 2253 1838 2282 assumpsit.

1093 2296 1193 2325 Adhaec
1221 2297 1395 2329 conﬁtemur,
1428 2306 1491 2326 eum
1521 2307 1617 2327 omnes
1650 2303 1790 2329 naturales
1814 2309 1838 2330 et

1058 2345 1137 2379 culpa
1169 2349 1295 2372 carentes
1327 2345 1485 2372 affectiones
1526 2346 1647 2373 hominis
1681 2350 1828 2383 suscepisse

1059 2391 1158 2418 Totum
1174 2390 1248 2417 enim
1280 2391 1430 2423 hominem,
1469 2396 1496 2418 et
1535 2399 1595 2426 qua:
1627 2397 1690 2419 sunt
1728 2394 1840 2422 hominis

1058 2436 1206 2470 assumpsit
1245 2436 1336 2462 omnia
1381 2441 1480 2470 praeter
1513 2442 1667 2471 peccatum.
1697 2438 1752 2466 Hoc
1773 2430 1854 2466 etiim‘

1059 2490 1149 2516 neque
1163 2482 1287 2509 naturale
1303 2486 1357 2514 est,
1370 2490 1458 2516 neque
1473 2491 1488 2509 a
1499 2483 1578 2510 nobis
1590 2483 1701 2510 insitum
1719 2492 1734 2510 a
1764 2486 1838 2512 Crea-

1060 2533 1129 2559 tore,
1146 2528 1193 2554 sed
1208 2528 1310 2555 diaboli
1335 2532 1394 2554 satu
1414 2528 1442 2554 in
1474 2529 1563 2556 libero
1585 2536 1681 2556 nostro
1707 2531 1838 2565 proposito

1059 2574 1140 2602 nobis
1177 2574 1340 2607 volentibus,
1364 2582 1420 2601 non
1449 2580 1540 2602 autem
1565 2576 1657 2603 invitis
1683 2578 1790 2609 coaluit,
1813 2583 1838 2604 et

1059 2624 1236 2654 propagatum
1246 2624 1297 2650 est,
1313 2619 1489 2653 dominioque
1501 2621 1627 2653 potitum.
1649 2619 1683 2646 At
1701 2621 1836 2653 naturales,

1059 2671 1089 2694 et
1103 2667 1170 2693 vitio
1180 2666 1314 2701 culpaque
1327 2670 1454 2693 vacantes
1469 2666 1629 2693 allectiones
1640 2671 1704 2694 sunt
1716 2667 1773 2698 illic,
1785 2675 1837 2702 qua

1061 2715 1089 2742 in
1101 2718 1233 2747 potestate
1249 2718 1341 2740 nostra
1351 2720 1406 2739 non
1423 2716 1498 2745 sunt,
1515 2720 1576 2746 qua:
1592 2713 1726 2739 nimirum
1742 2721 1773 2740 ex
1795 2714 1835 2740 ad-

1061 2759 1137 2787 missi
1145 2758 1249 2794 peccati
1265 2758 1452 2791 damnatione,
1470 2763 1498 2785 et
1510 2766 1581 2785 noxa
1598 2758 1625 2784 in
1654 2758 1737 2785 vitam
1751 2759 1835 2791 huma-

1063 2815 1124 2833 nam
1142 2805 1299 2832 irruerunt:
1314 2809 1342 2832 ut
1368 2804 1464 2838 fames,
1495 2804 1566 2836 sitis,
1588 2804 1734 2837 lassitudo,
1759 2805 1834 2837 dolor,

1064 2855 1201 2888 lacrymze,
1242 2852 1382 2881 interitus.
1420 2852 1515 2881 mortis
1544 2852 1712 2887 deprecatio,
1755 2853 1833 2880 timor.
