  <div class='ocr_page' id='page_1' title='image "/cluster/home/n/w/nwhite01/storage/ocr_20150623/139/njp.32101077773131/634.png"; bbox 0 0 1949 3073; ppageno 0'>
   <div class='ocr_carea' id='block_1_1' title="bbox 133 131 211 167">
    <p class='ocr_par' dir='ltr' id='par_1_1' title="bbox 133 131 211 167">
     <span class='ocr_line' id='line_1_1' title="bbox 133 131 211 167; baseline 0.013 -1"><span class='ocrx_word' id='word_1_1' title='bbox 133 131 147 166; x_wconf 83' lang='grc'>1</span> <span class='ocrx_word' id='word_1_2' title='bbox 154 135 211 167; x_wconf 67' lang='lat'><strong>233</strong></span> 
     </span>
    </p>
   </div>
   <div class='ocr_carea' id='block_1_2' title="bbox 770 141 1133 174">
    <p class='ocr_par' dir='ltr' id='par_1_2' title="bbox 770 141 1133 174">
     <span class='ocr_line' id='line_1_2' title="bbox 770 141 1133 174; baseline 0.006 -3"><span class='ocrx_word' id='word_1_3' title='bbox 770 141 963 172; x_wconf 77' lang='lat' dir='ltr'><strong>THESAURI</strong></span> <span class='ocrx_word' id='word_1_4' title='bbox 982 142 1057 174; x_wconf 78' lang='lat' dir='ltr'>LIB.</span> <span class='ocrx_word' id='word_1_5' title='bbox 1076 143 1133 173; x_wconf 84' lang='lat' dir='ltr'><strong>III.</strong></span> 
     </span>
    </p>
   </div>
   <div class='ocr_carea' id='block_1_3' title="bbox 1699 138 1769 172">
    <p class='ocr_par' dir='ltr' id='par_1_3' title="bbox 1699 138 1769 172">
     <span class='ocr_line' id='line_1_3' title="bbox 1699 138 1769 172; baseline 0.029 -2"><span class='ocrx_word' id='word_1_6' title='bbox 1699 138 1769 172; x_wconf 65' lang='lat'><strong>1‘23!</strong></span> 
     </span>
    </p>
   </div>
   <div class='ocr_carea' id='block_1_4' title="bbox 132 193 1764 232">
    <p class='ocr_par' dir='ltr' id='par_1_4' title="bbox 132 193 1764 232">
     <span class='ocr_line' id='line_1_4' title="bbox 132 193 1764 232; baseline 0.001 -11"><span class='ocrx_word' id='word_1_7' title='bbox 132 199 239 226; x_wconf 69' lang='lat' dir='ltr'><strong>angor,</strong></span> <span class='ocrx_word' id='word_1_8' title='bbox 274 200 306 218; x_wconf 89' lang='lat' dir='ltr'><strong>ex</strong></span> <span class='ocrx_word' id='word_1_9' title='bbox 324 200 378 227; x_wconf 86' lang='lat' dir='ltr'><strong>quo</strong></span> <span class='ocrx_word' id='word_1_10' title='bbox 408 199 535 228; x_wconf 75' lang='lat' dir='ltr'><strong>sudores,</strong></span> <span class='ocrx_word' id='word_1_11' title='bbox 559 193 701 231; x_wconf 81' lang='lat' dir='ltr'><strong>sanguinis</strong></span> <span class='ocrx_word' id='word_1_12' title='bbox 728 201 822 231; x_wconf 72' lang='lat' dir='ltr'><strong>gntus,</strong></span> <span class='ocrx_word' id='word_1_13' title='bbox 847 205 928 232; x_wconf 85' lang='lat' dir='ltr'><strong>ange-</strong></span> <span class='ocrx_word' id='word_1_14' title='bbox 945 202 965 227; x_wconf 79' lang='grc' dir='ltr'>Α</span> <span class='ocrx_word' id='word_1_15' title='bbox 982 197 1127 228; x_wconf 91' lang='lat' dir='ltr'><strong>tribueret,</strong></span> <span class='ocrx_word' id='word_1_16' title='bbox 1155 202 1182 224; x_wconf 89' lang='lat' dir='ltr'><strong>et</strong></span> <span class='ocrx_word' id='word_1_17' title='bbox 1200 193 1468 231; x_wconf 70' lang='lat' dir='ltr'><strong>essetomnipotens,</strong></span> <span class='ocrx_word' id='word_1_18' title='bbox 1482 199 1507 223; x_wconf 85' lang='lat' dir='ltr'><strong>et</strong></span> <span class='ocrx_word' id='word_1_19' title='bbox 1522 194 1611 222; x_wconf 82' lang='lat' dir='ltr'><strong>omnia</strong></span> <span class='ocrx_word' id='word_1_20' title='bbox 1627 200 1764 222; x_wconf 75' lang='lat' dir='ltr'><strong>cerneret.</strong></span> 
     </span>
    </p>
   </div>
   <div class='ocr_carea' id='block_1_5' title="bbox 132 235 926 275">
    <p class='ocr_par' dir='ltr' id='par_1_5' title="bbox 132 235 926 275">
     <span class='ocr_line' id='line_1_5' title="bbox 132 235 926 275; baseline 0.009 -13"><span class='ocrx_word' id='word_1_21' title='bbox 132 235 230 263; x_wconf 84' lang='lat' dir='ltr'><strong>lorum</strong></span> <span class='ocrx_word' id='word_1_22' title='bbox 247 243 359 272; x_wconf 85' lang='lat' dir='ltr'><strong>propter</strong></span> <span class='ocrx_word' id='word_1_23' title='bbox 376 244 479 267; x_wconf 64' lang='lat' dir='ltr'><strong>natura!</strong></span> <span class='ocrx_word' id='word_1_24' title='bbox 507 241 720 269; x_wconf 87' lang='lat' dir='ltr'><strong>imbecillitatent</strong></span> <span class='ocrx_word' id='word_1_25' title='bbox 762 243 926 275; x_wconf 83' lang='lat' dir='ltr'><strong>subsidium,</strong></span> 
     </span>
    </p>
   </div>
   <div class='ocr_carea' id='block_1_6' title="bbox 131 284 928 324">
    <p class='ocr_par' dir='ltr' id='par_1_6' title="bbox 131 284 928 324">
     <span class='ocr_line' id='line_1_6' title="bbox 131 284 928 324; baseline 0.01 -16"><span class='ocrx_word' id='word_1_26' title='bbox 131 288 165 309; x_wconf 84' lang='lat' dir='ltr'><strong>et</strong></span> <span class='ocrx_word' id='word_1_27' title='bbox 180 284 342 311; x_wconf 82' lang='lat' dir='ltr'><strong>consolatio.</strong></span> <span class='ocrx_word' id='word_1_28' title='bbox 359 284 419 313; x_wconf 64' lang='lat' dir='ltr'><strong>Haec</strong></span> <span class='ocrx_word' id='word_1_29' title='bbox 432 291 458 313; x_wconf 75' lang='lat' dir='ltr'><strong>et</strong></span> <span class='ocrx_word' id='word_1_30' title='bbox 472 288 522 314; x_wconf 90' lang='lat' dir='ltr'><strong>alia</strong></span> <span class='ocrx_word' id='word_1_31' title='bbox 533 288 558 314; x_wconf 90' lang='lat' dir='ltr'><strong>id</strong></span> <span class='ocrx_word' id='word_1_32' title='bbox 574 297 670 324; x_wconf 88' lang='lat' dir='ltr'><strong>genus,</strong></span> <span class='ocrx_word' id='word_1_33' title='bbox 698 297 758 324; x_wconf 79' lang='lat' dir='ltr'><strong>qua:</strong></span> <span class='ocrx_word' id='word_1_34' title='bbox 797 290 928 317; x_wconf 89' lang='lat' dir='ltr'><strong>omnibus</strong></span> 
     </span>
    </p>
   </div>
   <div class='ocr_carea' id='block_1_7' title="bbox 133 326 928 369">
    <p class='ocr_par' dir='ltr' id='par_1_7' title="bbox 133 326 928 369">
     <span class='ocr_line' id='line_1_7' title="bbox 133 326 928 369; baseline 0.013 -17"><span class='ocrx_word' id='word_1_35' title='bbox 133 326 402 358; x_wconf 86' lang='lat' dir='ltr'><strong>iusunthomiuibus</strong></span> <span class='ocrx_word' id='word_1_36' title='bbox 426 333 598 366; x_wconf 83' lang='lat' dir='ltr'><strong>naturaliter,</strong></span> <span class='ocrx_word' id='word_1_37' title='bbox 627 336 718 361; x_wconf 91' lang='lat' dir='ltr'><strong>omnia</strong></span> <span class='ocrx_word' id='word_1_38' title='bbox 743 335 873 369; x_wconf 86' lang='lat' dir='ltr'><strong>suscepit,</strong></span> <span class='ocrx_word' id='word_1_39' title='bbox 900 340 928 362; x_wconf 91' lang='lat' dir='ltr'><strong>ut</strong></span> 
     </span>
    </p>
   </div>
   <div class='ocr_carea' id='block_1_8' title="bbox 133 374 616 409">
    <p class='ocr_par' dir='ltr' id='par_1_8' title="bbox 133 374 616 409">
     <span class='ocr_line' id='line_1_8' title="bbox 133 374 616 409; baseline 0.014 -10"><span class='ocrx_word' id='word_1_40' title='bbox 133 374 233 400; x_wconf 83' lang='lat' dir='ltr'><strong>omnia</strong></span> <span class='ocrx_word' id='word_1_41' title='bbox 245 382 356 409; x_wconf 85' lang='lat' dir='ltr'><strong>prorsus</strong></span> <span class='ocrx_word' id='word_1_42' title='bbox 370 383 463 404; x_wconf 90' lang='lat' dir='ltr'><strong>sancta</strong></span> <span class='ocrx_word' id='word_1_43' title='bbox 477 378 616 406; x_wconf 82' lang='lat' dir='ltr'><strong>redderet.</strong></span> 
     </span>
    </p>
   </div>
   <div class='ocr_carea' id='block_1_9' title="bbox 175 418 927 458">
    <p class='ocr_par' dir='ltr' id='par_1_9' title="bbox 175 418 927 458">
     <span class='ocr_line' id='line_1_9' title="bbox 175 418 927 458; baseline 0.012 -13"><span class='ocrx_word' id='word_1_44' title='bbox 175 418 322 448; x_wconf 82' lang='lat' dir='ltr'><strong>Naturales</strong></span> <span class='ocrx_word' id='word_1_45' title='bbox 336 426 427 449; x_wconf 89' lang='lat' dir='ltr'><strong>autem</strong></span> <span class='ocrx_word' id='word_1_46' title='bbox 444 431 541 451; x_wconf 91' lang='lat' dir='ltr'><strong>omnes</strong></span> <span class='ocrx_word' id='word_1_47' title='bbox 562 425 720 453; x_wconf 71' lang='lat' dir='ltr'><strong>aﬂ‘ectioues</strong></span> <span class='ocrx_word' id='word_1_48' title='bbox 734 431 762 453; x_wconf 87' lang='lat' dir='ltr'><strong>et</strong></span> <span class='ocrx_word' id='word_1_49' title='bbox 773 434 805 453; x_wconf 85' lang='lat' dir='ltr'><strong>ex</strong></span> <span class='ocrx_word' id='word_1_50' title='bbox 820 431 927 458; x_wconf 87' lang='lat' dir='ltr'><strong>natura,</strong></span> 
     </span>
    </p>
   </div>
   <div class='ocr_carea' id='block_1_10' title="bbox 133 469 927 500">
    <p class='ocr_par' dir='ltr' id='par_1_10' title="bbox 133 469 927 500">
     <span class='ocr_line' id='line_1_10' title="bbox 133 469 927 500; baseline 0.011 -9"><span class='ocrx_word' id='word_1_51' title='bbox 133 469 166 491; x_wconf 88' lang='lat' dir='ltr'><strong>et</strong></span> <span class='ocrx_word' id='word_1_52' title='bbox 183 472 265 499; x_wconf 83' lang='lat' dir='ltr'><strong>supra</strong></span> <span class='ocrx_word' id='word_1_53' title='bbox 294 472 420 495; x_wconf 87' lang='lat' dir='ltr'><strong>naturam</strong></span> <span class='ocrx_word' id='word_1_54' title='bbox 454 471 581 498; x_wconf 88' lang='lat' dir='ltr'><strong>erantin</strong></span> <span class='ocrx_word' id='word_1_55' title='bbox 607 471 726 499; x_wconf 88' lang='lat' dir='ltr'><strong>Christo.</strong></span> <span class='ocrx_word' id='word_1_56' title='bbox 757 473 796 500; x_wconf 83' lang='lat' dir='ltr'><strong>Ex</strong></span> <span class='ocrx_word' id='word_1_57' title='bbox 829 478 927 500; x_wconf 90' lang='lat' dir='ltr'><strong>natura</strong></span> 
     </span>
    </p>
   </div>
   <div class='ocr_carea' id='block_1_11' title="bbox 132 510 926 551">
    <p class='ocr_par' dir='ltr' id='par_1_11' title="bbox 132 510 926 551">
     <span class='ocr_line' id='line_1_11' title="bbox 132 510 926 551; baseline 0.01 -15"><span class='ocrx_word' id='word_1_58' title='bbox 132 510 215 537; x_wconf 82' lang='lat' dir='ltr'><strong>enim</strong></span> <span class='ocrx_word' id='word_1_59' title='bbox 236 511 263 538; x_wconf 92' lang='lat' dir='ltr'><strong>in</strong></span> <span class='ocrx_word' id='word_1_60' title='bbox 279 519 312 539; x_wconf 94' lang='lat' dir='ltr'><strong>eo</strong></span> <span class='ocrx_word' id='word_1_61' title='bbox 335 514 526 547; x_wconf 76' lang='lat' dir='ltr'><strong>movebantur,</strong></span> <span class='ocrx_word' id='word_1_62' title='bbox 541 523 602 543; x_wconf 87' lang='lat' dir='ltr'><strong>cum</strong></span> <span class='ocrx_word' id='word_1_63' title='bbox 630 518 808 551; x_wconf 79' lang='lat' dir='ltr'><strong>permittebat</strong></span> <span class='ocrx_word' id='word_1_64' title='bbox 838 519 926 551; x_wconf 84' lang='lat' dir='ltr'><strong>carni,</strong></span> 
     </span>
    </p>
   </div>
   <div class='ocr_carea' id='block_1_12' title="bbox 134 559 929 598">
    <p class='ocr_par' dir='ltr' id='par_1_12' title="bbox 134 559 929 598">
     <span class='ocr_line' id='line_1_12' title="bbox 134 559 929 598; baseline 0.013 -16"><span class='ocrx_word' id='word_1_65' title='bbox 134 562 170 583; x_wconf 90' lang='lat' dir='ltr'><strong>ut</strong></span> <span class='ocrx_word' id='word_1_66' title='bbox 182 565 243 591; x_wconf 66' lang='lat' dir='ltr'><strong>qua:</strong></span> <span class='ocrx_word' id='word_1_67' title='bbox 258 559 367 593; x_wconf 88' lang='lat' dir='ltr'><strong>propria</strong></span> <span class='ocrx_word' id='word_1_68' title='bbox 385 560 457 588; x_wconf 87' lang='lat' dir='ltr'><strong>illius</strong></span> <span class='ocrx_word' id='word_1_69' title='bbox 479 565 555 593; x_wconf 90' lang='lat' dir='ltr'><strong>sunt,</strong></span> <span class='ocrx_word' id='word_1_70' title='bbox 585 567 733 597; x_wconf 86' lang='lat' dir='ltr'><strong>pateretur,</strong></span> <span class='ocrx_word' id='word_1_71' title='bbox 752 567 833 598; x_wconf 88' lang='lat' dir='ltr'><strong>atque</strong></span> <span class='ocrx_word' id='word_1_72' title='bbox 844 565 929 592; x_wconf 86' lang='lat' dir='ltr'><strong>senti-</strong></span> 
     </span>
    </p>
   </div>
   <div class='ocr_carea' id='block_1_13' title="bbox 134 603 927 643">
    <p class='ocr_par' dir='ltr' id='par_1_13' title="bbox 134 603 927 643">
     <span class='ocr_line' id='line_1_13' title="bbox 134 603 927 643; baseline 0.01 -14"><span class='ocrx_word' id='word_1_73' title='bbox 134 606 192 630; x_wconf 85' lang='lat' dir='ltr'><strong>ret.</strong></span> <span class='ocrx_word' id='word_1_74' title='bbox 208 603 296 638; x_wconf 84' lang='lat' dir='ltr'><strong>Supra</strong></span> <span class='ocrx_word' id='word_1_75' title='bbox 331 610 457 633; x_wconf 86' lang='lat' dir='ltr'><strong>naturam</strong></span> <span class='ocrx_word' id='word_1_76' title='bbox 487 615 563 638; x_wconf 87' lang='lat' dir='ltr'><strong>vero.</strong></span> <span class='ocrx_word' id='word_1_77' title='bbox 585 609 714 643; x_wconf 88' lang='lat' dir='ltr'><strong>quoniatn</strong></span> <span class='ocrx_word' id='word_1_78' title='bbox 743 610 881 637; x_wconf 81' lang='lat' dir='ltr'><strong>naturales</strong></span> <span class='ocrx_word' id='word_1_79' title='bbox 901 611 927 638; x_wconf 94' lang='lat' dir='ltr'><strong>in</strong></span> 
     </span>
    </p>
   </div>
   <div class='ocr_carea' id='block_1_14' title="bbox 135 649 927 690">
    <p class='ocr_par' dir='ltr' id='par_1_14' title="bbox 135 649 927 690">
     <span class='ocr_line' id='line_1_14' title="bbox 135 649 927 690; baseline 0.01 -15"><span class='ocrx_word' id='word_1_80' title='bbox 135 649 258 677; x_wconf 90' lang='lat' dir='ltr'><strong>Domino</strong></span> <span class='ocrx_word' id='word_1_81' title='bbox 270 657 361 678; x_wconf 87' lang='lat' dir='ltr'><strong>motus</strong></span> <span class='ocrx_word' id='word_1_82' title='bbox 394 656 422 679; x_wconf 88' lang='lat' dir='ltr'><strong>et</strong></span> <span class='ocrx_word' id='word_1_83' title='bbox 441 652 600 681; x_wconf 73' lang='lat' dir='ltr'><strong>affectiones</strong></span> <span class='ocrx_word' id='word_1_84' title='bbox 622 655 682 690; x_wconf 89' lang='lat' dir='ltr'><strong>ejus</strong></span> <span class='ocrx_word' id='word_1_85' title='bbox 712 655 846 682; x_wconf 80' lang='lat' dir='ltr'><strong>voluntati</strong></span> <span class='ocrx_word' id='word_1_86' title='bbox 872 664 927 684; x_wconf 89' lang='lat' dir='ltr'><strong>non</strong></span> 
     </span>
    </p>
   </div>
   <div class='ocr_carea' id='block_1_15' title="bbox 134 695 926 734">
    <p class='ocr_par' dir='ltr' id='par_1_15' title="bbox 134 695 926 734">
     <span class='ocr_line' id='line_1_15' title="bbox 134 695 926 734; baseline 0.009 -13"><span class='ocrx_word' id='word_1_87' title='bbox 134 695 310 730; x_wconf 86' lang='lat' dir='ltr'><strong>imperabant</strong></span> <span class='ocrx_word' id='word_1_88' title='bbox 329 706 335 724; x_wconf 88' lang='lat'><strong>:</strong></span> <span class='ocrx_word' id='word_1_89' title='bbox 355 698 507 726; x_wconf 83' lang='lat' dir='ltr'><strong>nihilenim</strong></span> <span class='ocrx_word' id='word_1_90' title='bbox 525 700 551 726; x_wconf 90' lang='lat' dir='ltr'><strong>in</strong></span> <span class='ocrx_word' id='word_1_91' title='bbox 581 708 615 726; x_wconf 91' lang='lat' dir='ltr'><strong>eo</strong></span> <span class='ocrx_word' id='word_1_92' title='bbox 648 704 783 733; x_wconf 91' lang='lat' dir='ltr'><strong>eoactum,</strong></span> <span class='ocrx_word' id='word_1_93' title='bbox 801 701 926 734; x_wconf 87' lang='lat' dir='ltr'><strong>invitum,</strong></span> 
     </span>
    </p>
   </div>
   <div class='ocr_carea' id='block_1_16' title="bbox 133 744 927 780">
    <p class='ocr_par' dir='ltr' id='par_1_16' title="bbox 133 744 927 780">
     <span class='ocr_line' id='line_1_16' title="bbox 133 744 927 780; baseline 0.006 -12"><span class='ocrx_word' id='word_1_94' title='bbox 133 744 357 770; x_wconf 78' lang='lat' dir='ltr'><strong>etnecessarium</strong></span> <span class='ocrx_word' id='word_1_95' title='bbox 372 744 571 777; x_wconf 81' lang='lat' dir='ltr'><strong>consideratur,</strong></span> <span class='ocrx_word' id='word_1_96' title='bbox 587 745 635 772; x_wconf 89' lang='lat' dir='ltr'><strong>sed</strong></span> <span class='ocrx_word' id='word_1_97' title='bbox 652 745 743 772; x_wconf 89' lang='lat' dir='ltr'><strong>omnia</strong></span> <span class='ocrx_word' id='word_1_98' title='bbox 758 746 927 780; x_wconf 80' lang='lat' dir='ltr'><strong>voluntaria;</strong></span> 
     </span>
    </p>
   </div>
   <div class='ocr_carea' id='block_1_17' title="bbox 134 789 927 826">
    <p class='ocr_par' dir='ltr' id='par_1_17' title="bbox 134 789 927 826">
     <span class='ocr_line' id='line_1_17' title="bbox 134 789 927 826; baseline 0.009 -12"><span class='ocrx_word' id='word_1_99' title='bbox 134 789 235 816; x_wconf 86' lang='lat' dir='ltr'><strong>volens</strong></span> <span class='ocrx_word' id='word_1_100' title='bbox 260 790 333 816; x_wconf 89' lang='lat' dir='ltr'><strong>enint</strong></span> <span class='ocrx_word' id='word_1_101' title='bbox 360 791 458 824; x_wconf 86' lang='lat' dir='ltr'><strong>esurit,</strong></span> <span class='ocrx_word' id='word_1_102' title='bbox 473 790 568 819; x_wconf 88' lang='lat' dir='ltr'><strong>volens</strong></span> <span class='ocrx_word' id='word_1_103' title='bbox 588 790 685 824; x_wconf 88' lang='lat' dir='ltr'><strong>sitivit,</strong></span> <span class='ocrx_word' id='word_1_104' title='bbox 705 792 800 820; x_wconf 85' lang='lat' dir='ltr'><strong>volens</strong></span> <span class='ocrx_word' id='word_1_105' title='bbox 827 793 927 826; x_wconf 88' lang='lat' dir='ltr'><strong>timuit,</strong></span> 
     </span>
    </p>
   </div>
   <div class='ocr_carea' id='block_1_18' title="bbox 132 835 435 866">
    <p class='ocr_par' dir='ltr' id='par_1_18' title="bbox 132 835 435 866">
     <span class='ocr_line' id='line_1_18' title="bbox 132 835 435 866; baseline 0.013 -5"><span class='ocrx_word' id='word_1_106' title='bbox 132 835 233 863; x_wconf 80' lang='lat' dir='ltr'><strong>volens</strong></span> <span class='ocrx_word' id='word_1_107' title='bbox 251 841 375 864; x_wconf 86' lang='lat' dir='ltr'><strong>mortuus</strong></span> <span class='ocrx_word' id='word_1_108' title='bbox 384 841 435 866; x_wconf 83' lang='lat' dir='ltr'><strong>est.</strong></span> 
     </span>
    </p>
   </div>
   <div class='ocr_carea' id='block_1_19' title="bbox 420 893 656 922">
    <p class='ocr_par' dir='ltr' id='par_1_19' title="bbox 420 893 656 922">
     <span class='ocr_line' id='line_1_19' title="bbox 420 893 656 922; baseline 0.004 -1"><span class='ocrx_word' id='word_1_109' title='bbox 420 893 496 921; x_wconf 82' lang='lat' dir='ltr'><strong>CAP.</strong></span> <span class='ocrx_word' id='word_1_110' title='bbox 513 894 656 922; x_wconf 73' lang='lat' dir='ltr'><strong>XXXVIII.</strong></span> 
     </span>
    </p>
   </div>
   <div class='ocr_carea' id='block_1_20' title="bbox 135 937 927 971">
    <p class='ocr_par' dir='ltr' id='par_1_20' title="bbox 135 937 927 971">
     <span class='ocr_line' id='line_1_20' title="bbox 135 937 927 971; baseline 0.006 -6"><span class='ocrx_word' id='word_1_111' title='bbox 135 937 208 965; x_wconf 83' lang='lat' dir='ltr'><strong>Item</strong></span> <span class='ocrx_word' id='word_1_112' title='bbox 222 939 277 967; x_wconf 84' lang='lat' dir='ltr'><strong>alia</strong></span> <span class='ocrx_word' id='word_1_113' title='bbox 301 940 332 967; x_wconf 83' lang='lat' dir='ltr'><strong>de</strong></span> <span class='ocrx_word' id='word_1_114' title='bbox 352 941 440 968; x_wconf 85' lang='lat' dir='ltr'><strong>divina</strong></span> <span class='ocrx_word' id='word_1_115' title='bbox 458 942 649 970; x_wconf 78' lang='lat' dir='ltr'><strong>incarnatione.</strong></span> <span class='ocrx_word' id='word_1_116' title='bbox 674 942 791 970; x_wconf 80' lang='lat' dir='ltr'><strong>Aliorum</strong></span> <span class='ocrx_word' id='word_1_117' title='bbox 818 943 927 971; x_wconf 80' lang='lat' dir='ltr'><strong>Patrum</strong></span> 
     </span>
    </p>
   </div>
   <div class='ocr_carea' id='block_1_21' title="bbox 171 974 927 1012">
    <p class='ocr_par' dir='ltr' id='par_1_21' title="bbox 171 974 927 1012">
     <span class='ocr_line' id='line_1_21' title="bbox 171 974 927 1012; baseline 0.008 -12"><span class='ocrx_word' id='word_1_118' title='bbox 171 974 405 1012; x_wconf 69' lang='lat' dir='ltr'><strong>demonstrationes</strong></span> <span class='ocrx_word' id='word_1_119' title='bbox 449 976 627 1012; x_wconf 70' lang='lat' dir='ltr'><strong>syllogisticaz,</strong></span> <span class='ocrx_word' id='word_1_120' title='bbox 672 986 704 1004; x_wconf 77' lang='lat' dir='ltr'><strong>ea;</strong></span> <span class='ocrx_word' id='word_1_121' title='bbox 746 980 927 1006; x_wconf 73' lang='lat' dir='ltr'><strong>communibus</strong></span> 
     </span>
    </p>
   </div>
   <div class='ocr_carea' id='block_1_22' title="bbox 173 1010 331 1037">
    <p class='ocr_par' dir='ltr' id='par_1_22' title="bbox 173 1010 331 1037">
     <span class='ocr_line' id='line_1_22' title="bbox 173 1010 331 1037; baseline 0.013 -3"><span class='ocrx_word' id='word_1_122' title='bbox 173 1010 331 1037; x_wconf 73' lang='lat' dir='ltr'><strong>nationibus.</strong></span> 
     </span>
    </p>
   </div>
   <div class='ocr_carea' id='block_1_23' title="bbox 171 1064 927 1104">
    <p class='ocr_par' dir='ltr' id='par_1_23' title="bbox 171 1064 927 1104">
     <span class='ocr_line' id='line_1_23' title="bbox 171 1064 927 1104; baseline 0.008 -13"><span class='ocrx_word' id='word_1_123' title='bbox 171 1064 198 1091; x_wconf 75' lang='grc' dir='ltr'><strong>Ι.</strong></span> <span class='ocrx_word' id='word_1_124' title='bbox 215 1064 244 1092; x_wconf 88' lang='lat' dir='ltr'><strong>Si</strong></span> <span class='ocrx_word' id='word_1_125' title='bbox 259 1065 329 1100; x_wconf 79' lang='lat' dir='ltr'><strong>ignis</strong></span> <span class='ocrx_word' id='word_1_126' title='bbox 342 1066 369 1093; x_wconf 92' lang='lat' dir='ltr'><strong>in</strong></span> <span class='ocrx_word' id='word_1_127' title='bbox 385 1074 434 1094; x_wconf 87' lang='lat' dir='ltr'><strong>suo</strong></span> <span class='ocrx_word' id='word_1_128' title='bbox 449 1067 510 1094; x_wconf 90' lang='lat' dir='ltr'><strong>loco</strong></span> <span class='ocrx_word' id='word_1_129' title='bbox 522 1075 636 1095; x_wconf 89' lang='lat' dir='ltr'><strong>manens</strong></span> <span class='ocrx_word' id='word_1_130' title='bbox 647 1075 710 1096; x_wconf 91' lang='lat' dir='ltr'><strong>cum</strong></span> <span class='ocrx_word' id='word_1_131' title='bbox 727 1068 800 1097; x_wconf 82' lang='lat' dir='ltr'><strong>ferro</strong></span> <span class='ocrx_word' id='word_1_132' title='bbox 811 1069 927 1104; x_wconf 82' lang='lat' dir='ltr'><strong>conjun—</strong></span> 
     </span>
    </p>
   </div>
   <div class='ocr_carea' id='block_1_24' title="bbox 134 1109 923 1149">
    <p class='ocr_par' dir='ltr' id='par_1_24' title="bbox 134 1109 923 1149">
     <span class='ocr_line' id='line_1_24' title="bbox 134 1109 923 1149; baseline 0.008 -13"><span class='ocrx_word' id='word_1_133' title='bbox 134 1109 219 1144; x_wconf 84' lang='lat' dir='ltr'><strong>gitur,</strong></span> <span class='ocrx_word' id='word_1_134' title='bbox 237 1111 323 1138; x_wconf 91' lang='lat' dir='ltr'><strong>multo</strong></span> <span class='ocrx_word' id='word_1_135' title='bbox 340 1112 425 1147; x_wconf 87' lang='lat' dir='ltr'><strong>magis</strong></span> <span class='ocrx_word' id='word_1_136' title='bbox 435 1112 480 1139; x_wconf 83' lang='lat' dir='ltr'><strong>ille.</strong></span> <span class='ocrx_word' id='word_1_137' title='bbox 501 1113 599 1148; x_wconf 84' lang='lat' dir='ltr'><strong>quiest</strong></span> <span class='ocrx_word' id='word_1_138' title='bbox 612 1114 798 1149; x_wconf 82' lang='lat' dir='ltr'><strong>omnipotens,</strong></span> <span class='ocrx_word' id='word_1_139' title='bbox 827 1115 923 1142; x_wconf 93' lang='lat' dir='ltr'><strong>immo-</strong></span> 
     </span>
    </p>
   </div>
   <div class='ocr_carea' id='block_1_25' title="bbox 134 1155 926 1196">
    <p class='ocr_par' dir='ltr' id='par_1_25' title="bbox 134 1155 926 1196">
     <span class='ocr_line' id='line_1_25' title="bbox 134 1155 926 1196; baseline 0.008 -15"><span class='ocrx_word' id='word_1_140' title='bbox 134 1155 321 1183; x_wconf 87' lang='lat' dir='ltr'><strong>bilismanens</strong></span> <span class='ocrx_word' id='word_1_141' title='bbox 349 1163 495 1192; x_wconf 70' lang='lat' dir='ltr'><strong>assumpta:</strong></span> <span class='ocrx_word' id='word_1_142' title='bbox 519 1159 593 1186; x_wconf 83' lang='lat' dir='ltr'><strong>carni</strong></span> <span class='ocrx_word' id='word_1_143' title='bbox 625 1160 792 1196; x_wconf 84' lang='lat' dir='ltr'><strong>conjunctus</strong></span> <span class='ocrx_word' id='word_1_144' title='bbox 820 1164 871 1193; x_wconf 90' lang='lat' dir='ltr'><strong>est,</strong></span> <span class='ocrx_word' id='word_1_145' title='bbox 896 1164 926 1187; x_wconf 91' lang='lat' dir='ltr'><strong>ut</strong></span> 
     </span>
    </p>
   </div>
   <div class='ocr_carea' id='block_1_26' title="bbox 132 1201 925 1240">
    <p class='ocr_par' dir='ltr' id='par_1_26' title="bbox 132 1201 925 1240">
     <span class='ocr_line' id='line_1_26' title="bbox 132 1201 925 1240; baseline 0.008 -13"><span class='ocrx_word' id='word_1_146' title='bbox 132 1201 180 1234; x_wconf 86' lang='lat' dir='ltr'><strong>qui</strong></span> <span class='ocrx_word' id='word_1_147' title='bbox 191 1205 264 1229; x_wconf 91' lang='lat' dir='ltr'><strong>totus</strong></span> <span class='ocrx_word' id='word_1_148' title='bbox 276 1206 335 1229; x_wconf 86' lang='lat' dir='ltr'><strong>erat</strong></span> <span class='ocrx_word' id='word_1_149' title='bbox 346 1203 373 1230; x_wconf 94' lang='lat' dir='ltr'><strong>in</strong></span> <span class='ocrx_word' id='word_1_150' title='bbox 387 1203 477 1235; x_wconf 88' lang='lat' dir='ltr'><strong>Patre,</strong></span> <span class='ocrx_word' id='word_1_151' title='bbox 494 1208 566 1231; x_wconf 89' lang='lat' dir='ltr'><strong>totus</strong></span> <span class='ocrx_word' id='word_1_152' title='bbox 578 1205 604 1231; x_wconf 94' lang='lat' dir='ltr'><strong>in</strong></span> <span class='ocrx_word' id='word_1_153' title='bbox 620 1204 665 1231; x_wconf 87' lang='lat' dir='ltr'><strong>illa</strong></span> <span class='ocrx_word' id='word_1_154' title='bbox 679 1205 925 1240; x_wconf 85' lang='lat' dir='ltr'><strong>essetassumptio-</strong></span> 
     </span>
    </p>
   </div>
   <div class='ocr_carea' id='block_1_27' title="bbox 134 1247 922 1286">
    <p class='ocr_par' dir='ltr' id='par_1_27' title="bbox 134 1247 922 1286">
     <span class='ocr_line' id='line_1_27' title="bbox 134 1247 922 1286; baseline 0.006 -12"><span class='ocrx_word' id='word_1_155' title='bbox 134 1254 179 1274; x_wconf 80' lang='lat' dir='ltr'><strong>ne.</strong></span> <span class='ocrx_word' id='word_1_156' title='bbox 196 1247 260 1279; x_wconf 76' lang='lat' dir='ltr'><strong>Qua:</strong></span> <span class='ocrx_word' id='word_1_157' title='bbox 284 1247 396 1283; x_wconf 78' lang='lat' dir='ltr'><strong>quidem</strong></span> <span class='ocrx_word' id='word_1_158' title='bbox 435 1249 504 1276; x_wconf 81' lang='lat' dir='ltr'><strong>ratio</strong></span> <span class='ocrx_word' id='word_1_159' title='bbox 517 1250 538 1276; x_wconf 91' lang='lat' dir='ltr'><strong>si</strong></span> <span class='ocrx_word' id='word_1_160' title='bbox 565 1254 669 1277; x_wconf 70' lang='lat' dir='ltr'><strong>naturae</strong></span> <span class='ocrx_word' id='word_1_161' title='bbox 704 1251 759 1277; x_wconf 89' lang='lat' dir='ltr'><strong>vim</strong></span> <span class='ocrx_word' id='word_1_162' title='bbox 778 1253 922 1286; x_wconf 70' lang='lat' dir='ltr'><strong>&quot;{superat,</strong></span> 
     </span>
    </p>
   </div>
   <div class='ocr_carea' id='block_1_28' title="bbox 133 1293 924 1332">
    <p class='ocr_par' dir='ltr' id='par_1_28' title="bbox 133 1293 924 1332">
     <span class='ocr_line' id='line_1_28' title="bbox 133 1293 924 1332; baseline 0.008 -13"><span class='ocrx_word' id='word_1_163' title='bbox 133 1293 170 1320; x_wconf 90' lang='lat' dir='ltr'><strong>nil</strong></span> <span class='ocrx_word' id='word_1_164' title='bbox 187 1295 285 1320; x_wconf 92' lang='lat' dir='ltr'><strong>mirum</strong></span> <span class='ocrx_word' id='word_1_165' title='bbox 296 1299 348 1328; x_wconf 86' lang='lat' dir='ltr'><strong>est,</strong></span> <span class='ocrx_word' id='word_1_166' title='bbox 366 1295 476 1329; x_wconf 84' lang='lat' dir='ltr'><strong>quando</strong></span> <span class='ocrx_word' id='word_1_167' title='bbox 488 1296 583 1330; x_wconf 86' lang='lat' dir='ltr'><strong>Filius,</strong></span> <span class='ocrx_word' id='word_1_168' title='bbox 609 1300 637 1324; x_wconf 91' lang='lat' dir='ltr'><strong>et</strong></span> <span class='ocrx_word' id='word_1_169' title='bbox 657 1296 777 1324; x_wconf 87' lang='lat' dir='ltr'><strong>Verbum</strong></span> <span class='ocrx_word' id='word_1_170' title='bbox 801 1297 859 1332; x_wconf 83' lang='lat' dir='ltr'><strong>ipsa</strong></span> <span class='ocrx_word' id='word_1_171' title='bbox 882 1303 924 1325; x_wconf 85' lang='lat' dir='ltr'><strong>est</strong></span> 
     </span>
    </p>
   </div>
   <div class='ocr_carea' id='block_1_29' title="bbox 134 1341 430 1374">
    <p class='ocr_par' dir='ltr' id='par_1_29' title="bbox 134 1341 430 1374">
     <span class='ocr_line' id='line_1_29' title="bbox 134 1341 430 1374; baseline 0.01 -10"><span class='ocrx_word' id='word_1_172' title='bbox 134 1343 233 1365; x_wconf 87' lang='lat' dir='ltr'><strong>natura</strong></span> <span class='ocrx_word' id='word_1_173' title='bbox 246 1341 430 1374; x_wconf 74' lang='lat' dir='ltr'><strong>praestantius.</strong></span> 
     </span>
    </p>
   </div>
   <div class='ocr_carea' id='block_1_30' title="bbox 167 1385 922 1424">
    <p class='ocr_par' dir='ltr' id='par_1_30' title="bbox 167 1385 922 1424">
     <span class='ocr_line' id='line_1_30' title="bbox 167 1385 922 1424; baseline 0.008 -14"><span class='ocrx_word' id='word_1_174' title='bbox 167 1385 194 1410; x_wconf 72' lang='grc'><strong>2.</strong></span> <span class='ocrx_word' id='word_1_175' title='bbox 223 1385 251 1412; x_wconf 87' lang='lat' dir='ltr'><strong>Si</strong></span> <span class='ocrx_word' id='word_1_176' title='bbox 271 1393 346 1413; x_wconf 91' lang='lat' dir='ltr'><strong>mens</strong></span> <span class='ocrx_word' id='word_1_177' title='bbox 372 1387 471 1414; x_wconf 78' lang='lat' dir='ltr'><strong>animae</strong></span> <span class='ocrx_word' id='word_1_178' title='bbox 501 1395 602 1422; x_wconf 90' lang='lat' dir='ltr'><strong>corpus</strong></span> <span class='ocrx_word' id='word_1_179' title='bbox 625 1387 759 1416; x_wconf 89' lang='lat' dir='ltr'><strong>incolenti</strong></span> <span class='ocrx_word' id='word_1_180' title='bbox 777 1389 922 1424; x_wconf 80' lang='lat' dir='ltr'><strong>conjuncta</strong></span> 
     </span>
    </p>
   </div>
   <div class='ocr_carea' id='block_1_31' title="bbox 132 1431 921 1467">
    <p class='ocr_par' dir='ltr' id='par_1_31' title="bbox 132 1431 921 1467">
     <span class='ocr_line' id='line_1_31' title="bbox 132 1431 921 1467; baseline 0.009 -11"><span class='ocrx_word' id='word_1_181' title='bbox 132 1431 258 1463; x_wconf 89' lang='lat' dir='ltr'><strong>quolibet</strong></span> <span class='ocrx_word' id='word_1_182' title='bbox 275 1432 461 1466; x_wconf 85' lang='lat' dir='ltr'><strong>progreditur,</strong></span> <span class='ocrx_word' id='word_1_183' title='bbox 475 1433 561 1467; x_wconf 84' lang='lat' dir='ltr'><strong>ipsam</strong></span> <span class='ocrx_word' id='word_1_184' title='bbox 583 1434 703 1461; x_wconf 87' lang='lat' dir='ltr'><strong>animam</strong></span> <span class='ocrx_word' id='word_1_185' title='bbox 727 1442 782 1462; x_wconf 91' lang='lat' dir='ltr'><strong>non</strong></span> <span class='ocrx_word' id='word_1_186' title='bbox 798 1435 921 1463; x_wconf 88' lang='lat' dir='ltr'><strong>derelin-</strong></span> 
     </span>
    </p>
   </div>
   <div class='ocr_carea' id='block_1_32' title="bbox 130 1477 920 1516">
    <p class='ocr_par' dir='ltr' id='par_1_32' title="bbox 130 1477 920 1516">
     <span class='ocr_line' id='line_1_32' title="bbox 130 1477 920 1516; baseline 0.01 -14"><span class='ocrx_word' id='word_1_187' title='bbox 130 1483 229 1509; x_wconf 84' lang='lat' dir='ltr'><strong>quens,</strong></span> <span class='ocrx_word' id='word_1_188' title='bbox 248 1482 276 1503; x_wconf 90' lang='lat' dir='ltr'><strong>et</strong></span> <span class='ocrx_word' id='word_1_189' title='bbox 288 1477 507 1512; x_wconf 84' lang='lat' dir='ltr'><strong>impenetrabilis</strong></span> <span class='ocrx_word' id='word_1_190' title='bbox 524 1481 564 1515; x_wconf 91' lang='lat' dir='ltr'><strong>(ut</strong></span> <span class='ocrx_word' id='word_1_191' title='bbox 581 1481 616 1506; x_wconf 89' lang='lat' dir='ltr'><strong>ita</strong></span> <span class='ocrx_word' id='word_1_192' title='bbox 633 1480 733 1516; x_wconf 85' lang='lat' dir='ltr'><strong>dicam)</strong></span> <span class='ocrx_word' id='word_1_193' title='bbox 764 1490 813 1516; x_wconf 91' lang='lat' dir='ltr'><strong>per</strong></span> <span class='ocrx_word' id='word_1_194' title='bbox 828 1482 920 1510; x_wconf 86' lang='lat' dir='ltr'><strong>omnia</strong></span> 
     </span>
    </p>
   </div>
   <div class='ocr_carea' id='block_1_33' title="bbox 131 1527 919 1560">
    <p class='ocr_par' dir='ltr' id='par_1_33' title="bbox 131 1527 919 1560">
     <span class='ocr_line' id='line_1_33' title="bbox 131 1527 919 1560; baseline 0.011 -13"><span class='ocrx_word' id='word_1_195' title='bbox 131 1527 278 1554; x_wconf 88' lang='lat' dir='ltr'><strong>commeat,</strong></span> <span class='ocrx_word' id='word_1_196' title='bbox 292 1527 320 1550; x_wconf 89' lang='lat' dir='ltr'><strong>et</strong></span> <span class='ocrx_word' id='word_1_197' title='bbox 346 1530 484 1558; x_wconf 85' lang='lat' dir='ltr'><strong>penetrat,</strong></span> <span class='ocrx_word' id='word_1_198' title='bbox 498 1533 733 1560; x_wconf 83' lang='lat' dir='ltr'><strong>supervacaneum</strong></span> <span class='ocrx_word' id='word_1_199' title='bbox 764 1532 806 1555; x_wconf 89' lang='lat' dir='ltr'><strong>est</strong></span> <span class='ocrx_word' id='word_1_200' title='bbox 838 1529 919 1557; x_wconf 92' lang='lat' dir='ltr'><strong>dubi-</strong></span> 
     </span>
    </p>
   </div>
   <div class='ocr_carea' id='block_1_34' title="bbox 132 1561 954 1604">
    <p class='ocr_par' dir='ltr' id='par_1_34' title="bbox 132 1561 954 1604">
     <span class='ocr_line' id='line_1_34' title="bbox 132 1561 954 1604; baseline 0.015 -11"><span class='ocrx_word' id='word_1_201' title='bbox 132 1572 200 1598; x_wconf 86' lang='lat' dir='ltr'><strong>tare,</strong></span> <span class='ocrx_word' id='word_1_202' title='bbox 222 1569 360 1602; x_wconf 91' lang='lat' dir='ltr'><strong>quomodo</strong></span> <span class='ocrx_word' id='word_1_203' title='bbox 377 1570 462 1598; x_wconf 75' lang='lat' dir='ltr'><strong>Filius</strong></span> <span class='ocrx_word' id='word_1_204' title='bbox 478 1575 504 1598; x_wconf 89' lang='lat' dir='ltr'><strong>et</strong></span> <span class='ocrx_word' id='word_1_205' title='bbox 528 1572 602 1599; x_wconf 86' lang='lat' dir='ltr'><strong>Deus</strong></span> <span class='ocrx_word' id='word_1_206' title='bbox 619 1581 668 1601; x_wconf 87' lang='lat' dir='ltr'><strong>nec</strong></span> <span class='ocrx_word' id='word_1_207' title='bbox 695 1575 803 1602; x_wconf 87' lang='lat' dir='ltr'><strong>Patrem</strong></span> <span class='ocrx_word' id='word_1_208' title='bbox 834 1577 919 1604; x_wconf 85' lang='lat' dir='ltr'><strong>reiin-</strong></span> <span class='ocrx_word' id='word_1_209' title='bbox 933 1561 954 1590; x_wconf 63' lang='grc' dir='ltr'>α</span> 
     </span>
    </p>
   </div>
   <div class='ocr_carea' id='block_1_35' title="bbox 131 1616 917 1654">
    <p class='ocr_par' dir='ltr' id='par_1_35' title="bbox 131 1616 917 1654">
     <span class='ocr_line' id='line_1_35' title="bbox 131 1616 917 1654; baseline 0.014 -15"><span class='ocrx_word' id='word_1_210' title='bbox 131 1621 228 1647; x_wconf 84' lang='lat' dir='ltr'><strong>quens,</strong></span> <span class='ocrx_word' id='word_1_211' title='bbox 246 1622 296 1642; x_wconf 89' lang='lat' dir='ltr'><strong>nec</strong></span> <span class='ocrx_word' id='word_1_212' title='bbox 309 1616 408 1643; x_wconf 65' lang='lat' dir='ltr'><strong>malum</strong></span> <span class='ocrx_word' id='word_1_213' title='bbox 444 1616 570 1645; x_wconf 81' lang='lat' dir='ltr'><strong>deferens</strong></span> <span class='ocrx_word' id='word_1_214' title='bbox 583 1618 609 1645; x_wconf 92' lang='lat' dir='ltr'><strong>in</strong></span> <span class='ocrx_word' id='word_1_215' title='bbox 639 1623 739 1654; x_wconf 82' lang='lat' dir='ltr'><strong>terram</strong></span> <span class='ocrx_word' id='word_1_216' title='bbox 764 1621 917 1650; x_wconf 88' lang='lat' dir='ltr'><strong>descende—</strong></span> 
     </span>
    </p>
   </div>
   <div class='ocr_carea' id='block_1_36' title="bbox 131 1659 918 1698">
    <p class='ocr_par' dir='ltr' id='par_1_36' title="bbox 131 1659 918 1698">
     <span class='ocr_line' id='line_1_36' title="bbox 131 1659 918 1698; baseline 0.015 -13"><span class='ocrx_word' id='word_1_217' title='bbox 131 1659 176 1689; x_wconf 85' lang='lat' dir='ltr'><strong>rit.</strong></span> <span class='ocrx_word' id='word_1_218' title='bbox 194 1663 297 1688; x_wconf 90' lang='lat' dir='ltr'><strong>etcum</strong></span> <span class='ocrx_word' id='word_1_219' title='bbox 316 1666 434 1696; x_wconf 87' lang='lat' dir='ltr'><strong>nequeat</strong></span> <span class='ocrx_word' id='word_1_220' title='bbox 449 1664 656 1698; x_wconf 84' lang='lat' dir='ltr'><strong>comprehendi,</strong></span> <span class='ocrx_word' id='word_1_221' title='bbox 670 1666 706 1693; x_wconf 87' lang='lat' dir='ltr'><strong>sit</strong></span> <span class='ocrx_word' id='word_1_222' title='bbox 719 1667 753 1694; x_wconf 83' lang='lat' dir='ltr'><strong>ab</strong></span> <span class='ocrx_word' id='word_1_223' title='bbox 773 1668 864 1696; x_wconf 88' lang='lat' dir='ltr'><strong>anima</strong></span> <span class='ocrx_word' id='word_1_224' title='bbox 890 1675 918 1697; x_wconf 88' lang='lat' dir='ltr'><strong>et</strong></span> 
     </span>
    </p>
   </div>
   <div class='ocr_carea' id='block_1_37' title="bbox 131 1708 916 1747">
    <p class='ocr_par' dir='ltr' id='par_1_37' title="bbox 131 1708 916 1747">
     <span class='ocr_line' id='line_1_37' title="bbox 131 1708 916 1747; baseline 0.015 -16"><span class='ocrx_word' id='word_1_225' title='bbox 131 1712 244 1739; x_wconf 84' lang='lat' dir='ltr'><strong>cerpore</strong></span> <span class='ocrx_word' id='word_1_226' title='bbox 258 1708 487 1742; x_wconf 87' lang='lat' dir='ltr'><strong>comprehensus.</strong></span> <span class='ocrx_word' id='word_1_227' title='bbox 504 1709 570 1736; x_wconf 87' lang='lat' dir='ltr'><strong>Nam</strong></span> <span class='ocrx_word' id='word_1_228' title='bbox 587 1711 609 1738; x_wconf 92' lang='lat' dir='ltr'><strong>si</strong></span> <span class='ocrx_word' id='word_1_229' title='bbox 625 1719 668 1739; x_wconf 79' lang='lat' dir='ltr'><strong>res</strong></span> <span class='ocrx_word' id='word_1_230' title='bbox 684 1719 827 1747; x_wconf 88' lang='lat' dir='ltr'><strong>procreata</strong></span> <span class='ocrx_word' id='word_1_231' title='bbox 845 1715 916 1743; x_wconf 86' lang='lat' dir='ltr'><strong>hanc</strong></span> 
     </span>
    </p>
   </div>
   <div class='ocr_carea' id='block_1_38' title="bbox 130 1751 915 1795">
    <p class='ocr_par' dir='ltr' id='par_1_38' title="bbox 130 1751 915 1795">
     <span class='ocr_line' id='line_1_38' title="bbox 130 1751 915 1795; baseline 0.014 -18"><span class='ocrx_word' id='word_1_232' title='bbox 130 1751 235 1779; x_wconf 87' lang='lat' dir='ltr'><strong>obtinet</strong></span> <span class='ocrx_word' id='word_1_233' title='bbox 258 1758 432 1787; x_wconf 88' lang='lat' dir='ltr'><strong>potestatem,</strong></span> <span class='ocrx_word' id='word_1_234' title='bbox 466 1756 554 1790; x_wconf 88' lang='lat' dir='ltr'><strong>qualis</strong></span> <span class='ocrx_word' id='word_1_235' title='bbox 573 1757 625 1783; x_wconf 86' lang='lat' dir='ltr'><strong>erit</strong></span> <span class='ocrx_word' id='word_1_236' title='bbox 653 1757 817 1786; x_wconf 88' lang='lat' dir='ltr'><strong>Procrcator</strong></span> <span class='ocrx_word' id='word_1_237' title='bbox 846 1759 915 1795; x_wconf 86' lang='lat' dir='ltr'><strong>ipse,</strong></span> 
     </span>
    </p>
   </div>
   <div class='ocr_carea' id='block_1_39' title="bbox 130 1796 914 1841">
    <p class='ocr_par' dir='ltr' id='par_1_39' title="bbox 130 1796 914 1841">
     <span class='ocr_line' id='line_1_39' title="bbox 130 1796 914 1841; baseline 0.017 -19"><span class='ocrx_word' id='word_1_238' title='bbox 130 1796 299 1825; x_wconf 82' lang='lat' dir='ltr'><strong>admirabilis</strong></span> <span class='ocrx_word' id='word_1_239' title='bbox 316 1799 408 1834; x_wconf 90' lang='lat' dir='ltr'><strong>hujus,</strong></span> <span class='ocrx_word' id='word_1_240' title='bbox 422 1808 482 1835; x_wconf 62' lang='lat' dir='ltr'><strong>quae</strong></span> <span class='ocrx_word' id='word_1_241' title='bbox 502 1801 593 1830; x_wconf 78' lang='lat' dir='ltr'><strong>verbis</strong></span> <span class='ocrx_word' id='word_1_242' title='bbox 607 1804 737 1838; x_wconf 86' lang='lat' dir='ltr'><strong>explicari</strong></span> <span class='ocrx_word' id='word_1_243' title='bbox 749 1813 803 1833; x_wconf 93' lang='lat' dir='ltr'><strong>non</strong></span> <span class='ocrx_word' id='word_1_244' title='bbox 815 1812 914 1841; x_wconf 88' lang='lat' dir='ltr'><strong>potest,</strong></span> 
     </span>
    </p>
   </div>
   <div class='ocr_carea' id='block_1_40' title="bbox 130 1841 280 1876">
    <p class='ocr_par' dir='ltr' id='par_1_40' title="bbox 130 1841 280 1876">
     <span class='ocr_line' id='line_1_40' title="bbox 130 1841 280 1876; baseline 0.007 -8"><span class='ocrx_word' id='word_1_245' title='bbox 130 1841 280 1876; x_wconf 73' lang='lat' dir='ltr'><strong>elargitor?</strong></span> 
     </span>
    </p>
   </div>
   <div class='ocr_carea' id='block_1_41' title="bbox 164 1887 915 1927">
    <p class='ocr_par' dir='ltr' id='par_1_41' title="bbox 164 1887 915 1927">
     <span class='ocr_line' id='line_1_41' title="bbox 164 1887 915 1927; baseline 0.016 -13"><span class='ocrx_word' id='word_1_246' title='bbox 164 1887 190 1914; x_wconf 74' lang='lat'><strong>3.</strong></span> <span class='ocrx_word' id='word_1_247' title='bbox 208 1887 307 1915; x_wconf 90' lang='lat' dir='ltr'><strong>Totum</strong></span> <span class='ocrx_word' id='word_1_248' title='bbox 323 1889 455 1923; x_wconf 83' lang='lat' dir='ltr'><strong>Verbum,</strong></span> <span class='ocrx_word' id='word_1_249' title='bbox 476 1892 523 1926; x_wconf 91' lang='lat' dir='ltr'><strong>qui</strong></span> <span class='ocrx_word' id='word_1_250' title='bbox 537 1893 610 1921; x_wconf 91' lang='lat' dir='ltr'><strong>Deus</strong></span> <span class='ocrx_word' id='word_1_251' title='bbox 621 1899 672 1927; x_wconf 82' lang='lat' dir='ltr'><strong>est,</strong></span> <span class='ocrx_word' id='word_1_252' title='bbox 692 1903 915 1926; x_wconf 87' lang='lat' dir='ltr'><strong>carnentassum-</strong></span> 
     </span>
    </p>
   </div>
   <div class='ocr_carea' id='block_1_42' title="bbox 131 1931 914 1972">
    <p class='ocr_par' dir='ltr' id='par_1_42' title="bbox 131 1931 914 1972">
     <span class='ocr_line' id='line_1_42' title="bbox 131 1931 914 1972; baseline 0.015 -14"><span class='ocrx_word' id='word_1_253' title='bbox 131 1931 192 1967; x_wconf 83' lang='lat' dir='ltr'><strong>psit,</strong></span> <span class='ocrx_word' id='word_1_254' title='bbox 208 1936 235 1959; x_wconf 89' lang='lat' dir='ltr'><strong>et</strong></span> <span class='ocrx_word' id='word_1_255' title='bbox 254 1937 340 1961; x_wconf 86' lang='lat' dir='ltr'><strong>totum</strong></span> <span class='ocrx_word' id='word_1_256' title='bbox 354 1936 450 1970; x_wconf 85' lang='lat' dir='ltr'><strong>nequit</strong></span> <span class='ocrx_word' id='word_1_257' title='bbox 466 1938 675 1972; x_wconf 83' lang='lat' dir='ltr'><strong>comprehendi.</strong></span> <span class='ocrx_word' id='word_1_258' title='bbox 692 1939 873 1972; x_wconf 83' lang='lat' dir='ltr'><strong>Quamobrem</strong></span> <span class='ocrx_word' id='word_1_259' title='bbox 886 1949 914 1971; x_wconf 89' lang='lat' dir='ltr'><strong>et</strong></span> 
     </span>
    </p>
   </div>
   <div class='ocr_carea' id='block_1_43' title="bbox 132 1980 913 2017">
    <p class='ocr_par' dir='ltr' id='par_1_43' title="bbox 132 1980 913 2017">
     <span class='ocr_line' id='line_1_43' title="bbox 132 1980 913 2017; baseline 0.015 -13"><span class='ocrx_word' id='word_1_260' title='bbox 132 1982 216 2005; x_wconf 91' lang='lat' dir='ltr'><strong>totum</strong></span> <span class='ocrx_word' id='word_1_261' title='bbox 232 1980 334 2007; x_wconf 90' lang='lat' dir='ltr'><strong>eratin</strong></span> <span class='ocrx_word' id='word_1_262' title='bbox 347 1981 410 2008; x_wconf 91' lang='lat' dir='ltr'><strong>sinu</strong></span> <span class='ocrx_word' id='word_1_263' title='bbox 420 1982 468 2009; x_wconf 88' lang='lat' dir='ltr'><strong>Dei</strong></span> <span class='ocrx_word' id='word_1_264' title='bbox 484 1987 511 2010; x_wconf 89' lang='lat' dir='ltr'><strong>et</strong></span> <span class='ocrx_word' id='word_1_265' title='bbox 535 1984 633 2017; x_wconf 85' lang='lat' dir='ltr'><strong>Patris,</strong></span> <span class='ocrx_word' id='word_1_266' title='bbox 659 1989 688 2013; x_wconf 92' lang='lat' dir='ltr'><strong>et</strong></span> <span class='ocrx_word' id='word_1_267' title='bbox 713 1991 800 2015; x_wconf 80' lang='lat' dir='ltr'><strong>totum</strong></span> <span class='ocrx_word' id='word_1_268' title='bbox 833 1989 913 2017; x_wconf 88' lang='lat' dir='ltr'><strong>simul</strong></span> 
     </span>
    </p>
   </div>
   <div class='ocr_carea' id='block_1_44' title="bbox 131 2023 912 2063">
    <p class='ocr_par' dir='ltr' id='par_1_44' title="bbox 131 2023 912 2063">
     <span class='ocr_line' id='line_1_44' title="bbox 131 2023 912 2063; baseline 0.018 -14"><span class='ocrx_word' id='word_1_269' title='bbox 131 2023 156 2050; x_wconf 94' lang='lat' dir='ltr'><strong>in</strong></span> <span class='ocrx_word' id='word_1_270' title='bbox 181 2029 259 2052; x_wconf 90' lang='lat' dir='ltr'><strong>utero</strong></span> <span class='ocrx_word' id='word_1_271' title='bbox 290 2025 390 2054; x_wconf 60' lang='lat' dir='ltr'><strong>divinae</strong></span> <span class='ocrx_word' id='word_1_272' title='bbox 413 2028 517 2062; x_wconf 84' lang='lat' dir='ltr'><strong>Matris,</strong></span> <span class='ocrx_word' id='word_1_273' title='bbox 543 2030 600 2058; x_wconf 87' lang='lat' dir='ltr'><strong>illic</strong></span> <span class='ocrx_word' id='word_1_274' title='bbox 635 2036 666 2059; x_wconf 94' lang='lat' dir='ltr'><strong>ut</strong></span> <span class='ocrx_word' id='word_1_275' title='bbox 686 2033 761 2061; x_wconf 90' lang='lat' dir='ltr'><strong>nullo</strong></span> <span class='ocrx_word' id='word_1_276' title='bbox 793 2036 912 2063; x_wconf 86' lang='lat' dir='ltr'><strong>termino</strong></span> 
     </span>
    </p>
   </div>
   <div class='ocr_carea' id='block_1_45' title="bbox 131 2070 911 2109">
    <p class='ocr_par' dir='ltr' id='par_1_45' title="bbox 131 2070 911 2109">
     <span class='ocr_line' id='line_1_45' title="bbox 131 2070 911 2109; baseline 0.019 -15"><span class='ocrx_word' id='word_1_277' title='bbox 131 2070 366 2104; x_wconf 88' lang='lat' dir='ltr'><strong>comprehensum,</strong></span> <span class='ocrx_word' id='word_1_278' title='bbox 383 2073 427 2101; x_wconf 89' lang='lat' dir='ltr'><strong>hic</strong></span> <span class='ocrx_word' id='word_1_279' title='bbox 449 2079 552 2108; x_wconf 87' lang='lat' dir='ltr'><strong>autetn,</strong></span> <span class='ocrx_word' id='word_1_280' title='bbox 581 2081 610 2104; x_wconf 87' lang='lat' dir='ltr'><strong>ut</strong></span> <span class='ocrx_word' id='word_1_281' title='bbox 639 2077 764 2107; x_wconf 88' lang='lat' dir='ltr'><strong>indutum</strong></span> <span class='ocrx_word' id='word_1_282' title='bbox 791 2080 911 2109; x_wconf 88' lang='lat' dir='ltr'><strong>humana</strong></span> 
     </span>
    </p>
   </div>
   <div class='ocr_carea' id='block_1_46' title="bbox 130 2122 218 2142">
    <p class='ocr_par' dir='ltr' id='par_1_46' title="bbox 130 2122 218 2142">
     <span class='ocr_line' id='line_1_46' title="bbox 130 2122 218 2142; baseline 0.011 -1"><span class='ocrx_word' id='word_1_283' title='bbox 130 2122 218 2142; x_wconf 87' lang='lat' dir='ltr'><strong>carne.</strong></span> 
     </span>
    </p>
   </div>
   <div class='ocr_carea' id='block_1_47' title="bbox 162 2162 913 2202">
    <p class='ocr_par' dir='ltr' id='par_1_47' title="bbox 162 2162 913 2202">
     <span class='ocr_line' id='line_1_47' title="bbox 162 2162 913 2202; baseline 0.017 -15"><span class='ocrx_word' id='word_1_284' title='bbox 162 2162 188 2189; x_wconf 85' lang='grc'><strong>4.</strong></span> <span class='ocrx_word' id='word_1_285' title='bbox 202 2162 261 2189; x_wconf 84' lang='lat' dir='ltr'><strong>Jam</strong></span> <span class='ocrx_word' id='word_1_286' title='bbox 275 2169 340 2192; x_wconf 87' lang='lat' dir='ltr'><strong>ante</strong></span> <span class='ocrx_word' id='word_1_287' title='bbox 353 2165 447 2193; x_wconf 90' lang='lat' dir='ltr'><strong>mundi</strong></span> <span class='ocrx_word' id='word_1_288' title='bbox 465 2167 704 2202; x_wconf 84' lang='lat' dir='ltr'><strong>constitutionem,</strong></span> <span class='ocrx_word' id='word_1_289' title='bbox 733 2177 763 2198; x_wconf 92' lang='lat' dir='ltr'><strong>ut</strong></span> <span class='ocrx_word' id='word_1_290' title='bbox 776 2172 848 2199; x_wconf 90' lang='lat' dir='ltr'><strong>Deus</strong></span> <span class='ocrx_word' id='word_1_291' title='bbox 861 2172 913 2200; x_wconf 88' lang='lat' dir='ltr'><strong>hu-</strong></span> 
     </span>
    </p>
   </div>
   <div class='ocr_carea' id='block_1_48' title="bbox 129 2212 912 2248">
    <p class='ocr_par' dir='ltr' id='par_1_48' title="bbox 129 2212 912 2248">
     <span class='ocr_line' id='line_1_48' title="bbox 129 2212 912 2248; baseline 0.019 -17"><span class='ocrx_word' id='word_1_292' title='bbox 129 2212 231 2233; x_wconf 86' lang='lat' dir='ltr'><strong>manam</strong></span> <span class='ocrx_word' id='word_1_293' title='bbox 244 2216 354 2236; x_wconf 88' lang='lat' dir='ltr'><strong>carncut</strong></span> <span class='ocrx_word' id='word_1_294' title='bbox 366 2219 529 2245; x_wconf 87' lang='lat' dir='ltr'><strong>assumeret,</strong></span> <span class='ocrx_word' id='word_1_295' title='bbox 546 2215 709 2248; x_wconf 66' lang='lat' dir='ltr'><strong>praefinitum</strong></span> <span class='ocrx_word' id='word_1_296' title='bbox 742 2221 808 2244; x_wconf 87' lang='lat' dir='ltr'><strong>erat.</strong></span> <span class='ocrx_word' id='word_1_297' title='bbox 827 2218 912 2245; x_wconf 86' lang='lat' dir='ltr'><strong>Nunt—</strong></span> 
     </span>
    </p>
   </div>
   <div class='ocr_carea' id='block_1_49' title="bbox 129 2259 908 2295">
    <p class='ocr_par' dir='ltr' id='par_1_49' title="bbox 129 2259 908 2295">
     <span class='ocr_line' id='line_1_49' title="bbox 129 2259 908 2295; baseline 0.018 -17"><span class='ocrx_word' id='word_1_298' title='bbox 129 2260 204 2286; x_wconf 88' lang='lat' dir='ltr'><strong>quam</strong></span> <span class='ocrx_word' id='word_1_299' title='bbox 232 2259 323 2282; x_wconf 89' lang='lat' dir='ltr'><strong>autem</strong></span> <span class='ocrx_word' id='word_1_300' title='bbox 353 2262 416 2285; x_wconf 83' lang='lat' dir='ltr'><strong>ante</strong></span> <span class='ocrx_word' id='word_1_301' title='bbox 434 2260 634 2288; x_wconf 84' lang='lat' dir='ltr'><strong>sanctissimam</strong></span> <span class='ocrx_word' id='word_1_302' title='bbox 653 2261 775 2295; x_wconf 72' lang='lat' dir='ltr'><strong>Mariam,</strong></span> <span class='ocrx_word' id='word_1_303' title='bbox 807 2263 908 2293; x_wconf 63' lang='lat' dir='ltr'><strong>divinae</strong></span> 
     </span>
    </p>
   </div>
   <div class='ocr_carea' id='block_1_50' title="bbox 127 2299 924 2341">
    <p class='ocr_par' dir='ltr' id='par_1_50' title="bbox 127 2299 924 2341">
     <span class='ocr_line' id='line_1_50' title="bbox 127 2299 924 2341; baseline 0.016 -17"><span class='ocrx_word' id='word_1_304' title='bbox 127 2299 212 2326; x_wconf 81' lang='lat' dir='ltr'><strong>carnis</strong></span> <span class='ocrx_word' id='word_1_305' title='bbox 226 2303 414 2336; x_wconf 87' lang='lat' dir='ltr'><strong>assumptione</strong></span> <span class='ocrx_word' id='word_1_306' title='bbox 427 2303 538 2339; x_wconf 85' lang='lat' dir='ltr'><strong>dignum</strong></span> <span class='ocrx_word' id='word_1_307' title='bbox 567 2313 706 2341; x_wconf 88' lang='lat' dir='ltr'><strong>reperttnn</strong></span> <span class='ocrx_word' id='word_1_308' title='bbox 722 2313 765 2335; x_wconf 86' lang='lat' dir='ltr'><strong>est</strong></span> <span class='ocrx_word' id='word_1_309' title='bbox 793 2309 924 2337; x_wconf 89' lang='lat' dir='ltr'><strong>domici-.</strong></span> 
     </span>
    </p>
   </div>
   <div class='ocr_carea' id='block_1_51' title="bbox 127 2343 905 2385">
    <p class='ocr_par' dir='ltr' id='par_1_51' title="bbox 127 2343 905 2385">
     <span class='ocr_line' id='line_1_51' title="bbox 127 2343 905 2385; baseline 0.018 -15"><span class='ocrx_word' id='word_1_310' title='bbox 127 2343 198 2371; x_wconf 75' lang='lat' dir='ltr'><strong>ltum.</strong></span> <span class='ocrx_word' id='word_1_311' title='bbox 215 2345 267 2373; x_wconf 89' lang='lat' dir='ltr'><strong>Ubi</strong></span> <span class='ocrx_word' id='word_1_312' title='bbox 285 2353 375 2376; x_wconf 88' lang='lat' dir='ltr'><strong>autem</strong></span> <span class='ocrx_word' id='word_1_313' title='bbox 396 2355 534 2385; x_wconf 81' lang='lat' dir='ltr'><strong>repertum</strong></span> <span class='ocrx_word' id='word_1_314' title='bbox 549 2358 601 2385; x_wconf 85' lang='lat' dir='ltr'><strong>est,</strong></span> <span class='ocrx_word' id='word_1_315' title='bbox 633 2353 779 2382; x_wconf 86' lang='lat' dir='ltr'><strong>humanam</strong></span> <span class='ocrx_word' id='word_1_316' title='bbox 795 2363 905 2384; x_wconf 85' lang='lat' dir='ltr'><strong>carnem</strong></span> 
     </span>
    </p>
   </div>
   <div class='ocr_carea' id='block_1_52' title="bbox 128 2391 905 2437">
    <p class='ocr_par' dir='ltr' id='par_1_52' title="bbox 128 2391 905 2437">
     <span class='ocr_line' id='line_1_52' title="bbox 128 2391 905 2437; baseline 0.021 -23"><span class='ocrx_word' id='word_1_317' title='bbox 128 2391 271 2437; x_wconf 79' lang='lat' dir='ltr'><strong>assumpsit</strong></span> <span class='ocrx_word' id='word_1_318' title='bbox 289 2393 371 2422; x_wconf 73' lang='lat' dir='ltr'><strong>Deus.</strong></span> <span class='ocrx_word' id='word_1_319' title='bbox 400 2395 451 2429; x_wconf 89' lang='lat' dir='ltr'><strong>Qui</strong></span> <span class='ocrx_word' id='word_1_320' title='bbox 479 2397 542 2425; x_wconf 87' lang='lat' dir='ltr'><strong>ideo</strong></span> <span class='ocrx_word' id='word_1_321' title='bbox 570 2398 597 2425; x_wconf 92' lang='lat' dir='ltr'><strong>in</strong></span> <span class='ocrx_word' id='word_1_322' title='bbox 623 2399 759 2434; x_wconf 83' lang='lat' dir='ltr'><strong>desponsa</strong></span> <span class='ocrx_word' id='word_1_323' title='bbox 794 2401 905 2437; x_wconf 87' lang='lat' dir='ltr'><strong>Virgine</strong></span> 
     </span>
    </p>
   </div>
   <div class='ocr_carea' id='block_1_53' title="bbox 128 2435 903 2479">
    <p class='ocr_par' dir='ltr' id='par_1_53' title="bbox 128 2435 903 2479">
     <span class='ocr_line' id='line_1_53' title="bbox 128 2435 903 2479; baseline 0.021 -19"><span class='ocrx_word' id='word_1_324' title='bbox 128 2435 225 2468; x_wconf 90' lang='lat' dir='ltr'><strong>concipi</strong></span> <span class='ocrx_word' id='word_1_325' title='bbox 239 2437 335 2470; x_wconf 91' lang='lat' dir='ltr'><strong>voluit,</strong></span> <span class='ocrx_word' id='word_1_326' title='bbox 357 2444 386 2467; x_wconf 90' lang='lat' dir='ltr'><strong>ut</strong></span> <span class='ocrx_word' id='word_1_327' title='bbox 403 2446 430 2468; x_wconf 88' lang='lat' dir='ltr'><strong>et</strong></span> <span class='ocrx_word' id='word_1_328' title='bbox 451 2445 670 2479; x_wconf 86' lang='lat' dir='ltr'><strong>matrimonium,</strong></span> <span class='ocrx_word' id='word_1_329' title='bbox 684 2447 762 2479; x_wconf 83' lang='lat' dir='ltr'><strong>cuius</strong></span> <span class='ocrx_word' id='word_1_330' title='bbox 794 2435 903 2476; x_wconf 84' lang='lat' dir='ltr'><strong>initiqu</strong></span> 
     </span>
    </p>
   </div>
   <div class='ocr_carea' id='block_1_54' title="bbox 128 2482 905 2527">
    <p class='ocr_par' dir='ltr' id='par_1_54' title="bbox 128 2482 905 2527">
     <span class='ocr_line' id='line_1_54' title="bbox 128 2482 905 2527; baseline 0.021 -22"><span class='ocrx_word' id='word_1_331' title='bbox 128 2482 240 2514; x_wconf 90' lang='lat' dir='ltr'><strong>sponsati</strong></span> <span class='ocrx_word' id='word_1_332' title='bbox 256 2487 330 2517; x_wconf 91' lang='lat' dir='ltr'><strong>sunt,</strong></span> <span class='ocrx_word' id='word_1_333' title='bbox 345 2488 549 2517; x_wconf 84' lang='lat' dir='ltr'><strong>commendaret</strong></span> <span class='ocrx_word' id='word_1_334' title='bbox 564 2495 592 2518; x_wconf 89' lang='lat' dir='ltr'><strong>et</strong></span> <span class='ocrx_word' id='word_1_335' title='bbox 616 2491 641 2518; x_wconf 91' lang='lat' dir='ltr'><strong>ei</strong></span> <span class='ocrx_word' id='word_1_336' title='bbox 660 2491 844 2527; x_wconf 75' lang='lat' dir='ltr'><strong>virginitatem</strong></span> <span class='ocrx_word' id='word_1_337' title='bbox 857 2501 905 2520; x_wconf 91' lang='lat' dir='ltr'><strong>an-</strong></span> 
     </span>
    </p>
   </div>
   <div class='ocr_carea' id='block_1_55' title="bbox 127 2528 273 2560">
    <p class='ocr_par' dir='ltr' id='par_1_55' title="bbox 127 2528 273 2560">
     <span class='ocr_line' id='line_1_55' title="bbox 127 2528 273 2560; baseline 0.027 -9"><span class='ocrx_word' id='word_1_338' title='bbox 127 2528 273 2560; x_wconf 84' lang='lat' dir='ltr'><strong>teponeret.</strong></span> 
     </span>
    </p>
   </div>
   <div class='ocr_carea' id='block_1_56' title="bbox 157 2571 904 2616">
    <p class='ocr_par' dir='ltr' id='par_1_56' title="bbox 157 2571 904 2616">
     <span class='ocr_line' id='line_1_56' title="bbox 157 2571 904 2616; baseline 0.02 -19"><span class='ocrx_word' id='word_1_339' title='bbox 157 2571 180 2598; x_wconf 86' lang='lat'><strong>5.</strong></span> <span class='ocrx_word' id='word_1_340' title='bbox 198 2571 369 2607; x_wconf 83' lang='lat' dir='ltr'><strong>Humanitas,</strong></span> <span class='ocrx_word' id='word_1_341' title='bbox 383 2583 442 2610; x_wconf 62' lang='lat' dir='ltr'><strong>qua!</strong></span> <span class='ocrx_word' id='word_1_342' title='bbox 453 2586 501 2612; x_wconf 85' lang='lat' dir='ltr'><strong>per</strong></span> <span class='ocrx_word' id='word_1_343' title='bbox 515 2581 735 2616; x_wconf 89' lang='lat' dir='ltr'><strong>conjunctiouem</strong></span> <span class='ocrx_word' id='word_1_344' title='bbox 751 2583 776 2610; x_wconf 92' lang='lat' dir='ltr'><strong>in</strong></span> <span class='ocrx_word' id='word_1_345' title='bbox 789 2592 841 2610; x_wconf 88' lang='lat' dir='ltr'><strong>ttna</strong></span> <span class='ocrx_word' id='word_1_346' title='bbox 857 2592 904 2611; x_wconf 89' lang='lat' dir='ltr'><strong>ea-</strong></span> 
     </span>
    </p>
   </div>
   <div class='ocr_carea' id='block_1_57' title="bbox 126 2616 901 2664">
    <p class='ocr_par' dir='ltr' id='par_1_57' title="bbox 126 2616 901 2664">
     <span class='ocr_line' id='line_1_57' title="bbox 126 2616 901 2664; baseline 0.019 -22"><span class='ocrx_word' id='word_1_347' title='bbox 126 2616 234 2652; x_wconf 84' lang='lat' dir='ltr'><strong>demque</strong></span> <span class='ocrx_word' id='word_1_348' title='bbox 245 2627 362 2654; x_wconf 89' lang='lat' dir='ltr'><strong>persona</strong></span> <span class='ocrx_word' id='word_1_349' title='bbox 371 2629 511 2659; x_wconf 81' lang='lat' dir='ltr'><strong>assumpta</strong></span> <span class='ocrx_word' id='word_1_350' title='bbox 525 2631 577 2658; x_wconf 86' lang='lat' dir='ltr'><strong>cst,</strong></span> <span class='ocrx_word' id='word_1_351' title='bbox 593 2636 625 2654; x_wconf 82' lang='lat' dir='ltr'><strong>ex</strong></span> <span class='ocrx_word' id='word_1_352' title='bbox 635 2628 692 2663; x_wconf 85' lang='lat' dir='ltr'><strong>ipsa</strong></span> <span class='ocrx_word' id='word_1_353' title='bbox 708 2630 901 2664; x_wconf 87' lang='lat' dir='ltr'><strong>conjunctione</strong></span> 
     </span>
    </p>
   </div>
   <div class='ocr_carea' id='block_1_58' title="bbox 126 2666 901 2710">
    <p class='ocr_par' dir='ltr' id='par_1_58' title="bbox 126 2666 901 2710">
     <span class='ocr_line' id='line_1_58' title="bbox 126 2666 901 2710; baseline 0.022 -23"><span class='ocrx_word' id='word_1_354' title='bbox 126 2666 148 2710; x_wconf 59' lang='lat' dir='ltr'><strong>et</strong></span> <span class='ocrx_word' id='word_1_355' title='bbox 173 2666 364 2694; x_wconf 92' lang='lat' dir='ltr'><strong>communione</strong></span> <span class='ocrx_word' id='word_1_356' title='bbox 389 2667 486 2696; x_wconf 74' lang='lat' dir='ltr'><strong>eti‘ecta</strong></span> <span class='ocrx_word' id='word_1_357' title='bbox 518 2671 609 2700; x_wconf 85' lang='lat' dir='ltr'><strong>divina</strong></span> <span class='ocrx_word' id='word_1_358' title='bbox 625 2678 677 2708; x_wconf 90' lang='lat' dir='ltr'><strong>est,</strong></span> <span class='ocrx_word' id='word_1_359' title='bbox 705 2675 850 2710; x_wconf 83' lang='lat' dir='ltr'><strong>statimque</strong></span> <span class='ocrx_word' id='word_1_360' title='bbox 867 2677 901 2703; x_wconf 90' lang='lat' dir='ltr'><strong>ab</strong></span> 
     </span>
    </p>
   </div>
   <div class='ocr_carea' id='block_1_59' title="bbox 127 2707 901 2753">
    <p class='ocr_par' dir='ltr' id='par_1_59' title="bbox 127 2707 901 2753">
     <span class='ocr_line' id='line_1_59' title="bbox 127 2707 901 2753; baseline 0.022 -20"><span class='ocrx_word' id='word_1_361' title='bbox 127 2707 242 2737; x_wconf 69' lang='lat' dir='ltr'><strong>humanae</strong></span> <span class='ocrx_word' id='word_1_362' title='bbox 251 2716 356 2740; x_wconf 72' lang='lat' dir='ltr'><strong>natura:</strong></span> <span class='ocrx_word' id='word_1_363' title='bbox 372 2716 498 2743; x_wconf 87' lang='lat' dir='ltr'><strong>terminis</strong></span> <span class='ocrx_word' id='word_1_364' title='bbox 513 2725 566 2745; x_wconf 87' lang='lat' dir='ltr'><strong>non</strong></span> <span class='ocrx_word' id='word_1_365' title='bbox 580 2719 720 2753; x_wconf 86' lang='lat' dir='ltr'><strong>recedens,</strong></span> <span class='ocrx_word' id='word_1_366' title='bbox 736 2722 901 2749; x_wconf 83' lang='lat' dir='ltr'><strong>excellentes</strong></span> 
     </span>
    </p>
   </div>
   <div class='ocr_carea' id='block_1_60' title="bbox 126 2756 898 2802">
    <p class='ocr_par' dir='ltr' id='par_1_60' title="bbox 126 2756 898 2802">
     <span class='ocr_line' id='line_1_60' title="bbox 126 2756 898 2802; baseline 0.019 -22"><span class='ocrx_word' id='word_1_367' title='bbox 126 2758 150 2780; x_wconf 86' lang='lat' dir='ltr'><strong>et</strong></span> <span class='ocrx_word' id='word_1_368' title='bbox 162 2756 315 2791; x_wconf 78' lang='lat' dir='ltr'><strong>magnificas</strong></span> <span class='ocrx_word' id='word_1_369' title='bbox 345 2759 497 2791; x_wconf 85' lang='lat' dir='ltr'><strong>divinitatis</strong></span> <span class='ocrx_word' id='word_1_370' title='bbox 510 2764 588 2793; x_wconf 85' lang='lat' dir='ltr'><strong>dotes</strong></span> <span class='ocrx_word' id='word_1_371' title='bbox 601 2768 716 2802; x_wconf 72' lang='lat' dir='ltr'><strong>accepit,</strong></span> <span class='ocrx_word' id='word_1_372' title='bbox 736 2772 766 2794; x_wconf 92' lang='lat' dir='ltr'><strong>ut</strong></span> <span class='ocrx_word' id='word_1_373' title='bbox 780 2772 805 2795; x_wconf 91' lang='lat' dir='ltr'><strong>ct</strong></span> <span class='ocrx_word' id='word_1_374' title='bbox 816 2769 898 2795; x_wconf 76' lang='lat' dir='ltr'><strong>vitam</strong></span> 
     </span>
    </p>
   </div>
   <div class='ocr_carea' id='block_1_61' title="bbox 155 2843 344 2876">
    <p class='ocr_par' dir='ltr' id='par_1_61' title="bbox 155 2843 344 2876">
     <span class='ocr_line' id='line_1_61' title="bbox 155 2843 344 2876; baseline 0.026 -7"><span class='ocrx_word' id='word_1_375' title='bbox 155 2843 260 2872; x_wconf 81' lang='lat' dir='ltr'><strong>&quot;Joan.</strong></span> <span class='ocrx_word' id='word_1_376' title='bbox 281 2847 344 2876; x_wconf 72' lang='lat'><strong>1.5.</strong></span> 
     </span>
    </p>
   </div>
   <div class='ocr_carea' id='block_1_62' title="bbox 979 240 1763 277">
    <p class='ocr_par' dir='ltr' id='par_1_62' title="bbox 979 240 1763 277">
     <span class='ocr_line' id='line_1_62' title="bbox 979 240 1763 277; baseline -0.005 -7"><span class='ocrx_word' id='word_1_377' title='bbox 979 244 1086 270; x_wconf 83' lang='lat' dir='ltr'><strong>Dicitur</strong></span> <span class='ocrx_word' id='word_1_378' title='bbox 1101 248 1190 270; x_wconf 82' lang='lat' dir='ltr'><strong>autent</strong></span> <span class='ocrx_word' id='word_1_379' title='bbox 1204 251 1282 270; x_wconf 82' lang='lat' dir='ltr'><strong>serva</strong></span> <span class='ocrx_word' id='word_1_380' title='bbox 1301 247 1328 270; x_wconf 86' lang='lat' dir='ltr'><strong>et</strong></span> <span class='ocrx_word' id='word_1_381' title='bbox 1344 243 1450 277; x_wconf 83' lang='lat' dir='ltr'><strong>ignara,</strong></span> <span class='ocrx_word' id='word_1_382' title='bbox 1480 246 1506 268; x_wconf 90' lang='lat' dir='ltr'><strong>et</strong></span> <span class='ocrx_word' id='word_1_383' title='bbox 1534 241 1595 267; x_wconf 89' lang='lat' dir='ltr'><strong>aliis</strong></span> <span class='ocrx_word' id='word_1_384' title='bbox 1624 240 1763 275; x_wconf 80' lang='lat' dir='ltr'><strong>ejusmodi</strong></span> 
     </span>
    </p>
   </div>
   <div class='ocr_carea' id='block_1_63' title="bbox 978 285 1768 322">
    <p class='ocr_par' dir='ltr' id='par_1_63' title="bbox 978 285 1768 322">
     <span class='ocr_line' id='line_1_63' title="bbox 978 285 1768 322; baseline -0.006 -6"><span class='ocrx_word' id='word_1_385' title='bbox 978 289 1136 316; x_wconf 82' lang='lat' dir='ltr'><strong>nominibus</strong></span> <span class='ocrx_word' id='word_1_386' title='bbox 1154 289 1315 322; x_wconf 77' lang='lat' dir='ltr'><strong>appellatur,</strong></span> <span class='ocrx_word' id='word_1_387' title='bbox 1331 288 1353 315; x_wconf 80' lang='lat' dir='ltr'><strong>si</strong></span> <span class='ocrx_word' id='word_1_388' title='bbox 1369 288 1432 322; x_wconf 84' lang='lat' dir='ltr'><strong>quis</strong></span> <span class='ocrx_word' id='word_1_389' title='bbox 1445 288 1486 322; x_wconf 88' lang='lat' dir='ltr'><strong>(ut</strong></span> <span class='ocrx_word' id='word_1_390' title='bbox 1503 286 1590 321; x_wconf 87' lang='lat' dir='ltr'><strong>inquit</strong></span> <span class='ocrx_word' id='word_1_391' title='bbox 1618 285 1768 321; x_wconf 77' lang='lat' dir='ltr'><strong>Gregorius</strong></span> 
     </span>
    </p>
   </div>
   <div class='ocr_carea' id='block_1_64' title="bbox 979 329 1766 369">
    <p class='ocr_par' dir='ltr' id='par_1_64' title="bbox 979 329 1766 369">
     <span class='ocr_line' id='line_1_64' title="bbox 979 329 1766 369; baseline -0.006 -8"><span class='ocrx_word' id='word_1_392' title='bbox 979 334 1144 369; x_wconf 79' lang='lat' dir='ltr'><strong>Theologus)</strong></span> <span class='ocrx_word' id='word_1_393' title='bbox 1159 334 1216 361; x_wconf 88' lang='lat' dir='ltr'><strong>sola</strong></span> <span class='ocrx_word' id='word_1_394' title='bbox 1231 334 1306 360; x_wconf 84' lang='lat' dir='ltr'><strong>nuda</strong></span> <span class='ocrx_word' id='word_1_395' title='bbox 1327 333 1491 367; x_wconf 78' lang='lat' dir='ltr'><strong>cogitatione</strong></span> <span class='ocrx_word' id='word_1_396' title='bbox 1521 337 1630 365; x_wconf 85' lang='lat' dir='ltr'><strong>separet</strong></span> <span class='ocrx_word' id='word_1_397' title='bbox 1642 330 1679 361; x_wconf 88' lang='lat' dir='ltr'><strong>id,</strong></span> <span class='ocrx_word' id='word_1_398' title='bbox 1692 329 1766 364; x_wconf 86' lang='lat' dir='ltr'><strong>quod</strong></span> 
     </span>
    </p>
   </div>
   <div class='ocr_carea' id='block_1_65' title="bbox 978 376 1767 414">
    <p class='ocr_par' dir='ltr' id='par_1_65' title="bbox 978 376 1767 414">
     <span class='ocr_line' id='line_1_65' title="bbox 978 376 1767 414; baseline -0.006 -8"><span class='ocrx_word' id='word_1_399' title='bbox 978 379 1096 409; x_wconf 80' lang='lat' dir='ltr'><strong>videtur,</strong></span> <span class='ocrx_word' id='word_1_400' title='bbox 1111 379 1144 406; x_wconf 90' lang='lat' dir='ltr'><strong>ab</strong></span> <span class='ocrx_word' id='word_1_401' title='bbox 1157 387 1191 406; x_wconf 87' lang='lat' dir='ltr'><strong>eo</strong></span> <span class='ocrx_word' id='word_1_402' title='bbox 1206 379 1279 414; x_wconf 88' lang='lat' dir='ltr'><strong>quod</strong></span> <span class='ocrx_word' id='word_1_403' title='bbox 1292 379 1466 412; x_wconf 77' lang='lat' dir='ltr'><strong>intelligitur.</strong></span> <span class='ocrx_word' id='word_1_404' title='bbox 1481 378 1508 404; x_wconf 95' lang='lat' dir='ltr'><strong>In</strong></span> <span class='ocrx_word' id='word_1_405' title='bbox 1523 378 1573 404; x_wconf 91' lang='lat' dir='ltr'><strong>ltac</strong></span> <span class='ocrx_word' id='word_1_406' title='bbox 1584 382 1674 403; x_wconf 84' lang='lat' dir='ltr'><strong>autent</strong></span> <span class='ocrx_word' id='word_1_407' title='bbox 1687 376 1767 403; x_wconf 82' lang='lat' dir='ltr'><strong>Citri-</strong></span> 
     </span>
    </p>
   </div>
   <div class='ocr_carea' id='block_1_66' title="bbox 978 421 1764 457">
    <p class='ocr_par' dir='ltr' id='par_1_66' title="bbox 978 421 1764 457">
     <span class='ocr_line' id='line_1_66' title="bbox 978 421 1764 457; baseline -0.004 -8"><span class='ocrx_word' id='word_1_408' title='bbox 978 428 1037 451; x_wconf 88' lang='lat' dir='ltr'><strong>slus</strong></span> <span class='ocrx_word' id='word_1_409' title='bbox 1047 424 1183 451; x_wconf 80' lang='lat' dir='ltr'><strong>obnoxius</strong></span> <span class='ocrx_word' id='word_1_410' title='bbox 1196 424 1248 450; x_wconf 82' lang='lat' dir='ltr'><strong>fuit</strong></span> <span class='ocrx_word' id='word_1_411' title='bbox 1260 423 1431 450; x_wconf 84' lang='lat' dir='ltr'><strong>naturalibus</strong></span> <span class='ocrx_word' id='word_1_412' title='bbox 1456 428 1483 450; x_wconf 88' lang='lat' dir='ltr'><strong>et</strong></span> <span class='ocrx_word' id='word_1_413' title='bbox 1496 423 1575 457; x_wconf 81' lang='lat' dir='ltr'><strong>culpa</strong></span> <span class='ocrx_word' id='word_1_414' title='bbox 1601 421 1764 448; x_wconf 88' lang='lat' dir='ltr'><strong>vacantibus</strong></span> 
     </span>
    </p>
   </div>
   <div class='ocr_carea' id='block_1_67' title="bbox 978 467 1763 502">
    <p class='ocr_par' dir='ltr' id='par_1_67' title="bbox 978 467 1763 502">
     <span class='ocr_line' id='line_1_67' title="bbox 978 467 1763 502; baseline -0.003 -8"><span class='ocrx_word' id='word_1_415' title='bbox 978 467 1169 495; x_wconf 82' lang='lat' dir='ltr'><strong>atl&#39;cetionibns</strong></span> <span class='ocrx_word' id='word_1_416' title='bbox 1184 472 1279 495; x_wconf 82' lang='lat' dir='ltr'><strong>utnec</strong></span> <span class='ocrx_word' id='word_1_417' title='bbox 1304 475 1318 494; x_wconf 88' lang='lat' dir='ltr'><strong>a</strong></span> <span class='ocrx_word' id='word_1_418' title='bbox 1336 469 1444 502; x_wconf 89' lang='lat' dir='ltr'><strong>propria</strong></span> <span class='ocrx_word' id='word_1_419' title='bbox 1472 472 1569 494; x_wconf 80' lang='lat' dir='ltr'><strong>natura</strong></span> <span class='ocrx_word' id='word_1_420' title='bbox 1595 467 1763 495; x_wconf 77' lang='lat' dir='ltr'><strong>discederet.</strong></span> 
     </span>
    </p>
   </div>
   <div class='ocr_carea' id='block_1_68' title="bbox 978 513 1766 548">
    <p class='ocr_par' dir='ltr' id='par_1_68' title="bbox 978 513 1766 548">
     <span class='ocr_line' id='line_1_68' title="bbox 978 513 1766 548; baseline -0.004 -7"><span class='ocrx_word' id='word_1_421' title='bbox 978 519 1006 541; x_wconf 89' lang='lat' dir='ltr'><strong>ct</strong></span> <span class='ocrx_word' id='word_1_422' title='bbox 1018 521 1046 541; x_wconf 86' lang='lat' dir='ltr'><strong>se</strong></span> <span class='ocrx_word' id='word_1_423' title='bbox 1057 521 1123 541; x_wconf 84' lang='lat' dir='ltr'><strong>vere</strong></span> <span class='ocrx_word' id='word_1_424' title='bbox 1135 522 1247 541; x_wconf 87' lang='lat' dir='ltr'><strong>carnem</strong></span> <span class='ocrx_word' id='word_1_425' title='bbox 1263 514 1412 540; x_wconf 87' lang='lat' dir='ltr'><strong>humanatn</strong></span> <span class='ocrx_word' id='word_1_426' title='bbox 1422 513 1603 548; x_wconf 84' lang='lat' dir='ltr'><strong>assumpsisse</strong></span> <span class='ocrx_word' id='word_1_427' title='bbox 1617 513 1766 539; x_wconf 85' lang='lat' dir='ltr'><strong>conﬁrma-</strong></span> 
     </span>
    </p>
   </div>
   <div class='ocr_carea' id='block_1_69' title="bbox 966 553 1765 590">
    <p class='ocr_par' dir='ltr' id='par_1_69' title="bbox 966 553 1765 590">
     <span class='ocr_line' id='line_1_69' title="bbox 966 553 1765 590; baseline -0.004 -3"><span class='ocrx_word' id='word_1_428' title='bbox 966 553 1029 590; x_wconf 41' lang='lat' dir='ltr'><strong>&#39;ret.</strong></span> <span class='ocrx_word' id='word_1_429' title='bbox 1043 565 1072 587; x_wconf 87' lang='lat' dir='ltr'><strong>et</strong></span> <span class='ocrx_word' id='word_1_430' title='bbox 1089 560 1229 587; x_wconf 91' lang='lat' dir='ltr'><strong>doloribus</strong></span> <span class='ocrx_word' id='word_1_431' title='bbox 1243 560 1301 587; x_wconf 92' lang='lat' dir='ltr'><strong>suis</strong></span> <span class='ocrx_word' id='word_1_432' title='bbox 1314 565 1425 587; x_wconf 87' lang='lat' dir='ltr'><strong>nostros</strong></span> <span class='ocrx_word' id='word_1_433' title='bbox 1445 564 1564 587; x_wconf 89' lang='lat' dir='ltr'><strong>curaret.</strong></span> <span class='ocrx_word' id='word_1_434' title='bbox 1580 564 1607 586; x_wconf 89' lang='lat' dir='ltr'><strong>ct</strong></span> <span class='ocrx_word' id='word_1_435' title='bbox 1630 558 1765 585; x_wconf 85' lang='lat' dir='ltr'><strong>naturali-</strong></span> 
     </span>
    </p>
   </div>
   <div class='ocr_carea' id='block_1_70' title="bbox 978 605 1764 639">
    <p class='ocr_par' dir='ltr' id='par_1_70' title="bbox 978 605 1764 639">
     <span class='ocr_line' id='line_1_70' title="bbox 978 605 1764 639; baseline -0.004 -7"><span class='ocrx_word' id='word_1_436' title='bbox 978 605 1029 632; x_wconf 87' lang='lat' dir='ltr'><strong>bus</strong></span> <span class='ocrx_word' id='word_1_437' title='bbox 1042 605 1246 637; x_wconf 79' lang='lat' dir='ltr'><strong>alTectionibns,</strong></span> <span class='ocrx_word' id='word_1_438' title='bbox 1260 613 1307 632; x_wconf 89' lang='lat' dir='ltr'><strong>eas</strong></span> <span class='ocrx_word' id='word_1_439' title='bbox 1326 613 1387 639; x_wconf 71' lang='lat' dir='ltr'><strong>qua:</strong></span> <span class='ocrx_word' id='word_1_440' title='bbox 1417 609 1481 631; x_wconf 85' lang='lat' dir='ltr'><strong>sunt</strong></span> <span class='ocrx_word' id='word_1_441' title='bbox 1508 608 1606 639; x_wconf 82' lang='lat' dir='ltr'><strong>praeter</strong></span> <span class='ocrx_word' id='word_1_442' title='bbox 1637 608 1764 630; x_wconf 84' lang='lat' dir='ltr'><strong>naturam</strong></span> 
     </span>
    </p>
   </div>
   <div class='ocr_carea' id='block_1_71' title="bbox 979 650 1770 686">
    <p class='ocr_par' dir='ltr' id='par_1_71' title="bbox 979 650 1770 686">
     <span class='ocr_line' id='line_1_71' title="bbox 979 650 1770 686; baseline -0.001 -9"><span class='ocrx_word' id='word_1_443' title='bbox 979 651 1120 683; x_wconf 80' lang='lat' dir='ltr'><strong>aboleret;</strong></span> <span class='ocrx_word' id='word_1_444' title='bbox 1142 651 1299 686; x_wconf 88' lang='lat' dir='ltr'><strong>etdenique</strong></span> <span class='ocrx_word' id='word_1_445' title='bbox 1316 654 1346 677; x_wconf 88' lang='lat' dir='ltr'><strong>ut</strong></span> <span class='ocrx_word' id='word_1_446' title='bbox 1363 658 1409 678; x_wconf 85' lang='lat' dir='ltr'><strong>eas</strong></span> <span class='ocrx_word' id='word_1_447' title='bbox 1423 650 1537 677; x_wconf 80' lang='lat' dir='ltr'><strong>vincens</strong></span> <span class='ocrx_word' id='word_1_448' title='bbox 1552 651 1609 684; x_wconf 89' lang='lat' dir='ltr'><strong>ipse</strong></span> <span class='ocrx_word' id='word_1_449' title='bbox 1635 654 1770 683; x_wconf 75' lang='lat' dir='ltr'><strong>tanquam-</strong></span> 
     </span>
    </p>
   </div>
   <div class='ocr_carea' id='block_1_72' title="bbox 979 696 1774 730">
    <p class='ocr_par' dir='ltr' id='par_1_72' title="bbox 979 696 1774 730">
     <span class='ocr_line' id='line_1_72' title="bbox 979 696 1774 730; baseline -0.001 -7"><span class='ocrx_word' id='word_1_450' title='bbox 979 697 1062 723; x_wconf 90' lang='lat' dir='ltr'><strong>homo</strong></span> <span class='ocrx_word' id='word_1_451' title='bbox 1077 697 1158 723; x_wconf 86' lang='lat' dir='ltr'><strong>nobis</strong></span> <span class='ocrx_word' id='word_1_452' title='bbox 1173 697 1255 723; x_wconf 79' lang='lat' dir='ltr'><strong>simili</strong></span> <span class='ocrx_word' id='word_1_453' title='bbox 1275 701 1371 724; x_wconf 86' lang='lat' dir='ltr'><strong>natura</strong></span> <span class='ocrx_word' id='word_1_454' title='bbox 1386 705 1478 724; x_wconf 69' lang='lat' dir='ltr'><strong>secum</strong></span> <span class='ocrx_word' id='word_1_455' title='bbox 1504 696 1656 730; x_wconf 79' lang='lat' dir='ltr'><strong>conjunctis</strong></span> <span class='ocrx_word' id='word_1_456' title='bbox 1672 701 1700 723; x_wconf 92' lang='lat' dir='ltr'><strong>et</strong></span> <span class='ocrx_word' id='word_1_457' title='bbox 1716 703 1774 722; x_wconf 89' lang='lat' dir='ltr'><strong>co--</strong></span> 
     </span>
    </p>
   </div>
   <div class='ocr_carea' id='block_1_73' title="bbox 979 741 1774 778">
    <p class='ocr_par' dir='ltr' id='par_1_73' title="bbox 979 741 1774 778">
     <span class='ocr_line' id='line_1_73' title="bbox 979 741 1774 778; baseline -0.003 -9"><span class='ocrx_word' id='word_1_458' title='bbox 979 742 1068 778; x_wconf 79' lang='lat' dir='ltr'><strong>gnatis</strong></span> <span class='ocrx_word' id='word_1_459' title='bbox 1085 743 1229 770; x_wconf 86' lang='lat' dir='ltr'><strong>victoriam</strong></span> <span class='ocrx_word' id='word_1_460' title='bbox 1245 743 1331 777; x_wconf 88' lang='lat' dir='ltr'><strong>ipsam</strong></span> <span class='ocrx_word' id='word_1_461' title='bbox 1347 743 1502 778; x_wconf 75' lang='lat' dir='ltr'><strong>largiretur.</strong></span> <span class='ocrx_word' id='word_1_462' title='bbox 1520 742 1664 769; x_wconf 79' lang='lat' dir='ltr'><strong>Peccatum</strong></span> <span class='ocrx_word' id='word_1_463' title='bbox 1690 741 1774 768; x_wconf 43' lang='lat' dir='ltr'><strong>enim.</strong></span> 
     </span>
    </p>
   </div>
   <div class='ocr_carea' id='block_1_74' title="bbox 979 788 1766 823">
    <p class='ocr_par' dir='ltr' id='par_1_74' title="bbox 979 788 1766 823">
     <span class='ocr_line' id='line_1_74' title="bbox 979 788 1766 823; baseline -0.001 -7"><span class='ocrx_word' id='word_1_464' title='bbox 979 797 1033 816; x_wconf 89' lang='lat' dir='ltr'><strong>non</strong></span> <span class='ocrx_word' id='word_1_465' title='bbox 1050 794 1092 816; x_wconf 88' lang='lat' dir='ltr'><strong>est</strong></span> <span class='ocrx_word' id='word_1_466' title='bbox 1106 789 1216 816; x_wconf 82' lang='lat' dir='ltr'><strong>all‘ectio</strong></span> <span class='ocrx_word' id='word_1_467' title='bbox 1234 789 1379 821; x_wconf 82' lang='lat' dir='ltr'><strong>naturalis,</strong></span> <span class='ocrx_word' id='word_1_468' title='bbox 1394 793 1421 816; x_wconf 89' lang='lat' dir='ltr'><strong>et</strong></span> <span class='ocrx_word' id='word_1_469' title='bbox 1438 796 1610 823; x_wconf 64' lang='lat' dir='ltr'><strong>quaecunque</strong></span> <span class='ocrx_word' id='word_1_470' title='bbox 1622 788 1655 815; x_wconf 90' lang='lat' dir='ltr'><strong>ad</strong></span> <span class='ocrx_word' id='word_1_471' title='bbox 1670 795 1766 823; x_wconf 89' lang='lat' dir='ltr'><strong>pecca-</strong></span> 
     </span>
    </p>
   </div>
   <div class='ocr_carea' id='block_1_75' title="bbox 981 826 1203 868">
    <p class='ocr_par' dir='ltr' id='par_1_75' title="bbox 981 826 1203 868">
     <span class='ocr_line' id='line_1_75' title="bbox 981 826 1203 868; baseline 0.005 -8"><span class='ocrx_word' id='word_1_472' title='bbox 981 838 1038 860; x_wconf 91' lang='lat' dir='ltr'><strong>tum</strong></span> <span class='ocrx_word' id='word_1_473' title='bbox 1053 826 1203 868; x_wconf 85' lang='lat' dir='ltr'><strong>pertinent.</strong></span> 
     </span>
    </p>
   </div>
   <div class='ocr_carea' id='block_1_76' title="bbox 942 880 1759 920">
    <p class='ocr_par' dir='ltr' id='par_1_76' title="bbox 942 880 1759 920">
     <span class='ocr_line' id='line_1_76' title="bbox 942 880 1759 920; baseline 0.001 -13"><span class='ocrx_word' id='word_1_474' title='bbox 942 891 966 920; x_wconf 73' lang='grc' dir='ltr'><strong>Β</strong></span> <span class='ocrx_word' id='word_1_475' title='bbox 1015 880 1042 907; x_wconf 88' lang='lat'><strong>6.</strong></span> <span class='ocrx_word' id='word_1_476' title='bbox 1058 880 1177 915; x_wconf 79' lang='lat' dir='ltr'><strong>Virginis</strong></span> <span class='ocrx_word' id='word_1_477' title='bbox 1193 881 1297 908; x_wconf 78' lang='lat' dir='ltr'><strong>ferrum</strong></span> <span class='ocrx_word' id='word_1_478' title='bbox 1324 880 1439 916; x_wconf 79' lang='lat' dir='ltr'><strong>ignitum</strong></span> <span class='ocrx_word' id='word_1_479' title='bbox 1466 885 1493 908; x_wconf 90' lang='lat' dir='ltr'><strong>et</strong></span> <span class='ocrx_word' id='word_1_480' title='bbox 1511 881 1619 908; x_wconf 86' lang='lat' dir='ltr'><strong>illustre</strong></span> <span class='ocrx_word' id='word_1_481' title='bbox 1638 881 1759 908; x_wconf 77' lang='lat' dir='ltr'><strong>reddens</strong></span> 
     </span>
    </p>
   </div>
   <div class='ocr_carea' id='block_1_77' title="bbox 979 926 1762 962">
    <p class='ocr_par' dir='ltr' id='par_1_77' title="bbox 979 926 1762 962">
     <span class='ocr_line' id='line_1_77' title="bbox 979 926 1762 962; baseline 0 -10"><span class='ocrx_word' id='word_1_482' title='bbox 979 926 1140 961; x_wconf 78' lang='lat' dir='ltr'><strong>frigiditatis</strong></span> <span class='ocrx_word' id='word_1_483' title='bbox 1155 926 1347 962; x_wconf 80' lang='lat' dir='ltr'><strong>etnigrcdinis</strong></span> <span class='ocrx_word' id='word_1_484' title='bbox 1379 927 1439 961; x_wconf 90' lang='lat' dir='ltr'><strong>ejus</strong></span> <span class='ocrx_word' id='word_1_485' title='bbox 1467 926 1604 961; x_wconf 85' lang='lat' dir='ltr'><strong>particeps</strong></span> <span class='ocrx_word' id='word_1_486' title='bbox 1621 926 1678 960; x_wconf 90' lang='lat' dir='ltr'><strong>ipse</strong></span> <span class='ocrx_word' id='word_1_487' title='bbox 1708 933 1762 952; x_wconf 91' lang='lat' dir='ltr'><strong>non</strong></span> 
     </span>
    </p>
   </div>
   <div class='ocr_carea' id='block_1_78' title="bbox 977 971 1764 1009">
    <p class='ocr_par' dir='ltr' id='par_1_78' title="bbox 977 971 1764 1009">
     <span class='ocr_line' id='line_1_78' title="bbox 977 971 1764 1009; baseline 0.001 -11"><span class='ocrx_word' id='word_1_488' title='bbox 977 971 1104 1004; x_wconf 74' lang='lat' dir='ltr'><strong>edicitur,</strong></span> <span class='ocrx_word' id='word_1_489' title='bbox 1124 973 1161 1000; x_wconf 87' lang='lat' dir='ltr'><strong>ita</strong></span> <span class='ocrx_word' id='word_1_490' title='bbox 1173 973 1303 1000; x_wconf 89' lang='lat' dir='ltr'><strong>divinitas</strong></span> <span class='ocrx_word' id='word_1_491' title='bbox 1332 972 1462 999; x_wconf 91' lang='lat' dir='ltr'><strong>virtutem</strong></span> <span class='ocrx_word' id='word_1_492' title='bbox 1492 980 1568 999; x_wconf 90' lang='lat' dir='ltr'><strong>suam</strong></span> <span class='ocrx_word' id='word_1_493' title='bbox 1585 972 1764 1009; x_wconf 67' lang='lat' dir='ltr'><strong>humanitati</strong></span> 
     </span>
    </p>
   </div>
   <div class='ocr_carea' id='block_1_79' title="bbox 978 1017 1691 1054">
    <p class='ocr_par' dir='ltr' id='par_1_79' title="bbox 978 1017 1691 1054">
     <span class='ocr_line' id='line_1_79' title="bbox 978 1017 1691 1054; baseline 0 -10"><span class='ocrx_word' id='word_1_494' title='bbox 978 1019 1186 1046; x_wconf 89' lang='lat' dir='ltr'><strong>communicans</strong></span> <span class='ocrx_word' id='word_1_495' title='bbox 1199 1020 1259 1054; x_wconf 86' lang='lat' dir='ltr'><strong>ejus</strong></span> <span class='ocrx_word' id='word_1_496' title='bbox 1280 1026 1335 1046; x_wconf 89' lang='lat' dir='ltr'><strong>non</strong></span> <span class='ocrx_word' id='word_1_497' title='bbox 1348 1018 1449 1053; x_wconf 86' lang='lat' dir='ltr'><strong>accipit</strong></span> <span class='ocrx_word' id='word_1_498' title='bbox 1462 1017 1691 1045; x_wconf 71' lang='lat' dir='ltr'><strong>imbecillitatem.</strong></span> 
     </span>
    </p>
   </div>
   <div class='ocr_carea' id='block_1_80' title="bbox 1013 1063 1770 1099">
    <p class='ocr_par' dir='ltr' id='par_1_80' title="bbox 1013 1063 1770 1099">
     <span class='ocr_line' id='line_1_80' title="bbox 1013 1063 1770 1099; baseline -0.001 -9"><span class='ocrx_word' id='word_1_499' title='bbox 1013 1064 1038 1090; x_wconf 89' lang='lat'><strong>7.</strong></span> <span class='ocrx_word' id='word_1_500' title='bbox 1057 1064 1165 1091; x_wconf 84' lang='lat' dir='ltr'><strong>I‘uritas</strong></span> <span class='ocrx_word' id='word_1_501' title='bbox 1180 1064 1292 1099; x_wconf 89' lang='lat' dir='ltr'><strong>quidem</strong></span> <span class='ocrx_word' id='word_1_502' title='bbox 1310 1071 1373 1091; x_wconf 90' lang='lat' dir='ltr'><strong>cum</strong></span> <span class='ocrx_word' id='word_1_503' title='bbox 1391 1063 1522 1090; x_wconf 85' lang='lat' dir='ltr'><strong>sordibus</strong></span> <span class='ocrx_word' id='word_1_504' title='bbox 1535 1064 1639 1090; x_wconf 87' lang='lat' dir='ltr'><strong>nostris</strong></span> <span class='ocrx_word' id='word_1_505' title='bbox 1669 1070 1770 1090; x_wconf 82' lang='lat' dir='ltr'><strong>versa--</strong></span> 
     </span>
    </p>
   </div>
   <div class='ocr_carea' id='block_1_81' title="bbox 977 1109 1761 1145">
    <p class='ocr_par' dir='ltr' id='par_1_81' title="bbox 977 1109 1761 1145">
     <span class='ocr_line' id='line_1_81' title="bbox 977 1109 1761 1145; baseline -0.003 -8"><span class='ocrx_word' id='word_1_506' title='bbox 977 1114 1032 1142; x_wconf 91' lang='lat' dir='ltr'><strong>tur,</strong></span> <span class='ocrx_word' id='word_1_507' title='bbox 1042 1110 1089 1137; x_wconf 92' lang='lat' dir='ltr'><strong>sed</strong></span> <span class='ocrx_word' id='word_1_508' title='bbox 1102 1110 1168 1145; x_wconf 58' lang='lat' dir='ltr'><strong>ipsa:</strong></span> <span class='ocrx_word' id='word_1_509' title='bbox 1179 1115 1270 1138; x_wconf 88' lang='lat' dir='ltr'><strong>tamen</strong></span> <span class='ocrx_word' id='word_1_510' title='bbox 1282 1110 1378 1138; x_wconf 88' lang='lat' dir='ltr'><strong>sordes</strong></span> <span class='ocrx_word' id='word_1_511' title='bbox 1389 1110 1536 1145; x_wconf 89' lang='lat' dir='ltr'><strong>puritatem</strong></span> <span class='ocrx_word' id='word_1_512' title='bbox 1548 1117 1603 1136; x_wconf 91' lang='lat' dir='ltr'><strong>non</strong></span> <span class='ocrx_word' id='word_1_513' title='bbox 1617 1109 1742 1136; x_wconf 85' lang='lat' dir='ltr'><strong>inficiunt</strong></span> <span class='ocrx_word' id='word_1_514' title='bbox 1756 1118 1761 1134; x_wconf 92' lang='lat'>:</span> 
     </span>
    </p>
   </div>
   <div class='ocr_carea' id='block_1_82' title="bbox 978 1156 1774 1191">
    <p class='ocr_par' dir='ltr' id='par_1_82' title="bbox 978 1156 1774 1191">
     <span class='ocr_line' id='line_1_82' title="bbox 978 1156 1774 1191; baseline -0.003 -7"><span class='ocrx_word' id='word_1_515' title='bbox 978 1156 1034 1184; x_wconf 79' lang='lat' dir='ltr'><strong>Lua:</strong></span> <span class='ocrx_word' id='word_1_516' title='bbox 1047 1157 1131 1190; x_wconf 89' lang='lat' dir='ltr'><strong>enim,</strong></span> <span class='ocrx_word' id='word_1_517' title='bbox 1146 1157 1245 1191; x_wconf 88' lang='lat' dir='ltr'><strong>inquit,</strong></span> <span class='ocrx_word' id='word_1_518' title='bbox 1263 1157 1290 1184; x_wconf 85' lang='lat' dir='ltr'><strong>in</strong></span> <span class='ocrx_word' id='word_1_519' title='bbox 1307 1157 1417 1183; x_wconf 80' lang='lat' dir='ltr'><strong>tenebris</strong></span> <span class='ocrx_word' id='word_1_520' title='bbox 1434 1156 1513 1188; x_wconf 80' lang='lat' dir='ltr'><strong>lucet,</strong></span> <span class='ocrx_word' id='word_1_521' title='bbox 1532 1161 1556 1183; x_wconf 82' lang='lat' dir='ltr'><strong>et</strong></span> <span class='ocrx_word' id='word_1_522' title='bbox 1576 1157 1688 1183; x_wconf 66' lang='lat' dir='ltr'><strong>tenebrae</strong></span> <span class='ocrx_word' id='word_1_523' title='bbox 1703 1164 1774 1182; x_wconf 82' lang='lat' dir='ltr'><strong>eunt-</strong></span> 
     </span>
    </p>
   </div>
   <div class='ocr_carea' id='block_1_83' title="bbox 976 1201 1764 1236">
    <p class='ocr_par' dir='ltr' id='par_1_83' title="bbox 976 1201 1764 1236">
     <span class='ocr_line' id='line_1_83' title="bbox 976 1201 1764 1236; baseline -0.003 -7"><span class='ocrx_word' id='word_1_524' title='bbox 976 1211 1027 1229; x_wconf 88' lang='lat' dir='ltr'><strong>non</strong></span> <span class='ocrx_word' id='word_1_525' title='bbox 1043 1202 1336 1236; x_wconf 75' lang='lat' dir='ltr'><strong>comprehenderunt&quot;.</strong></span> <span class='ocrx_word' id='word_1_526' title='bbox 1351 1202 1420 1230; x_wconf 87' lang='lat' dir='ltr'><strong>Nam</strong></span> <span class='ocrx_word' id='word_1_527' title='bbox 1435 1209 1501 1229; x_wconf 90' lang='lat' dir='ltr'><strong>cum</strong></span> <span class='ocrx_word' id='word_1_528' title='bbox 1513 1201 1632 1229; x_wconf 74' lang='lat' dir='ltr'><strong>tenebrae</strong></span> <span class='ocrx_word' id='word_1_529' title='bbox 1643 1209 1764 1236; x_wconf 53' lang='lat' dir='ltr'><strong>praesen-</strong></span> 
     </span>
    </p>
   </div>
   <div class='ocr_carea' id='block_1_84' title="bbox 976 1247 1764 1284">
    <p class='ocr_par' dir='ltr' id='par_1_84' title="bbox 976 1247 1764 1284">
     <span class='ocr_line' id='line_1_84' title="bbox 976 1247 1764 1284; baseline -0.001 -9"><span class='ocrx_word' id='word_1_530' title='bbox 976 1249 1013 1275; x_wconf 91' lang='lat' dir='ltr'><strong>tia</strong></span> <span class='ocrx_word' id='word_1_531' title='bbox 1039 1249 1178 1276; x_wconf 86' lang='lat' dir='ltr'><strong>radiorum</strong></span> <span class='ocrx_word' id='word_1_532' title='bbox 1207 1249 1391 1284; x_wconf 75' lang='lat' dir='ltr'><strong>expatiantur,</strong></span> <span class='ocrx_word' id='word_1_533' title='bbox 1417 1248 1463 1276; x_wconf 81' lang='lat' dir='ltr'><strong>sol‘</strong></span> <span class='ocrx_word' id='word_1_534' title='bbox 1494 1252 1613 1275; x_wconf 74' lang='lat' dir='ltr'><strong>tamenn</strong></span> <span class='ocrx_word' id='word_1_535' title='bbox 1641 1247 1764 1275; x_wconf 85' lang='lat' dir='ltr'><strong>tenebris</strong></span> 
     </span>
    </p>
   </div>
   <div class='ocr_carea' id='block_1_85' title="bbox 975 1295 1221 1323">
    <p class='ocr_par' dir='ltr' id='par_1_85' title="bbox 975 1295 1221 1323">
     <span class='ocr_line' id='line_1_85' title="bbox 975 1295 1221 1323; baseline 0.004 -1"><span class='ocrx_word' id='word_1_536' title='bbox 975 1303 1029 1322; x_wconf 88' lang='lat' dir='ltr'><strong>tton</strong></span> <span class='ocrx_word' id='word_1_537' title='bbox 1045 1295 1221 1323; x_wconf 81' lang='lat' dir='ltr'><strong>obscuratur.</strong></span> 
     </span>
    </p>
   </div>
   <div class='ocr_carea' id='block_1_86' title="bbox 1011 1339 1762 1376">
    <p class='ocr_par' dir='ltr' id='par_1_86' title="bbox 1011 1339 1762 1376">
     <span class='ocr_line' id='line_1_86' title="bbox 1011 1339 1762 1376; baseline -0.003 -8"><span class='ocrx_word' id='word_1_538' title='bbox 1011 1341 1038 1368; x_wconf 91' lang='lat'><strong>8.</strong></span> <span class='ocrx_word' id='word_1_539' title='bbox 1054 1341 1144 1368; x_wconf 90' lang='lat' dir='ltr'><strong>Unum</strong></span> <span class='ocrx_word' id='word_1_540' title='bbox 1163 1341 1265 1368; x_wconf 89' lang='lat' dir='ltr'><strong>dicitur</strong></span> <span class='ocrx_word' id='word_1_541' title='bbox 1281 1341 1307 1368; x_wconf 93' lang='lat' dir='ltr'><strong>in</strong></span> <span class='ocrx_word' id='word_1_542' title='bbox 1322 1341 1356 1369; x_wconf 89' lang='lat' dir='ltr'><strong>iis</strong></span> <span class='ocrx_word' id='word_1_543' title='bbox 1376 1341 1497 1376; x_wconf 87' lang='lat' dir='ltr'><strong>quidem,</strong></span> <span class='ocrx_word' id='word_1_544' title='bbox 1516 1348 1576 1376; x_wconf 63' lang='lat' dir='ltr'><strong>quae</strong></span> <span class='ocrx_word' id='word_1_545' title='bbox 1606 1341 1668 1366; x_wconf 85' lang='lat' dir='ltr'><strong>sunt</strong></span> <span class='ocrx_word' id='word_1_546' title='bbox 1687 1339 1762 1373; x_wconf 72' lang='lat' dir='ltr'><strong>ejus~</strong></span> 
     </span>
    </p>
   </div>
   <div class='ocr_carea' id='block_1_87' title="bbox 973 1385 1765 1420">
    <p class='ocr_par' dir='ltr' id='par_1_87' title="bbox 973 1385 1765 1420">
     <span class='ocr_line' id='line_1_87' title="bbox 973 1385 1765 1420; baseline -0.005 -6"><span class='ocrx_word' id='word_1_547' title='bbox 973 1386 1035 1414; x_wconf 88' lang='lat' dir='ltr'><strong>dem</strong></span> <span class='ocrx_word' id='word_1_548' title='bbox 1048 1387 1183 1420; x_wconf 48' lang='lat' dir='ltr'><strong>essentia;</strong></span> <span class='ocrx_word' id='word_1_549' title='bbox 1197 1395 1259 1414; x_wconf 90' lang='lat' dir='ltr'><strong>cum</strong></span> <span class='ocrx_word' id='word_1_550' title='bbox 1273 1387 1369 1414; x_wconf 78' lang='lat' dir='ltr'><strong>cadent</strong></span> <span class='ocrx_word' id='word_1_551' title='bbox 1385 1391 1426 1414; x_wconf 88' lang='lat' dir='ltr'><strong>est</strong></span> <span class='ocrx_word' id='word_1_552' title='bbox 1442 1391 1551 1419; x_wconf 88' lang='lat' dir='ltr'><strong>natura,</strong></span> <span class='ocrx_word' id='word_1_553' title='bbox 1580 1390 1609 1413; x_wconf 93' lang='lat' dir='ltr'><strong>et</strong></span> <span class='ocrx_word' id='word_1_554' title='bbox 1646 1385 1765 1411; x_wconf 61' lang='lat' dir='ltr'><strong>divorte</strong></span> 
     </span>
    </p>
   </div>
   <div class='ocr_carea' id='block_1_88' title="bbox 967 1430 1762 1468">
    <p class='ocr_par' dir='ltr' id='par_1_88' title="bbox 967 1430 1762 1468">
     <span class='ocr_line' id='line_1_88' title="bbox 967 1430 1762 1468; baseline -0.004 -9"><span class='ocrx_word' id='word_1_555' title='bbox 967 1436 1109 1468; x_wconf 63' lang='lat' dir='ltr'><strong>personat.</strong></span> <span class='ocrx_word' id='word_1_556' title='bbox 1127 1433 1167 1460; x_wconf 86' lang='lat' dir='ltr'><strong>Ex</strong></span> <span class='ocrx_word' id='word_1_557' title='bbox 1185 1441 1239 1468; x_wconf 89' lang='lat' dir='ltr'><strong>quo</strong></span> <span class='ocrx_word' id='word_1_558' title='bbox 1255 1433 1322 1461; x_wconf 85' lang='lat' dir='ltr'><strong>illud</strong></span> <span class='ocrx_word' id='word_1_559' title='bbox 1340 1441 1347 1460; x_wconf 85' lang='lat'>:</span> <span class='ocrx_word' id='word_1_560' title='bbox 1366 1435 1399 1460; x_wconf 87' lang='lat' dir='ltr'><strong>Et</strong></span> <span class='ocrx_word' id='word_1_561' title='bbox 1421 1434 1472 1460; x_wconf 85' lang='lat' dir='ltr'><strong>tria</strong></span> <span class='ocrx_word' id='word_1_562' title='bbox 1485 1441 1567 1460; x_wconf 81' lang='lat' dir='ltr'><strong>unum</strong></span> <span class='ocrx_word' id='word_1_563' title='bbox 1588 1436 1660 1459; x_wconf 68' lang='lat' dir='ltr'><strong>sunt.</strong></span> <span class='ocrx_word' id='word_1_564' title='bbox 1680 1431 1709 1457; x_wconf 91' lang='lat' dir='ltr'><strong>In</strong></span> <span class='ocrx_word' id='word_1_565' title='bbox 1729 1430 1762 1457; x_wconf 78' lang='lat' dir='ltr'><strong>iis</strong></span> 
     </span>
    </p>
   </div>
   <div class='ocr_carea' id='block_1_89' title="bbox 972 1477 1760 1514">
    <p class='ocr_par' dir='ltr' id='par_1_89' title="bbox 972 1477 1760 1514">
     <span class='ocr_line' id='line_1_89' title="bbox 972 1477 1760 1514; baseline -0.004 -8"><span class='ocrx_word' id='word_1_566' title='bbox 972 1484 1064 1506; x_wconf 90' lang='lat' dir='ltr'><strong>autem</strong></span> <span class='ocrx_word' id='word_1_567' title='bbox 1081 1487 1142 1514; x_wconf 66' lang='lat' dir='ltr'><strong>qua:</strong></span> <span class='ocrx_word' id='word_1_568' title='bbox 1153 1480 1268 1507; x_wconf 64' lang='lat' dir='ltr'><strong>diversae</strong></span> <span class='ocrx_word' id='word_1_569' title='bbox 1283 1484 1347 1507; x_wconf 92' lang='lat' dir='ltr'><strong>sunt</strong></span> <span class='ocrx_word' id='word_1_570' title='bbox 1361 1479 1497 1511; x_wconf 67' lang='lat' dir='ltr'><strong>essentne,</strong></span> <span class='ocrx_word' id='word_1_571' title='bbox 1527 1486 1611 1506; x_wconf 93' lang='lat' dir='ltr'><strong>unum</strong></span> <span class='ocrx_word' id='word_1_572' title='bbox 1646 1477 1760 1507; x_wconf 87' lang='lat' dir='ltr'><strong>dicitur,</strong></span> 
     </span>
    </p>
   </div>
   <div class='ocr_carea' id='block_1_90' title="bbox 971 1525 1760 1561">
    <p class='ocr_par' dir='ltr' id='par_1_90' title="bbox 971 1525 1760 1561">
     <span class='ocr_line' id='line_1_90' title="bbox 971 1525 1760 1561; baseline -0.001 -9"><span class='ocrx_word' id='word_1_573' title='bbox 971 1533 1033 1553; x_wconf 85' lang='lat' dir='ltr'><strong>cum</strong></span> <span class='ocrx_word' id='word_1_574' title='bbox 1049 1527 1143 1554; x_wconf 89' lang='lat' dir='ltr'><strong>eadem</strong></span> <span class='ocrx_word' id='word_1_575' title='bbox 1163 1533 1279 1561; x_wconf 87' lang='lat' dir='ltr'><strong>persona</strong></span> <span class='ocrx_word' id='word_1_576' title='bbox 1308 1531 1361 1558; x_wconf 88' lang='lat' dir='ltr'><strong>est,</strong></span> <span class='ocrx_word' id='word_1_577' title='bbox 1389 1530 1416 1553; x_wconf 86' lang='lat' dir='ltr'><strong>et</strong></span> <span class='ocrx_word' id='word_1_578' title='bbox 1442 1525 1559 1553; x_wconf 64' lang='lat' dir='ltr'><strong>diversa:</strong></span> <span class='ocrx_word' id='word_1_579' title='bbox 1584 1528 1701 1555; x_wconf 68' lang='lat' dir='ltr'><strong>naturat,</strong></span> <span class='ocrx_word' id='word_1_580' title='bbox 1727 1531 1760 1551; x_wconf 75' lang='lat' dir='ltr'><strong>ex</strong></span> 
     </span>
    </p>
   </div>
   <div class='ocr_carea' id='block_1_91' title="bbox 970 1571 1758 1607">
    <p class='ocr_par' dir='ltr' id='par_1_91' title="bbox 970 1571 1758 1607">
     <span class='ocr_line' id='line_1_91' title="bbox 970 1571 1758 1607; baseline -0.001 -10"><span class='ocrx_word' id='word_1_581' title='bbox 970 1580 1025 1606; x_wconf 87' lang='lat' dir='ltr'><strong>quo</strong></span> <span class='ocrx_word' id='word_1_582' title='bbox 1039 1572 1116 1604; x_wconf 91' lang='lat' dir='ltr'><strong>illud,</strong></span> <span class='ocrx_word' id='word_1_583' title='bbox 1132 1572 1166 1599; x_wconf 88' lang='lat' dir='ltr'><strong>Et</strong></span> <span class='ocrx_word' id='word_1_584' title='bbox 1181 1576 1327 1607; x_wconf 86' lang='lat' dir='ltr'><strong>utrumque</strong></span> <span class='ocrx_word' id='word_1_585' title='bbox 1356 1580 1453 1599; x_wconf 89' lang='lat' dir='ltr'><strong>unum.</strong></span> <span class='ocrx_word' id='word_1_586' title='bbox 1478 1571 1568 1599; x_wconf 90' lang='lat' dir='ltr'><strong>Unum</strong></span> <span class='ocrx_word' id='word_1_587' title='bbox 1597 1575 1688 1597; x_wconf 87' lang='lat' dir='ltr'><strong>autem</strong></span> <span class='ocrx_word' id='word_1_588' title='bbox 1705 1577 1758 1596; x_wconf 84' lang='lat' dir='ltr'><strong>nor.</strong></span> 
     </span>
    </p>
   </div>
   <div class='ocr_carea' id='block_1_92' title="bbox 970 1617 1761 1655">
    <p class='ocr_par' dir='ltr' id='par_1_92' title="bbox 970 1617 1761 1655">
     <span class='ocr_line' id='line_1_92' title="bbox 970 1617 1761 1655; baseline -0.001 -11"><span class='ocrx_word' id='word_1_589' title='bbox 970 1622 1079 1650; x_wconf 89' lang='lat' dir='ltr'><strong>natura,</strong></span> <span class='ocrx_word' id='word_1_590' title='bbox 1096 1620 1144 1646; x_wconf 85' lang='lat' dir='ltr'><strong>sed</strong></span> <span class='ocrx_word' id='word_1_591' title='bbox 1173 1618 1369 1655; x_wconf 84' lang='lat' dir='ltr'><strong>conjunctione</strong></span> <span class='ocrx_word' id='word_1_592' title='bbox 1397 1618 1515 1648; x_wconf 83' lang='lat' dir='ltr'><strong>duarum</strong></span> <span class='ocrx_word' id='word_1_593' title='bbox 1546 1622 1709 1645; x_wconf 82' lang='lat' dir='ltr'><strong>naturarum</strong></span> <span class='ocrx_word' id='word_1_594' title='bbox 1732 1617 1761 1643; x_wconf 87' lang='lat' dir='ltr'><strong>in</strong></span> 
     </span>
    </p>
   </div>
   <div class='ocr_carea' id='block_1_93' title="bbox 946 1671 1170 1698">
    <p class='ocr_par' dir='ltr' id='par_1_93' title="bbox 946 1671 1170 1698">
     <span class='ocr_line' id='line_1_93' title="bbox 946 1671 1170 1698; baseline 0.004 -8"><span class='ocrx_word' id='word_1_595' title='bbox 946 1676 951 1682; x_wconf 82' lang='lat'><strong><em>~</em></strong></span> <span class='ocrx_word' id='word_1_596' title='bbox 969 1672 1022 1691; x_wconf 89' lang='lat' dir='ltr'><strong>una</strong></span> <span class='ocrx_word' id='word_1_597' title='bbox 1042 1671 1170 1698; x_wconf 87' lang='lat' dir='ltr'><strong>persona.</strong></span> 
     </span>
    </p>
   </div>
   <div class='ocr_carea' id='block_1_94' title="bbox 1003 1707 1757 1743">
    <p class='ocr_par' dir='ltr' id='par_1_94' title="bbox 1003 1707 1757 1743">
     <span class='ocr_line' id='line_1_94' title="bbox 1003 1707 1757 1743; baseline -0.003 -7"><span class='ocrx_word' id='word_1_598' title='bbox 1003 1709 1111 1737; x_wconf 84' lang='lat' dir='ltr'><strong>9.1dem</strong></span> <span class='ocrx_word' id='word_1_599' title='bbox 1125 1708 1226 1737; x_wconf 87' lang='lat' dir='ltr'><strong>dicitur</strong></span> <span class='ocrx_word' id='word_1_600' title='bbox 1240 1710 1282 1737; x_wconf 84' lang='lat' dir='ltr'><strong>ve]</strong></span> <span class='ocrx_word' id='word_1_601' title='bbox 1304 1709 1424 1737; x_wconf 87' lang='lat' dir='ltr'><strong>essentia</strong></span> <span class='ocrx_word' id='word_1_602' title='bbox 1440 1717 1488 1737; x_wconf 87' lang='lat' dir='ltr'><strong>seu</strong></span> <span class='ocrx_word' id='word_1_603' title='bbox 1507 1707 1591 1743; x_wconf 78' lang='lat' dir='ltr'><strong>(quod</strong></span> <span class='ocrx_word' id='word_1_604' title='bbox 1608 1707 1678 1735; x_wconf 85' lang='lat' dir='ltr'><strong>idem</strong></span> <span class='ocrx_word' id='word_1_605' title='bbox 1703 1708 1757 1742; x_wconf 85' lang='lat' dir='ltr'><strong>est)</strong></span> 
     </span>
    </p>
   </div>
   <div class='ocr_carea' id='block_1_95' title="bbox 968 1754 1756 1794">
    <p class='ocr_par' dir='ltr' id='par_1_95' title="bbox 968 1754 1756 1794">
     <span class='ocr_line' id='line_1_95' title="bbox 968 1754 1756 1794; baseline -0.004 -12"><span class='ocrx_word' id='word_1_606' title='bbox 968 1759 1077 1787; x_wconf 85' lang='lat' dir='ltr'><strong>natuta,</strong></span> <span class='ocrx_word' id='word_1_607' title='bbox 1098 1759 1125 1782; x_wconf 89' lang='lat' dir='ltr'><strong>ut</strong></span> <span class='ocrx_word' id='word_1_608' title='bbox 1140 1756 1239 1782; x_wconf 81' lang='lat' dir='ltr'><strong>Petrus</strong></span> <span class='ocrx_word' id='word_1_609' title='bbox 1255 1761 1283 1783; x_wconf 85' lang='lat' dir='ltr'><strong>et</strong></span> <span class='ocrx_word' id='word_1_610' title='bbox 1299 1756 1402 1783; x_wconf 88' lang='lat' dir='ltr'><strong>Paulus</strong></span> <span class='ocrx_word' id='word_1_611' title='bbox 1416 1755 1487 1782; x_wconf 88' lang='lat' dir='ltr'><strong>idem</strong></span> <span class='ocrx_word' id='word_1_612' title='bbox 1502 1759 1600 1794; x_wconf 81' lang='lat' dir='ltr'><strong>natura</strong></span> <span class='ocrx_word' id='word_1_613' title='bbox 1613 1758 1688 1785; x_wconf 90' lang='lat' dir='ltr'><strong>sunt,</strong></span> <span class='ocrx_word' id='word_1_614' title='bbox 1711 1754 1756 1780; x_wconf 83' lang='lat' dir='ltr'><strong>vel</strong></span> 
     </span>
    </p>
   </div>
   <div class='ocr_carea' id='block_1_96' title="bbox 967 1799 1757 1844">
    <p class='ocr_par' dir='ltr' id='par_1_96' title="bbox 967 1799 1757 1844">
     <span class='ocr_line' id='line_1_96' title="bbox 967 1799 1757 1844; baseline -0.001 -16"><span class='ocrx_word' id='word_1_615' title='bbox 967 1809 1078 1836; x_wconf 87' lang='lat' dir='ltr'><strong>genere,</strong></span> <span class='ocrx_word' id='word_1_616' title='bbox 1096 1807 1126 1828; x_wconf 93' lang='lat' dir='ltr'><strong>ut</strong></span> <span class='ocrx_word' id='word_1_617' title='bbox 1145 1802 1194 1829; x_wconf 87' lang='lat' dir='ltr'><strong>bos</strong></span> <span class='ocrx_word' id='word_1_618' title='bbox 1218 1806 1246 1829; x_wconf 88' lang='lat' dir='ltr'><strong>et</strong></span> <span class='ocrx_word' id='word_1_619' title='bbox 1272 1809 1360 1836; x_wconf 84' lang='lat' dir='ltr'><strong>equus</strong></span> <span class='ocrx_word' id='word_1_620' title='bbox 1385 1801 1458 1829; x_wconf 88' lang='lat' dir='ltr'><strong>idem</strong></span> <span class='ocrx_word' id='word_1_621' title='bbox 1483 1805 1547 1844; x_wconf 68' lang='lat' dir='ltr'><strong>sunt</strong></span> <span class='ocrx_word' id='word_1_622' title='bbox 1564 1809 1686 1837; x_wconf 80' lang='lat' dir='ltr'><strong>genere:</strong></span> <span class='ocrx_word' id='word_1_623' title='bbox 1713 1799 1757 1827; x_wconf 81' lang='lat' dir='ltr'><strong>vel</strong></span> 
     </span>
    </p>
   </div>
   <div class='ocr_carea' id='block_1_97' title="bbox 967 1847 1755 1882">
    <p class='ocr_par' dir='ltr' id='par_1_97' title="bbox 967 1847 1755 1882">
     <span class='ocr_line' id='line_1_97' title="bbox 967 1847 1755 1882; baseline 0 -8"><span class='ocrx_word' id='word_1_624' title='bbox 967 1847 1069 1882; x_wconf 87' lang='lat' dir='ltr'><strong>specie,</strong></span> <span class='ocrx_word' id='word_1_625' title='bbox 1088 1852 1117 1874; x_wconf 89' lang='lat' dir='ltr'><strong>ut</strong></span> <span class='ocrx_word' id='word_1_626' title='bbox 1133 1848 1212 1875; x_wconf 92' lang='lat' dir='ltr'><strong>Titus</strong></span> <span class='ocrx_word' id='word_1_627' title='bbox 1226 1853 1253 1874; x_wconf 87' lang='lat' dir='ltr'><strong>et</strong></span> <span class='ocrx_word' id='word_1_628' title='bbox 1266 1847 1430 1875; x_wconf 87' lang='lat' dir='ltr'><strong>Timotheus</strong></span> <span class='ocrx_word' id='word_1_629' title='bbox 1461 1847 1534 1875; x_wconf 91' lang='lat' dir='ltr'><strong>idem</strong></span> <span class='ocrx_word' id='word_1_630' title='bbox 1561 1853 1625 1875; x_wconf 92' lang='lat' dir='ltr'><strong>sunt</strong></span> <span class='ocrx_word' id='word_1_631' title='bbox 1651 1847 1755 1882; x_wconf 83' lang='lat' dir='ltr'><strong>specie,</strong></span> 
     </span>
    </p>
   </div>
   <div class='ocr_carea' id='block_1_98' title="bbox 967 1893 1753 1928">
    <p class='ocr_par' dir='ltr' id='par_1_98' title="bbox 967 1893 1753 1928">
     <span class='ocr_line' id='line_1_98' title="bbox 967 1893 1753 1928; baseline 0.001 -9"><span class='ocrx_word' id='word_1_632' title='bbox 967 1901 1029 1919; x_wconf 90' lang='lat' dir='ltr'><strong>nam</strong></span> <span class='ocrx_word' id='word_1_633' title='bbox 1043 1893 1093 1920; x_wconf 89' lang='lat' dir='ltr'><strong>sub</strong></span> <span class='ocrx_word' id='word_1_634' title='bbox 1108 1893 1220 1920; x_wconf 85' lang='lat' dir='ltr'><strong>homine</strong></span> <span class='ocrx_word' id='word_1_635' title='bbox 1234 1897 1298 1920; x_wconf 84' lang='lat' dir='ltr'><strong>sunt</strong></span> <span class='ocrx_word' id='word_1_636' title='bbox 1314 1893 1395 1920; x_wconf 89' lang='lat' dir='ltr'><strong>am&#39;bo</strong></span> <span class='ocrx_word' id='word_1_637' title='bbox 1411 1893 1472 1925; x_wconf 81' lang='lat' dir='ltr'><strong>:vel</strong></span> <span class='ocrx_word' id='word_1_638' title='bbox 1488 1901 1615 1925; x_wconf 89' lang='lat' dir='ltr'><strong>numero,</strong></span> <span class='ocrx_word' id='word_1_639' title='bbox 1633 1898 1663 1920; x_wconf 93' lang='lat' dir='ltr'><strong>ut</strong></span> <span class='ocrx_word' id='word_1_640' title='bbox 1680 1893 1753 1928; x_wconf 88' lang='lat' dir='ltr'><strong>quod</strong></span> 
     </span>
    </p>
   </div>
   <div class='ocr_carea' id='block_1_99' title="bbox 968 1938 1753 1974">
    <p class='ocr_par' dir='ltr' id='par_1_99' title="bbox 968 1938 1753 1974">
     <span class='ocr_line' id='line_1_99' title="bbox 968 1938 1753 1974; baseline 0.001 -9"><span class='ocrx_word' id='word_1_641' title='bbox 968 1939 1051 1965; x_wconf 88' lang='lat' dir='ltr'><strong>multa</strong></span> <span class='ocrx_word' id='word_1_642' title='bbox 1080 1938 1162 1966; x_wconf 81' lang='lat' dir='ltr'><strong>habet</strong></span> <span class='ocrx_word' id='word_1_643' title='bbox 1178 1939 1299 1972; x_wconf 90' lang='lat' dir='ltr'><strong>nomina,</strong></span> <span class='ocrx_word' id='word_1_644' title='bbox 1311 1939 1417 1974; x_wconf 80' lang='lat' dir='ltr'><strong>gladius</strong></span> <span class='ocrx_word' id='word_1_645' title='bbox 1442 1939 1527 1970; x_wconf 90' lang='lat' dir='ltr'><strong>enim,</strong></span> <span class='ocrx_word' id='word_1_646' title='bbox 1546 1938 1631 1970; x_wconf 89' lang='lat' dir='ltr'><strong>ensis,</strong></span> <span class='ocrx_word' id='word_1_647' title='bbox 1647 1947 1753 1970; x_wconf 88' lang='lat' dir='ltr'><strong>nutero.</strong></span> 
     </span>
    </p>
   </div>
   <div class='ocr_carea' id='block_1_100' title="bbox 967 1984 1755 2020">
    <p class='ocr_par' dir='ltr' id='par_1_100' title="bbox 967 1984 1755 2020">
     <span class='ocr_line' id='line_1_100' title="bbox 967 1984 1755 2020; baseline 0 -9"><span class='ocrx_word' id='word_1_648' title='bbox 967 1984 1038 2011; x_wconf 89' lang='lat' dir='ltr'><strong>idetn</strong></span> <span class='ocrx_word' id='word_1_649' title='bbox 1051 1992 1177 2016; x_wconf 89' lang='lat' dir='ltr'><strong>numero,</strong></span> <span class='ocrx_word' id='word_1_650' title='bbox 1191 1985 1234 2013; x_wconf 89' lang='lat' dir='ltr'><strong>his</strong></span> <span class='ocrx_word' id='word_1_651' title='bbox 1247 1985 1321 2012; x_wconf 84' lang='lat' dir='ltr'><strong>enim</strong></span> <span class='ocrx_word' id='word_1_652' title='bbox 1338 1993 1422 2012; x_wconf 91' lang='lat' dir='ltr'><strong>unum</strong></span> <span class='ocrx_word' id='word_1_653' title='bbox 1442 1985 1587 2020; x_wconf 84' lang='lat' dir='ltr'><strong>subjicitur</strong></span> <span class='ocrx_word' id='word_1_654' title='bbox 1602 1993 1608 2011; x_wconf 90' lang='lat'>:</span> <span class='ocrx_word' id='word_1_655' title='bbox 1633 1985 1675 2012; x_wconf 90' lang='lat' dir='ltr'><strong>vel</strong></span> <span class='ocrx_word' id='word_1_656' title='bbox 1690 1992 1755 2012; x_wconf 85' lang='lat' dir='ltr'><strong>ana-</strong></span> 
     </span>
    </p>
   </div>
   <div class='ocr_carea' id='block_1_101' title="bbox 964 2031 1753 2066">
    <p class='ocr_par' dir='ltr' id='par_1_101' title="bbox 964 2031 1753 2066">
     <span class='ocr_line' id='line_1_101' title="bbox 964 2031 1753 2066; baseline 0 -8"><span class='ocrx_word' id='word_1_657' title='bbox 964 2031 1047 2066; x_wconf 84' lang='lat' dir='ltr'><strong>logia.</strong></span> <span class='ocrx_word' id='word_1_658' title='bbox 1081 2039 1130 2058; x_wconf 82' lang='lat' dir='ltr'><strong>seu</strong></span> <span class='ocrx_word' id='word_1_659' title='bbox 1156 2031 1360 2064; x_wconf 88' lang='lat' dir='ltr'><strong>convenientia,</strong></span> <span class='ocrx_word' id='word_1_660' title='bbox 1382 2037 1429 2058; x_wconf 88' lang='lat' dir='ltr'><strong>aut</strong></span> <span class='ocrx_word' id='word_1_661' title='bbox 1459 2032 1646 2066; x_wconf 89' lang='lat' dir='ltr'><strong>proportione.</strong></span> <span class='ocrx_word' id='word_1_662' title='bbox 1675 2031 1753 2064; x_wconf 86' lang='lat' dir='ltr'><strong>Quod</strong></span> 
     </span>
    </p>
   </div>
   <div class='ocr_carea' id='block_1_102' title="bbox 963 2077 1754 2112">
    <p class='ocr_par' dir='ltr' id='par_1_102' title="bbox 963 2077 1754 2112">
     <span class='ocr_line' id='line_1_102' title="bbox 963 2077 1754 2112; baseline -0.001 -8"><span class='ocrx_word' id='word_1_663' title='bbox 963 2077 1038 2104; x_wconf 89' lang='lat' dir='ltr'><strong>enim</strong></span> <span class='ocrx_word' id='word_1_664' title='bbox 1054 2081 1095 2104; x_wconf 87' lang='lat' dir='ltr'><strong>est</strong></span> <span class='ocrx_word' id='word_1_665' title='bbox 1109 2077 1207 2104; x_wconf 83' lang='lat' dir='ltr'><strong>oculus</strong></span> <span class='ocrx_word' id='word_1_666' title='bbox 1218 2077 1245 2104; x_wconf 93' lang='lat' dir='ltr'><strong>in</strong></span> <span class='ocrx_word' id='word_1_667' title='bbox 1259 2084 1384 2112; x_wconf 80' lang='lat' dir='ltr'><strong>corpore.</strong></span> <span class='ocrx_word' id='word_1_668' title='bbox 1400 2077 1472 2106; x_wconf 90' lang='lat' dir='ltr'><strong>ident</strong></span> <span class='ocrx_word' id='word_1_669' title='bbox 1489 2082 1531 2105; x_wconf 90' lang='lat' dir='ltr'><strong>est</strong></span> <span class='ocrx_word' id='word_1_670' title='bbox 1559 2085 1636 2104; x_wconf 82' lang='lat' dir='ltr'><strong>mens</strong></span> <span class='ocrx_word' id='word_1_671' title='bbox 1653 2077 1679 2104; x_wconf 90' lang='lat' dir='ltr'><strong>in</strong></span> <span class='ocrx_word' id='word_1_672' title='bbox 1693 2077 1754 2103; x_wconf 90' lang='lat' dir='ltr'><strong>ani-</strong></span> 
     </span>
    </p>
   </div>
   <div class='ocr_carea' id='block_1_103' title="bbox 963 2123 1761 2160">
    <p class='ocr_par' dir='ltr' id='par_1_103' title="bbox 963 2123 1761 2160">
     <span class='ocr_line' id='line_1_103' title="bbox 963 2123 1761 2160; baseline -0.003 -9"><span class='ocrx_word' id='word_1_673' title='bbox 963 2131 1027 2157; x_wconf 87' lang='lat' dir='ltr'><strong>mo;</strong></span> <span class='ocrx_word' id='word_1_674' title='bbox 1042 2124 1084 2151; x_wconf 89' lang='lat' dir='ltr'><strong>vel</strong></span> <span class='ocrx_word' id='word_1_675' title='bbox 1099 2131 1214 2159; x_wconf 89' lang='lat' dir='ltr'><strong>persona</strong></span> <span class='ocrx_word' id='word_1_676' title='bbox 1231 2127 1261 2150; x_wconf 92' lang='lat' dir='ltr'><strong>ut</strong></span> <span class='ocrx_word' id='word_1_677' title='bbox 1276 2123 1302 2150; x_wconf 90' lang='lat' dir='ltr'><strong>itt</strong></span> <span class='ocrx_word' id='word_1_678' title='bbox 1318 2123 1440 2157; x_wconf 84' lang='lat' dir='ltr'><strong>Christo,</strong></span> <span class='ocrx_word' id='word_1_679' title='bbox 1464 2124 1524 2160; x_wconf 89' lang='lat' dir='ltr'><strong>ejus</strong></span> <span class='ocrx_word' id='word_1_680' title='bbox 1535 2123 1610 2151; x_wconf 91' lang='lat' dir='ltr'><strong>enim</strong></span> <span class='ocrx_word' id='word_1_681' title='bbox 1634 2123 1761 2151; x_wconf 70' lang='lat' dir='ltr'><strong>diversat—</strong></span> 
     </span>
    </p>
   </div>
   <div class='ocr_carea' id='block_1_104' title="bbox 964 2169 1574 2204">
    <p class='ocr_par' dir='ltr' id='par_1_104' title="bbox 964 2169 1574 2204">
     <span class='ocr_line' id='line_1_104' title="bbox 964 2169 1574 2204; baseline 0.003 -8"><span class='ocrx_word' id='word_1_682' title='bbox 964 2176 1069 2197; x_wconf 80' lang='lat' dir='ltr'><strong>naturae</strong></span> <span class='ocrx_word' id='word_1_683' title='bbox 1084 2177 1202 2204; x_wconf 85' lang='lat' dir='ltr'><strong>persona</strong></span> <span class='ocrx_word' id='word_1_684' title='bbox 1222 2169 1293 2196; x_wconf 90' lang='lat' dir='ltr'><strong>idem</strong></span> <span class='ocrx_word' id='word_1_685' title='bbox 1310 2175 1383 2201; x_wconf 90' lang='lat' dir='ltr'><strong>sunt,</strong></span> <span class='ocrx_word' id='word_1_686' title='bbox 1397 2171 1454 2197; x_wconf 89' lang='lat' dir='ltr'><strong>sive</strong></span> <span class='ocrx_word' id='word_1_687' title='bbox 1477 2179 1574 2199; x_wconf 90' lang='lat' dir='ltr'><strong>unum.</strong></span> 
     </span>
    </p>
   </div>
   <div class='ocr_carea' id='block_1_105' title="bbox 1001 2215 1750 2251">
    <p class='ocr_par' dir='ltr' id='par_1_105' title="bbox 1001 2215 1750 2251">
     <span class='ocr_line' id='line_1_105' title="bbox 1001 2215 1750 2251; baseline 0.003 -9"><span class='ocrx_word' id='word_1_688' title='bbox 1001 2216 1044 2243; x_wconf 81' lang='lat' dir='ltr'><strong>to.</strong></span> <span class='ocrx_word' id='word_1_689' title='bbox 1061 2215 1226 2251; x_wconf 90' lang='lat' dir='ltr'><strong>Conjunetio</strong></span> <span class='ocrx_word' id='word_1_690' title='bbox 1242 2220 1284 2243; x_wconf 83' lang='lat' dir='ltr'><strong>est</strong></span> <span class='ocrx_word' id='word_1_691' title='bbox 1310 2221 1423 2243; x_wconf 89' lang='lat' dir='ltr'><strong>mutuus</strong></span> <span class='ocrx_word' id='word_1_692' title='bbox 1450 2224 1543 2243; x_wconf 89' lang='lat' dir='ltr'><strong>rerum</strong></span> <span class='ocrx_word' id='word_1_693' title='bbox 1577 2217 1750 2245; x_wconf 86' lang='lat' dir='ltr'><strong>diversarum</strong></span> 
     </span>
    </p>
   </div>
   <div class='ocr_carea' id='block_1_106' title="bbox 962 2262 1749 2297">
    <p class='ocr_par' dir='ltr' id='par_1_106' title="bbox 962 2262 1749 2297">
     <span class='ocr_line' id='line_1_106' title="bbox 962 2262 1749 2297; baseline 0.001 -7"><span class='ocrx_word' id='word_1_694' title='bbox 962 2270 1124 2295; x_wconf 78' lang='lat' dir='ltr'><strong>concursus,</strong></span> <span class='ocrx_word' id='word_1_695' title='bbox 1152 2262 1182 2289; x_wconf 87' lang='lat' dir='ltr'><strong>ﬁt</strong></span> <span class='ocrx_word' id='word_1_696' title='bbox 1208 2268 1298 2290; x_wconf 86' lang='lat' dir='ltr'><strong>autent</strong></span> <span class='ocrx_word' id='word_1_697' title='bbox 1323 2263 1406 2290; x_wconf 86' lang='lat' dir='ltr'><strong>variis</strong></span> <span class='ocrx_word' id='word_1_698' title='bbox 1417 2263 1514 2294; x_wconf 87' lang='lat' dir='ltr'><strong>modis,</strong></span> <span class='ocrx_word' id='word_1_699' title='bbox 1536 2264 1578 2291; x_wconf 92' lang='lat' dir='ltr'><strong>vel</strong></span> <span class='ocrx_word' id='word_1_700' title='bbox 1611 2265 1749 2297; x_wconf 85' lang='lat' dir='ltr'><strong>mistione,</strong></span> 
     </span>
    </p>
   </div>
   <div class='ocr_carea' id='block_1_107' title="bbox 961 2308 1749 2344">
    <p class='ocr_par' dir='ltr' id='par_1_107' title="bbox 961 2308 1749 2344">
     <span class='ocr_line' id='line_1_107' title="bbox 961 2308 1749 2344; baseline 0 -7"><span class='ocrx_word' id='word_1_701' title='bbox 961 2315 992 2338; x_wconf 90' lang='lat' dir='ltr'><strong>ut</strong></span> <span class='ocrx_word' id='word_1_702' title='bbox 1023 2309 1049 2336; x_wconf 89' lang='lat' dir='ltr'><strong>in</strong></span> <span class='ocrx_word' id='word_1_703' title='bbox 1064 2309 1106 2339; x_wconf 83' lang='lat' dir='ltr'><strong>iis.</strong></span> <span class='ocrx_word' id='word_1_704' title='bbox 1119 2315 1180 2343; x_wconf 67' lang='lat' dir='ltr'><strong>quin</strong></span> <span class='ocrx_word' id='word_1_705' title='bbox 1203 2308 1307 2343; x_wconf 77' lang='lat' dir='ltr'><strong>liquida</strong></span> <span class='ocrx_word' id='word_1_706' title='bbox 1339 2313 1414 2341; x_wconf 89' lang='lat' dir='ltr'><strong>sunt,</strong></span> <span class='ocrx_word' id='word_1_707' title='bbox 1443 2310 1523 2344; x_wconf 86' lang='lat' dir='ltr'><strong>quale</strong></span> <span class='ocrx_word' id='word_1_708' title='bbox 1539 2315 1581 2337; x_wconf 90' lang='lat' dir='ltr'><strong>est</strong></span> <span class='ocrx_word' id='word_1_709' title='bbox 1610 2311 1702 2337; x_wconf 90' lang='lat' dir='ltr'><strong>viuum</strong></span> <span class='ocrx_word' id='word_1_710' title='bbox 1721 2315 1749 2338; x_wconf 88' lang='lat' dir='ltr'><strong>et</strong></span> 
     </span>
    </p>
   </div>
   <div class='ocr_carea' id='block_1_108' title="bbox 960 2354 1749 2390">
    <p class='ocr_par' dir='ltr' id='par_1_108' title="bbox 960 2354 1749 2390">
     <span class='ocr_line' id='line_1_108' title="bbox 960 2354 1749 2390; baseline 0.003 -8"><span class='ocrx_word' id='word_1_711' title='bbox 960 2363 1041 2390; x_wconf 76' lang='lat' dir='ltr'><strong>aqua,</strong></span> <span class='ocrx_word' id='word_1_712' title='bbox 1060 2355 1102 2381; x_wconf 82' lang='lat' dir='ltr'><strong>vel</strong></span> <span class='ocrx_word' id='word_1_713' title='bbox 1122 2361 1232 2386; x_wconf 90' lang='lat' dir='ltr'><strong>acervo,</strong></span> <span class='ocrx_word' id='word_1_714' title='bbox 1248 2358 1278 2380; x_wconf 92' lang='lat' dir='ltr'><strong>ut</strong></span> <span class='ocrx_word' id='word_1_715' title='bbox 1295 2354 1320 2380; x_wconf 94' lang='lat' dir='ltr'><strong>in</strong></span> <span class='ocrx_word' id='word_1_716' title='bbox 1337 2354 1371 2381; x_wconf 78' lang='lat' dir='ltr'><strong>iis</strong></span> <span class='ocrx_word' id='word_1_717' title='bbox 1383 2362 1444 2389; x_wconf 72' lang='lat' dir='ltr'><strong>qua:</strong></span> <span class='ocrx_word' id='word_1_718' title='bbox 1463 2360 1527 2383; x_wconf 88' lang='lat' dir='ltr'><strong>sunt</strong></span> <span class='ocrx_word' id='word_1_719' title='bbox 1546 2356 1634 2387; x_wconf 90' lang='lat' dir='ltr'><strong>arida,</strong></span> <span class='ocrx_word' id='word_1_720' title='bbox 1652 2361 1682 2384; x_wconf 88' lang='lat' dir='ltr'><strong>ut</strong></span> <span class='ocrx_word' id='word_1_721' title='bbox 1700 2358 1749 2384; x_wconf 90' lang='lat' dir='ltr'><strong>tri-</strong></span> 
     </span>
    </p>
   </div>
   <div class='ocr_carea' id='block_1_109' title="bbox 960 2400 1748 2434">
    <p class='ocr_par' dir='ltr' id='par_1_109' title="bbox 960 2400 1748 2434">
     <span class='ocr_line' id='line_1_109' title="bbox 960 2400 1748 2434; baseline 0.003 -6"><span class='ocrx_word' id='word_1_722' title='bbox 960 2401 1042 2428; x_wconf 89' lang='lat' dir='ltr'><strong>ticum</strong></span> <span class='ocrx_word' id='word_1_723' title='bbox 1070 2406 1098 2428; x_wconf 88' lang='lat' dir='ltr'><strong>et</strong></span> <span class='ocrx_word' id='word_1_724' title='bbox 1113 2400 1246 2427; x_wconf 88' lang='lat' dir='ltr'><strong>hordeum</strong></span> <span class='ocrx_word' id='word_1_725' title='bbox 1261 2408 1268 2434; x_wconf 88' lang='lat'><strong>;</strong></span> <span class='ocrx_word' id='word_1_726' title='bbox 1283 2401 1325 2427; x_wconf 88' lang='lat' dir='ltr'><strong>vel</strong></span> <span class='ocrx_word' id='word_1_727' title='bbox 1348 2401 1519 2429; x_wconf 90' lang='lat' dir='ltr'><strong>imbibitione</strong></span> <span class='ocrx_word' id='word_1_728' title='bbox 1537 2407 1566 2429; x_wconf 93' lang='lat' dir='ltr'><strong>ut</strong></span> <span class='ocrx_word' id='word_1_729' title='bbox 1582 2403 1609 2429; x_wconf 93' lang='lat' dir='ltr'><strong>in</strong></span> <span class='ocrx_word' id='word_1_730' title='bbox 1636 2403 1748 2431; x_wconf 92' lang='lat' dir='ltr'><strong>humido</strong></span> 
     </span>
    </p>
   </div>
   <div class='ocr_carea' id='block_1_110' title="bbox 958 2446 1746 2481">
    <p class='ocr_par' dir='ltr' id='par_1_110' title="bbox 958 2446 1746 2481">
     <span class='ocr_line' id='line_1_110' title="bbox 958 2446 1746 2481; baseline 0.003 -7"><span class='ocrx_word' id='word_1_731' title='bbox 958 2447 1080 2478; x_wconf 85' lang='lat' dir='ltr'><strong>ctsiceo,</strong></span> <span class='ocrx_word' id='word_1_732' title='bbox 1094 2446 1182 2481; x_wconf 85' lang='lat' dir='ltr'><strong>qualis</strong></span> <span class='ocrx_word' id='word_1_733' title='bbox 1198 2452 1240 2473; x_wconf 86' lang='lat' dir='ltr'><strong>est</strong></span> <span class='ocrx_word' id='word_1_734' title='bbox 1255 2451 1325 2473; x_wconf 87' lang='lat' dir='ltr'><strong>terra</strong></span> <span class='ocrx_word' id='word_1_735' title='bbox 1345 2451 1373 2473; x_wconf 86' lang='lat' dir='ltr'><strong>et</strong></span> <span class='ocrx_word' id='word_1_736' title='bbox 1391 2455 1460 2481; x_wconf 86' lang='lat' dir='ltr'><strong>aqua</strong></span> <span class='ocrx_word' id='word_1_737' title='bbox 1475 2456 1481 2480; x_wconf 88' lang='lat'><strong>;</strong></span> <span class='ocrx_word' id='word_1_738' title='bbox 1501 2448 1542 2476; x_wconf 88' lang='lat' dir='ltr'><strong>vel</strong></span> <span class='ocrx_word' id='word_1_739' title='bbox 1575 2449 1746 2480; x_wconf 84' lang='lat' dir='ltr'><strong>remistionc,</strong></span> 
     </span>
    </p>
   </div>
   <div class='ocr_carea' id='block_1_111' title="bbox 958 2493 1746 2528">
    <p class='ocr_par' dir='ltr' id='par_1_111' title="bbox 958 2493 1746 2528">
     <span class='ocr_line' id='line_1_111' title="bbox 958 2493 1746 2528; baseline 0.003 -8"><span class='ocrx_word' id='word_1_740' title='bbox 958 2499 988 2521; x_wconf 93' lang='lat' dir='ltr'><strong>ut</strong></span> <span class='ocrx_word' id='word_1_741' title='bbox 1003 2493 1030 2520; x_wconf 92' lang='lat' dir='ltr'><strong>in</strong></span> <span class='ocrx_word' id='word_1_742' title='bbox 1041 2493 1158 2521; x_wconf 87' lang='lat' dir='ltr'><strong>diversis</strong></span> <span class='ocrx_word' id='word_1_743' title='bbox 1172 2493 1284 2521; x_wconf 79' lang='lat' dir='ltr'><strong>farinis:</strong></span> <span class='ocrx_word' id='word_1_744' title='bbox 1301 2494 1343 2520; x_wconf 87' lang='lat' dir='ltr'><strong>vel</strong></span> <span class='ocrx_word' id='word_1_745' title='bbox 1360 2495 1536 2525; x_wconf 81' lang='lat' dir='ltr'><strong>confusione,</strong></span> <span class='ocrx_word' id='word_1_746' title='bbox 1549 2500 1580 2521; x_wconf 93' lang='lat' dir='ltr'><strong>ut</strong></span> <span class='ocrx_word' id='word_1_747' title='bbox 1595 2495 1621 2522; x_wconf 94' lang='lat' dir='ltr'><strong>in</strong></span> <span class='ocrx_word' id='word_1_748' title='bbox 1640 2495 1673 2521; x_wconf 91' lang='lat' dir='ltr'><strong>iis</strong></span> <span class='ocrx_word' id='word_1_749' title='bbox 1686 2503 1746 2528; x_wconf 74' lang='lat' dir='ltr'><strong>quzn</strong></span> 
     </span>
    </p>
   </div>
   <div class='ocr_carea' id='block_1_112' title="bbox 956 2539 1744 2575">
    <p class='ocr_par' dir='ltr' id='par_1_112' title="bbox 956 2539 1744 2575">
     <span class='ocr_line' id='line_1_112' title="bbox 956 2539 1744 2575; baseline 0.003 -9"><span class='ocrx_word' id='word_1_750' title='bbox 956 2539 1112 2574; x_wconf 83' lang='lat' dir='ltr'><strong>liqueﬁunt.</strong></span> <span class='ocrx_word' id='word_1_751' title='bbox 1124 2539 1214 2574; x_wconf 89' lang='lat' dir='ltr'><strong>qualia</strong></span> <span class='ocrx_word' id='word_1_752' title='bbox 1226 2543 1289 2567; x_wconf 86' lang='lat' dir='ltr'><strong>sunt</strong></span> <span class='ocrx_word' id='word_1_753' title='bbox 1300 2548 1409 2572; x_wconf 89' lang='lat' dir='ltr'><strong>aurum,</strong></span> <span class='ocrx_word' id='word_1_754' title='bbox 1422 2545 1449 2567; x_wconf 89' lang='lat' dir='ltr'><strong>ct</strong></span> <span class='ocrx_word' id='word_1_755' title='bbox 1463 2545 1616 2575; x_wconf 78' lang='lat' dir='ltr'><strong>argentum,</strong></span> <span class='ocrx_word' id='word_1_756' title='bbox 1628 2544 1655 2568; x_wconf 87' lang='lat' dir='ltr'><strong>et</strong></span> <span class='ocrx_word' id='word_1_757' title='bbox 1671 2549 1744 2573; x_wconf 87' lang='lat' dir='ltr'><strong>cera,</strong></span> 
     </span>
    </p>
   </div>
   <div class='ocr_carea' id='block_1_113' title="bbox 957 2586 1748 2620">
    <p class='ocr_par' dir='ltr' id='par_1_113' title="bbox 957 2586 1748 2620">
     <span class='ocr_line' id='line_1_113' title="bbox 957 2586 1748 2620; baseline 0.001 -8"><span class='ocrx_word' id='word_1_758' title='bbox 957 2591 985 2613; x_wconf 84' lang='lat' dir='ltr'><strong>et</strong></span> <span class='ocrx_word' id='word_1_759' title='bbox 999 2586 1063 2620; x_wconf 67' lang='lat' dir='ltr'><strong>plY;</strong></span> <span class='ocrx_word' id='word_1_760' title='bbox 1082 2586 1124 2612; x_wconf 87' lang='lat' dir='ltr'><strong>vel</strong></span> <span class='ocrx_word' id='word_1_761' title='bbox 1138 2586 1330 2620; x_wconf 82' lang='lat' dir='ltr'><strong>congruentia,</strong></span> <span class='ocrx_word' id='word_1_762' title='bbox 1345 2590 1372 2612; x_wconf 94' lang='lat' dir='ltr'><strong>ul</strong></span> <span class='ocrx_word' id='word_1_763' title='bbox 1390 2586 1416 2612; x_wconf 91' lang='lat' dir='ltr'><strong>in</strong></span> <span class='ocrx_word' id='word_1_764' title='bbox 1427 2586 1584 2619; x_wconf 88' lang='lat' dir='ltr'><strong>lapidibus;</strong></span> <span class='ocrx_word' id='word_1_765' title='bbox 1604 2587 1645 2613; x_wconf 82' lang='lat' dir='ltr'><strong>vel</strong></span> <span class='ocrx_word' id='word_1_766' title='bbox 1661 2594 1748 2620; x_wconf 82' lang='lat' dir='ltr'><strong>appo-</strong></span> 
     </span>
    </p>
   </div>
   <div class='ocr_carea' id='block_1_114' title="bbox 955 2631 1746 2666">
    <p class='ocr_par' dir='ltr' id='par_1_114' title="bbox 955 2631 1746 2666">
     <span class='ocr_line' id='line_1_114' title="bbox 955 2631 1746 2666; baseline 0 -8"><span class='ocrx_word' id='word_1_767' title='bbox 955 2631 1067 2663; x_wconf 89' lang='lat' dir='ltr'><strong>sitione,</strong></span> <span class='ocrx_word' id='word_1_768' title='bbox 1084 2632 1154 2658; x_wconf 88' lang='lat' dir='ltr'><strong>utin</strong></span> <span class='ocrx_word' id='word_1_769' title='bbox 1170 2631 1291 2664; x_wconf 89' lang='lat' dir='ltr'><strong>tabulis;</strong></span> <span class='ocrx_word' id='word_1_770' title='bbox 1309 2632 1350 2658; x_wconf 87' lang='lat' dir='ltr'><strong>vel</strong></span> <span class='ocrx_word' id='word_1_771' title='bbox 1365 2631 1570 2666; x_wconf 85' lang='lat' dir='ltr'><strong>conjunctione,</strong></span> <span class='ocrx_word' id='word_1_772' title='bbox 1591 2638 1619 2658; x_wconf 91' lang='lat' dir='ltr'><strong>ut</strong></span> <span class='ocrx_word' id='word_1_773' title='bbox 1635 2632 1661 2658; x_wconf 93' lang='lat' dir='ltr'><strong>in</strong></span> <span class='ocrx_word' id='word_1_774' title='bbox 1674 2633 1746 2658; x_wconf 55' lang='lat' dir='ltr'><strong>tam»</strong></span> 
     </span>
    </p>
   </div>
   <div class='ocr_carea' id='block_1_115' title="bbox 955 2676 1743 2713">
    <p class='ocr_par' dir='ltr' id='par_1_115' title="bbox 955 2676 1743 2713">
     <span class='ocr_line' id='line_1_115' title="bbox 955 2676 1743 2713; baseline 0.003 -11"><span class='ocrx_word' id='word_1_775' title='bbox 955 2677 1036 2712; x_wconf 85' lang='lat' dir='ltr'><strong>pade,</strong></span> <span class='ocrx_word' id='word_1_776' title='bbox 1054 2685 1115 2711; x_wconf 72' lang='lat' dir='ltr'><strong>qum</strong></span> <span class='ocrx_word' id='word_1_777' title='bbox 1126 2685 1159 2703; x_wconf 80' lang='lat' dir='ltr'><strong>ex</strong></span> <span class='ocrx_word' id='word_1_778' title='bbox 1177 2677 1239 2712; x_wconf 88' lang='lat' dir='ltr'><strong>igne</strong></span> <span class='ocrx_word' id='word_1_779' title='bbox 1254 2676 1449 2711; x_wconf 80' lang='lat' dir='ltr'><strong>proficiscitur,</strong></span> <span class='ocrx_word' id='word_1_780' title='bbox 1463 2681 1491 2703; x_wconf 89' lang='lat' dir='ltr'><strong>et</strong></span> <span class='ocrx_word' id='word_1_781' title='bbox 1503 2685 1612 2704; x_wconf 87' lang='lat' dir='ltr'><strong>rursum</strong></span> <span class='ocrx_word' id='word_1_782' title='bbox 1629 2678 1743 2713; x_wconf 89' lang='lat' dir='ltr'><strong>conjun-</strong></span> 
     </span>
    </p>
   </div>
   <div class='ocr_carea' id='block_1_116' title="bbox 954 2721 1773 2755">
    <p class='ocr_par' dir='ltr' id='par_1_116' title="bbox 954 2721 1773 2755">
     <span class='ocr_line' id='line_1_116' title="bbox 954 2721 1773 2755; baseline 0.002 -7"><span class='ocrx_word' id='word_1_783' title='bbox 954 2723 1025 2753; x_wconf 70' lang='lat' dir='ltr'><strong>uitur</strong></span> <span class='ocrx_word' id='word_1_784' title='bbox 1040 2731 1047 2755; x_wconf 82' lang='lat'>;</span> <span class='ocrx_word' id='word_1_785' title='bbox 1065 2723 1106 2750; x_wconf 75' lang='lat' dir='ltr'><strong>\‘cl</strong></span> <span class='ocrx_word' id='word_1_786' title='bbox 1119 2722 1252 2753; x_wconf 82' lang='lat' dir='ltr'><strong>essentia,</strong></span> <span class='ocrx_word' id='word_1_787' title='bbox 1280 2727 1308 2749; x_wconf 91' lang='lat' dir='ltr'><strong>ut</strong></span> <span class='ocrx_word' id='word_1_788' title='bbox 1321 2722 1348 2748; x_wconf 89' lang='lat' dir='ltr'><strong>itt</strong></span> <span class='ocrx_word' id='word_1_789' title='bbox 1384 2721 1547 2754; x_wconf 89' lang='lat' dir='ltr'><strong>individuis,</strong></span> <span class='ocrx_word' id='word_1_790' title='bbox 1562 2723 1657 2753; x_wconf 83' lang='lat' dir='ltr'><strong>quales</strong></span> <span class='ocrx_word' id='word_1_791' title='bbox 1676 2728 1742 2750; x_wconf 80' lang='lat' dir='ltr'><strong>sunt</strong></span> <span class='ocrx_word' id='word_1_792' title='bbox 1771 2751 1773 2755; x_wconf 57' lang='grc'>,</span> 
     </span>
    </p>
   </div>
   <div class='ocr_carea' id='block_1_117' title="bbox 953 2767 1748 2804">
    <p class='ocr_par' dir='ltr' id='par_1_117' title="bbox 953 2767 1748 2804">
     <span class='ocr_line' id='line_1_117' title="bbox 953 2767 1748 2804; baseline 0.005 -10"><span class='ocrx_word' id='word_1_793' title='bbox 953 2768 1050 2795; x_wconf 77' lang='lat' dir='ltr'><strong>Petrus</strong></span> <span class='ocrx_word' id='word_1_794' title='bbox 1073 2771 1100 2794; x_wconf 87' lang='lat' dir='ltr'><strong>et</strong></span> <span class='ocrx_word' id='word_1_795' title='bbox 1134 2768 1244 2800; x_wconf 82' lang='lat' dir='ltr'><strong>Paulus,</strong></span> <span class='ocrx_word' id='word_1_796' title='bbox 1266 2772 1312 2794; x_wconf 85' lang='lat' dir='ltr'><strong>aut</strong></span> <span class='ocrx_word' id='word_1_797' title='bbox 1344 2767 1426 2802; x_wconf 84' lang='lat' dir='ltr'><strong>aliqui</strong></span> <span class='ocrx_word' id='word_1_798' title='bbox 1440 2768 1480 2795; x_wconf 88' lang='lat' dir='ltr'><strong>vel</strong></span> <span class='ocrx_word' id='word_1_799' title='bbox 1492 2768 1554 2803; x_wconf 88' lang='lat' dir='ltr'><strong>equi</strong></span> <span class='ocrx_word' id='word_1_800' title='bbox 1578 2769 1620 2796; x_wconf 85' lang='lat' dir='ltr'><strong>vel</strong></span> <span class='ocrx_word' id='word_1_801' title='bbox 1643 2769 1748 2804; x_wconf 51' lang='lat' dir='ltr'><strong>boves,</strong></span> 
     </span>
    </p>
   </div>
  </div>
