1949 3073
196 127 268 159 ἰεὲὃ

829 125 976 157 NlCET/E
995 126 1094 155 CHUN
1101 126 1110 155 l
1117 126 1197 156 AT/E

1755 126 1841 158 1236

189 189 236 210 aut
263 185 316 211 alia
325 183 471 214 animalia;
492 183 534 210 vel
551 182 659 214 habitu,
676 186 706 209 ut
721 182 748 209 in
760 181 857 208 amicis
870 185 898 208 et
915 188 977 208 sen-
991 178 1081 211 Aest,
1098 179 1224 214 quamvis
1238 179 1385 214 aliquando
1398 179 1522 208 dicamus
1549 180 1636 208 Deum
1663 180 1836 213 hominem,

186 228 281 256 tentiis
296 230 322 256 in
350 237 431 256 unam
457 229 627 255 voluntatem
656 226 904 258 convenientibus;
930 225 973 252 vel

185 274 398 308 compositione,
413 277 444 300 ut
455 274 481 300 in
496 273 585 300 anitna
599 278 627 300 et
642 280 759 307 corpore
771 280 778 304 ;
790 272 832 299 vel
844 279 972 307 persona,

185 319 213 347 id
229 320 302 354 quod
314 320 348 347 de
363 320 420 347 sola
438 319 584 346 divinitate
598 323 626 346 et
654 318 824 346 humanitate
842 318 869 344 in
892 317 971 344 Chri-

185 372 229 393 sto
244 365 356 392 dicitur.
368 365 426 392 Hoc
435 369 527 392 autem
543 364 748 399 coniunctionis
763 370 850 397 genus
864 363 972 397 primus

186 410 298 438 tradidit
315 409 564 444 sanctusCyrillus,
577 417 638 436 eum
657 413 823 444 repugnaret
834 408 971 441 Nestorio,

184 458 231 491 qui
245 457 362 483 duarum
389 456 416 483 in
448 456 558 483 Christo
575 460 735 482 naturarum
769 455 972 489 copulationem

183 502 279 529 habitu
294 501 352 528 ticri
369 501 494 530 docebat.
511 501 692 529 Exsecrandaa
714 502 788 529 enitn
813 501 888 528 illius
904 501 973 528 resi-

184 553 261 574 stens
273 547 395 581 opinioni
414 547 636 582 coniunctionem
650 554 711 582 qua:
734 548 769 574 sit
786 555 834 582 per
845 547 973 582 hyposta-

183 591 237 622 sin,
252 593 309 620 sive
338 600 495 626 personam,
526 591 644 624 induxit,
670 600 724 627 qua
749 593 810 619 dua.-
825 593 971 620 natutaain

185 645 238 664 una
254 645 382 672 persona,
403 645 457 664 non
473 643 564 665 autem
578 637 605 664 in
617 637 734 670 duabus,
769 643 798 665 ut
815 638 895 673 nugis
916 638 974 666 suis

185 682 329 709 asserebat
353 682 507 713 Nestoritts,
540 683 716 718 copulantur.
746 683 852 710 Dicitur
878 689 972 711 autem

185 728 242 755 lta'c
254 732 282 754 et
306 728 449 763 οὺσιώδης,
478 728 531 756 hoc
550 733 593 756 est
621 729 776 756 essentialis
803 729 972 763 coniunctio,

183 772 257 806 quod
274 779 338 799 vera
356 772 404 805 sit,
420 780 473 799 non
495 777 587 800 autem
605 774 663 800 sola
687 774 816 808 opinione
843 774 971 808 ﬁngatur.

183 819 294 853 Alioqui
312 819 465 853 personalis
481 819 640 854 coniunctio
650 824 693 846 est
705 827 812 851 eorum,
849 828 910 855 quae
928 820 972 848 di-

184 871 270 891 versa:
286 868 349 891 sunt
364 865 502 896 essentite,
529 864 556 891 in
579 872 660 891 unam
690 873 834 899 personam
853 873 971 893 concur-

185 915 242 940 sus,
273 915 322 935 sua
338 909 439 943 cuique
468 909 511 935 vel
530 913 592 943 post
623 910 843 944 coniunctionetn
867 916 973 938 servata

182 956 363 988 proprietate.
379 954 445 987 Quae
456 954 567 989 quidem
585 955 742 990 eonittnctio
756 956 872 990 quadrat
889 956 972 983 etiam

182 1001 279 1027 animat
290 1003 318 1027 et
327 1001 433 1035 corpori
445 1001 471 1027 in
486 1009 568 1028 unam
578 1002 740 1029 coeuntibus
747 1010 891 1037 personam
905 1003 971 1038 (57),

184 1050 214 1073 ιιι
237 1046 422 1073 Damascenus
432 1047 555 1075 edocuit.

221 1092 264 1119 11,
302 1093 548 1128 llomoypostaton,
577 1102 625 1121 sett
653 1093 776 1129 ejusdem
789 1101 924 1128 personae.
943 1093 969 1121 id

183 1145 246 1164 esse
260 1137 373 1170 dicitur,
392 1138 465 1172 quod
479 1138 506 1166 in
529 1147 581 1166 ttna
599 1139 753 1172 eademque
766 1147 883 1174 persona
907 1147 970 1166 cutn

182 1183 247 1214 alio,
263 1191 277 1210 a
293 1191 349 1217 quo
365 1183 458 1210 diﬂ'ert
472 1185 602 1217 essentia,
616 1185 794 1220 coniungitur
807 1192 815 1211 :
828 1189 856 1210 ut
872 1184 898 1211 itt
914 1185 972 1211 atti-

183 1237 226 1256 tna
242 1237 353 1264 quoque
367 1230 396 1256 iit
410 1236 438 1258 et
455 1238 582 1265 corpore.
603 1230 738 1257 Omnibus
755 1230 867 1264 quidem
887 1230 972 1257 rebus

182 1276 324 1303 immistus
336 1281 379 1304 est
395 1277 469 1304 Deus
483 1285 533 1312 per
551 1277 714 1312 potentiam,
730 1281 855 1304 naturam
877 1276 971 1311 cuius-

181 1329 235 1355 que
249 1326 391 1357 regentem
405 1326 433 1350 et
449 1327 662 1350 conservantem
677 1331 684 1355 ;
703 1321 789 1350 Filius
816 1327 909 1349 autent
942 1325 971 1348 et

181 1367 254 1394 Deus
272 1376 334 1395 cum
350 1368 522 1395 humanitate
539 1373 680 1404 assumpta
692 1368 842 1396 mistusest
855 1376 903 1404 per
912 1376 971 1404 per-

181 1421 287 1441 SOﬂﬂnL

217 1461 261 1487 1’2.
279 1460 307 1488 Si
327 1464 466 1495 assumpta
481 1460 641 1489 humanitas
670 1466 713 1489 est
740 1461 821 1489 Verbi
848 1461 968 1495 propria,

184 1514 245 1540 qua:
261 1506 442 1534 humanitatis
470 1513 618 1543 assumpta:
647 1506 758 1542 propria
784 1510 859 1538 sunt,
887 1510 1005 1554 eruntC

182 1552 265 1579 etiam
280 1552 361 1580 Verbi
376 1553 498 1588 propria,
515 1554 580 1580 licet
591 1554 633 1580 eis
647 1553 768 1588 seipsum
799 1559 855 1580 non
882 1551 970 1588 subji-

183 1598 248 1630 ciat,
266 1599 313 1626 scd
341 1599 380 1625 illi
395 1599 581 1626 comtnunicet
595 1607 655 1633 qum
666 1607 715 1626 stta
745 1602 818 1630 sunt,
847 1598 972 1633 quamvis

184 1653 239 1672 non
252 1652 285 1671 eo
296 1645 389 1676 modo,
403 1652 458 1679 quo
471 1652 502 1671 ea
516 1652 530 1671 a
543 1652 573 1672 se
586 1644 774 1681 possidentur.
793 1644 869 1671 Hanc
880 1649 970 1671 autem

183 1696 287 1718 mutuae
302 1691 462 1718 tributionis
474 1691 609 1718 rationem
623 1698 765 1723 vocamus,
787 1698 840 1725 qua
868 1695 972 1717 natura:

184 1747 212 1765 se
231 1738 349 1765 vicissim
365 1738 489 1772 capiunt,
502 1742 604 1772 etquae
630 1736 740 1771 utriqtte
768 1737 880 1771 propria
909 1739 973 1763 suttt

184 1783 237 1810 sibi
254 1787 352 1810 ntutuo
365 1783 502 1810 tribuunt.
516 1783 550 1809 At
573 1781 681 1809 tametsi
707 1782 826 1810 vicissim
851 1789 882 1809 ac
912 1789 972 1808 tnu-

186 1836 232 1856 ltl0
245 1830 292 1857 has
305 1830 375 1856 inter
395 1837 424 1856 sc
440 1836 595 1856 commeare
608 1828 735 1861 dicimus,
751 1828 802 1855 hoc
832 1833 923 1855 tamen
939 1835 973 1855 ex

184 1876 275 1903 divina
291 1875 402 1910 proprie
415 1880 511 1902 natura
523 1875 633 1909 pendet,
644 1882 704 1909 qua:
716 1881 766 1908 per
777 1875 868 1901 omnia
883 1878 973 1901 trans-

184 1922 214 1950 it.
231 1927 259 1949 et
275 1925 420 1953 commeat,
440 1925 469 1949 et
484 1924 612 1956 penetrat
637 1920 684 1948 ubi
707 1920 784 1954 vult;
820 1928 870 1955 per
899 1919 972 1947 illam

185 1973 276 1995 autem
294 1969 372 1996 nihil.

222 2015 263 2042 l3.
280 2014 342 2042 llrec
357 2020 451 2042 mutua
478 2014 592 2042 tributio
610 2015 661 2043 tria
673 2014 807 2049 imprimis
826 2013 972 2048 signiﬁcat.

184 2061 252 2088 Nam
269 2061 310 2088 vel
328 2061 355 2088 in
374 2061 536 2089 nominibus
552 2061 797 2093 consideratur,ut
809 2067 870 2087 cum
886 2060 975 2087 homi-

184 2114 248 2134 nem
264 2107 383 2134 dicimus
398 2107 494 2139 Deum,
512 2111 539 2134 et
568 2107 653 2134 Deum
683 2106 846 2133 hominem:
874 2105 917 2132 vel
945 2105 973 2132 in

143 2151 147 2155 ’
186 2154 280 2185 rebus,
302 2158 329 2181 et
345 2153 403 2181 hate
416 2158 458 2180 est
470 2153 581 2188 duplex.
597 2154 651 2180 Aut
669 2152 742 2180 enim
755 2152 869 2187 aequalis
891 2156 932 2179 est
946 2155 975 2178 et

185 2199 337 2232 diSsimilis,
356 2203 386 2225 ut
401 2200 428 2225 in
446 2199 501 2225 Deo
515 2198 626 2224 ltotnitte
658 2196 742 2227 facto,
757 2201 784 2224 et
814 2196 840 2223 itt
861 2196 972 2223 homine
989 2200 1011 2229 [)

186 2245 258 2271 facto
283 2245 348 2271 Deo.
379 2245 455 2271 Licet
469 2244 542 2271 enitn
573 2248 680 2270 tantum
710 2247 869 2278 assumptus
891 2243 973 2270 homo

186 2290 274 2317 tactus
285 2291 320 2317 sit
336 2290 418 2322 Deus,
431 2295 564 2324 quantum
583 2290 660 2316 Deus
672 2289 812 2316 hominem
831 2296 974 2316 assumens

186 2336 274 2362 factus
302 2340 343 2362 est
366 2335 448 2362 homo
475 2337 534 2370 (per
559 2343 660 2369 corpus
691 2335 764 2362 enitn
797 2338 825 2361 et
855 2335 972 2361 animam

187 2385 214 2408 ct
231 2386 362 2412 tuentem,
398 2385 545 2415 utrumque
579 2380 679 2407 factum
693 2379 758 2414 est),
774 2387 827 2406 non
845 2380 974 2406 similiter

186 2432 289 2454 tamen.
309 2427 380 2454 Deus
396 2427 470 2453 enim
487 2434 535 2461 per
560 2431 684 2453 naturam
703 2426 791 2453 iactus
815 2429 857 2453 est
872 2425 970 2457 homo;

186 2473 270 2500 homo
285 2476 332 2499 attt
350 2481 374 2499 tn
391 2479 440 2507 per
452 2473 565 2507 gratiam
578 2472 665 2498 factus
679 2477 720 2500 est
755 2472 836 2500 Deus.
861 2473 915 2499 Aut
938 2472 974 2498 si-

188 2521 262 2547 milis
278 2525 304 2547 ct
326 2519 479 2554 inatqttalis,
492 2520 556 2547 utin
573 2520 664 2547 anitna
678 2528 692 2547 a
705 2520 760 2546 Deo
777 2519 883 2546 homini
899 2519 972 2551 data,

188 2571 218 2592 ut
240 2566 266 2592 in
279 2574 360 2593 carne
373 2568 406 2594 ab
419 2566 528 2593 homine
542 2566 597 2593 Deo
610 2571 637 2593 et
651 2566 740 2593 Verbo
754 2565 866 2592 tributa.
885 2564 974 2599 Imago

187 2611 260 2638 enitn
276 2612 391 2643 Dtiest,
406 2616 433 2639 et
463 2612 552 2647 quoad
582 2611 640 2638 ﬁeri
668 2615 759 2646 potest
791 2611 847 2638 Deo
877 2610 975 2637 similis

187 2656 295 2688 anima;
309 2657 529 2691 aequalisautem
543 2658 618 2685 nullo
637 2657 730 2685 modo.
742 2658 776 2684 Et
787 2661 851 2684 tunc
866 2655 977 2690 quidem

188 2701 215 2728 id
231 2701 317 2734 dedit,
328 2704 400 2737 quod
416 2705 591 2738 praestantius
605 2709 674 2737 erat,
692 2707 855 2740 postautem
866 2702 891 2728 id
905 2701 977 2736 quod

189 2748 312 2775 deterius
331 2754 402 2782 erat,
426 2750 542 2785 accepit.
571 2751 672 2778 Verum
697 2747 974 2777 animadvertendum

991 852 1010 879 Β

226 2837 280 2872 (5'1)
299 2838 423 2866 Danuasc.
437 2838 650 2873 ὁμοῦπόστατον.

1026 226 1326 260 aliquando‘hominem
1351 226 1630 258 Deum,divinitatem
1649 231 1743 254 tamen
1775 227 1837 255 bo-

1026 273 1140 305 minem,
1154 278 1201 300 aut
1216 273 1416 300 humanitatem
1432 274 1519 300 Deum
1538 280 1588 300 nos
1604 282 1750 309 nunquam
1786 275 1838 301 di-

1025 326 1098 346 cere.

1064 366 1106 392 l4.
1130 364 1187 392 Etsi
1220 365 1326 392 nullum
1355 369 1446 400 potest
1471 366 1627 400 exemplum
1654 365 1834 400 excogitari.

1024 411 1097 447 quod
1119 411 1198 446 plane
1219 419 1275 438 rem
1286 411 1452 446 propositam
1464 412 1601 446 exprimat
1612 431 1620 443 ,
1635 419 1685 440 nos
1727 417 1831 439 tatnen

1025 456 1128 491 aliquid
1150 456 1249 483 aﬂerre
1274 456 1449 488 conabimur.
1478 457 1551 491 quod
1577 457 1691 491 quidem
1730 458 1755 484 si
1787 458 1831 484 rei

1027 501 1210 537 magnitudini
1236 501 1328 529 minus
1360 502 1549 536 respondebit,
1571 503 1696 536 apposite
1727 505 1832 528 tamen

1025 553 1164 581 utcunque
1181 547 1325 574 veritatem
1341 547 1526 574 adumbrabit.
1539 547 1784 580 Quemadmodum
1803 547 1830 574 si

1025 598 1100 620 totus
1113 586 1275 621 exardescat
1306 601 1363 625 aer,
1385 594 1426 620 vel
1456 593 1549 628 potius
1571 594 1608 620 sit
1633 597 1706 620 totus
1736 593 1829 627 ignis,

1024 639 1153 674 exiguum
1168 644 1258 666 autem
1275 639 1341 666 ferri
1354 638 1502 666 frustulum
1512 639 1539 665 in
1550 639 1627 665 illum
1639 639 1826 671 coniiciatur,

1024 692 1135 711 necesse
1151 684 1260 718 quidem
1277 685 1330 712 erit
1361 684 1428 711 illud
1446 683 1486 711 sic
1505 683 1589 721 allici,
1616 684 1726 711 utnihil
1742 683 1827 710 aliud

1024 736 1106 763 quam
1123 730 1192 764 ignis
1207 736 1266 756 esse
1279 729 1414 760 videatur,
1427 733 1546 755 attamen
1560 728 1597 755 illi
1608 729 1736 755 essentia:
1747 729 1827 755 ratio

1024 774 1209 808 permanebit.
1229 775 1330 801 Eodem
1347 774 1429 801 modo
1445 778 1545 800 natura
1570 774 1689 800 humana
1717 773 1827 800 divina:

1025 820 1182 854 coniuncta,
1200 820 1240 848 sic
1254 821 1287 848 ab
1304 821 1348 847 illa
1359 821 1558 854 comprehensa
1571 824 1613 847 est
1626 825 1655 847 ct
1671 825 1787 854 superat
1800 830 1821 851 ι,

1027 870 1056 892 ut
1077 873 1130 893 non
1148 866 1266 900 amplius
1285 871 1384 893 natura
1407 866 1528 893 hominis
1542 873 1603 893 esse
1623 865 1762 892 videatur.
1787 864 1825 891 Et.

1025 911 1076 937 hac
1093 911 1127 938 de
1147 919 1228 939 causa
1249 912 1343 940 Patres
1356 911 1442 938 nostri
1459 911 1532 946 quod
1546 917 1694 945 exsuperat
1706 914 1734 938 et
1771 910 1826 937 do-

1026 958 1158 990 minatur,
1173 958 1200 984 id
1219 959 1370 990 intuentes,
1387 958 1459 985 illam
1473 959 1559 985 D‘eum
1574 965 1636 985 esse
1660 957 1761 985 factam
1777 957 1823 984 di-

1024 1007 1133 1041 serunt,
1149 1002 1266 1037 ideoque
1279 1007 1391 1038 propter
1421 1011 1503 1030 unam
1534 1003 1633 1030 horum
1652 1010 1822 1037 personam.

1024 1049 1284 1076 ctindissolubilem
1317 1049 1552 1082 coniunctionem,
1570 1056 1656 1075 unum
1689 1049 1754 1075 item
1774 1049 1821 1076 bis

1025 1094 1196 1121 adorationis
1209 1094 1311 1121 cultum
1322 1094 1427 1121 deberi.

1056 1139 1101 1167 45.
1115 1139 1297 1166 Prrsonarutn
1322 1139 1433 1173 quidem
1472 1139 1498 1166 in
1513 1139 1623 1166 Christo
1646 1137 1824 1166 diﬂ'erentias

1021 1192 1076 1212 non
1107 1185 1287 1217 admittimus,
1303 1193 1336 1213 ne
1349 1189 1474 1220 quartam
1497 1192 1640 1219 personam
1672 1184 1699 1211 in
1719 1189 1820 1211 sancta

1021 1231 1155 1258 Trinitate
1172 1231 1376 1266 eontingamus.
1388 1231 1553 1258 Naturarunt
1571 1235 1662 1257 autem
1680 1229 1817 1256 diﬂ‘eren-

1021 1277 1074 1304 tias
1090 1277 1275 1311 agnoscimus.
1290 1285 1324 1304 ne
1343 1284 1455 1303 carnem
1469 1276 1591 1310 eiusdem
1612 1283 1661 1310 per
1686 1281 1818 1303 naturam

1020 1323 1144 1350 essentia:
1159 1330 1220 1349 cum
1237 1321 1346 1349 Christo
1359 1321 1505 1348 credamus
1514 1328 1575 1348 esse
1591 1321 1659 1354 (57).

1057 1369 1100 1396 16.
1117 1367 1318 1403 Coniunctione
1331 1367 1449 1394 duarum
1465 1371 1627 1393 naturarutn
1643 1367 1670 1392 in
1699 1364 1813 1392 Christo

1020 1415 1090 1442 facta
1102 1415 1156 1450 iam
1177 1422 1231 1441 non
1246 1413 1355 1445 divisio,
1376 1413 1422 1440 sed
1439 1412 1594 1440 (litl'creutia
1624 1410 1740 1439 dicenda
1754 1414 1810 1437 est.

1020 1461 1180 1488 Ditl‘erentia
1200 1461 1273 1487 enim
1297 1460 1366 1487 ratio
1383 1463 1426 1487 est
1446 1467 1495 1493 per
1510 1466 1590 1493 quam
1607 1465 1699 1485 rerum
1725 1457 1818 1492 subie-

1021 1512 1129 1534 ctarum
1155 1506 1208 1533 alia
1232 1506 1326 1533 diﬂ'ert
1354 1505 1387 1532 ab
1413 1505 1476 1532 alia.
1502 1504 1642 1532 Divisione
1671 1511 1740 1531 vero
1767 1510 1812 1530 res

1023 1555 1124 1582 easdem
1141 1561 1254 1589 prorsus
1269 1558 1296 1580 et
1312 1553 1338 1580 itt
1354 1553 1513 1580 universum
1546 1559 1561 1579 a
1587 1559 1617 1578 se
1647 1550 1814 1586 disiungun-

1024 1606 1078 1628 tur.

1061 1647 1104 1673 t7.
1119 1646 1236 1673 Verbum
1248 1650 1276 1673 et
1290 1646 1363 1672 Deus
1375 1650 1422 1672 aut
1435 1645 1592 1672 universttm
1607 1647 1654 1670 aut
1683 1641 1809 1676 Singula-

1024 1700 1080 1719 rem
1097 1692 1246 1726 assumpsit
1259 1691 1413 1718 hominem.
1429 1691 1455 1718 Si
1473 1690 1643 1720 uttiversutn,
1660 1688 1750 1715 oculis
1760 1694 1813 1714 non

1024 1743 1196 1765 cerneretur.
1210 1737 1311 1764 Natura
1328 1736 1400 1763 enitn
1414 1736 1541 1763 universa
1565 1743 1619 1761 non
1636 1738 1678 1761 est
1705 1732 1814 1766 conspi-

1024 1792 1085 1812 cua.
1100 1784 1233 1811 Praeterea
1251 1783 1350 1810 multas
1369 1782 1483 1810 haberet
1505 1788 1638 1816 personas
1656 1779 1768 1814 :plures
1783 1786 1813 1806 e-

1024 1830 1080 1857 nim
1098 1837 1185 1865 genus
1201 1829 1361 1867 universum
1380 1828 1586 1863 complectitur.
1610 1826 1666 1853 Nec
1691 1825 1811 1860 eiusdent

1024 1877 1104 1905 nobis
1122 1880 1196 1903 esset
1209 1874 1383 1907 substantitc,
1406 1882 1456 1901 nos
1465 1873 1537 1900 enim
1552 1879 1647 1899 sumtts
1661 1870 1811 1901 individua,

1024 1927 1052 1950 et
1079 1923 1164 1949 tnulta
1195 1920 1332 1956 eiusmodi
1351 1918 1523 1947 incommoda
1542 1921 1735 1952 sequerentur.
1764 1914 1810 1942 Sin

1024 1968 1162 1995 hominem
1179 1966 1327 2001 assumpsit
1347 1965 1524 2000 singularem.
1536 1963 1605 1990 duas
1623 1960 1810 1997 deprehende-

1025 2019 1070 2041 tur
1088 2013 1188 2041 habere
1203 2020 1345 2048 personas.
1363 2012 1508 2046 Reliquum
1524 2009 1608 2044 igitur
1631 2013 1684 2039 est,
1703 2013 1734 2034 ut
1746 2014 1810 2034 neu-

1026 2064 1099 2087 trutn
1114 2057 1305 2092 assumpserit.
1319 2057 1365 2084 sed
1379 2055 1537 2091 singularis,
1554 2055 1661 2088 hocest
1676 2051 1809 2079 individui

1025 2110 1148 2132 naturam
1167 2102 1296 2134 hominis,
1317 2102 1396 2137 cuius
1408 2101 1467 2135 ipse
1480 2107 1598 2135 persona
1614 2099 1678 2125 fuit.
1709 2097 1805 2131 Singu-

1025 2150 1091 2178 laris
1107 2154 1199 2177 autetn
1215 2147 1335 2175 ltominis
1350 2151 1450 2173 natura
1466 2144 1622 2172 communis
1634 2143 1744 2178 quidem
1758 2146 1808 2173 est,

1025 2196 1110 2224 seditt
1124 2193 1277 2222 individuo.
1296 2193 1468 2227 Singularem
1490 2198 1555 2218 vero
1571 2190 1689 2217 dicimus
1722 2187 1808 2214 homi-

1024 2249 1099 2271 nem.
1117 2246 1144 2268 ut
1159 2239 1331 2267 individuum
1347 2237 1459 2272 speciei,
1489 2245 1544 2263 nun
1570 2235 1688 2262 animam
1714 2234 1806 2264 solam,

1025 2294 1072 2316 aut
1086 2295 1186 2321 corpus
1203 2285 1304 2317 solum,
1338 2284 1386 2311 sed
1407 2282 1481 2319 quod
1510 2291 1544 2310 ex
1559 2287 1677 2315 utroque
1701 2279 1807 2307 contici-

1027 2340 1082 2361 tur.

1063 2378 1106 2406 18.
1125 2378 1190 2411 Qum
1206 2377 1233 2404 in
1249 2371 1346 2403 natura
1377 2374 1498 2401 humana
1523 2376 1588 2399 sunt
1601 2379 1615 2397 a
1637 2369 1704 2396 vitio
1721 2375 1806 2402 repre-

1027 2426 1218 2458 hensioneque
1253 2422 1353 2454 aliena,
1384 2428 1415 2447 ea
1437 2418 1564 2454 Chris_tus
1601 2416 1702 2451 partim
1729 2421 1804 2448 supra

1028 2471 1156 2500 homines
1167 2468 1282 2504 accepit,
1296 2467 1395 2503 partim
1412 2470 1441 2492 ut
1454 2464 1592 2495 homines.
1624 2462 1723 2497 partim
1736 2460 1805 2495 abie-

1029 2519 1102 2546 ctius
1128 2524 1209 2551 quam
1236 2515 1371 2541 homines.
1390 2512 1479 2548 Supra
1508 2509 1633 2537 homines
1660 2507 1721 2540 fuit,
1740 2505 1805 2541 quod

1030 2563 1088 2591 sine
1100 2562 1206 2590 semine
1222 2564 1372 2594 conceptus
1381 2563 1433 2590 est,
1447 2556 1520 2592 quod
1534 2564 1567 2583 ex
1582 2554 1693 2589 Virgine
1722 2556 1805 2591 natus,

1027 2615 1055 2637 et
1083 2613 1182 2636 caatera
1204 2607 1301 2634 ltorttm
1326 2604 1439 2632 similia.
1474 2602 1620 2630 llominum
1649 2606 1727 2626 more
1750 2597 1806 2630 iuit,

1028 2655 1102 2690 quod
1118 2654 1218 2681 divinae
1239 2651 1389 2680 Genitricis
1403 2655 1513 2677 uterum
1529 2647 1684 2676 infantulus
1699 2644 1806 2690 tumefef

1027 2689 1074 2734 cit,
1091 2699 1164 2735 quod
1181 2706 1278 2726 novetn
1295 2697 1427 2724 mentium
1443 2695 1531 2730 spatio
1552 2697 1634 2721 natus
1664 2695 1716 2724 est,
1740 2689 1803 2725 quod

1027 2746 1116 2774 hausit
1134 2746 1186 2778 lac,
1203 2744 1274 2780 quod
1292 2742 1420 2778 ploravit,
1443 2746 1472 2768 et
1487 2740 1513 2768 id
1542 2746 1628 2768 uenus
1643 2738 1706 2765 alia.
1733 2736 1805 2771 Abie—

1064 2835 1119 2870 (58)
1136 2835 1207 2863 inira
1226 2838 1323 2862 contra
1344 2833 1422 2860 Joatt.
1439 2830 1634 2866 Philoponum.
