  <div class='ocr_page' id='page_1' title='image "/cluster/home/n/w/nwhite01/storage/ocr_20150623/139/njp.32101077773131/636.png"; bbox 0 0 1949 3073; ppageno 0'>
   <div class='ocr_carea' id='block_1_1' title="bbox 117 170 187 203">
    <p class='ocr_par' dir='ltr' id='par_1_1' title="bbox 117 170 187 203">
     <span class='ocr_line' id='line_1_1' title="bbox 117 170 187 203; baseline -0.029 0"><span class='ocrx_word' id='word_1_1' title='bbox 117 170 187 203; x_wconf 63' lang='grc' dir='ltr'><strong>ῙΞῚῚ</strong></span> 
     </span>
    </p>
   </div>
   <div class='ocr_carea' id='block_1_2' title="bbox 745 156 1120 202">
    <p class='ocr_par' dir='ltr' id='par_1_2' title="bbox 745 156 1120 202">
     <span class='ocr_line' id='line_1_2' title="bbox 745 156 1120 202; baseline 0.003 -3"><span class='ocrx_word' id='word_1_2' title='bbox 745 168 942 199; x_wconf 82' lang='lat' dir='ltr'><strong>THESAURI</strong></span> <span class='ocrx_word' id='word_1_3' title='bbox 962 156 1038 202; x_wconf 69' lang='lat' dir='ltr'><strong>Lib.</strong></span> <span class='ocrx_word' id='word_1_4' title='bbox 1060 170 1120 201; x_wconf 88' lang='lat' dir='ltr'><strong>III.</strong></span> 
     </span>
    </p>
   </div>
   <div class='ocr_carea' id='block_1_3' title="bbox 1667 172 1735 205">
    <p class='ocr_par' dir='ltr' id='par_1_3' title="bbox 1667 172 1735 205">
     <span class='ocr_line' id='line_1_3' title="bbox 1667 172 1735 205; baseline 0.015 -1"><span class='ocrx_word' id='word_1_5' title='bbox 1667 172 1735 205; x_wconf 65' lang='lat'><strong>12.38</strong></span> 
     </span>
    </p>
   </div>
   <div class='ocr_carea' id='block_1_4' title="bbox 115 222 1735 260">
    <p class='ocr_par' dir='ltr' id='par_1_4' title="bbox 115 222 1735 260">
     <span class='ocr_line' id='line_1_4' title="bbox 115 222 1735 260; baseline 0.001 -6"><span class='ocrx_word' id='word_1_6' title='bbox 115 227 188 254; x_wconf 86' lang='lat' dir='ltr'><strong>etins</strong></span> <span class='ocrx_word' id='word_1_7' title='bbox 200 229 227 254; x_wconf 88' lang='lat' dir='ltr'><strong>et</strong></span> <span class='ocrx_word' id='word_1_8' title='bbox 242 224 476 259; x_wconf 86' lang='lat' dir='ltr'><strong>humilius,quam</strong></span> <span class='ocrx_word' id='word_1_9' title='bbox 490 231 538 259; x_wconf 92' lang='lat' dir='ltr'><strong>pro</strong></span> <span class='ocrx_word' id='word_1_10' title='bbox 547 222 689 250; x_wconf 84' lang='lat' dir='ltr'><strong>hominum</strong></span> <span class='ocrx_word' id='word_1_11' title='bbox 702 222 901 250; x_wconf 76' lang='lat' dir='ltr'><strong>consuetudine</strong></span> <span class='ocrx_word' id='word_1_12' title='bbox 915 222 942 252; x_wconf 78' lang='grc' dir='ltr'><strong>Α</strong></span> <span class='ocrx_word' id='word_1_13' title='bbox 989 224 1015 251; x_wconf 86' lang='grc'><strong>6.</strong></span> <span class='ocrx_word' id='word_1_14' title='bbox 1031 224 1113 251; x_wconf 83' lang='lat' dir='ltr'><strong>Arius</strong></span> <span class='ocrx_word' id='word_1_15' title='bbox 1129 228 1157 251; x_wconf 89' lang='lat' dir='ltr'><strong>et</strong></span> <span class='ocrx_word' id='word_1_16' title='bbox 1171 223 1321 252; x_wconf 84' lang='lat' dir='ltr'><strong>Eunomius</strong></span> <span class='ocrx_word' id='word_1_17' title='bbox 1336 223 1370 252; x_wconf 84' lang='lat' dir='ltr'><strong>ab</strong></span> <span class='ocrx_word' id='word_1_18' title='bbox 1387 224 1433 251; x_wconf 90' lang='lat' dir='ltr'><strong>illo</strong></span> <span class='ocrx_word' id='word_1_19' title='bbox 1463 224 1550 252; x_wconf 87' lang='lat' dir='ltr'><strong>solum</strong></span> <span class='ocrx_word' id='word_1_20' title='bbox 1577 233 1676 260; x_wconf 87' lang='lat' dir='ltr'><strong>corpus</strong></span> <span class='ocrx_word' id='word_1_21' title='bbox 1691 235 1735 256; x_wconf 81' lang='lat' dir='ltr'><strong>as-</strong></span> 
     </span>
    </p>
   </div>
   <div class='ocr_carea' id='block_1_5' title="bbox 115 269 903 306">
    <p class='ocr_par' dir='ltr' id='par_1_5' title="bbox 115 269 903 306">
     <span class='ocr_line' id='line_1_5' title="bbox 115 269 903 306; baseline -0.005 -7"><span class='ocrx_word' id='word_1_22' title='bbox 115 272 179 303; x_wconf 90' lang='lat' dir='ltr'><strong>fuit,</strong></span> <span class='ocrx_word' id='word_1_23' title='bbox 199 270 272 306; x_wconf 88' lang='lat' dir='ltr'><strong>quod</strong></span> <span class='ocrx_word' id='word_1_24' title='bbox 285 271 344 306; x_wconf 83' lang='lat' dir='ltr'><strong>ejus</strong></span> <span class='ocrx_word' id='word_1_25' title='bbox 357 270 463 304; x_wconf 88' lang='lat' dir='ltr'><strong>species</strong></span> <span class='ocrx_word' id='word_1_26' title='bbox 479 270 506 296; x_wconf 91' lang='lat' dir='ltr'><strong>in</strong></span> <span class='ocrx_word' id='word_1_27' title='bbox 521 277 604 297; x_wconf 84' lang='lat' dir='ltr'><strong>cruce</strong></span> <span class='ocrx_word' id='word_1_28' title='bbox 616 269 704 304; x_wconf 84' lang='lat' dir='ltr'><strong>turpis</strong></span> <span class='ocrx_word' id='word_1_29' title='bbox 721 269 858 303; x_wconf 80' lang='lat' dir='ltr'><strong>apparuit,</strong></span> <span class='ocrx_word' id='word_1_30' title='bbox 874 272 903 296; x_wconf 86' lang='lat' dir='ltr'><strong>et</strong></span> 
     </span>
    </p>
   </div>
   <div class='ocr_carea' id='block_1_6' title="bbox 115 315 902 352">
    <p class='ocr_par' dir='ltr' id='par_1_6' title="bbox 115 315 902 352">
     <span class='ocr_line' id='line_1_6' title="bbox 115 315 902 352; baseline -0.004 -7"><span class='ocrx_word' id='word_1_31' title='bbox 115 325 178 345; x_wconf 90' lang='lat' dir='ltr'><strong>cum</strong></span> <span class='ocrx_word' id='word_1_32' title='bbox 203 316 350 352; x_wconf 77' lang='lat' dir='ltr'><strong>ignominia</strong></span> <span class='ocrx_word' id='word_1_33' title='bbox 366 336 373 349; x_wconf 88' lang='lat'><strong>,</strong></span> <span class='ocrx_word' id='word_1_34' title='bbox 385 320 415 344; x_wconf 83' lang='lat' dir='ltr'><strong>et</strong></span> <span class='ocrx_word' id='word_1_35' title='bbox 443 316 587 347; x_wconf 87' lang='lat' dir='ltr'><strong>deficiens,</strong></span> <span class='ocrx_word' id='word_1_36' title='bbox 600 315 690 350; x_wconf 85' lang='lat' dir='ltr'><strong>inquit</strong></span> <span class='ocrx_word' id='word_1_37' title='bbox 705 315 806 352; x_wconf 31' lang='lat' dir='ltr'><strong>‘lsaias,</strong></span> <span class='ocrx_word' id='word_1_38' title='bbox 820 323 902 350; x_wconf 85' lang='lat' dir='ltr'><strong>supra</strong></span> 
     </span>
    </p>
   </div>
   <div class='ocr_carea' id='block_1_7' title="bbox 117 361 902 398">
    <p class='ocr_par' dir='ltr' id='par_1_7' title="bbox 117 361 902 398">
     <span class='ocr_line' id='line_1_7' title="bbox 117 361 902 398; baseline -0.004 -7"><span class='ocrx_word' id='word_1_39' title='bbox 117 365 190 391; x_wconf 80' lang='lat' dir='ltr'><strong>tilios</strong></span> <span class='ocrx_word' id='word_1_40' title='bbox 205 363 357 394; x_wconf 82' lang='lat' dir='ltr'><strong>hominum,</strong></span> <span class='ocrx_word' id='word_1_41' title='bbox 373 363 502 398; x_wconf 82' lang='lat' dir='ltr'><strong>quodque</strong></span> <span class='ocrx_word' id='word_1_42' title='bbox 525 363 602 398; x_wconf 92' lang='lat' dir='ltr'><strong>prius</strong></span> <span class='ocrx_word' id='word_1_43' title='bbox 614 370 695 397; x_wconf 93' lang='lat' dir='ltr'><strong>quam</strong></span> <span class='ocrx_word' id='word_1_44' title='bbox 709 363 841 394; x_wconf 77' lang='lat' dir='ltr'><strong>latrones,</strong></span> <span class='ocrx_word' id='word_1_45' title='bbox 855 361 902 396; x_wconf 91' lang='lat' dir='ltr'><strong>qui</strong></span> 
     </span>
    </p>
   </div>
   <div class='ocr_carea' id='block_1_8' title="bbox 116 407 903 442">
    <p class='ocr_par' dir='ltr' id='par_1_8' title="bbox 116 407 903 442">
     <span class='ocr_line' id='line_1_8' title="bbox 116 407 903 442; baseline -0.004 -6"><span class='ocrx_word' id='word_1_46' title='bbox 116 409 197 436; x_wconf 87' lang='lat' dir='ltr'><strong>simul</strong></span> <span class='ocrx_word' id='word_1_47' title='bbox 209 409 236 435; x_wconf 95' lang='lat' dir='ltr'><strong>in</strong></span> <span class='ocrx_word' id='word_1_48' title='bbox 252 416 361 436; x_wconf 86' lang='lat' dir='ltr'><strong>crucem</strong></span> <span class='ocrx_word' id='word_1_49' title='bbox 374 408 427 434; x_wconf 90' lang='lat' dir='ltr'><strong>acti</strong></span> <span class='ocrx_word' id='word_1_50' title='bbox 442 412 522 434; x_wconf 84' lang='lat' dir='ltr'><strong>erant</strong></span> <span class='ocrx_word' id='word_1_51' title='bbox 550 415 607 442; x_wconf 69' lang='lat' dir='ltr'><strong>prae</strong></span> <span class='ocrx_word' id='word_1_52' title='bbox 633 408 775 435; x_wconf 76' lang='lat' dir='ltr'><strong>clavorum</strong></span> <span class='ocrx_word' id='word_1_53' title='bbox 806 407 903 434; x_wconf 89' lang='lat' dir='ltr'><strong>dolore</strong></span> 
     </span>
    </p>
   </div>
   <div class='ocr_carea' id='block_1_9' title="bbox 117 453 902 488">
    <p class='ocr_par' dir='ltr' id='par_1_9' title="bbox 117 453 902 488">
     <span class='ocr_line' id='line_1_9' title="bbox 117 453 902 488; baseline -0.003 -6"><span class='ocrx_word' id='word_1_54' title='bbox 117 460 244 482; x_wconf 83' lang='lat' dir='ltr'><strong>mortuus</strong></span> <span class='ocrx_word' id='word_1_55' title='bbox 266 459 319 482; x_wconf 88' lang='lat' dir='ltr'><strong>est.</strong></span> <span class='ocrx_word' id='word_1_56' title='bbox 348 454 424 481; x_wconf 80' lang='lat' dir='ltr'><strong>Adde</strong></span> <span class='ocrx_word' id='word_1_57' title='bbox 440 459 467 480; x_wconf 88' lang='lat' dir='ltr'><strong>et</strong></span> <span class='ocrx_word' id='word_1_58' title='bbox 483 454 560 483; x_wconf 87' lang='lat' dir='ltr'><strong>illud.</strong></span> <span class='ocrx_word' id='word_1_59' title='bbox 580 454 602 480; x_wconf 88' lang='lat' dir='ltr'><strong>si</strong></span> <span class='ocrx_word' id='word_1_60' title='bbox 616 454 794 488; x_wconf 76' lang='lat' dir='ltr'><strong>placet,lquod</strong></span> <span class='ocrx_word' id='word_1_61' title='bbox 807 453 902 480; x_wconf 90' lang='lat' dir='ltr'><strong>humili</strong></span> 
     </span>
    </p>
   </div>
   <div class='ocr_carea' id='block_1_10' title="bbox 118 500 905 534">
    <p class='ocr_par' dir='ltr' id='par_1_10' title="bbox 118 500 905 534">
     <span class='ocr_line' id='line_1_10' title="bbox 118 500 905 534; baseline 0 -7"><span class='ocrx_word' id='word_1_62' title='bbox 118 501 206 528; x_wconf 85' lang='lat' dir='ltr'><strong>forma</strong></span> <span class='ocrx_word' id='word_1_63' title='bbox 225 500 358 527; x_wconf 83' lang='lat' dir='ltr'><strong>hortulani</strong></span> <span class='ocrx_word' id='word_1_64' title='bbox 377 508 405 527; x_wconf 85' lang='lat' dir='ltr'><strong>se</strong></span> <span class='ocrx_word' id='word_1_65' title='bbox 421 505 481 534; x_wconf 84' lang='lat' dir='ltr'><strong>post</strong></span> <span class='ocrx_word' id='word_1_66' title='bbox 493 500 722 527; x_wconf 77' lang='lat' dir='ltr'><strong>resurrectionem</strong></span> <span class='ocrx_word' id='word_1_67' title='bbox 736 501 905 534; x_wconf 89' lang='lat' dir='ltr'><strong>conspicien-</strong></span> 
     </span>
    </p>
   </div>
   <div class='ocr_carea' id='block_1_11' title="bbox 117 546 904 580">
    <p class='ocr_par' dir='ltr' id='par_1_11' title="bbox 117 546 904 580">
     <span class='ocr_line' id='line_1_11' title="bbox 117 546 904 580; baseline -0.003 -6"><span class='ocrx_word' id='word_1_68' title='bbox 117 547 183 574; x_wconf 86' lang='lat' dir='ltr'><strong>dum</strong></span> <span class='ocrx_word' id='word_1_69' title='bbox 201 546 328 580; x_wconf 81' lang='lat' dir='ltr'><strong>pra:buit,</strong></span> <span class='ocrx_word' id='word_1_70' title='bbox 344 546 513 580; x_wconf 87' lang='lat' dir='ltr'><strong>etapostolis</strong></span> <span class='ocrx_word' id='word_1_71' title='bbox 537 546 691 577; x_wconf 88' lang='lat' dir='ltr'><strong>cicatrices,</strong></span> <span class='ocrx_word' id='word_1_72' title='bbox 716 550 744 573; x_wconf 87' lang='lat' dir='ltr'><strong>et</strong></span> <span class='ocrx_word' id='word_1_73' title='bbox 763 546 823 573; x_wconf 87' lang='lat' dir='ltr'><strong>loca</strong></span> <span class='ocrx_word' id='word_1_74' title='bbox 840 546 904 573; x_wconf 89' lang='lat' dir='ltr'><strong>vnl-</strong></span> 
     </span>
    </p>
   </div>
   <div class='ocr_carea' id='block_1_12' title="bbox 118 591 904 626">
    <p class='ocr_par' dir='ltr' id='par_1_12' title="bbox 118 591 904 626">
     <span class='ocr_line' id='line_1_12' title="bbox 118 591 904 626; baseline -0.001 -7"><span class='ocrx_word' id='word_1_75' title='bbox 118 599 216 619; x_wconf 87' lang='lat' dir='ltr'><strong>nerum</strong></span> <span class='ocrx_word' id='word_1_76' title='bbox 235 591 365 623; x_wconf 83' lang='lat' dir='ltr'><strong>ostendit,</strong></span> <span class='ocrx_word' id='word_1_77' title='bbox 379 591 509 626; x_wconf 86' lang='lat' dir='ltr'><strong>quodque</strong></span> <span class='ocrx_word' id='word_1_78' title='bbox 522 591 613 618; x_wconf 86' lang='lat' dir='ltr'><strong>cibum</strong></span> <span class='ocrx_word' id='word_1_79' title='bbox 637 591 719 626; x_wconf 83' lang='lat' dir='ltr'><strong>cepit.</strong></span> <span class='ocrx_word' id='word_1_80' title='bbox 746 591 812 618; x_wconf 86' lang='lat' dir='ltr'><strong>Nam</strong></span> <span class='ocrx_word' id='word_1_81' title='bbox 841 591 904 618; x_wconf 90' lang='lat' dir='ltr'><strong>reli-</strong></span> 
     </span>
    </p>
   </div>
   <div class='ocr_carea' id='block_1_13' title="bbox 118 635 904 673">
    <p class='ocr_par' dir='ltr' id='par_1_13' title="bbox 118 635 904 673">
     <span class='ocr_line' id='line_1_13' title="bbox 118 635 904 673; baseline -0.001 -8"><span class='ocrx_word' id='word_1_82' title='bbox 118 639 166 673; x_wconf 91' lang='lat' dir='ltr'><strong>qui</strong></span> <span class='ocrx_word' id='word_1_83' title='bbox 183 638 309 665; x_wconf 83' lang='lat' dir='ltr'><strong>homines</strong></span> <span class='ocrx_word' id='word_1_84' title='bbox 323 635 417 673; x_wconf 64' lang='lat' dir='ltr'><strong>post‘ea</strong></span> <span class='ocrx_word' id='word_1_85' title='bbox 427 645 507 672; x_wconf 76' lang='lat' dir='ltr'><strong>quam</strong></span> <span class='ocrx_word' id='word_1_86' title='bbox 522 637 624 664; x_wconf 81' lang='lat' dir='ltr'><strong>fuerint</strong></span> <span class='ocrx_word' id='word_1_87' title='bbox 640 637 666 664; x_wconf 91' lang='lat' dir='ltr'><strong>in</strong></span> <span class='ocrx_word' id='word_1_88' title='bbox 677 637 761 664; x_wconf 87' lang='lat' dir='ltr'><strong>vitam</strong></span> <span class='ocrx_word' id='word_1_89' title='bbox 772 637 904 671; x_wconf 80' lang='lat' dir='ltr'><strong>revocati,</strong></span> 
     </span>
    </p>
   </div>
   <div class='ocr_carea' id='block_1_14' title="bbox 117 682 906 720">
    <p class='ocr_par' dir='ltr' id='par_1_14' title="bbox 117 682 906 720">
     <span class='ocr_line' id='line_1_14' title="bbox 117 682 906 720; baseline -0.003 -9"><span class='ocrx_word' id='word_1_90' title='bbox 117 685 258 720; x_wconf 70' lang='lat' dir='ltr'><strong>fulgebunt</strong></span> <span class='ocrx_word' id='word_1_91' title='bbox 271 688 299 710; x_wconf 83' lang='lat' dir='ltr'><strong>ut</strong></span> <span class='ocrx_word' id='word_1_92' title='bbox 316 685 357 710; x_wconf 77' lang='grc' dir='ltr'><strong>ιοι</strong></span> <span class='ocrx_word' id='word_1_93' title='bbox 369 684 404 717; x_wconf 83' lang='grc'><strong>⁷⁷,</strong></span> <span class='ocrx_word' id='word_1_94' title='bbox 418 692 467 711; x_wconf 88' lang='lat' dir='ltr'><strong>nec</strong></span> <span class='ocrx_word' id='word_1_95' title='bbox 480 683 552 710; x_wconf 87' lang='lat' dir='ltr'><strong>ullus</strong></span> <span class='ocrx_word' id='word_1_96' title='bbox 567 690 662 710; x_wconf 90' lang='lat' dir='ltr'><strong>eorum</strong></span> <span class='ocrx_word' id='word_1_97' title='bbox 687 682 821 718; x_wconf 82' lang='lat' dir='ltr'><strong>ejusmodi</strong></span> <span class='ocrx_word' id='word_1_98' title='bbox 834 683 906 710; x_wconf 86' lang='lat' dir='ltr'><strong>cica-</strong></span> 
     </span>
    </p>
   </div>
   <div class='ocr_carea' id='block_1_15' title="bbox 119 729 906 766">
    <p class='ocr_par' dir='ltr' id='par_1_15' title="bbox 119 729 906 766">
     <span class='ocr_line' id='line_1_15' title="bbox 119 729 906 766; baseline -0.003 -8"><span class='ocrx_word' id='word_1_99' title='bbox 119 731 203 758; x_wconf 89' lang='lat' dir='ltr'><strong>trices</strong></span> <span class='ocrx_word' id='word_1_100' title='bbox 215 731 242 758; x_wconf 92' lang='lat' dir='ltr'><strong>in</strong></span> <span class='ocrx_word' id='word_1_101' title='bbox 260 738 386 766; x_wconf 84' lang='lat' dir='ltr'><strong>corpore,</strong></span> <span class='ocrx_word' id='word_1_102' title='bbox 400 735 449 758; x_wconf 88' lang='lat' dir='ltr'><strong>ant</strong></span> <span class='ocrx_word' id='word_1_103' title='bbox 467 730 612 757; x_wconf 87' lang='lat' dir='ltr'><strong>vulnerum</strong></span> <span class='ocrx_word' id='word_1_104' title='bbox 626 730 684 757; x_wconf 90' lang='lat' dir='ltr'><strong>loca</strong></span> <span class='ocrx_word' id='word_1_105' title='bbox 698 729 838 762; x_wconf 84' lang='lat' dir='ltr'><strong>retinebit,</strong></span> <span class='ocrx_word' id='word_1_106' title='bbox 853 737 906 756; x_wconf 87' lang='lat' dir='ltr'><strong>nec</strong></span> 
     </span>
    </p>
   </div>
   <div class='ocr_carea' id='block_1_16' title="bbox 119 780 257 807">
    <p class='ocr_par' dir='ltr' id='par_1_16' title="bbox 119 780 257 807">
     <span class='ocr_line' id='line_1_16' title="bbox 119 780 257 807; baseline 0 0"><span class='ocrx_word' id='word_1_107' title='bbox 119 780 257 807; x_wconf 86' lang='lat' dir='ltr'><strong>comedet.</strong></span> 
     </span>
    </p>
   </div>
   <div class='ocr_carea' id='block_1_17' title="bbox 157 823 906 858">
    <p class='ocr_par' dir='ltr' id='par_1_17' title="bbox 157 823 906 858">
     <span class='ocr_line' id='line_1_17' title="bbox 157 823 906 858; baseline -0.001 -7"><span class='ocrx_word' id='word_1_108' title='bbox 157 825 201 851; x_wconf 76' lang='grc'><strong>15.</strong></span> <span class='ocrx_word' id='word_1_109' title='bbox 215 825 301 852; x_wconf 85' lang='lat' dir='ltr'><strong>Filius</strong></span> <span class='ocrx_word' id='word_1_110' title='bbox 319 825 378 855; x_wconf 80' lang='lat' dir='ltr'><strong>Dei,</strong></span> <span class='ocrx_word' id='word_1_111' title='bbox 396 829 479 858; x_wconf 89' lang='lat' dir='ltr'><strong>atque</strong></span> <span class='ocrx_word' id='word_1_112' title='bbox 495 823 565 850; x_wconf 80' lang='lat' dir='ltr'><strong>idem</strong></span> <span class='ocrx_word' id='word_1_113' title='bbox 576 823 658 854; x_wconf 74' lang='lat' dir='ltr'><strong>Dens,</strong></span> <span class='ocrx_word' id='word_1_114' title='bbox 674 827 702 850; x_wconf 87' lang='lat' dir='ltr'><strong>et</strong></span> <span class='ocrx_word' id='word_1_115' title='bbox 714 828 864 857; x_wconf 85' lang='lat' dir='ltr'><strong>conceptus</strong></span> <span class='ocrx_word' id='word_1_116' title='bbox 878 827 906 850; x_wconf 87' lang='lat' dir='ltr'><strong>et</strong></span> 
     </span>
    </p>
   </div>
   <div class='ocr_carea' id='block_1_18' title="bbox 120 868 906 902">
    <p class='ocr_par' dir='ltr' id='par_1_18' title="bbox 120 868 906 902">
     <span class='ocr_line' id='line_1_18' title="bbox 120 868 906 902; baseline -0.004 -4"><span class='ocrx_word' id='word_1_117' title='bbox 120 877 203 898; x_wconf 87' lang='lat' dir='ltr'><strong>natus</strong></span> <span class='ocrx_word' id='word_1_118' title='bbox 219 879 279 898; x_wconf 88' lang='lat' dir='ltr'><strong>esse</strong></span> <span class='ocrx_word' id='word_1_119' title='bbox 290 871 404 902; x_wconf 87' lang='lat' dir='ltr'><strong>dicitur,</strong></span> <span class='ocrx_word' id='word_1_120' title='bbox 427 875 456 897; x_wconf 88' lang='lat' dir='ltr'><strong>et</strong></span> <span class='ocrx_word' id='word_1_121' title='bbox 473 870 613 901; x_wconf 87' lang='lat' dir='ltr'><strong>docuisse,</strong></span> <span class='ocrx_word' id='word_1_122' title='bbox 629 875 655 896; x_wconf 87' lang='lat' dir='ltr'><strong>et</strong></span> <span class='ocrx_word' id='word_1_123' title='bbox 673 877 717 896; x_wconf 87' lang='lat' dir='ltr'><strong>res</strong></span> <span class='ocrx_word' id='word_1_124' title='bbox 729 868 906 896; x_wconf 85' lang='lat' dir='ltr'><strong>admirandas</strong></span> 
     </span>
    </p>
   </div>
   <div class='ocr_carea' id='block_1_19' title="bbox 120 914 906 951">
    <p class='ocr_par' dir='ltr' id='par_1_19' title="bbox 120 914 906 951">
     <span class='ocr_line' id='line_1_19' title="bbox 120 914 906 951; baseline -0.004 -7"><span class='ocrx_word' id='word_1_125' title='bbox 120 917 229 947; x_wconf 74' lang='lat' dir='ltr'><strong>fecisse,</strong></span> <span class='ocrx_word' id='word_1_126' title='bbox 242 922 270 944; x_wconf 88' lang='lat' dir='ltr'><strong>et</strong></span> <span class='ocrx_word' id='word_1_127' title='bbox 279 917 319 950; x_wconf 91' lang='lat' dir='ltr'><strong>(ut</strong></span> <span class='ocrx_word' id='word_1_128' title='bbox 331 916 427 951; x_wconf 90' lang='lat' dir='ltr'><strong>paucis</strong></span> <span class='ocrx_word' id='word_1_129' title='bbox 435 916 526 943; x_wconf 86' lang='lat' dir='ltr'><strong>omnia</strong></span> <span class='ocrx_word' id='word_1_130' title='bbox 538 915 716 950; x_wconf 79' lang='lat' dir='ltr'><strong>complectar)</strong></span> <span class='ocrx_word' id='word_1_131' title='bbox 728 920 783 941; x_wconf 93' lang='lat' dir='ltr'><strong>tum</strong></span> <span class='ocrx_word' id='word_1_132' title='bbox 798 914 906 949; x_wconf 79' lang='lat' dir='ltr'><strong>eguisse</strong></span> 
     </span>
    </p>
   </div>
   <div class='ocr_carea' id='block_1_20' title="bbox 122 960 907 997">
    <p class='ocr_par' dir='ltr' id='par_1_20' title="bbox 122 960 907 997">
     <span class='ocr_line' id='line_1_20' title="bbox 122 960 907 997; baseline -0.004 -8"><span class='ocrx_word' id='word_1_133' title='bbox 122 968 178 989; x_wconf 90' lang='lat' dir='ltr'><strong>tum</strong></span> <span class='ocrx_word' id='word_1_134' title='bbox 195 970 290 997; x_wconf 84' lang='lat' dir='ltr'><strong>passus</strong></span> <span class='ocrx_word' id='word_1_135' title='bbox 321 970 392 993; x_wconf 84' lang='lat' dir='ltr'><strong>esse,</strong></span> <span class='ocrx_word' id='word_1_136' title='bbox 412 967 439 989; x_wconf 89' lang='lat' dir='ltr'><strong>et</strong></span> <span class='ocrx_word' id='word_1_137' title='bbox 457 966 592 993; x_wconf 83' lang='lat' dir='ltr'><strong>mortuus,</strong></span> <span class='ocrx_word' id='word_1_138' title='bbox 609 965 637 988; x_wconf 91' lang='lat' dir='ltr'><strong>et</strong></span> <span class='ocrx_word' id='word_1_139' title='bbox 651 961 813 988; x_wconf 72' lang='lat' dir='ltr'><strong>surrexisse.</strong></span> <span class='ocrx_word' id='word_1_140' title='bbox 832 960 907 993; x_wconf 82' lang='lat' dir='ltr'><strong>Quo-</strong></span> 
     </span>
    </p>
   </div>
   <div class='ocr_carea' id='block_1_21' title="bbox 121 1005 909 1042">
    <p class='ocr_par' dir='ltr' id='par_1_21' title="bbox 121 1005 909 1042">
     <span class='ocr_line' id='line_1_21' title="bbox 121 1005 909 1042; baseline -0.003 -8"><span class='ocrx_word' id='word_1_141' title='bbox 121 1009 196 1034; x_wconf 65' lang='lat' dir='ltr'><strong>niam</strong></span> <span class='ocrx_word' id='word_1_142' title='bbox 211 1011 357 1042; x_wconf 77' lang='lat' dir='ltr'><strong>assumptze</strong></span> <span class='ocrx_word' id='word_1_143' title='bbox 371 1008 464 1035; x_wconf 84' lang='lat' dir='ltr'><strong>carnis</strong></span> <span class='ocrx_word' id='word_1_144' title='bbox 475 1007 532 1042; x_wconf 88' lang='lat' dir='ltr'><strong>ipse</strong></span> <span class='ocrx_word' id='word_1_145' title='bbox 550 1007 602 1034; x_wconf 85' lang='lat' dir='ltr'><strong>fuit</strong></span> <span class='ocrx_word' id='word_1_146' title='bbox 614 1015 739 1042; x_wconf 83' lang='lat' dir='ltr'><strong>persona,</strong></span> <span class='ocrx_word' id='word_1_147' title='bbox 756 1015 817 1041; x_wconf 76' lang='lat' dir='ltr'><strong>qua:</strong></span> <span class='ocrx_word' id='word_1_148' title='bbox 847 1005 909 1041; x_wconf 88' lang='lat' dir='ltr'><strong>qui-</strong></span> 
     </span>
    </p>
   </div>
   <div class='ocr_carea' id='block_1_22' title="bbox 121 1052 907 1088">
    <p class='ocr_par' dir='ltr' id='par_1_22' title="bbox 121 1052 907 1088">
     <span class='ocr_line' id='line_1_22' title="bbox 121 1052 907 1088; baseline -0.003 -8"><span class='ocrx_word' id='word_1_149' title='bbox 121 1054 184 1081; x_wconf 79' lang='lat' dir='ltr'><strong>dem</strong></span> <span class='ocrx_word' id='word_1_150' title='bbox 206 1061 270 1080; x_wconf 87' lang='lat' dir='ltr'><strong>caro</strong></span> <span class='ocrx_word' id='word_1_151' title='bbox 278 1054 337 1080; x_wconf 89' lang='lat' dir='ltr'><strong>sine</strong></span> <span class='ocrx_word' id='word_1_152' title='bbox 350 1053 453 1080; x_wconf 85' lang='lat' dir='ltr'><strong>semine</strong></span> <span class='ocrx_word' id='word_1_153' title='bbox 462 1053 551 1088; x_wconf 82' lang='lat' dir='ltr'><strong>genita</strong></span> <span class='ocrx_word' id='word_1_154' title='bbox 565 1054 666 1080; x_wconf 88' lang='lat' dir='ltr'><strong>nullam</strong></span> <span class='ocrx_word' id='word_1_155' title='bbox 676 1054 756 1080; x_wconf 90' lang='lat' dir='ltr'><strong>aliam</strong></span> <span class='ocrx_word' id='word_1_156' title='bbox 767 1052 907 1087; x_wconf 84' lang='lat' dir='ltr'><strong>propriam</strong></span> 
     </span>
    </p>
   </div>
   <div class='ocr_carea' id='block_1_23' title="bbox 123 1099 909 1134">
    <p class='ocr_par' dir='ltr' id='par_1_23' title="bbox 123 1099 909 1134">
     <span class='ocr_line' id='line_1_23' title="bbox 123 1099 909 1134; baseline -0.003 -7"><span class='ocrx_word' id='word_1_157' title='bbox 123 1108 268 1134; x_wconf 81' lang='lat' dir='ltr'><strong>personam</strong></span> <span class='ocrx_word' id='word_1_158' title='bbox 285 1100 392 1127; x_wconf 82' lang='lat' dir='ltr'><strong>habuit.</strong></span> <span class='ocrx_word' id='word_1_159' title='bbox 407 1099 542 1132; x_wconf 83' lang='lat' dir='ltr'><strong>Quocirca</strong></span> <span class='ocrx_word' id='word_1_160' title='bbox 557 1107 619 1126; x_wconf 89' lang='lat' dir='ltr'><strong>cmn</strong></span> <span class='ocrx_word' id='word_1_161' title='bbox 646 1099 811 1126; x_wconf 86' lang='lat' dir='ltr'><strong>assumentis</strong></span> <span class='ocrx_word' id='word_1_162' title='bbox 824 1103 851 1125; x_wconf 88' lang='lat' dir='ltr'><strong>et</strong></span> <span class='ocrx_word' id='word_1_163' title='bbox 865 1107 909 1126; x_wconf 85' lang='lat' dir='ltr'><strong>as-</strong></span> 
     </span>
    </p>
   </div>
   <div class='ocr_carea' id='block_1_24' title="bbox 123 1145 907 1180">
    <p class='ocr_par' dir='ltr' id='par_1_24' title="bbox 123 1145 907 1180">
     <span class='ocr_line' id='line_1_24' title="bbox 123 1145 907 1180; baseline 0 -8"><span class='ocrx_word' id='word_1_164' title='bbox 123 1151 238 1180; x_wconf 70' lang='lat' dir='ltr'><strong>sumpta:</strong></span> <span class='ocrx_word' id='word_1_165' title='bbox 254 1146 379 1172; x_wconf 65' lang='lat' dir='ltr'><strong>humanae</strong></span> <span class='ocrx_word' id='word_1_166' title='bbox 393 1150 496 1172; x_wconf 69' lang='lat' dir='ltr'><strong>natura!</strong></span> <span class='ocrx_word' id='word_1_167' title='bbox 507 1153 559 1172; x_wconf 85' lang='lat' dir='ltr'><strong>una</strong></span> <span class='ocrx_word' id='word_1_168' title='bbox 571 1146 605 1173; x_wconf 86' lang='lat' dir='ltr'><strong>sit</strong></span> <span class='ocrx_word' id='word_1_169' title='bbox 618 1145 768 1180; x_wconf 82' lang='lat' dir='ltr'><strong>eademque</strong></span> <span class='ocrx_word' id='word_1_170' title='bbox 781 1153 907 1180; x_wconf 82' lang='lat' dir='ltr'><strong>persona,</strong></span> 
     </span>
    </p>
   </div>
   <div class='ocr_carea' id='block_1_25' title="bbox 124 1191 910 1226">
    <p class='ocr_par' dir='ltr' id='par_1_25' title="bbox 124 1191 910 1226">
     <span class='ocr_line' id='line_1_25' title="bbox 124 1191 910 1226; baseline 0 -8"><span class='ocrx_word' id='word_1_171' title='bbox 124 1192 183 1225; x_wconf 86' lang='lat' dir='ltr'><strong>ipse</strong></span> <span class='ocrx_word' id='word_1_172' title='bbox 200 1191 301 1218; x_wconf 88' lang='lat' dir='ltr'><strong>dicitur</strong></span> <span class='ocrx_word' id='word_1_173' title='bbox 314 1196 341 1217; x_wconf 87' lang='lat' dir='ltr'><strong>et</strong></span> <span class='ocrx_word' id='word_1_174' title='bbox 355 1200 435 1225; x_wconf 79' lang='lat' dir='ltr'><strong>agere</strong></span> <span class='ocrx_word' id='word_1_175' title='bbox 450 1197 478 1218; x_wconf 87' lang='lat' dir='ltr'><strong>et</strong></span> <span class='ocrx_word' id='word_1_176' title='bbox 492 1192 545 1226; x_wconf 82' lang='lat' dir='ltr'><strong>pati</strong></span> <span class='ocrx_word' id='word_1_177' title='bbox 562 1199 595 1220; x_wconf 79' lang='lat' dir='ltr'><strong>ex</strong></span> <span class='ocrx_word' id='word_1_178' title='bbox 609 1192 679 1226; x_wconf 79' lang='lat' dir='ltr'><strong>ejus,</strong></span> <span class='ocrx_word' id='word_1_179' title='bbox 707 1191 780 1226; x_wconf 91' lang='lat' dir='ltr'><strong>quod</strong></span> <span class='ocrx_word' id='word_1_180' title='bbox 805 1199 910 1218; x_wconf 83' lang='lat' dir='ltr'><strong>assmu-</strong></span> 
     </span>
    </p>
   </div>
   <div class='ocr_carea' id='block_1_26' title="bbox 122 1237 909 1273">
    <p class='ocr_par' dir='ltr' id='par_1_26' title="bbox 122 1237 909 1273">
     <span class='ocr_line' id='line_1_26' title="bbox 122 1237 909 1273; baseline 0 -9"><span class='ocrx_word' id='word_1_181' title='bbox 122 1238 185 1272; x_wconf 78' lang='lat' dir='ltr'><strong>psit.</strong></span> <span class='ocrx_word' id='word_1_182' title='bbox 196 1244 303 1265; x_wconf 87' lang='lat' dir='ltr'><strong>natura.</strong></span> <span class='ocrx_word' id='word_1_183' title='bbox 316 1237 348 1264; x_wconf 84' lang='lat' dir='ltr'><strong>Et</strong></span> <span class='ocrx_word' id='word_1_184' title='bbox 362 1246 422 1273; x_wconf 61' lang='lat' dir='ltr'><strong>quae</strong></span> <span class='ocrx_word' id='word_1_185' title='bbox 436 1238 509 1266; x_wconf 91' lang='lat' dir='ltr'><strong>illius</strong></span> <span class='ocrx_word' id='word_1_186' title='bbox 531 1238 640 1273; x_wconf 89' lang='lat' dir='ltr'><strong>propria</strong></span> <span class='ocrx_word' id='word_1_187' title='bbox 667 1243 741 1269; x_wconf 87' lang='lat' dir='ltr'><strong>sunt,</strong></span> <span class='ocrx_word' id='word_1_188' title='bbox 772 1239 825 1265; x_wconf 89' lang='lat' dir='ltr'><strong>sibi</strong></span> <span class='ocrx_word' id='word_1_189' title='bbox 838 1239 909 1266; x_wconf 87' lang='lat' dir='ltr'><strong>asci-</strong></span> 
     </span>
    </p>
   </div>
   <div class='ocr_carea' id='block_1_27' title="bbox 123 1283 908 1320">
    <p class='ocr_par' dir='ltr' id='par_1_27' title="bbox 123 1283 908 1320">
     <span class='ocr_line' id='line_1_27' title="bbox 123 1283 908 1320; baseline 0.003 -11"><span class='ocrx_word' id='word_1_190' title='bbox 123 1283 175 1310; x_wconf 84' lang='lat' dir='ltr'><strong>scit</strong></span> <span class='ocrx_word' id='word_1_191' title='bbox 193 1288 222 1310; x_wconf 94' lang='lat' dir='ltr'><strong>ut</strong></span> <span class='ocrx_word' id='word_1_192' title='bbox 239 1284 358 1318; x_wconf 88' lang='lat' dir='ltr'><strong>propria.</strong></span> <span class='ocrx_word' id='word_1_193' title='bbox 377 1285 479 1318; x_wconf 79' lang='lat' dir='ltr'><strong>quippe</strong></span> <span class='ocrx_word' id='word_1_194' title='bbox 508 1284 554 1319; x_wconf 86' lang='lat' dir='ltr'><strong>qui</strong></span> <span class='ocrx_word' id='word_1_195' title='bbox 582 1284 618 1312; x_wconf 85' lang='lat' dir='ltr'><strong>sit</strong></span> <span class='ocrx_word' id='word_1_196' title='bbox 656 1285 715 1319; x_wconf 83' lang='lat' dir='ltr'><strong>ejus</strong></span> <span class='ocrx_word' id='word_1_197' title='bbox 742 1284 908 1320; x_wconf 82' lang='lat' dir='ltr'><strong>hypostasis,</strong></span> 
     </span>
    </p>
   </div>
   <div class='ocr_carea' id='block_1_28' title="bbox 123 1331 665 1365">
    <p class='ocr_par' dir='ltr' id='par_1_28' title="bbox 123 1331 665 1365">
     <span class='ocr_line' id='line_1_28' title="bbox 123 1331 665 1365; baseline 0.006 -10"><span class='ocrx_word' id='word_1_198' title='bbox 123 1334 205 1363; x_wconf 84' lang='lat' dir='ltr'><strong>atque</strong></span> <span class='ocrx_word' id='word_1_199' title='bbox 222 1338 349 1365; x_wconf 86' lang='lat' dir='ltr'><strong>persona,</strong></span> <span class='ocrx_word' id='word_1_200' title='bbox 363 1336 394 1358; x_wconf 92' lang='lat' dir='ltr'><strong>ut</strong></span> <span class='ocrx_word' id='word_1_201' title='bbox 405 1331 665 1359; x_wconf 85' lang='lat' dir='ltr'><strong>demonstravimus.</strong></span> 
     </span>
    </p>
   </div>
   <div class='ocr_carea' id='block_1_29' title="bbox 409 1396 622 1424">
    <p class='ocr_par' dir='ltr' id='par_1_29' title="bbox 409 1396 622 1424">
     <span class='ocr_line' id='line_1_29' title="bbox 409 1396 622 1424; baseline 0.005 -1"><span class='ocrx_word' id='word_1_202' title='bbox 409 1396 486 1424; x_wconf 77' lang='lat' dir='ltr'><strong>CAP.</strong></span> <span class='ocrx_word' id='word_1_203' title='bbox 503 1397 622 1424; x_wconf 75' lang='lat' dir='ltr'><strong>XXXIX.</strong></span> 
     </span>
    </p>
   </div>
   <div class='ocr_carea' id='block_1_30' title="bbox 123 1441 910 1478">
    <p class='ocr_par' dir='ltr' id='par_1_30' title="bbox 123 1441 910 1478">
     <span class='ocr_line' id='line_1_30' title="bbox 123 1441 910 1478; baseline 0.004 -10"><span class='ocrx_word' id='word_1_204' title='bbox 123 1441 202 1478; x_wconf 68' lang='lat' dir='ltr'><strong>Item,</strong></span> <span class='ocrx_word' id='word_1_205' title='bbox 219 1441 256 1467; x_wconf 83' lang='lat' dir='ltr'><strong>De</strong></span> <span class='ocrx_word' id='word_1_206' title='bbox 280 1441 342 1478; x_wconf 78' lang='lat' dir='ltr'><strong>Filii</strong></span> <span class='ocrx_word' id='word_1_207' title='bbox 356 1442 400 1478; x_wconf 76' lang='lat' dir='ltr'><strong>Dei</strong></span> <span class='ocrx_word' id='word_1_208' title='bbox 412 1443 609 1478; x_wconf 78' lang='lat' dir='ltr'><strong>imm-natione.</strong></span> <span class='ocrx_word' id='word_1_209' title='bbox 644 1442 787 1478; x_wconf 71' lang='lat' dir='ltr'><strong>[Tredecim</strong></span> <span class='ocrx_word' id='word_1_210' title='bbox 801 1445 910 1472; x_wconf 64' lang='lat' dir='ltr'><strong>heresi-</strong></span> 
     </span>
    </p>
   </div>
   <div class='ocr_carea' id='block_1_31' title="bbox 160 1476 910 1510">
    <p class='ocr_par' dir='ltr' id='par_1_31' title="bbox 160 1476 910 1510">
     <span class='ocr_line' id='line_1_31' title="bbox 160 1476 910 1510; baseline 0.008 -9"><span class='ocrx_word' id='word_1_211' title='bbox 160 1476 206 1502; x_wconf 82' lang='lat' dir='ltr'><strong>bus</strong></span> <span class='ocrx_word' id='word_1_212' title='bbox 221 1477 334 1510; x_wconf 70' lang='lat' dir='ltr'><strong>rejectis.</strong></span> <span class='ocrx_word' id='word_1_213' title='bbox 354 1477 477 1503; x_wconf 67' lang='lat' dir='ltr'><strong>Erclesiu‘</strong></span> <span class='ocrx_word' id='word_1_214' title='bbox 489 1486 577 1504; x_wconf 75' lang='lat' dir='ltr'><strong>verum</strong></span> <span class='ocrx_word' id='word_1_215' title='bbox 591 1477 622 1504; x_wconf 84' lang='lat' dir='ltr'><strong>de</strong></span> <span class='ocrx_word' id='word_1_216' title='bbox 637 1476 733 1505; x_wconf 83' lang='lat' dir='ltr'><strong>Christi</strong></span> <span class='ocrx_word' id='word_1_217' title='bbox 763 1481 910 1507; x_wconf 72' lang='lat' dir='ltr'><strong>nominibus</strong></span> 
     </span>
    </p>
   </div>
   <div class='ocr_carea' id='block_1_32' title="bbox 159 1512 910 1548">
    <p class='ocr_par' dir='ltr' id='par_1_32' title="bbox 159 1512 910 1548">
     <span class='ocr_line' id='line_1_32' title="bbox 159 1512 910 1548; baseline 0.008 -12"><span class='ocrx_word' id='word_1_218' title='bbox 159 1512 373 1548; x_wconf 67' lang='lat' dir='ltr'><strong>etincnfuatione</strong></span> <span class='ocrx_word' id='word_1_219' title='bbox 387 1513 535 1547; x_wconf 81' lang='lat' dir='ltr'><strong>opinionem</strong></span> <span class='ocrx_word' id='word_1_220' title='bbox 543 1513 628 1540; x_wconf 80' lang='lat' dir='ltr'><strong>solam</strong></span> <span class='ocrx_word' id='word_1_221' title='bbox 641 1514 847 1548; x_wconf 70' lang='lat' dir='ltr'><strong>amplexanda&quot;:</strong></span> <span class='ocrx_word' id='word_1_222' title='bbox 857 1521 910 1542; x_wconf 79' lang='lat' dir='ltr'><strong>esse</strong></span> 
     </span>
    </p>
   </div>
   <div class='ocr_carea' id='block_1_33' title="bbox 158 1545 254 1581">
    <p class='ocr_par' dir='ltr' id='par_1_33' title="bbox 158 1545 254 1581">
     <span class='ocr_line' id='line_1_33' title="bbox 158 1545 254 1581; baseline 0 -9"><span class='ocrx_word' id='word_1_223' title='bbox 158 1545 254 1581; x_wconf 54' lang='grc' dir='ltr'><strong>ἄπει]</strong></span> 
     </span>
    </p>
   </div>
   <div class='ocr_carea' id='block_1_34' title="bbox 161 1602 913 1643">
    <p class='ocr_par' dir='ltr' id='par_1_34' title="bbox 161 1602 913 1643">
     <span class='ocr_line' id='line_1_34' title="bbox 161 1602 913 1643; baseline 0.008 -14"><span class='ocrx_word' id='word_1_224' title='bbox 161 1602 258 1636; x_wconf 65' lang='lat' dir='ltr'><strong>Operae</strong></span> <span class='ocrx_word' id='word_1_225' title='bbox 273 1603 390 1638; x_wconf 87' lang='lat' dir='ltr'><strong>pretium</strong></span> <span class='ocrx_word' id='word_1_226' title='bbox 407 1612 474 1632; x_wconf 84' lang='lat' dir='ltr'><strong>vero</strong></span> <span class='ocrx_word' id='word_1_227' title='bbox 491 1605 557 1632; x_wconf 90' lang='lat' dir='ltr'><strong>mihi</strong></span> <span class='ocrx_word' id='word_1_228' title='bbox 568 1605 805 1640; x_wconf 90' lang='lat' dir='ltr'><strong>facturusvideor,</strong></span> <span class='ocrx_word' id='word_1_229' title='bbox 820 1607 843 1635; x_wconf 89' lang='lat' dir='ltr'><strong>si</strong></span> <span class='ocrx_word' id='word_1_230' title='bbox 856 1608 913 1643; x_wconf 84' lang='lat' dir='ltr'><strong>jam</strong></span> 
     </span>
    </p>
   </div>
   <div class='ocr_carea' id='block_1_35' title="bbox 124 1650 915 1690">
    <p class='ocr_par' dir='ltr' id='par_1_35' title="bbox 124 1650 915 1690">
     <span class='ocr_line' id='line_1_35' title="bbox 124 1650 915 1690; baseline 0.009 -15"><span class='ocrx_word' id='word_1_231' title='bbox 124 1650 263 1684; x_wconf 81' lang='lat' dir='ltr'><strong>proﬁtear,</strong></span> <span class='ocrx_word' id='word_1_232' title='bbox 280 1652 345 1686; x_wconf 88' lang='lat' dir='ltr'><strong>quid</strong></span> <span class='ocrx_word' id='word_1_233' title='bbox 364 1652 397 1678; x_wconf 93' lang='lat' dir='ltr'><strong>de</strong></span> <span class='ocrx_word' id='word_1_234' title='bbox 412 1652 639 1681; x_wconf 70' lang='lat' dir='ltr'><strong>divinahumanze</strong></span> <span class='ocrx_word' id='word_1_235' title='bbox 651 1656 915 1690; x_wconf 87' lang='lat' dir='ltr'><strong>carnisassumptio-</strong></span> 
     </span>
    </p>
   </div>
   <div class='ocr_carea' id='block_1_36' title="bbox 125 1697 914 1737">
    <p class='ocr_par' dir='ltr' id='par_1_36' title="bbox 125 1697 914 1737">
     <span class='ocr_line' id='line_1_36' title="bbox 125 1697 914 1737; baseline 0.009 -15"><span class='ocrx_word' id='word_1_236' title='bbox 125 1703 160 1722; x_wconf 86' lang='lat' dir='ltr'><strong>ne</strong></span> <span class='ocrx_word' id='word_1_237' title='bbox 172 1697 300 1724; x_wconf 88' lang='lat' dir='ltr'><strong>sentiam.</strong></span> <span class='ocrx_word' id='word_1_238' title='bbox 316 1697 372 1725; x_wconf 86' lang='lat' dir='ltr'><strong>Hac</strong></span> <span class='ocrx_word' id='word_1_239' title='bbox 386 1699 458 1726; x_wconf 88' lang='lat' dir='ltr'><strong>enim</strong></span> <span class='ocrx_word' id='word_1_240' title='bbox 475 1699 581 1726; x_wconf 90' lang='lat' dir='ltr'><strong>ratione</strong></span> <span class='ocrx_word' id='word_1_241' title='bbox 596 1701 661 1735; x_wconf 82' lang='lat' dir='ltr'><strong>ipsa</strong></span> <span class='ocrx_word' id='word_1_242' title='bbox 676 1701 734 1735; x_wconf 91' lang='lat' dir='ltr'><strong>Dei,</strong></span> <span class='ocrx_word' id='word_1_243' title='bbox 749 1703 795 1736; x_wconf 91' lang='lat' dir='ltr'><strong>qui</strong></span> <span class='ocrx_word' id='word_1_244' title='bbox 813 1710 914 1737; x_wconf 85' lang='lat' dir='ltr'><strong>corpus</strong></span> 
     </span>
    </p>
   </div>
   <div class='ocr_carea' id='block_1_37' title="bbox 128 1743 915 1781">
    <p class='ocr_par' dir='ltr' id='par_1_37' title="bbox 128 1743 915 1781">
     <span class='ocr_line' id='line_1_37' title="bbox 128 1743 915 1781; baseline 0.009 -13"><span class='ocrx_word' id='word_1_245' title='bbox 128 1743 178 1769; x_wconf 89' lang='lat' dir='ltr'><strong>hoc</strong></span> <span class='ocrx_word' id='word_1_246' title='bbox 202 1744 391 1772; x_wconf 82' lang='lat' dir='ltr'><strong>universitatis</strong></span> <span class='ocrx_word' id='word_1_247' title='bbox 420 1745 586 1778; x_wconf 70' lang='lat' dir='ltr'><strong>moderatur,</strong></span> <span class='ocrx_word' id='word_1_248' title='bbox 613 1747 783 1781; x_wconf 82' lang='lat' dir='ltr'><strong>providentia</strong></span> <span class='ocrx_word' id='word_1_249' title='bbox 812 1748 915 1777; x_wconf 82' lang='lat' dir='ltr'><strong>clarius</strong></span> 
     </span>
    </p>
   </div>
   <div class='ocr_carea' id='block_1_38' title="bbox 124 1793 287 1815">
    <p class='ocr_par' dir='ltr' id='par_1_38' title="bbox 124 1793 287 1815">
     <span class='ocr_line' id='line_1_38' title="bbox 124 1793 287 1815; baseline 0.006 -1"><span class='ocrx_word' id='word_1_250' title='bbox 124 1793 287 1815; x_wconf 76' lang='lat' dir='ltr'><strong>tnnotescel.</strong></span> 
     </span>
    </p>
   </div>
   <div class='ocr_carea' id='block_1_39' title="bbox 162 1833 914 1873">
    <p class='ocr_par' dir='ltr' id='par_1_39' title="bbox 162 1833 914 1873">
     <span class='ocr_line' id='line_1_39' title="bbox 162 1833 914 1873; baseline 0.008 -13"><span class='ocrx_word' id='word_1_251' title='bbox 162 1834 186 1860; x_wconf 86' lang='grc'><strong>1.</strong></span> <span class='ocrx_word' id='word_1_252' title='bbox 203 1833 366 1861; x_wconf 81' lang='lat' dir='ltr'><strong>Valentinus</strong></span> <span class='ocrx_word' id='word_1_253' title='bbox 383 1835 474 1869; x_wconf 83' lang='lat' dir='ltr'><strong>itaque.</strong></span> <span class='ocrx_word' id='word_1_254' title='bbox 488 1835 514 1862; x_wconf 92' lang='lat' dir='ltr'><strong>in</strong></span> <span class='ocrx_word' id='word_1_255' title='bbox 531 1835 668 1864; x_wconf 81' lang='lat' dir='ltr'><strong>fabulosis</strong></span> <span class='ocrx_word' id='word_1_256' title='bbox 687 1837 742 1865; x_wconf 90' lang='lat' dir='ltr'><strong>illis</strong></span> <span class='ocrx_word' id='word_1_257' title='bbox 765 1846 914 1873; x_wconf 74' lang='lat' dir='ltr'><strong>nugamen-</strong></span> 
     </span>
    </p>
   </div>
   <div class='ocr_carea' id='block_1_40' title="bbox 125 1879 915 1918">
    <p class='ocr_par' dir='ltr' id='par_1_40' title="bbox 125 1879 915 1918">
     <span class='ocr_line' id='line_1_40' title="bbox 125 1879 915 1918; baseline 0.009 -14"><span class='ocrx_word' id='word_1_258' title='bbox 125 1879 160 1904; x_wconf 83' lang='lat' dir='ltr'><strong>tis</strong></span> <span class='ocrx_word' id='word_1_259' title='bbox 172 1879 229 1905; x_wconf 85' lang='lat' dir='ltr'><strong>suis</strong></span> <span class='ocrx_word' id='word_1_260' title='bbox 238 1879 320 1906; x_wconf 78' lang='lat' dir='ltr'><strong>alium</strong></span> <span class='ocrx_word' id='word_1_261' title='bbox 333 1879 521 1914; x_wconf 79' lang='lat' dir='ltr'><strong>Unigenitum,</strong></span> <span class='ocrx_word' id='word_1_262' title='bbox 540 1881 616 1908; x_wconf 88' lang='lat' dir='ltr'><strong>aliud</strong></span> <span class='ocrx_word' id='word_1_263' title='bbox 640 1883 760 1910; x_wconf 76' lang='lat' dir='ltr'><strong>Verbum</strong></span> <span class='ocrx_word' id='word_1_264' title='bbox 775 1884 915 1918; x_wconf 76' lang='lat' dir='ltr'><strong>continge-</strong></span> 
     </span>
    </p>
   </div>
   <div class='ocr_carea' id='block_1_41' title="bbox 125 1925 915 1964">
    <p class='ocr_par' dir='ltr' id='par_1_41' title="bbox 125 1925 915 1964">
     <span class='ocr_line' id='line_1_41' title="bbox 125 1925 915 1964; baseline 0.008 -13"><span class='ocrx_word' id='word_1_265' title='bbox 125 1925 192 1951; x_wconf 82' lang='lat' dir='ltr'><strong>bat:</strong></span> <span class='ocrx_word' id='word_1_266' title='bbox 209 1931 290 1959; x_wconf 87' lang='lat' dir='ltr'><strong>atque</strong></span> <span class='ocrx_word' id='word_1_267' title='bbox 305 1927 388 1952; x_wconf 87' lang='lat' dir='ltr'><strong>etiam</strong></span> <span class='ocrx_word' id='word_1_268' title='bbox 403 1927 487 1953; x_wconf 86' lang='lat' dir='ltr'><strong>alium</strong></span> <span class='ocrx_word' id='word_1_269' title='bbox 499 1927 651 1958; x_wconf 86' lang='lat' dir='ltr'><strong>Christum,</strong></span> <span class='ocrx_word' id='word_1_270' title='bbox 664 1929 711 1962; x_wconf 83' lang='lat' dir='ltr'><strong>qui</strong></span> <span class='ocrx_word' id='word_1_271' title='bbox 727 1929 799 1956; x_wconf 86' lang='lat' dir='ltr'><strong>intra</strong></span> <span class='ocrx_word' id='word_1_272' title='bbox 822 1930 915 1964; x_wconf 71' lang='lat' dir='ltr'><strong>plero-</strong></span> 
     </span>
    </p>
   </div>
   <div class='ocr_carea' id='block_1_42' title="bbox 127 1972 914 2008">
    <p class='ocr_par' dir='ltr' id='par_1_42' title="bbox 127 1972 914 2008">
     <span class='ocr_line' id='line_1_42' title="bbox 127 1972 914 2008; baseline 0.006 -11"><span class='ocrx_word' id='word_1_273' title='bbox 127 1979 181 2002; x_wconf 84' lang='lat' dir='ltr'><strong>tna,</strong></span> <span class='ocrx_word' id='word_1_274' title='bbox 199 1979 247 1998; x_wconf 88' lang='lat' dir='ltr'><strong>seu</strong></span> <span class='ocrx_word' id='word_1_275' title='bbox 266 1972 478 2006; x_wconf 90' lang='lat' dir='ltr'><strong>plenitudinem,</strong></span> <span class='ocrx_word' id='word_1_276' title='bbox 506 1974 806 2008; x_wconf 87' lang='lat' dir='ltr'><strong>comprehenderetur;</strong></span> <span class='ocrx_word' id='word_1_277' title='bbox 831 1975 914 2002; x_wconf 87' lang='lat' dir='ltr'><strong>alium</strong></span> 
     </span>
    </p>
   </div>
   <div class='ocr_carea' id='block_1_43' title="bbox 126 2017 912 2055">
    <p class='ocr_par' dir='ltr' id='par_1_43' title="bbox 126 2017 912 2055">
     <span class='ocr_line' id='line_1_43' title="bbox 126 2017 912 2055; baseline 0.006 -12"><span class='ocrx_word' id='word_1_278' title='bbox 126 2018 191 2044; x_wconf 86' lang='lat' dir='ltr'><strong>item</strong></span> <span class='ocrx_word' id='word_1_279' title='bbox 205 2017 296 2045; x_wconf 77' lang='lat' dir='ltr'><strong>Iesum</strong></span> <span class='ocrx_word' id='word_1_280' title='bbox 312 2027 320 2050; x_wconf 89' lang='lat'><strong>;</strong></span> <span class='ocrx_word' id='word_1_281' title='bbox 334 2019 417 2046; x_wconf 90' lang='lat' dir='ltr'><strong>alium</strong></span> <span class='ocrx_word' id='word_1_282' title='bbox 440 2019 559 2053; x_wconf 87' lang='lat' dir='ltr'><strong>denique</strong></span> <span class='ocrx_word' id='word_1_283' title='bbox 585 2019 737 2052; x_wconf 89' lang='lat' dir='ltr'><strong>Christum,</strong></span> <span class='ocrx_word' id='word_1_284' title='bbox 756 2021 803 2055; x_wconf 92' lang='lat' dir='ltr'><strong>qui</strong></span> <span class='ocrx_word' id='word_1_285' title='bbox 835 2026 912 2048; x_wconf 71' lang='lat' dir='ltr'><strong>extra</strong></span> 
     </span>
    </p>
   </div>
   <div class='ocr_carea' id='block_1_44' title="bbox 127 2064 913 2099">
    <p class='ocr_par' dir='ltr' id='par_1_44' title="bbox 127 2064 913 2099">
     <span class='ocr_line' id='line_1_44' title="bbox 127 2064 913 2099; baseline 0.008 -10"><span class='ocrx_word' id='word_1_286' title='bbox 127 2064 246 2097; x_wconf 86' lang='lat' dir='ltr'><strong>pleroma</strong></span> <span class='ocrx_word' id='word_1_287' title='bbox 259 2064 430 2091; x_wconf 83' lang='lat' dir='ltr'><strong>consisteret.</strong></span> <span class='ocrx_word' id='word_1_288' title='bbox 444 2065 537 2092; x_wconf 82' lang='lat' dir='ltr'><strong>Jesum</strong></span> <span class='ocrx_word' id='word_1_289' title='bbox 554 2073 636 2099; x_wconf 84' lang='lat' dir='ltr'><strong>porro</strong></span> <span class='ocrx_word' id='word_1_290' title='bbox 661 2066 800 2094; x_wconf 89' lang='lat' dir='ltr'><strong>hominem</strong></span> <span class='ocrx_word' id='word_1_291' title='bbox 814 2068 913 2095; x_wconf 83' lang='lat' dir='ltr'><strong>factum</strong></span> 
     </span>
    </p>
   </div>
   <div class='ocr_carea' id='block_1_45' title="bbox 126 2109 915 2147">
    <p class='ocr_par' dir='ltr' id='par_1_45' title="bbox 126 2109 915 2147">
     <span class='ocr_line' id='line_1_45' title="bbox 126 2109 915 2147; baseline 0.009 -13"><span class='ocrx_word' id='word_1_292' title='bbox 126 2109 263 2135; x_wconf 79' lang='lat' dir='ltr'><strong>exteriore</strong></span> <span class='ocrx_word' id='word_1_293' title='bbox 283 2110 329 2136; x_wconf 88' lang='lat' dir='ltr'><strong>illo</strong></span> <span class='ocrx_word' id='word_1_294' title='bbox 345 2110 457 2137; x_wconf 82' lang='lat' dir='ltr'><strong>Christo</strong></span> <span class='ocrx_word' id='word_1_295' title='bbox 473 2110 610 2143; x_wconf 90' lang='lat' dir='ltr'><strong>indutum,</strong></span> <span class='ocrx_word' id='word_1_296' title='bbox 640 2119 758 2147; x_wconf 87' lang='lat' dir='ltr'><strong>corpore</strong></span> <span class='ocrx_word' id='word_1_297' title='bbox 767 2121 801 2140; x_wconf 78' lang='lat' dir='ltr'><strong>ex</strong></span> <span class='ocrx_word' id='word_1_298' title='bbox 817 2114 915 2141; x_wconf 63' lang='lat' dir='ltr'><strong>animae</strong></span> 
     </span>
    </p>
   </div>
   <div class='ocr_carea' id='block_1_46' title="bbox 127 2155 915 2194">
    <p class='ocr_par' dir='ltr' id='par_1_46' title="bbox 127 2155 915 2194">
     <span class='ocr_line' id='line_1_46' title="bbox 127 2155 915 2194; baseline 0.006 -13"><span class='ocrx_word' id='word_1_299' title='bbox 127 2156 246 2182; x_wconf 74' lang='lat' dir='ltr'><strong>essentia</strong></span> <span class='ocrx_word' id='word_1_300' title='bbox 269 2155 320 2182; x_wconf 85' lang='lat' dir='ltr'><strong>sibi</strong></span> <span class='ocrx_word' id='word_1_301' title='bbox 349 2161 500 2189; x_wconf 73' lang='lat' dir='ltr'><strong>assuimpto,</strong></span> <span class='ocrx_word' id='word_1_302' title='bbox 533 2157 676 2191; x_wconf 90' lang='lat' dir='ltr'><strong>solumque</strong></span> <span class='ocrx_word' id='word_1_303' title='bbox 697 2159 840 2185; x_wconf 89' lang='lat' dir='ltr'><strong>transitum</strong></span> <span class='ocrx_word' id='word_1_304' title='bbox 867 2166 915 2194; x_wconf 88' lang='lat' dir='ltr'><strong>per</strong></span> 
     </span>
    </p>
   </div>
   <div class='ocr_carea' id='block_1_47' title="bbox 127 2200 912 2238">
    <p class='ocr_par' dir='ltr' id='par_1_47' title="bbox 127 2200 912 2238">
     <span class='ocr_line' id='line_1_47' title="bbox 127 2200 912 2238; baseline 0.006 -13"><span class='ocrx_word' id='word_1_305' title='bbox 127 2200 265 2234; x_wconf 74' lang='lat' dir='ltr'><strong>Virginem</strong></span> <span class='ocrx_word' id='word_1_306' title='bbox 282 2200 422 2232; x_wconf 82' lang='lat' dir='ltr'><strong>habuisse,</strong></span> <span class='ocrx_word' id='word_1_307' title='bbox 439 2209 490 2227; x_wconf 88' lang='lat' dir='ltr'><strong>nec</strong></span> <span class='ocrx_word' id='word_1_308' title='bbox 503 2201 623 2228; x_wconf 68' lang='lat' dir='ltr'><strong>humana</strong></span> <span class='ocrx_word' id='word_1_309' title='bbox 654 2210 688 2229; x_wconf 80' lang='lat' dir='ltr'><strong>ex</strong></span> <span class='ocrx_word' id='word_1_310' title='bbox 709 2207 808 2230; x_wconf 86' lang='lat' dir='ltr'><strong>natura</strong></span> <span class='ocrx_word' id='word_1_311' title='bbox 834 2205 912 2238; x_wconf 87' lang='lat' dir='ltr'><strong>quid-</strong></span> 
     </span>
    </p>
   </div>
   <div class='ocr_carea' id='block_1_48' title="bbox 128 2245 596 2279">
    <p class='ocr_par' dir='ltr' id='par_1_48' title="bbox 128 2245 596 2279">
     <span class='ocr_line' id='line_1_48' title="bbox 128 2245 596 2279; baseline 0.006 -9"><span class='ocrx_word' id='word_1_312' title='bbox 128 2252 209 2279; x_wconf 78' lang='lat' dir='ltr'><strong>quam</strong></span> <span class='ocrx_word' id='word_1_313' title='bbox 221 2245 398 2279; x_wconf 75' lang='lat' dir='ltr'><strong>assumpsiJse</strong></span> <span class='ocrx_word' id='word_1_314' title='bbox 409 2246 596 2273; x_wconf 79' lang='lat' dir='ltr'><strong>fabulabatur.</strong></span> 
     </span>
    </p>
   </div>
   <div class='ocr_carea' id='block_1_49' title="bbox 161 2291 915 2330">
    <p class='ocr_par' dir='ltr' id='par_1_49' title="bbox 161 2291 915 2330">
     <span class='ocr_line' id='line_1_49' title="bbox 161 2291 915 2330; baseline 0.005 -12"><span class='ocrx_word' id='word_1_315' title='bbox 161 2292 188 2318; x_wconf 82' lang='lat'><strong>‘2.</strong></span> <span class='ocrx_word' id='word_1_316' title='bbox 203 2291 335 2319; x_wconf 82' lang='lat' dir='ltr'><strong>Basilides</strong></span> <span class='ocrx_word' id='word_1_317' title='bbox 365 2293 461 2319; x_wconf 80' lang='lat' dir='ltr'><strong>eodem</strong></span> <span class='ocrx_word' id='word_1_318' title='bbox 490 2295 582 2326; x_wconf 91' lang='lat' dir='ltr'><strong>modo,</strong></span> <span class='ocrx_word' id='word_1_319' title='bbox 600 2294 683 2321; x_wconf 89' lang='lat' dir='ltr'><strong>alium</strong></span> <span class='ocrx_word' id='word_1_320' title='bbox 711 2303 821 2330; x_wconf 84' lang='lat' dir='ltr'><strong>quoque</strong></span> <span class='ocrx_word' id='word_1_321' title='bbox 835 2295 915 2324; x_wconf 88' lang='lat' dir='ltr'><strong>Chri-</strong></span> 
     </span>
    </p>
   </div>
   <div class='ocr_carea' id='block_1_50' title="bbox 128 2338 914 2376">
    <p class='ocr_par' dir='ltr' id='par_1_50' title="bbox 128 2338 914 2376">
     <span class='ocr_line' id='line_1_50' title="bbox 128 2338 914 2376; baseline 0.006 -12"><span class='ocrx_word' id='word_1_322' title='bbox 128 2342 213 2370; x_wconf 86' lang='lat' dir='ltr'><strong>stum,</strong></span> <span class='ocrx_word' id='word_1_323' title='bbox 232 2338 306 2365; x_wconf 82' lang='lat' dir='ltr'><strong>aliud</strong></span> <span class='ocrx_word' id='word_1_324' title='bbox 322 2338 451 2371; x_wconf 85' lang='lat' dir='ltr'><strong>Verbum,</strong></span> <span class='ocrx_word' id='word_1_325' title='bbox 465 2339 545 2366; x_wconf 89' lang='lat' dir='ltr'><strong>aliam</strong></span> <span class='ocrx_word' id='word_1_326' title='bbox 555 2340 674 2375; x_wconf 84' lang='lat' dir='ltr'><strong>denique</strong></span> <span class='ocrx_word' id='word_1_327' title='bbox 684 2341 852 2376; x_wconf 77' lang='lat' dir='ltr'><strong>Sapientiam</strong></span> <span class='ocrx_word' id='word_1_328' title='bbox 871 2341 914 2370; x_wconf 87' lang='lat' dir='ltr'><strong>di-</strong></span> 
     </span>
    </p>
   </div>
   <div class='ocr_carea' id='block_1_51' title="bbox 129 2384 216 2410">
    <p class='ocr_par' dir='ltr' id='par_1_51' title="bbox 129 2384 216 2410">
     <span class='ocr_line' id='line_1_51' title="bbox 129 2384 216 2410; baseline 0.011 -1"><span class='ocrx_word' id='word_1_329' title='bbox 129 2384 216 2410; x_wconf 69' lang='lat' dir='ltr'><strong>Cuiml.</strong></span> 
     </span>
    </p>
   </div>
   <div class='ocr_carea' id='block_1_52' title="bbox 165 2430 914 2468">
    <p class='ocr_par' dir='ltr' id='par_1_52' title="bbox 165 2430 914 2468">
     <span class='ocr_line' id='line_1_52' title="bbox 165 2430 914 2468; baseline 0.008 -13"><span class='ocrx_word' id='word_1_330' title='bbox 165 2430 190 2455; x_wconf 75' lang='lat'><strong>5.</strong></span> <span class='ocrx_word' id='word_1_331' title='bbox 205 2430 303 2462; x_wconf 78' lang='lat' dir='ltr'><strong>Cerdo,</strong></span> <span class='ocrx_word' id='word_1_332' title='bbox 314 2431 425 2465; x_wconf 82' lang='lat' dir='ltr'><strong>Marcio,</strong></span> <span class='ocrx_word' id='word_1_333' title='bbox 442 2436 470 2459; x_wconf 85' lang='lat' dir='ltr'><strong>et</strong></span> <span class='ocrx_word' id='word_1_334' title='bbox 482 2433 575 2460; x_wconf 81' lang='lat' dir='ltr'><strong>Manes</strong></span> <span class='ocrx_word' id='word_1_335' title='bbox 585 2433 724 2460; x_wconf 85' lang='lat' dir='ltr'><strong>Christum</strong></span> <span class='ocrx_word' id='word_1_336' title='bbox 741 2434 850 2468; x_wconf 82' lang='lat' dir='ltr'><strong>quidem</strong></span> <span class='ocrx_word' id='word_1_337' title='bbox 866 2435 914 2461; x_wconf 91' lang='lat' dir='ltr'><strong>ho-</strong></span> 
     </span>
    </p>
   </div>
   <div class='ocr_carea' id='block_1_53' title="bbox 130 2476 915 2512">
    <p class='ocr_par' dir='ltr' id='par_1_53' title="bbox 130 2476 915 2512">
     <span class='ocr_line' id='line_1_53' title="bbox 130 2476 915 2512; baseline 0.008 -10"><span class='ocrx_word' id='word_1_338' title='bbox 130 2476 324 2503; x_wconf 85' lang='lat' dir='ltr'><strong>ininisimilem</strong></span> <span class='ocrx_word' id='word_1_339' title='bbox 339 2478 511 2512; x_wconf 84' lang='lat' dir='ltr'><strong>apparuisse,</strong></span> <span class='ocrx_word' id='word_1_340' title='bbox 531 2478 747 2507; x_wconf 86' lang='lat' dir='ltr'><strong>humanitamen</strong></span> <span class='ocrx_word' id='word_1_341' title='bbox 772 2480 843 2508; x_wconf 91' lang='lat' dir='ltr'><strong>nihil</strong></span> <span class='ocrx_word' id='word_1_342' title='bbox 865 2479 915 2508; x_wconf 81' lang='lat' dir='ltr'><strong>ha-</strong></span> 
     </span>
    </p>
   </div>
   <div class='ocr_carea' id='block_1_54' title="bbox 130 2521 378 2550">
    <p class='ocr_par' dir='ltr' id='par_1_54' title="bbox 130 2521 378 2550">
     <span class='ocr_line' id='line_1_54' title="bbox 130 2521 378 2550; baseline 0.008 -3"><span class='ocrx_word' id='word_1_343' title='bbox 130 2521 224 2548; x_wconf 86' lang='lat' dir='ltr'><strong>buisse</strong></span> <span class='ocrx_word' id='word_1_344' title='bbox 239 2521 378 2550; x_wconf 86' lang='lat' dir='ltr'><strong>(licebant.</strong></span> 
     </span>
    </p>
   </div>
   <div class='ocr_carea' id='block_1_55' title="bbox 165 2566 917 2606">
    <p class='ocr_par' dir='ltr' id='par_1_55' title="bbox 165 2566 917 2606">
     <span class='ocr_line' id='line_1_55' title="bbox 165 2566 917 2606; baseline 0.008 -14"><span class='ocrx_word' id='word_1_345' title='bbox 165 2567 182 2594; x_wconf 78' lang='grc'><strong>4</strong></span> <span class='ocrx_word' id='word_1_346' title='bbox 203 2566 352 2594; x_wconf 84' lang='lat' dir='ltr'><strong>Cerinthns</strong></span> <span class='ocrx_word' id='word_1_347' title='bbox 367 2569 461 2596; x_wconf 85' lang='lat' dir='ltr'><strong>Jesum</strong></span> <span class='ocrx_word' id='word_1_348' title='bbox 476 2578 508 2597; x_wconf 86' lang='lat' dir='ltr'><strong>ex</strong></span> <span class='ocrx_word' id='word_1_349' title='bbox 524 2571 644 2606; x_wconf 85' lang='lat' dir='ltr'><strong>Josepho</strong></span> <span class='ocrx_word' id='word_1_350' title='bbox 660 2577 687 2599; x_wconf 91' lang='lat' dir='ltr'><strong>et</strong></span> <span class='ocrx_word' id='word_1_351' title='bbox 712 2572 796 2600; x_wconf 81' lang='lat' dir='ltr'><strong>Maria</strong></span> <span class='ocrx_word' id='word_1_352' title='bbox 819 2580 917 2600; x_wconf 90' lang='lat' dir='ltr'><strong>secun-</strong></span> 
     </span>
    </p>
   </div>
   <div class='ocr_carea' id='block_1_56' title="bbox 130 2612 915 2653">
    <p class='ocr_par' dir='ltr' id='par_1_56' title="bbox 130 2612 915 2653">
     <span class='ocr_line' id='line_1_56' title="bbox 130 2612 915 2653; baseline 0.011 -16"><span class='ocrx_word' id='word_1_353' title='bbox 130 2612 193 2638; x_wconf 87' lang='lat' dir='ltr'><strong>dum</strong></span> <span class='ocrx_word' id='word_1_354' title='bbox 218 2620 391 2641; x_wconf 89' lang='lat' dir='ltr'><strong>communem</strong></span> <span class='ocrx_word' id='word_1_355' title='bbox 418 2615 559 2643; x_wconf 88' lang='lat' dir='ltr'><strong>hominum</strong></span> <span class='ocrx_word' id='word_1_356' title='bbox 596 2619 683 2653; x_wconf 80' lang='lat' dir='ltr'><strong>legem</strong></span> <span class='ocrx_word' id='word_1_357' title='bbox 709 2623 803 2645; x_wconf 90' lang='lat' dir='ltr'><strong>natum</strong></span> <span class='ocrx_word' id='word_1_358' title='bbox 844 2626 915 2650; x_wconf 84' lang='lat' dir='ltr'><strong>esse,</strong></span> 
     </span>
    </p>
   </div>
   <div class='ocr_carea' id='block_1_57' title="bbox 130 2658 844 2692">
    <p class='ocr_par' dir='ltr' id='par_1_57' title="bbox 130 2658 844 2692">
     <span class='ocr_line' id='line_1_57' title="bbox 130 2658 844 2692; baseline 0.008 -7"><span class='ocrx_word' id='word_1_359' title='bbox 130 2658 269 2685; x_wconf 67' lang='lat' dir='ltr'><strong>Christum</strong></span> <span class='ocrx_word' id='word_1_360' title='bbox 281 2664 370 2686; x_wconf 85' lang='lat' dir='ltr'><strong>autem</strong></span> <span class='ocrx_word' id='word_1_361' title='bbox 383 2661 492 2689; x_wconf 70' lang='lat' dir='ltr'><strong>caelitus</strong></span> <span class='ocrx_word' id='word_1_362' title='bbox 508 2662 533 2689; x_wconf 91' lang='lat' dir='ltr'><strong>in</strong></span> <span class='ocrx_word' id='word_1_363' title='bbox 548 2663 639 2690; x_wconf 81' lang='lat' dir='ltr'><strong>Jesum</strong></span> <span class='ocrx_word' id='word_1_364' title='bbox 657 2664 844 2692; x_wconf 82' lang='lat' dir='ltr'><strong>descendisse.</strong></span> 
     </span>
    </p>
   </div>
   <div class='ocr_carea' id='block_1_58' title="bbox 168 2704 916 2742">
    <p class='ocr_par' dir='ltr' id='par_1_58' title="bbox 168 2704 916 2742">
     <span class='ocr_line' id='line_1_58' title="bbox 168 2704 916 2742; baseline 0.009 -12"><span class='ocrx_word' id='word_1_365' title='bbox 168 2704 193 2731; x_wconf 74' lang='lat'><strong>5.</strong></span> <span class='ocrx_word' id='word_1_366' title='bbox 211 2705 332 2732; x_wconf 74' lang='lat' dir='ltr'><strong>Ebionzel</strong></span> <span class='ocrx_word' id='word_1_367' title='bbox 358 2712 462 2740; x_wconf 84' lang='lat' dir='ltr'><strong>autem,</strong></span> <span class='ocrx_word' id='word_1_368' title='bbox 497 2708 691 2742; x_wconf 85' lang='lat' dir='ltr'><strong>Theodotiani,</strong></span> <span class='ocrx_word' id='word_1_369' title='bbox 715 2710 916 2742; x_wconf 85' lang='lat' dir='ltr'><strong>Artemoniani,</strong></span> 
     </span>
    </p>
   </div>
   <div class='ocr_carea' id='block_1_59' title="bbox 132 2749 918 2790">
    <p class='ocr_par' dir='ltr' id='par_1_59' title="bbox 132 2749 918 2790">
     <span class='ocr_line' id='line_1_59' title="bbox 132 2749 918 2790; baseline 0.01 -16"><span class='ocrx_word' id='word_1_370' title='bbox 132 2753 158 2774; x_wconf 85' lang='lat' dir='ltr'><strong>et</strong></span> <span class='ocrx_word' id='word_1_371' title='bbox 171 2749 339 2781; x_wconf 83' lang='lat' dir='ltr'><strong>Photiniani,</strong></span> <span class='ocrx_word' id='word_1_372' title='bbox 360 2751 501 2779; x_wconf 75' lang='lat' dir='ltr'><strong>Christum</strong></span> <span class='ocrx_word' id='word_1_373' title='bbox 535 2754 677 2782; x_wconf 87' lang='lat' dir='ltr'><strong>nudumct</strong></span> <span class='ocrx_word' id='word_1_374' title='bbox 694 2755 847 2790; x_wconf 86' lang='lat' dir='ltr'><strong>simplicem</strong></span> <span class='ocrx_word' id='word_1_375' title='bbox 868 2755 918 2782; x_wconf 87' lang='lat' dir='ltr'><strong>ho-</strong></span> 
     </span>
    </p>
   </div>
   <div class='ocr_carea' id='block_1_60' title="bbox 133 2795 792 2834">
    <p class='ocr_par' dir='ltr' id='par_1_60' title="bbox 133 2795 792 2834">
     <span class='ocr_line' id='line_1_60' title="bbox 133 2795 792 2834; baseline 0.014 -14"><span class='ocrx_word' id='word_1_376' title='bbox 133 2795 234 2822; x_wconf 86' lang='lat' dir='ltr'><strong>minem</strong></span> <span class='ocrx_word' id='word_1_377' title='bbox 252 2803 286 2823; x_wconf 75' lang='lat' dir='ltr'><strong>ex</strong></span> <span class='ocrx_word' id='word_1_378' title='bbox 300 2803 393 2825; x_wconf 85' lang='lat' dir='ltr'><strong>sancta</strong></span> <span class='ocrx_word' id='word_1_379' title='bbox 409 2798 517 2834; x_wconf 75' lang='lat' dir='ltr'><strong>Virgine</strong></span> <span class='ocrx_word' id='word_1_380' title='bbox 531 2805 626 2828; x_wconf 81' lang='lat' dir='ltr'><strong>natum</strong></span> <span class='ocrx_word' id='word_1_381' title='bbox 653 2801 792 2829; x_wconf 86' lang='lat' dir='ltr'><strong>dicebant.</strong></span> 
     </span>
    </p>
   </div>
   <div class='ocr_carea' id='block_1_61' title="bbox 143 2851 724 2913">
    <p class='ocr_par' dir='ltr' id='par_1_61' title="bbox 143 2851 724 2913">
     <span class='ocr_line' id='line_1_61' title="bbox 143 2851 724 2913; baseline 0.015 -36"><span class='ocrx_word' id='word_1_382' title='bbox 143 2851 302 2913; x_wconf 54' lang='lat' dir='ltr'><strong>&quot;&quot;Jiatth.</strong></span> <span class='ocrx_word' id='word_1_383' title='bbox 320 2863 380 2889; x_wconf 76' lang='lat' dir='ltr'><strong>xm,</strong></span> <span class='ocrx_word' id='word_1_384' title='bbox 397 2855 442 2884; x_wconf 68' lang='grc'><strong>45.</strong></span> <span class='ocrx_word' id='word_1_385' title='bbox 482 2857 504 2873; x_wconf 72' lang='grc'><strong>⁷⁸</strong></span> <span class='ocrx_word' id='word_1_386' title='bbox 520 2857 615 2885; x_wconf 78' lang='lat' dir='ltr'><strong>Matth.</strong></span> <span class='ocrx_word' id='word_1_387' title='bbox 647 2866 665 2892; x_wconf 88' lang='lat' dir='ltr'><strong>t,</strong></span> <span class='ocrx_word' id='word_1_388' title='bbox 680 2860 724 2886; x_wconf 72' lang='grc'><strong>21.</strong></span> 
     </span>
     <span class='ocr_line' id='line_1_62' title="bbox 166 2896 212 2913; baseline 0 0"><span class='ocrx_word' id='word_1_389' title='bbox 166 2909 171 2913; x_wconf 91' lang='grc'>.</span> <span class='ocrx_word' id='word_1_390' title='bbox 191 2896 212 2913; x_wconf 73' lang='grc'><strong>1.</strong></span> 
     </span>
    </p>
   </div>
   <div class='ocr_carea' id='block_1_62' title="bbox 133 2896 212 2918">
    <p class='ocr_par' dir='ltr' id='par_1_62' title="bbox 133 2896 212 2918">
     <span class='ocr_line' id='line_1_63' title="bbox 133 2896 212 2918; baseline 0.013 -3"><span class='ocrx_word' id='word_1_391' title='bbox 133 2896 171 2918; x_wconf 90' lang='grc'><strong>111,</strong></span> <span class='ocrx_word' id='word_1_392' title='bbox 191 2896 212 2916; x_wconf 70' lang='grc'><strong>1.</strong></span> 
     </span>
    </p>
   </div>
   <div class='ocr_carea' id='block_1_63' title="bbox 764 2858 1012 2887">
    <p class='ocr_par' dir='ltr' id='par_1_63' title="bbox 764 2858 1012 2887">
     <span class='ocr_line' id='line_1_64' title="bbox 764 2858 1012 2887; baseline -0.012 0"><span class='ocrx_word' id='word_1_393' title='bbox 764 2861 785 2877; x_wconf 65' lang='grc'><strong>⁷⁸</strong></span> <span class='ocrx_word' id='word_1_394' title='bbox 800 2860 870 2887; x_wconf 78' lang='lat' dir='ltr'><strong>Psal.</strong></span> <span class='ocrx_word' id='word_1_395' title='bbox 900 2866 971 2887; x_wconf 73' lang='lat' dir='ltr'><strong>xuv.</strong></span> <span class='ocrx_word' id='word_1_396' title='bbox 987 2858 1012 2884; x_wconf 83' lang='lat'><strong>8-</strong></span> 
     </span>
    </p>
   </div>
   <div class='ocr_carea' id='block_1_64' title="bbox 954 270 1738 308">
    <p class='ocr_par' dir='ltr' id='par_1_64' title="bbox 954 270 1738 308">
     <span class='ocr_line' id='line_1_65' title="bbox 954 270 1738 308; baseline 0.006 -12"><span class='ocrx_word' id='word_1_397' title='bbox 954 275 1093 304; x_wconf 87' lang='lat' dir='ltr'><strong>sumptum</strong></span> <span class='ocrx_word' id='word_1_398' title='bbox 1121 270 1214 303; x_wconf 89' lang='lat' dir='ltr'><strong>fuisse,</strong></span> <span class='ocrx_word' id='word_1_399' title='bbox 1233 270 1403 298; x_wconf 87' lang='lat' dir='ltr'><strong>divinitatem</strong></span> <span class='ocrx_word' id='word_1_400' title='bbox 1428 278 1493 298; x_wconf 86' lang='lat' dir='ltr'><strong>vero</strong></span> <span class='ocrx_word' id='word_1_401' title='bbox 1521 271 1618 299; x_wconf 78' lang='lat' dir='ltr'><strong>animae</strong></span> <span class='ocrx_word' id='word_1_402' title='bbox 1646 280 1738 308; x_wconf 82' lang='lat' dir='ltr'><strong>partes</strong></span> 
     </span>
    </p>
   </div>
   <div class='ocr_carea' id='block_1_65' title="bbox 953 316 1134 351">
    <p class='ocr_par' dir='ltr' id='par_1_65' title="bbox 953 316 1134 351">
     <span class='ocr_line' id='line_1_66' title="bbox 953 316 1134 351; baseline -0.006 -8"><span class='ocrx_word' id='word_1_403' title='bbox 953 316 1134 351; x_wconf 87' lang='lat' dir='ltr'><strong>supplevisse.</strong></span> 
     </span>
    </p>
   </div>
   <div class='ocr_carea' id='block_1_66' title="bbox 989 361 1740 399">
    <p class='ocr_par' dir='ltr' id='par_1_66' title="bbox 989 361 1740 399">
     <span class='ocr_line' id='line_1_67' title="bbox 989 361 1740 399; baseline 0.008 -11"><span class='ocrx_word' id='word_1_404' title='bbox 989 362 1015 388; x_wconf 88' lang='lat'><strong>7.</strong></span> <span class='ocrx_word' id='word_1_405' title='bbox 1030 361 1213 396; x_wconf 83' lang='lat' dir='ltr'><strong>Apollinarius</strong></span> <span class='ocrx_word' id='word_1_406' title='bbox 1229 362 1347 397; x_wconf 89' lang='lat' dir='ltr'><strong>denique</strong></span> <span class='ocrx_word' id='word_1_407' title='bbox 1362 363 1512 390; x_wconf 85' lang='lat' dir='ltr'><strong>animatum</strong></span> <span class='ocrx_word' id='word_1_408' title='bbox 1530 364 1643 399; x_wconf 90' lang='lat' dir='ltr'><strong>quidem</strong></span> <span class='ocrx_word' id='word_1_409' title='bbox 1678 374 1740 394; x_wconf 87' lang='lat' dir='ltr'><strong>esse</strong></span> 
     </span>
    </p>
   </div>
   <div class='ocr_carea' id='block_1_67' title="bbox 954 407 1741 442">
    <p class='ocr_par' dir='ltr' id='par_1_67' title="bbox 954 407 1741 442">
     <span class='ocr_line' id='line_1_68' title="bbox 954 407 1741 442; baseline 0.005 -7"><span class='ocrx_word' id='word_1_410' title='bbox 954 407 1108 435; x_wconf 83' lang='lat' dir='ltr'><strong>Servatoris</strong></span> <span class='ocrx_word' id='word_1_411' title='bbox 1121 416 1221 442; x_wconf 88' lang='lat' dir='ltr'><strong>corpus</strong></span> <span class='ocrx_word' id='word_1_412' title='bbox 1243 409 1346 441; x_wconf 84' lang='lat' dir='ltr'><strong>aiebat,</strong></span> <span class='ocrx_word' id='word_1_413' title='bbox 1380 414 1408 436; x_wconf 85' lang='lat' dir='ltr'><strong>at</strong></span> <span class='ocrx_word' id='word_1_414' title='bbox 1424 418 1478 437; x_wconf 92' lang='lat' dir='ltr'><strong>non</strong></span> <span class='ocrx_word' id='word_1_415' title='bbox 1508 411 1599 437; x_wconf 83' lang='lat' dir='ltr'><strong>anima</strong></span> <span class='ocrx_word' id='word_1_416' title='bbox 1628 412 1741 440; x_wconf 87' lang='lat' dir='ltr'><strong>rationis</strong></span> 
     </span>
    </p>
   </div>
   <div class='ocr_carea' id='block_1_68' title="bbox 954 453 1738 492">
    <p class='ocr_par' dir='ltr' id='par_1_68' title="bbox 954 453 1738 492">
     <span class='ocr_line' id='line_1_69' title="bbox 954 453 1738 492; baseline 0.005 -12"><span class='ocrx_word' id='word_1_417' title='bbox 954 454 1087 489; x_wconf 87' lang='lat' dir='ltr'><strong>participe</strong></span> <span class='ocrx_word' id='word_1_418' title='bbox 1103 462 1111 482; x_wconf 85' lang='lat'><strong>:</strong></span> <span class='ocrx_word' id='word_1_419' title='bbox 1129 453 1266 488; x_wconf 71' lang='lat' dir='ltr'><strong>superflua</strong></span> <span class='ocrx_word' id='word_1_420' title='bbox 1279 455 1351 481; x_wconf 90' lang='lat' dir='ltr'><strong>enim</strong></span> <span class='ocrx_word' id='word_1_421' title='bbox 1366 454 1462 482; x_wconf 88' lang='lat' dir='ltr'><strong>fuisset</strong></span> <span class='ocrx_word' id='word_1_422' title='bbox 1473 463 1560 489; x_wconf 88' lang='lat' dir='ltr'><strong>mens,</strong></span> <span class='ocrx_word' id='word_1_423' title='bbox 1574 456 1663 492; x_wconf 87' lang='lat' dir='ltr'><strong>inquit</strong></span> <span class='ocrx_word' id='word_1_424' title='bbox 1682 457 1738 490; x_wconf 85' lang='lat' dir='ltr'><strong>ille,</strong></span> 
     </span>
    </p>
   </div>
   <div class='ocr_carea' id='block_1_69' title="bbox 954 500 1203 536">
    <p class='ocr_par' dir='ltr' id='par_1_69' title="bbox 954 500 1203 536">
     <span class='ocr_line' id='line_1_70' title="bbox 954 500 1203 536; baseline 0.004 -9"><span class='ocrx_word' id='word_1_425' title='bbox 954 500 1044 528; x_wconf 91' lang='lat' dir='ltr'><strong>Verbo</strong></span> <span class='ocrx_word' id='word_1_426' title='bbox 1060 506 1203 536; x_wconf 62' lang='lat' dir='ltr'><strong>praesente.</strong></span> 
     </span>
    </p>
   </div>
   <div class='ocr_carea' id='block_1_70' title="bbox 1271 570 1421 598">
    <p class='ocr_par' dir='ltr' id='par_1_70' title="bbox 1271 570 1421 598">
     <span class='ocr_line' id='line_1_71' title="bbox 1271 570 1421 598; baseline 0 0"><span class='ocrx_word' id='word_1_427' title='bbox 1271 570 1349 598; x_wconf 88' lang='lat' dir='ltr'><strong>CAP.</strong></span> <span class='ocrx_word' id='word_1_428' title='bbox 1362 570 1421 598; x_wconf 81' lang='lat' dir='ltr'><strong>XL.</strong></span> 
     </span>
    </p>
   </div>
   <div class='ocr_carea' id='block_1_71' title="bbox 1080 627 1617 664">
    <p class='ocr_par' dir='ltr' id='par_1_71' title="bbox 1080 627 1617 664">
     <span class='ocr_line' id='line_1_72' title="bbox 1080 627 1617 664; baseline 0.004 -9"><span class='ocrx_word' id='word_1_429' title='bbox 1080 627 1233 663; x_wconf 77' lang='lat' dir='ltr'><strong>Confutatio</strong></span> <span class='ocrx_word' id='word_1_430' title='bbox 1246 630 1449 664; x_wconf 65' lang='lat' dir='ltr'><strong>praecedentium</strong></span> <span class='ocrx_word' id='word_1_431' title='bbox 1473 631 1617 658; x_wconf 76' lang='lat' dir='ltr'><strong>hrrreseon.</strong></span> 
     </span>
    </p>
   </div>
   <div class='ocr_carea' id='block_1_72' title="bbox 991 685 1744 721">
    <p class='ocr_par' dir='ltr' id='par_1_72' title="bbox 991 685 1744 721">
     <span class='ocr_line' id='line_1_73' title="bbox 991 685 1744 721; baseline 0.004 -10"><span class='ocrx_word' id='word_1_432' title='bbox 991 685 1124 712; x_wconf 62' lang='lat' dir='ltr'><strong>Caeterum</strong></span> <span class='ocrx_word' id='word_1_433' title='bbox 1140 685 1198 712; x_wconf 73' lang='lat' dir='ltr'><strong>hanc</strong></span> <span class='ocrx_word' id='word_1_434' title='bbox 1219 685 1366 712; x_wconf 87' lang='lat' dir='ltr'><strong>multarum</strong></span> <span class='ocrx_word' id='word_1_435' title='bbox 1382 686 1523 713; x_wconf 70' lang='lat' dir='ltr'><strong>limreseon</strong></span> <span class='ocrx_word' id='word_1_436' title='bbox 1551 687 1677 721; x_wconf 80' lang='lat' dir='ltr'><strong>dogmata</strong></span> <span class='ocrx_word' id='word_1_437' title='bbox 1702 686 1744 714; x_wconf 86' lang='lat' dir='ltr'><strong>vi-</strong></span> 
     </span>
    </p>
   </div>
   <div class='ocr_carea' id='block_1_73' title="bbox 955 731 1741 760">
    <p class='ocr_par' dir='ltr' id='par_1_73' title="bbox 955 731 1741 760">
     <span class='ocr_line' id='line_1_74' title="bbox 955 731 1741 760; baseline 0.001 -2"><span class='ocrx_word' id='word_1_438' title='bbox 955 738 1016 758; x_wconf 81' lang='lat' dir='ltr'><strong>Sum</strong></span> <span class='ocrx_word' id='word_1_439' title='bbox 1043 735 1084 758; x_wconf 88' lang='lat' dir='ltr'><strong>est</strong></span> <span class='ocrx_word' id='word_1_440' title='bbox 1111 731 1268 760; x_wconf 80' lang='lat' dir='ltr'><strong>ascribere.</strong></span> <span class='ocrx_word' id='word_1_441' title='bbox 1301 735 1331 758; x_wconf 84' lang='lat' dir='ltr'><strong>ut</strong></span> <span class='ocrx_word' id='word_1_442' title='bbox 1358 731 1487 758; x_wconf 68' lang='lat' dir='ltr'><strong>Ecclesia:</strong></span> <span class='ocrx_word' id='word_1_443' title='bbox 1517 732 1658 758; x_wconf 79' lang='lat' dir='ltr'><strong>veritatem</strong></span> <span class='ocrx_word' id='word_1_444' title='bbox 1689 732 1741 759; x_wconf 90' lang='lat' dir='ltr'><strong>hoc</strong></span> 
     </span>
    </p>
   </div>
   <div class='ocr_carea' id='block_1_74' title="bbox 956 774 1742 811">
    <p class='ocr_par' dir='ltr' id='par_1_74' title="bbox 956 774 1742 811">
     <span class='ocr_line' id='line_1_75' title="bbox 956 774 1742 811; baseline 0.001 -9"><span class='ocrx_word' id='word_1_445' title='bbox 956 779 1036 810; x_wconf 87' lang='lat' dir='ltr'><strong>pacto</strong></span> <span class='ocrx_word' id='word_1_446' title='bbox 1049 774 1244 809; x_wconf 82' lang='lat' dir='ltr'><strong>patefacercm.</strong></span> <span class='ocrx_word' id='word_1_447' title='bbox 1272 775 1417 807; x_wconf 84' lang='lat' dir='ltr'><strong>Eumdem,</strong></span> <span class='ocrx_word' id='word_1_448' title='bbox 1452 777 1497 810; x_wconf 82' lang='lat' dir='ltr'><strong>qui</strong></span> <span class='ocrx_word' id='word_1_449' title='bbox 1515 776 1685 811; x_wconf 71' lang='lat' dir='ltr'><strong>Unigenitus,</strong></span> <span class='ocrx_word' id='word_1_450' title='bbox 1713 781 1742 803; x_wconf 82' lang='lat' dir='ltr'><strong>et</strong></span> 
     </span>
    </p>
   </div>
   <div class='ocr_carea' id='block_1_75' title="bbox 957 821 1742 854">
    <p class='ocr_par' dir='ltr' id='par_1_75' title="bbox 957 821 1742 854">
     <span class='ocr_line' id='line_1_76' title="bbox 957 821 1742 854; baseline 0 -6"><span class='ocrx_word' id='word_1_451' title='bbox 957 821 1029 848; x_wconf 86' lang='lat' dir='ltr'><strong>Deus</strong></span> <span class='ocrx_word' id='word_1_452' title='bbox 1047 821 1176 852; x_wconf 87' lang='lat' dir='ltr'><strong>Verbum,</strong></span> <span class='ocrx_word' id='word_1_453' title='bbox 1195 827 1220 848; x_wconf 89' lang='lat' dir='ltr'><strong>et</strong></span> <span class='ocrx_word' id='word_1_454' title='bbox 1237 821 1376 851; x_wconf 81' lang='lat' dir='ltr'><strong>Servatur,</strong></span> <span class='ocrx_word' id='word_1_455' title='bbox 1401 827 1428 848; x_wconf 89' lang='lat' dir='ltr'><strong>et</strong></span> <span class='ocrx_word' id='word_1_456' title='bbox 1447 822 1578 848; x_wconf 89' lang='lat' dir='ltr'><strong>Dominus</strong></span> <span class='ocrx_word' id='word_1_457' title='bbox 1593 821 1672 849; x_wconf 78' lang='lat' dir='ltr'><strong>Iesus</strong></span> <span class='ocrx_word' id='word_1_458' title='bbox 1689 827 1742 854; x_wconf 81' lang='lat' dir='ltr'><strong>est,</strong></span> 
     </span>
    </p>
   </div>
   <div class='ocr_carea' id='block_1_76' title="bbox 960 864 1746 893">
    <p class='ocr_par' dir='ltr' id='par_1_76' title="bbox 960 864 1746 893">
     <span class='ocr_line' id='line_1_77' title="bbox 960 864 1746 893; baseline -0.001 -1"><span class='ocrx_word' id='word_1_459' title='bbox 960 866 1196 893; x_wconf 79' lang='lat' dir='ltr'><strong>Eeclesia‘Filium</strong></span> <span class='ocrx_word' id='word_1_460' title='bbox 1210 866 1351 892; x_wconf 85' lang='lat' dir='ltr'><strong>nominat:</strong></span> <span class='ocrx_word' id='word_1_461' title='bbox 1365 865 1402 892; x_wconf 86' lang='lat' dir='ltr'><strong>ita</strong></span> <span class='ocrx_word' id='word_1_462' title='bbox 1417 871 1506 892; x_wconf 86' lang='lat' dir='ltr'><strong>tamen</strong></span> <span class='ocrx_word' id='word_1_463' title='bbox 1522 869 1551 892; x_wconf 81' lang='lat' dir='ltr'><strong>ut</strong></span> <span class='ocrx_word' id='word_1_464' title='bbox 1582 864 1668 891; x_wconf 82' lang='lat' dir='ltr'><strong>Filius</strong></span> <span class='ocrx_word' id='word_1_465' title='bbox 1680 866 1746 891; x_wconf 86' lang='lat' dir='ltr'><strong>Uni-</strong></span> 
     </span>
    </p>
   </div>
   <div class='ocr_carea' id='block_1_77' title="bbox 959 911 1745 947">
    <p class='ocr_par' dir='ltr' id='par_1_77' title="bbox 959 911 1745 947">
     <span class='ocr_line' id='line_1_78' title="bbox 959 911 1745 947; baseline -0.001 -8"><span class='ocrx_word' id='word_1_466' title='bbox 959 912 1078 947; x_wconf 80' lang='lat' dir='ltr'><strong>genitus,</strong></span> <span class='ocrx_word' id='word_1_467' title='bbox 1091 916 1119 939; x_wconf 92' lang='lat' dir='ltr'><strong>et</strong></span> <span class='ocrx_word' id='word_1_468' title='bbox 1132 912 1203 938; x_wconf 80' lang='lat' dir='ltr'><strong>Deus</strong></span> <span class='ocrx_word' id='word_1_469' title='bbox 1219 911 1350 942; x_wconf 81' lang='lat' dir='ltr'><strong>Verbum.</strong></span> <span class='ocrx_word' id='word_1_470' title='bbox 1363 915 1391 938; x_wconf 87' lang='lat' dir='ltr'><strong>et</strong></span> <span class='ocrx_word' id='word_1_471' title='bbox 1407 911 1549 943; x_wconf 83' lang='lat' dir='ltr'><strong>Dominus,</strong></span> <span class='ocrx_word' id='word_1_472' title='bbox 1578 911 1661 937; x_wconf 88' lang='lat' dir='ltr'><strong>etiam</strong></span> <span class='ocrx_word' id='word_1_473' title='bbox 1682 916 1745 938; x_wconf 86' lang='lat' dir='ltr'><strong>ante</strong></span> 
     </span>
    </p>
   </div>
   <div class='ocr_carea' id='block_1_78' title="bbox 959 956 1745 992">
    <p class='ocr_par' dir='ltr' id='par_1_78' title="bbox 959 956 1745 992">
     <span class='ocr_line' id='line_1_79' title="bbox 959 956 1745 992; baseline -0.003 -7"><span class='ocrx_word' id='word_1_474' title='bbox 959 965 1070 985; x_wconf 88' lang='lat' dir='ltr'><strong>carnem</strong></span> <span class='ocrx_word' id='word_1_475' title='bbox 1095 962 1262 992; x_wconf 83' lang='lat' dir='ltr'><strong>assumplam</strong></span> <span class='ocrx_word' id='word_1_476' title='bbox 1291 957 1382 984; x_wconf 89' lang='lat' dir='ltr'><strong>dictus</strong></span> <span class='ocrx_word' id='word_1_477' title='bbox 1412 958 1458 988; x_wconf 83' lang='lat' dir='ltr'><strong>sit,</strong></span> <span class='ocrx_word' id='word_1_478' title='bbox 1486 962 1568 991; x_wconf 89' lang='lat' dir='ltr'><strong>atque</strong></span> <span class='ocrx_word' id='word_1_479' title='bbox 1595 956 1745 984; x_wconf 73' lang='lat' dir='ltr'><strong>etiamnum</strong></span> 
     </span>
    </p>
   </div>
   <div class='ocr_carea' id='block_1_79' title="bbox 960 1002 1748 1038">
    <p class='ocr_par' dir='ltr' id='par_1_79' title="bbox 960 1002 1748 1038">
     <span class='ocr_line' id='line_1_80' title="bbox 960 1002 1748 1038; baseline -0.004 -6"><span class='ocrx_word' id='word_1_480' title='bbox 960 1011 1042 1032; x_wconf 88' lang='lat' dir='ltr'><strong>carne</strong></span> <span class='ocrx_word' id='word_1_481' title='bbox 1060 1008 1201 1038; x_wconf 85' lang='lat' dir='ltr'><strong>assumpta</strong></span> <span class='ocrx_word' id='word_1_482' title='bbox 1217 1003 1315 1030; x_wconf 87' lang='lat' dir='ltr'><strong>iisdem</strong></span> <span class='ocrx_word' id='word_1_483' title='bbox 1333 1002 1492 1030; x_wconf 82' lang='lat' dir='ltr'><strong>nominibus</strong></span> <span class='ocrx_word' id='word_1_484' title='bbox 1518 1002 1637 1029; x_wconf 87' lang='lat' dir='ltr'><strong>dicatur.</strong></span> <span class='ocrx_word' id='word_1_485' title='bbox 1667 1002 1748 1029; x_wconf 76' lang='lat' dir='ltr'><strong>lesus</strong></span> 
     </span>
    </p>
   </div>
   <div class='ocr_carea' id='block_1_80' title="bbox 959 1051 1747 1086">
    <p class='ocr_par' dir='ltr' id='par_1_80' title="bbox 959 1051 1747 1086">
     <span class='ocr_line' id='line_1_81' title="bbox 959 1051 1747 1086; baseline -0.001 -8"><span class='ocrx_word' id='word_1_486' title='bbox 959 1057 1049 1078; x_wconf 83' lang='lat' dir='ltr'><strong>autem</strong></span> <span class='ocrx_word' id='word_1_487' title='bbox 1066 1051 1192 1079; x_wconf 90' lang='lat' dir='ltr'><strong>Christus</strong></span> <span class='ocrx_word' id='word_1_488' title='bbox 1218 1056 1322 1078; x_wconf 90' lang='lat' dir='ltr'><strong>tantum</strong></span> <span class='ocrx_word' id='word_1_489' title='bbox 1346 1055 1408 1086; x_wconf 88' lang='lat' dir='ltr'><strong>post</strong></span> <span class='ocrx_word' id='word_1_490' title='bbox 1440 1058 1549 1077; x_wconf 88' lang='lat' dir='ltr'><strong>carnem</strong></span> <span class='ocrx_word' id='word_1_491' title='bbox 1580 1056 1747 1084; x_wconf 72' lang='lat' dir='ltr'><strong>assumptum</strong></span> 
     </span>
    </p>
   </div>
   <div class='ocr_carea' id='block_1_81' title="bbox 960 1096 1747 1131">
    <p class='ocr_par' dir='ltr' id='par_1_81' title="bbox 960 1096 1747 1131">
     <span class='ocr_line' id='line_1_82' title="bbox 960 1096 1747 1131; baseline 0 -7"><span class='ocrx_word' id='word_1_492' title='bbox 960 1098 1013 1125; x_wconf 91' lang='lat' dir='ltr'><strong>dici</strong></span> <span class='ocrx_word' id='word_1_493' title='bbox 1024 1098 1150 1131; x_wconf 64' lang='lat' dir='ltr'><strong>coeperit,</strong></span> <span class='ocrx_word' id='word_1_494' title='bbox 1161 1096 1319 1131; x_wconf 86' lang='lat' dir='ltr'><strong>hujusmodi</strong></span> <span class='ocrx_word' id='word_1_495' title='bbox 1335 1096 1538 1130; x_wconf 76' lang='lat' dir='ltr'><strong>nominalrebus</strong></span> <span class='ocrx_word' id='word_1_496' title='bbox 1552 1096 1585 1123; x_wconf 88' lang='lat' dir='ltr'><strong>ab</strong></span> <span class='ocrx_word' id='word_1_497' title='bbox 1602 1096 1667 1130; x_wconf 85' lang='lat' dir='ltr'><strong>ipsis</strong></span> <span class='ocrx_word' id='word_1_498' title='bbox 1679 1096 1747 1124; x_wconf 82' lang='lat' dir='ltr'><strong>ade-</strong></span> 
     </span>
    </p>
   </div>
   <div class='ocr_carea' id='block_1_82' title="bbox 960 1142 1748 1179">
    <p class='ocr_par' dir='ltr' id='par_1_82' title="bbox 960 1142 1748 1179">
     <span class='ocr_line' id='line_1_83' title="bbox 960 1142 1748 1179; baseline -0.001 -9"><span class='ocrx_word' id='word_1_499' title='bbox 960 1149 1031 1179; x_wconf 89' lang='lat' dir='ltr'><strong>ptus.</strong></span> <span class='ocrx_word' id='word_1_500' title='bbox 1047 1144 1126 1172; x_wconf 77' lang='lat' dir='ltr'><strong>Jesus</strong></span> <span class='ocrx_word' id='word_1_501' title='bbox 1135 1144 1208 1171; x_wconf 89' lang='lat' dir='ltr'><strong>enim</strong></span> <span class='ocrx_word' id='word_1_502' title='bbox 1223 1148 1351 1177; x_wconf 84' lang='lat' dir='ltr'><strong>tanquam</strong></span> <span class='ocrx_word' id='word_1_503' title='bbox 1378 1142 1507 1170; x_wconf 83' lang='lat' dir='ltr'><strong>Servator</strong></span> <span class='ocrx_word' id='word_1_504' title='bbox 1536 1143 1706 1175; x_wconf 86' lang='lat' dir='ltr'><strong>nominatur,</strong></span> <span class='ocrx_word' id='word_1_505' title='bbox 1719 1147 1748 1169; x_wconf 90' lang='lat' dir='ltr'><strong>et</strong></span> 
     </span>
    </p>
   </div>
   <div class='ocr_carea' id='block_1_83' title="bbox 960 1188 1750 1224">
    <p class='ocr_par' dir='ltr' id='par_1_83' title="bbox 960 1188 1750 1224">
     <span class='ocr_line' id='line_1_84' title="bbox 960 1188 1750 1224; baseline 0 -8"><span class='ocrx_word' id='word_1_506' title='bbox 960 1190 1108 1224; x_wconf 78' lang='lat' dir='ltr'><strong>exponitur</strong></span> <span class='ocrx_word' id='word_1_507' title='bbox 1122 1198 1129 1215; x_wconf 87' lang='lat'><strong>:</strong></span> <span class='ocrx_word' id='word_1_508' title='bbox 1143 1190 1222 1223; x_wconf 69' lang='lat' dir='ltr'><strong>cuius</strong></span> <span class='ocrx_word' id='word_1_509' title='bbox 1252 1188 1488 1222; x_wconf 83' lang='lat' dir='ltr'><strong>interpretationis</strong></span> <span class='ocrx_word' id='word_1_510' title='bbox 1503 1188 1612 1215; x_wconf 84' lang='lat' dir='ltr'><strong>Gabriel</strong></span> <span class='ocrx_word' id='word_1_511' title='bbox 1629 1189 1688 1223; x_wconf 84' lang='lat' dir='ltr'><strong>ipse</strong></span> <span class='ocrx_word' id='word_1_512' title='bbox 1710 1193 1750 1216; x_wconf 81' lang='lat' dir='ltr'><strong>te-</strong></span> 
     </span>
    </p>
   </div>
   <div class='ocr_carea' id='block_1_84' title="bbox 960 1234 1751 1270">
    <p class='ocr_par' dir='ltr' id='par_1_84' title="bbox 960 1234 1751 1270">
     <span class='ocr_line' id='line_1_85' title="bbox 960 1234 1751 1270; baseline -0.003 -8"><span class='ocrx_word' id='word_1_513' title='bbox 960 1237 1009 1263; x_wconf 90' lang='lat' dir='ltr'><strong>stis</strong></span> <span class='ocrx_word' id='word_1_514' title='bbox 1021 1240 1072 1267; x_wconf 80' lang='lat' dir='ltr'><strong>est,</strong></span> <span class='ocrx_word' id='word_1_515' title='bbox 1088 1243 1150 1262; x_wconf 90' lang='lat' dir='ltr'><strong>cum</strong></span> <span class='ocrx_word' id='word_1_516' title='bbox 1163 1235 1300 1270; x_wconf 73' lang='lat' dir='ltr'><strong>Virginem</strong></span> <span class='ocrx_word' id='word_1_517' title='bbox 1318 1235 1361 1261; x_wconf 88' lang='lat' dir='ltr'><strong>his</strong></span> <span class='ocrx_word' id='word_1_518' title='bbox 1375 1234 1467 1261; x_wconf 87' lang='lat' dir='ltr'><strong>verbis</strong></span> <span class='ocrx_word' id='word_1_519' title='bbox 1478 1234 1628 1269; x_wconf 86' lang='lat' dir='ltr'><strong>alloquitur</strong></span> <span class='ocrx_word' id='word_1_520' title='bbox 1642 1243 1648 1261; x_wconf 89' lang='lat'><strong>:</strong></span> <span class='ocrx_word' id='word_1_521' title='bbox 1671 1234 1751 1261; x_wconf 74' lang='lat' dir='ltr'><strong>Voca-</strong></span> 
     </span>
    </p>
   </div>
   <div class='ocr_carea' id='block_1_85' title="bbox 960 1279 1749 1316">
    <p class='ocr_par' dir='ltr' id='par_1_85' title="bbox 960 1279 1749 1316">
     <span class='ocr_line' id='line_1_86' title="bbox 960 1279 1749 1316; baseline 0 -9"><span class='ocrx_word' id='word_1_522' title='bbox 960 1281 996 1307; x_wconf 72' lang='lat' dir='ltr'><strong>bis</strong></span> <span class='ocrx_word' id='word_1_523' title='bbox 1025 1279 1118 1307; x_wconf 76' lang='lat' dir='ltr'><strong>nomen</strong></span> <span class='ocrx_word' id='word_1_524' title='bbox 1144 1281 1200 1316; x_wconf 71' lang='lat' dir='ltr'><strong>ejus</strong></span> <span class='ocrx_word' id='word_1_525' title='bbox 1219 1280 1318 1311; x_wconf 74' lang='lat' dir='ltr'><strong>Jesunt,</strong></span> <span class='ocrx_word' id='word_1_526' title='bbox 1339 1280 1463 1314; x_wconf 82' lang='lat' dir='ltr'><strong>quoniam</strong></span> <span class='ocrx_word' id='word_1_527' title='bbox 1484 1281 1538 1314; x_wconf 75' lang='lat' dir='ltr'><strong>ipse</strong></span> <span class='ocrx_word' id='word_1_528' title='bbox 1557 1281 1669 1307; x_wconf 74' lang='lat' dir='ltr'><strong>servabit</strong></span> <span class='ocrx_word' id='word_1_529' title='bbox 1702 1289 1749 1314; x_wconf 85' lang='lat' dir='ltr'><strong>po-</strong></span> 
     </span>
    </p>
   </div>
   <div class='ocr_carea' id='block_1_86' title="bbox 960 1326 1751 1361">
    <p class='ocr_par' dir='ltr' id='par_1_86' title="bbox 960 1326 1751 1361">
     <span class='ocr_line' id='line_1_87' title="bbox 960 1326 1751 1361; baseline 0.001 -9"><span class='ocrx_word' id='word_1_530' title='bbox 960 1326 1050 1361; x_wconf 81' lang='lat' dir='ltr'><strong>pulum</strong></span> <span class='ocrx_word' id='word_1_531' title='bbox 1060 1335 1135 1353; x_wconf 81' lang='lat' dir='ltr'><strong>suum</strong></span> <span class='ocrx_word' id='word_1_532' title='bbox 1163 1335 1179 1353; x_wconf 85' lang='lat' dir='ltr'><strong>a</strong></span> <span class='ocrx_word' id='word_1_533' title='bbox 1196 1327 1308 1361; x_wconf 76' lang='lat' dir='ltr'><strong>pecratis</strong></span> <span class='ocrx_word' id='word_1_534' title='bbox 1321 1334 1412 1353; x_wconf 83' lang='lat' dir='ltr'><strong>eorum</strong></span> <span class='ocrx_word' id='word_1_535' title='bbox 1426 1326 1461 1352; x_wconf 74' lang='grc'><strong>⁷³.</strong></span> <span class='ocrx_word' id='word_1_536' title='bbox 1476 1326 1577 1353; x_wconf 88' lang='lat' dir='ltr'><strong>Christi</strong></span> <span class='ocrx_word' id='word_1_537' title='bbox 1596 1331 1687 1352; x_wconf 85' lang='lat' dir='ltr'><strong>autem</strong></span> <span class='ocrx_word' id='word_1_538' title='bbox 1704 1333 1751 1353; x_wconf 86' lang='lat' dir='ltr'><strong>co-</strong></span> 
     </span>
    </p>
   </div>
   <div class='ocr_carea' id='block_1_87' title="bbox 960 1371 1750 1408">
    <p class='ocr_par' dir='ltr' id='par_1_87' title="bbox 960 1371 1750 1408">
     <span class='ocr_line' id='line_1_88' title="bbox 960 1371 1750 1408; baseline 0 -9"><span class='ocrx_word' id='word_1_539' title='bbox 960 1380 1076 1408; x_wconf 78' lang='lat' dir='ltr'><strong>gnomen</strong></span> <span class='ocrx_word' id='word_1_540' title='bbox 1091 1373 1206 1407; x_wconf 78' lang='lat' dir='ltr'><strong>accepit,</strong></span> <span class='ocrx_word' id='word_1_541' title='bbox 1223 1373 1257 1399; x_wconf 89' lang='lat' dir='ltr'><strong>ab</strong></span> <span class='ocrx_word' id='word_1_542' title='bbox 1278 1373 1409 1400; x_wconf 78' lang='lat' dir='ltr'><strong>unctione</strong></span> <span class='ocrx_word' id='word_1_543' title='bbox 1421 1372 1541 1406; x_wconf 87' lang='lat' dir='ltr'><strong>Spiritus</strong></span> <span class='ocrx_word' id='word_1_544' title='bbox 1560 1381 1566 1398; x_wconf 93' lang='lat'>:</span> <span class='ocrx_word' id='word_1_545' title='bbox 1586 1371 1750 1406; x_wconf 70' lang='lat' dir='ltr'><strong>hymnificus</strong></span> 
     </span>
    </p>
   </div>
   <div class='ocr_carea' id='block_1_88' title="bbox 960 1417 1750 1453">
    <p class='ocr_par' dir='ltr' id='par_1_88' title="bbox 960 1417 1750 1453">
     <span class='ocr_line' id='line_1_89' title="bbox 960 1417 1750 1453; baseline -0.003 -8"><span class='ocrx_word' id='word_1_546' title='bbox 960 1419 1032 1445; x_wconf 88' lang='lat' dir='ltr'><strong>cnim</strong></span> <span class='ocrx_word' id='word_1_547' title='bbox 1047 1417 1160 1445; x_wconf 84' lang='lat' dir='ltr'><strong>Davides</strong></span> <span class='ocrx_word' id='word_1_548' title='bbox 1169 1418 1221 1445; x_wconf 89' lang='lat' dir='ltr'><strong>ait:</strong></span> <span class='ocrx_word' id='word_1_549' title='bbox 1233 1418 1376 1453; x_wconf 73' lang='lat' dir='ltr'><strong>Propterea</strong></span> <span class='ocrx_word' id='word_1_550' title='bbox 1390 1418 1463 1444; x_wconf 69' lang='lat' dir='ltr'><strong>unxit</strong></span> <span class='ocrx_word' id='word_1_551' title='bbox 1474 1423 1497 1444; x_wconf 84' lang='lat' dir='ltr'><strong>te</strong></span> <span class='ocrx_word' id='word_1_552' title='bbox 1508 1418 1585 1449; x_wconf 62' lang='lat' dir='ltr'><strong>Deus,</strong></span> <span class='ocrx_word' id='word_1_553' title='bbox 1599 1417 1667 1444; x_wconf 71' lang='lat' dir='ltr'><strong>licus</strong></span> <span class='ocrx_word' id='word_1_554' title='bbox 1680 1423 1750 1449; x_wconf 85' lang='lat' dir='ltr'><strong>tuus,</strong></span> 
     </span>
    </p>
   </div>
   <div class='ocr_carea' id='block_1_89' title="bbox 961 1463 1751 1498">
    <p class='ocr_par' dir='ltr' id='par_1_89' title="bbox 961 1463 1751 1498">
     <span class='ocr_line' id='line_1_90' title="bbox 961 1463 1751 1498; baseline -0.001 -8"><span class='ocrx_word' id='word_1_555' title='bbox 961 1464 1128 1491; x_wconf 68' lang='lat' dir='ltr'><strong>oleolmtitiae</strong></span> <span class='ocrx_word' id='word_1_556' title='bbox 1159 1473 1214 1496; x_wconf 68' lang='grc' dir='ltr'><em>ιιι-αν</em></span> <span class='ocrx_word' id='word_1_557' title='bbox 1238 1464 1401 1491; x_wconf 71' lang='lat' dir='ltr'><strong>consortibus</strong></span> <span class='ocrx_word' id='word_1_558' title='bbox 1424 1464 1475 1490; x_wconf 77' lang='lat' dir='ltr'><strong>tuis</strong></span> <span class='ocrx_word' id='word_1_559' title='bbox 1491 1464 1524 1490; x_wconf 85' lang='lat'><strong>&quot;°.</strong></span> <span class='ocrx_word' id='word_1_560' title='bbox 1551 1463 1611 1498; x_wconf 86' lang='lat' dir='ltr'><strong>Ipse</strong></span> <span class='ocrx_word' id='word_1_561' title='bbox 1642 1471 1751 1497; x_wconf 76' lang='lat' dir='ltr'><strong>quoque</strong></span> 
     </span>
    </p>
   </div>
   <div class='ocr_carea' id='block_1_90' title="bbox 963 1509 1752 1545">
    <p class='ocr_par' dir='ltr' id='par_1_90' title="bbox 963 1509 1752 1545">
     <span class='ocr_line' id='line_1_91' title="bbox 963 1509 1752 1545; baseline -0.003 -8"><span class='ocrx_word' id='word_1_562' title='bbox 963 1511 1097 1538; x_wconf 89' lang='lat' dir='ltr'><strong>Dominus</strong></span> <span class='ocrx_word' id='word_1_563' title='bbox 1124 1518 1173 1545; x_wconf 87' lang='lat' dir='ltr'><strong>per</strong></span> <span class='ocrx_word' id='word_1_564' title='bbox 1194 1510 1359 1544; x_wconf 84' lang='lat' dir='ltr'><strong>Pmphetam</strong></span> <span class='ocrx_word' id='word_1_565' title='bbox 1381 1510 1491 1544; x_wconf 89' lang='lat' dir='ltr'><strong>inquit:</strong></span> <span class='ocrx_word' id='word_1_566' title='bbox 1515 1509 1631 1544; x_wconf 78' lang='lat' dir='ltr'><strong>Spiritus</strong></span> <span class='ocrx_word' id='word_1_567' title='bbox 1646 1509 1752 1536; x_wconf 83' lang='lat' dir='ltr'><strong>Domini</strong></span> 
     </span>
    </p>
   </div>
   <div class='ocr_carea' id='block_1_91' title="bbox 925 1555 1754 1592">
    <p class='ocr_par' dir='ltr' id='par_1_91' title="bbox 925 1555 1754 1592">
     <span class='ocr_line' id='line_1_92' title="bbox 925 1555 1754 1592; baseline -0.001 -10"><span class='ocrx_word' id='word_1_568' title='bbox 925 1564 945 1592; x_wconf 76' lang='grc' dir='ltr'>ο</span> <span class='ocrx_word' id='word_1_569' title='bbox 961 1564 1039 1591; x_wconf 83' lang='lat' dir='ltr'><strong>super</strong></span> <span class='ocrx_word' id='word_1_570' title='bbox 1052 1564 1102 1587; x_wconf 85' lang='lat' dir='ltr'><strong>me,</strong></span> <span class='ocrx_word' id='word_1_571' title='bbox 1115 1560 1275 1591; x_wconf 79' lang='lat' dir='ltr'><strong>quapropter</strong></span> <span class='ocrx_word' id='word_1_572' title='bbox 1289 1557 1362 1582; x_wconf 70' lang='lat' dir='ltr'><strong>unxit</strong></span> <span class='ocrx_word' id='word_1_573' title='bbox 1376 1564 1416 1582; x_wconf 80' lang='lat' dir='ltr'><strong>me</strong></span> <span class='ocrx_word' id='word_1_574' title='bbox 1427 1556 1461 1583; x_wconf 72' lang='grc' dir='ltr'><strong>⁸ο.</strong></span> <span class='ocrx_word' id='word_1_575' title='bbox 1478 1555 1517 1582; x_wconf 86' lang='lat' dir='ltr'><strong>Ita</strong></span> <span class='ocrx_word' id='word_1_576' title='bbox 1538 1560 1628 1582; x_wconf 87' lang='lat' dir='ltr'><strong>autem</strong></span> <span class='ocrx_word' id='word_1_577' title='bbox 1641 1556 1673 1582; x_wconf 88' lang='lat' dir='ltr'><strong>de</strong></span> <span class='ocrx_word' id='word_1_578' title='bbox 1691 1563 1754 1590; x_wconf 91' lang='lat' dir='ltr'><strong>pro-</strong></span> 
     </span>
    </p>
   </div>
   <div class='ocr_carea' id='block_1_92' title="bbox 968 1602 1753 1637">
    <p class='ocr_par' dir='ltr' id='par_1_92' title="bbox 968 1602 1753 1637">
     <span class='ocr_line' id='line_1_93' title="bbox 968 1602 1753 1637; baseline -0.001 -8"><span class='ocrx_word' id='word_1_579' title='bbox 968 1602 1062 1637; x_wconf 88' lang='lat' dir='ltr'><strong>phetia</strong></span> <span class='ocrx_word' id='word_1_580' title='bbox 1104 1603 1150 1629; x_wconf 85' lang='lat' dir='ltr'><strong>illa</strong></span> <span class='ocrx_word' id='word_1_581' title='bbox 1197 1602 1373 1630; x_wconf 86' lang='lat' dir='ltr'><strong>sentiendum</strong></span> <span class='ocrx_word' id='word_1_582' title='bbox 1419 1610 1480 1630; x_wconf 84' lang='lat' dir='ltr'><strong>esse</strong></span> <span class='ocrx_word' id='word_1_583' title='bbox 1527 1602 1658 1629; x_wconf 87' lang='lat' dir='ltr'><strong>Dominus</strong></span> <span class='ocrx_word' id='word_1_584' title='bbox 1696 1602 1753 1636; x_wconf 88' lang='lat' dir='ltr'><strong>ipse</strong></span> 
     </span>
    </p>
   </div>
   <div class='ocr_carea' id='block_1_93' title="bbox 962 1647 1770 1684">
    <p class='ocr_par' dir='ltr' id='par_1_93' title="bbox 962 1647 1770 1684">
     <span class='ocr_line' id='line_1_94' title="bbox 962 1647 1770 1684; baseline 0 -10"><span class='ocrx_word' id='word_1_585' title='bbox 962 1655 1014 1674; x_wconf 89' lang='lat' dir='ltr'><strong>nos</strong></span> <span class='ocrx_word' id='word_1_586' title='bbox 1042 1648 1146 1674; x_wconf 86' lang='lat' dir='ltr'><strong>docuit.</strong></span> <span class='ocrx_word' id='word_1_587' title='bbox 1180 1647 1322 1682; x_wconf 82' lang='lat' dir='ltr'><strong>Ingressus</strong></span> <span class='ocrx_word' id='word_1_588' title='bbox 1360 1649 1434 1676; x_wconf 90' lang='lat' dir='ltr'><strong>enim</strong></span> <span class='ocrx_word' id='word_1_589' title='bbox 1469 1656 1652 1684; x_wconf 78' lang='lat' dir='ltr'><strong>synagogam,</strong></span> <span class='ocrx_word' id='word_1_590' title='bbox 1683 1647 1770 1683; x_wconf 39' lang='lat' dir='ltr'><strong>libro‘</strong></span> 
     </span>
    </p>
   </div>
   <div class='ocr_carea' id='block_1_94' title="bbox 965 1694 1755 1729">
    <p class='ocr_par' dir='ltr' id='par_1_94' title="bbox 965 1694 1755 1729">
     <span class='ocr_line' id='line_1_95' title="bbox 965 1694 1755 1729; baseline -0.001 -9"><span class='ocrx_word' id='word_1_591' title='bbox 965 1702 1019 1729; x_wconf 90' lang='lat' dir='ltr'><strong>quo</strong></span> <span class='ocrx_word' id='word_1_592' title='bbox 1036 1694 1189 1729; x_wconf 65' lang='lat' dir='ltr'><strong>prophetiae</strong></span> <span class='ocrx_word' id='word_1_593' title='bbox 1205 1695 1421 1721; x_wconf 83' lang='lat' dir='ltr'><strong>continebantur</strong></span> <span class='ocrx_word' id='word_1_594' title='bbox 1441 1703 1498 1729; x_wconf 64' lang='lat' dir='ltr'><strong>prae</strong></span> <span class='ocrx_word' id='word_1_595' title='bbox 1530 1695 1656 1721; x_wconf 71' lang='lat' dir='ltr'><strong>manilius</strong></span> <span class='ocrx_word' id='word_1_596' title='bbox 1679 1702 1755 1720; x_wconf 86' lang='lat' dir='ltr'><strong>smn-</strong></span> 
     </span>
    </p>
   </div>
   <div class='ocr_carea' id='block_1_95' title="bbox 965 1739 1754 1775">
    <p class='ocr_par' dir='ltr' id='par_1_95' title="bbox 965 1739 1754 1775">
     <span class='ocr_line' id='line_1_96' title="bbox 965 1739 1754 1775; baseline -0.001 -9"><span class='ocrx_word' id='word_1_597' title='bbox 965 1745 1022 1775; x_wconf 90' lang='lat' dir='ltr'><strong>pto,</strong></span> <span class='ocrx_word' id='word_1_598' title='bbox 1036 1740 1196 1775; x_wconf 69' lang='lat' dir='ltr'><strong>priedictum</strong></span> <span class='ocrx_word' id='word_1_599' title='bbox 1210 1741 1319 1774; x_wconf 87' lang='lat' dir='ltr'><strong>quidem</strong></span> <span class='ocrx_word' id='word_1_600' title='bbox 1337 1741 1427 1767; x_wconf 70' lang='lat' dir='ltr'><strong>locum</strong></span> <span class='ocrx_word' id='word_1_601' title='bbox 1456 1741 1520 1775; x_wconf 83' lang='lat' dir='ltr'><strong>legit</strong></span> <span class='ocrx_word' id='word_1_602' title='bbox 1536 1749 1541 1766; x_wconf 94' lang='lat'>:</span> <span class='ocrx_word' id='word_1_603' title='bbox 1560 1744 1587 1766; x_wconf 89' lang='lat' dir='ltr'><strong>at</strong></span> <span class='ocrx_word' id='word_1_604' title='bbox 1610 1739 1754 1773; x_wconf 67' lang='lat' dir='ltr'><strong>praesenti-</strong></span> 
     </span>
    </p>
   </div>
   <div class='ocr_carea' id='block_1_96' title="bbox 964 1786 1756 1820">
    <p class='ocr_par' dir='ltr' id='par_1_96' title="bbox 964 1786 1756 1820">
     <span class='ocr_line' id='line_1_97' title="bbox 964 1786 1756 1820; baseline -0.001 -8"><span class='ocrx_word' id='word_1_605' title='bbox 964 1786 1034 1813; x_wconf 84' lang='lat' dir='ltr'><strong>bus:</strong></span> <span class='ocrx_word' id='word_1_606' title='bbox 1054 1786 1149 1818; x_wconf 79' lang='lat' dir='ltr'><strong>Hodie,</strong></span> <span class='ocrx_word' id='word_1_607' title='bbox 1164 1786 1263 1820; x_wconf 88' lang='lat' dir='ltr'><strong>inquit,</strong></span> <span class='ocrx_word' id='word_1_608' title='bbox 1281 1786 1389 1820; x_wconf 74' lang='lat' dir='ltr'><strong>impleta</strong></span> <span class='ocrx_word' id='word_1_609' title='bbox 1402 1791 1438 1813; x_wconf 80' lang='lat' dir='ltr'><strong>est</strong></span> <span class='ocrx_word' id='word_1_610' title='bbox 1459 1787 1591 1820; x_wconf 80' lang='lat' dir='ltr'><strong>scriptura</strong></span> <span class='ocrx_word' id='word_1_611' title='bbox 1607 1787 1660 1812; x_wconf 74' lang='lat' dir='ltr'><strong>Illac</strong></span> <span class='ocrx_word' id='word_1_612' title='bbox 1686 1786 1712 1811; x_wconf 85' lang='lat' dir='ltr'><strong>in</strong></span> <span class='ocrx_word' id='word_1_613' title='bbox 1726 1792 1756 1811; x_wconf 83' lang='grc' dir='ltr'><strong>ο-</strong></span> 
     </span>
    </p>
   </div>
   <div class='ocr_carea' id='block_1_97' title="bbox 965 1831 1756 1866">
    <p class='ocr_par' dir='ltr' id='par_1_97' title="bbox 965 1831 1756 1866">
     <span class='ocr_line' id='line_1_98' title="bbox 965 1831 1756 1866; baseline 0 -9"><span class='ocrx_word' id='word_1_614' title='bbox 965 1831 1029 1858; x_wconf 71' lang='lat' dir='ltr'><strong>culis</strong></span> <span class='ocrx_word' id='word_1_615' title='bbox 1046 1833 1137 1858; x_wconf 72' lang='lat' dir='ltr'><strong>vestris</strong></span> <span class='ocrx_word' id='word_1_616' title='bbox 1153 1831 1188 1858; x_wconf 60' lang='lat'><strong>3‘.</strong></span> <span class='ocrx_word' id='word_1_617' title='bbox 1202 1831 1347 1865; x_wconf 82' lang='lat' dir='ltr'><strong>Prophetis</strong></span> <span class='ocrx_word' id='word_1_618' title='bbox 1374 1839 1405 1858; x_wconf 86' lang='lat' dir='ltr'><strong>ea</strong></span> <span class='ocrx_word' id='word_1_619' title='bbox 1431 1839 1541 1866; x_wconf 86' lang='lat' dir='ltr'><strong>quoque</strong></span> <span class='ocrx_word' id='word_1_620' title='bbox 1570 1835 1756 1858; x_wconf 78' lang='lat' dir='ltr'><strong>consentanea</strong></span> 
     </span>
    </p>
   </div>
   <div class='ocr_carea' id='block_1_98' title="bbox 965 1876 1755 1912">
    <p class='ocr_par' dir='ltr' id='par_1_98' title="bbox 965 1876 1755 1912">
     <span class='ocr_line' id='line_1_99' title="bbox 965 1876 1755 1912; baseline 0 -10"><span class='ocrx_word' id='word_1_621' title='bbox 965 1877 1089 1908; x_wconf 89' lang='lat' dir='ltr'><strong>fuerunt,</strong></span> <span class='ocrx_word' id='word_1_622' title='bbox 1111 1885 1171 1911; x_wconf 67' lang='lat' dir='ltr'><strong>qua)</strong></span> <span class='ocrx_word' id='word_1_623' title='bbox 1185 1885 1297 1912; x_wconf 80' lang='lat' dir='ltr'><strong>magnus</strong></span> <span class='ocrx_word' id='word_1_624' title='bbox 1314 1877 1358 1903; x_wconf 87' lang='lat' dir='ltr'><strong>ille</strong></span> <span class='ocrx_word' id='word_1_625' title='bbox 1375 1877 1472 1905; x_wconf 88' lang='lat' dir='ltr'><strong>Petrus</strong></span> <span class='ocrx_word' id='word_1_626' title='bbox 1487 1876 1656 1912; x_wconf 65' lang='lat' dir='ltr'><strong>praedicavit.</strong></span> <span class='ocrx_word' id='word_1_627' title='bbox 1682 1876 1755 1904; x_wconf 82' lang='lat' dir='ltr'><strong>Cum</strong></span> 
     </span>
    </p>
   </div>
   <div class='ocr_carea' id='block_1_99' title="bbox 963 1922 1755 1958">
    <p class='ocr_par' dir='ltr' id='par_1_99' title="bbox 963 1922 1755 1958">
     <span class='ocr_line' id='line_1_100' title="bbox 963 1922 1755 1958; baseline 0 -9"><span class='ocrx_word' id='word_1_628' title='bbox 963 1923 1036 1949; x_wconf 89' lang='lat' dir='ltr'><strong>enim</strong></span> <span class='ocrx_word' id='word_1_629' title='bbox 1056 1923 1088 1949; x_wconf 88' lang='lat' dir='ltr'><strong>iis</strong></span> <span class='ocrx_word' id='word_1_630' title='bbox 1099 1923 1144 1955; x_wconf 86' lang='lat' dir='ltr'><strong>qui</strong></span> <span class='ocrx_word' id='word_1_631' title='bbox 1159 1922 1231 1957; x_wconf 84' lang='lat' dir='ltr'><strong>apud</strong></span> <span class='ocrx_word' id='word_1_632' title='bbox 1246 1922 1404 1950; x_wconf 88' lang='lat' dir='ltr'><strong>Cornelium</strong></span> <span class='ocrx_word' id='word_1_633' title='bbox 1418 1923 1574 1958; x_wconf 75' lang='lat' dir='ltr'><strong>congregati</strong></span> <span class='ocrx_word' id='word_1_634' title='bbox 1589 1926 1669 1950; x_wconf 88' lang='lat' dir='ltr'><strong>erant</strong></span> <span class='ocrx_word' id='word_1_635' title='bbox 1696 1930 1755 1958; x_wconf 89' lang='lat' dir='ltr'><strong>my-</strong></span> 
     </span>
    </p>
   </div>
   <div class='ocr_carea' id='block_1_100' title="bbox 964 1968 1756 2004">
    <p class='ocr_par' dir='ltr' id='par_1_100' title="bbox 964 1968 1756 2004">
     <span class='ocr_line' id='line_1_101' title="bbox 964 1968 1756 2004; baseline -0.001 -8"><span class='ocrx_word' id='word_1_636' title='bbox 964 1969 1078 1996; x_wconf 89' lang='lat' dir='ltr'><strong>sterium</strong></span> <span class='ocrx_word' id='word_1_637' title='bbox 1098 1969 1260 2003; x_wconf 85' lang='lat' dir='ltr'><strong>aperuisset,</strong></span> <span class='ocrx_word' id='word_1_638' title='bbox 1277 1968 1313 1995; x_wconf 86' lang='lat' dir='ltr'><strong>ita</strong></span> <span class='ocrx_word' id='word_1_639' title='bbox 1324 1968 1484 2004; x_wconf 83' lang='lat' dir='ltr'><strong>subjunxit:</strong></span> <span class='ocrx_word' id='word_1_640' title='bbox 1505 1968 1553 1995; x_wconf 79' lang='lat' dir='ltr'><strong>Vos</strong></span> <span class='ocrx_word' id='word_1_641' title='bbox 1565 1969 1636 1995; x_wconf 75' lang='lat' dir='ltr'><strong>scitis</strong></span> <span class='ocrx_word' id='word_1_642' title='bbox 1651 1968 1756 1995; x_wconf 83' lang='lat' dir='ltr'><strong>verbum</strong></span> 
     </span>
    </p>
   </div>
   <div class='ocr_carea' id='block_1_101' title="bbox 965 2016 1757 2052">
    <p class='ocr_par' dir='ltr' id='par_1_101' title="bbox 965 2016 1757 2052">
     <span class='ocr_line' id='line_1_102' title="bbox 965 2016 1757 2052; baseline 0.004 -11"><span class='ocrx_word' id='word_1_643' title='bbox 965 2016 1034 2051; x_wconf 81' lang='lat' dir='ltr'><strong>quod</strong></span> <span class='ocrx_word' id='word_1_644' title='bbox 1055 2018 1153 2050; x_wconf 82' lang='lat' dir='ltr'><strong>[actum</strong></span> <span class='ocrx_word' id='word_1_645' title='bbox 1170 2021 1207 2042; x_wconf 75' lang='lat' dir='ltr'><strong>est</strong></span> <span class='ocrx_word' id='word_1_646' title='bbox 1222 2024 1267 2051; x_wconf 86' lang='lat' dir='ltr'><strong>per</strong></span> <span class='ocrx_word' id='word_1_647' title='bbox 1282 2018 1436 2043; x_wconf 62' lang='lat' dir='ltr'><strong>universam</strong></span> <span class='ocrx_word' id='word_1_648' title='bbox 1464 2016 1598 2049; x_wconf 70' lang='lat' dir='ltr'><strong>Judwam,</strong></span> <span class='ocrx_word' id='word_1_649' title='bbox 1628 2017 1757 2052; x_wconf 75' lang='lat' dir='ltr'><strong>incipiens</strong></span> 
     </span>
    </p>
   </div>
   <div class='ocr_carea' id='block_1_102' title="bbox 966 2062 1754 2098">
    <p class='ocr_par' dir='ltr' id='par_1_102' title="bbox 966 2062 1754 2098">
     <span class='ocr_line' id='line_1_103' title="bbox 966 2062 1754 2098; baseline 0 -8"><span class='ocrx_word' id='word_1_650' title='bbox 966 2071 981 2089; x_wconf 84' lang='grc' dir='ltr'><strong>α</strong></span> <span class='ocrx_word' id='word_1_651' title='bbox 998 2062 1110 2090; x_wconf 70' lang='lat' dir='ltr'><strong>Galilwa</strong></span> <span class='ocrx_word' id='word_1_652' title='bbox 1123 2067 1179 2098; x_wconf 79' lang='lat' dir='ltr'><strong>post</strong></span> <span class='ocrx_word' id='word_1_653' title='bbox 1191 2063 1361 2097; x_wconf 75' lang='lat' dir='ltr'><strong>baptismum,</strong></span> <span class='ocrx_word' id='word_1_654' title='bbox 1377 2072 1452 2098; x_wconf 73' lang='lat' dir='ltr'><strong>quem</strong></span> <span class='ocrx_word' id='word_1_655' title='bbox 1463 2065 1613 2097; x_wconf 69' lang='lat' dir='ltr'><strong>praedicavit</strong></span> <span class='ocrx_word' id='word_1_656' title='bbox 1626 2064 1754 2095; x_wconf 79' lang='lat' dir='ltr'><strong>Joannes.</strong></span> 
     </span>
    </p>
   </div>
   <div class='ocr_carea' id='block_1_103' title="bbox 964 2109 1755 2145">
    <p class='ocr_par' dir='ltr' id='par_1_103' title="bbox 964 2109 1755 2145">
     <span class='ocr_line' id='line_1_104' title="bbox 964 2109 1755 2145; baseline 0.001 -10"><span class='ocrx_word' id='word_1_657' title='bbox 964 2109 1244 2140; x_wconf 73' lang='lat' dir='ltr'><strong>JesumNazarenum.</strong></span> <span class='ocrx_word' id='word_1_658' title='bbox 1262 2111 1391 2145; x_wconf 84' lang='lat' dir='ltr'><strong>quomodo</strong></span> <span class='ocrx_word' id='word_1_659' title='bbox 1404 2111 1481 2136; x_wconf 73' lang='lat' dir='ltr'><strong>unxit</strong></span> <span class='ocrx_word' id='word_1_660' title='bbox 1497 2119 1557 2137; x_wconf 84' lang='lat' dir='ltr'><strong>eum</strong></span> <span class='ocrx_word' id='word_1_661' title='bbox 1572 2110 1641 2137; x_wconf 80' lang='lat' dir='ltr'><strong>Dens</strong></span> <span class='ocrx_word' id='word_1_662' title='bbox 1654 2109 1755 2145; x_wconf 82' lang='lat' dir='ltr'><strong>Spiritu</strong></span> 
     </span>
    </p>
   </div>
   <div class='ocr_carea' id='block_1_104' title="bbox 965 2155 1756 2191">
    <p class='ocr_par' dir='ltr' id='par_1_104' title="bbox 965 2155 1756 2191">
     <span class='ocr_line' id='line_1_105' title="bbox 965 2155 1756 2191; baseline 0.001 -9"><span class='ocrx_word' id='word_1_663' title='bbox 965 2161 1056 2182; x_wconf 73' lang='lat' dir='ltr'><strong>sancto</strong></span> <span class='ocrx_word' id='word_1_664' title='bbox 1072 2158 1097 2181; x_wconf 83' lang='lat' dir='ltr'><strong>et</strong></span> <span class='ocrx_word' id='word_1_665' title='bbox 1124 2155 1221 2182; x_wconf 81' lang='lat' dir='ltr'><strong>virtute</strong></span> <span class='ocrx_word' id='word_1_666' title='bbox 1233 2156 1266 2183; x_wconf 69' lang='grc' dir='ltr'><strong>κ’.</strong></span> <span class='ocrx_word' id='word_1_667' title='bbox 1280 2155 1317 2182; x_wconf 77' lang='lat' dir='ltr'><strong>Ex</strong></span> <span class='ocrx_word' id='word_1_668' title='bbox 1341 2156 1375 2183; x_wconf 91' lang='lat' dir='ltr'><strong>iis</strong></span> <span class='ocrx_word' id='word_1_669' title='bbox 1389 2164 1450 2191; x_wconf 76' lang='lat' dir='ltr'><strong>quae</strong></span> <span class='ocrx_word' id='word_1_670' title='bbox 1487 2164 1570 2190; x_wconf 82' lang='lat' dir='ltr'><strong>supra</strong></span> <span class='ocrx_word' id='word_1_671' title='bbox 1590 2156 1663 2183; x_wconf 84' lang='lat' dir='ltr'><strong>dicta</strong></span> <span class='ocrx_word' id='word_1_672' title='bbox 1691 2161 1756 2183; x_wconf 84' lang='lat' dir='ltr'><strong>sunt.</strong></span> 
     </span>
    </p>
   </div>
   <div class='ocr_carea' id='block_1_105' title="bbox 966 2201 1754 2236">
    <p class='ocr_par' dir='ltr' id='par_1_105' title="bbox 966 2201 1754 2236">
     <span class='ocr_line' id='line_1_106' title="bbox 966 2201 1754 2236; baseline 0.001 -9"><span class='ocrx_word' id='word_1_673' title='bbox 966 2202 1140 2236; x_wconf 78' lang='lat' dir='ltr'><strong>perspicuum</strong></span> <span class='ocrx_word' id='word_1_674' title='bbox 1148 2201 1333 2229; x_wconf 82' lang='lat' dir='ltr'><strong>estChristum</strong></span> <span class='ocrx_word' id='word_1_675' title='bbox 1342 2202 1368 2228; x_wconf 90' lang='lat' dir='ltr'><strong>id</strong></span> <span class='ocrx_word' id='word_1_676' title='bbox 1377 2202 1496 2229; x_wconf 90' lang='lat' dir='ltr'><strong>nominis</strong></span> <span class='ocrx_word' id='word_1_677' title='bbox 1503 2202 1754 2235; x_wconf 86' lang='lat' dir='ltr'><strong>idcircosortitum,</strong></span> 
     </span>
    </p>
   </div>
   <div class='ocr_carea' id='block_1_106' title="bbox 968 2246 1756 2281">
    <p class='ocr_par' dir='ltr' id='par_1_106' title="bbox 968 2246 1756 2281">
     <span class='ocr_line' id='line_1_107' title="bbox 968 2246 1756 2281; baseline 0.001 -8"><span class='ocrx_word' id='word_1_678' title='bbox 968 2247 1031 2281; x_wconf 81' lang='lat' dir='ltr'><strong>quia</strong></span> <span class='ocrx_word' id='word_1_679' title='bbox 1042 2252 1141 2274; x_wconf 88' lang='lat' dir='ltr'><strong>unctus</strong></span> <span class='ocrx_word' id='word_1_680' title='bbox 1149 2255 1163 2274; x_wconf 92' lang='lat' dir='ltr'><strong>a</strong></span> <span class='ocrx_word' id='word_1_681' title='bbox 1172 2246 1274 2281; x_wconf 85' lang='lat' dir='ltr'><strong>Spiritu</strong></span> <span class='ocrx_word' id='word_1_682' title='bbox 1283 2249 1382 2274; x_wconf 85' lang='lat' dir='ltr'><strong>fuerat.</strong></span> <span class='ocrx_word' id='word_1_683' title='bbox 1391 2248 1496 2276; x_wconf 90' lang='lat' dir='ltr'><strong>Unctns</strong></span> <span class='ocrx_word' id='word_1_684' title='bbox 1504 2252 1654 2279; x_wconf 81' lang='lat' dir='ltr'><strong>autemest,</strong></span> <span class='ocrx_word' id='word_1_685' title='bbox 1664 2255 1717 2274; x_wconf 90' lang='lat' dir='ltr'><strong>non</strong></span> <span class='ocrx_word' id='word_1_686' title='bbox 1727 2253 1756 2274; x_wconf 90' lang='lat' dir='ltr'><strong>ut</strong></span> 
     </span>
    </p>
   </div>
   <div class='ocr_carea' id='block_1_107' title="bbox 968 2292 1756 2326">
    <p class='ocr_par' dir='ltr' id='par_1_107' title="bbox 968 2292 1756 2326">
     <span class='ocr_line' id='line_1_108' title="bbox 968 2292 1756 2326; baseline 0.001 -7"><span class='ocrx_word' id='word_1_687' title='bbox 968 2293 1050 2323; x_wconf 62' lang='lat' dir='ltr'><strong>Deus,</strong></span> <span class='ocrx_word' id='word_1_688' title='bbox 1060 2292 1108 2320; x_wconf 88' lang='lat' dir='ltr'><strong>sed</strong></span> <span class='ocrx_word' id='word_1_689' title='bbox 1129 2297 1158 2319; x_wconf 87' lang='lat' dir='ltr'><strong>ut</strong></span> <span class='ocrx_word' id='word_1_690' title='bbox 1179 2292 1272 2319; x_wconf 89' lang='lat' dir='ltr'><strong>homo.</strong></span> <span class='ocrx_word' id='word_1_691' title='bbox 1292 2293 1422 2326; x_wconf 85' lang='lat' dir='ltr'><strong>Quamvis</strong></span> <span class='ocrx_word' id='word_1_692' title='bbox 1439 2299 1530 2320; x_wconf 88' lang='lat' dir='ltr'><strong>autem</strong></span> <span class='ocrx_word' id='word_1_693' title='bbox 1547 2294 1653 2321; x_wconf 89' lang='lat' dir='ltr'><strong>ratione</strong></span> <span class='ocrx_word' id='word_1_694' title='bbox 1664 2294 1756 2320; x_wconf 87' lang='lat' dir='ltr'><strong>carnis</strong></span> 
     </span>
    </p>
   </div>
   <div class='ocr_carea' id='block_1_108' title="bbox 969 2339 1758 2373">
    <p class='ocr_par' dir='ltr' id='par_1_108' title="bbox 969 2339 1758 2373">
     <span class='ocr_line' id='line_1_109' title="bbox 969 2339 1758 2373; baseline 0.003 -9"><span class='ocrx_word' id='word_1_695' title='bbox 969 2342 1115 2372; x_wconf 67' lang='lat' dir='ltr'><strong>assumpta:</strong></span> <span class='ocrx_word' id='word_1_696' title='bbox 1129 2342 1239 2371; x_wconf 86' lang='lat' dir='ltr'><strong>unctus,</strong></span> <span class='ocrx_word' id='word_1_697' title='bbox 1256 2342 1284 2364; x_wconf 89' lang='lat' dir='ltr'><strong>et</strong></span> <span class='ocrx_word' id='word_1_698' title='bbox 1294 2344 1354 2373; x_wconf 91' lang='lat' dir='ltr'><strong>post</strong></span> <span class='ocrx_word' id='word_1_699' title='bbox 1368 2343 1535 2373; x_wconf 86' lang='lat' dir='ltr'><strong>assumptam</strong></span> <span class='ocrx_word' id='word_1_700' title='bbox 1550 2347 1661 2366; x_wconf 86' lang='lat' dir='ltr'><strong>carnem</strong></span> <span class='ocrx_word' id='word_1_701' title='bbox 1678 2339 1758 2367; x_wconf 89' lang='lat' dir='ltr'><strong>Chri-</strong></span> 
     </span>
    </p>
   </div>
   <div class='ocr_carea' id='block_1_109' title="bbox 969 2383 1757 2414">
    <p class='ocr_par' dir='ltr' id='par_1_109' title="bbox 969 2383 1757 2414">
     <span class='ocr_line' id='line_1_110' title="bbox 969 2383 1757 2414; baseline 0.001 -4"><span class='ocrx_word' id='word_1_702' title='bbox 969 2387 1028 2411; x_wconf 91' lang='lat' dir='ltr'><strong>stus</strong></span> <span class='ocrx_word' id='word_1_703' title='bbox 1054 2383 1212 2410; x_wconf 87' lang='lat' dir='ltr'><strong>nominatus</strong></span> <span class='ocrx_word' id='word_1_704' title='bbox 1238 2383 1284 2414; x_wconf 89' lang='lat' dir='ltr'><strong>sit,</strong></span> <span class='ocrx_word' id='word_1_705' title='bbox 1311 2384 1381 2411; x_wconf 85' lang='lat' dir='ltr'><strong>alius</strong></span> <span class='ocrx_word' id='word_1_706' title='bbox 1408 2389 1498 2412; x_wconf 82' lang='lat' dir='ltr'><strong>tamen</strong></span> <span class='ocrx_word' id='word_1_707' title='bbox 1525 2393 1580 2412; x_wconf 90' lang='lat' dir='ltr'><strong>non</strong></span> <span class='ocrx_word' id='word_1_708' title='bbox 1608 2385 1660 2412; x_wconf 83' lang='lat' dir='ltr'><strong>fuit</strong></span> <span class='ocrx_word' id='word_1_709' title='bbox 1686 2386 1757 2412; x_wconf 84' lang='lat' dir='ltr'><strong>Deus</strong></span> 
     </span>
    </p>
   </div>
   <div class='ocr_carea' id='block_1_110' title="bbox 967 2430 1756 2465">
    <p class='ocr_par' dir='ltr' id='par_1_110' title="bbox 967 2430 1756 2465">
     <span class='ocr_line' id='line_1_111' title="bbox 967 2430 1756 2465; baseline 0 -8"><span class='ocrx_word' id='word_1_710' title='bbox 967 2430 1098 2462; x_wconf 88' lang='lat' dir='ltr'><strong>Verbum,</strong></span> <span class='ocrx_word' id='word_1_711' title='bbox 1127 2430 1252 2465; x_wconf 87' lang='lat' dir='ltr'><strong>aliusque</strong></span> <span class='ocrx_word' id='word_1_712' title='bbox 1277 2430 1425 2458; x_wconf 84' lang='lat' dir='ltr'><strong>Christus:</strong></span> <span class='ocrx_word' id='word_1_713' title='bbox 1444 2432 1515 2458; x_wconf 88' lang='lat' dir='ltr'><strong>Deus</strong></span> <span class='ocrx_word' id='word_1_714' title='bbox 1545 2432 1618 2458; x_wconf 81' lang='lat' dir='ltr'><strong>enim</strong></span> <span class='ocrx_word' id='word_1_715' title='bbox 1637 2431 1756 2458; x_wconf 83' lang='lat' dir='ltr'><strong>Verbum</strong></span> 
     </span>
    </p>
   </div>
   <div class='ocr_carea' id='block_1_111' title="bbox 968 2476 1711 2511">
    <p class='ocr_par' dir='ltr' id='par_1_111' title="bbox 968 2476 1711 2511">
     <span class='ocr_line' id='line_1_112' title="bbox 968 2476 1711 2511; baseline -0.001 -8"><span class='ocrx_word' id='word_1_716' title='bbox 968 2479 1107 2510; x_wconf 86' lang='lat' dir='ltr'><strong>assumpta</strong></span> <span class='ocrx_word' id='word_1_717' title='bbox 1121 2483 1204 2503; x_wconf 83' lang='lat' dir='ltr'><strong>carne</strong></span> <span class='ocrx_word' id='word_1_718' title='bbox 1221 2484 1319 2503; x_wconf 89' lang='lat' dir='ltr'><strong>nomen</strong></span> <span class='ocrx_word' id='word_1_719' title='bbox 1335 2476 1399 2504; x_wconf 82' lang='lat' dir='ltr'><strong>Jesu</strong></span> <span class='ocrx_word' id='word_1_720' title='bbox 1411 2477 1513 2505; x_wconf 88' lang='lat' dir='ltr'><strong>Christi</strong></span> <span class='ocrx_word' id='word_1_721' title='bbox 1530 2478 1647 2511; x_wconf 86' lang='lat' dir='ltr'><strong>adeptus</strong></span> <span class='ocrx_word' id='word_1_722' title='bbox 1660 2481 1711 2503; x_wconf 89' lang='lat' dir='ltr'><strong>est.</strong></span> 
     </span>
    </p>
   </div>
   <div class='ocr_carea' id='block_1_112' title="bbox 1003 2522 1756 2558">
    <p class='ocr_par' dir='ltr' id='par_1_112' title="bbox 1003 2522 1756 2558">
     <span class='ocr_line' id='line_1_113' title="bbox 1003 2522 1756 2558; baseline -0.001 -9"><span class='ocrx_word' id='word_1_723' title='bbox 1003 2522 1120 2550; x_wconf 89' lang='lat' dir='ltr'><strong>Carnem</strong></span> <span class='ocrx_word' id='word_1_724' title='bbox 1151 2531 1236 2557; x_wconf 88' lang='lat' dir='ltr'><strong>porro</strong></span> <span class='ocrx_word' id='word_1_725' title='bbox 1262 2524 1412 2558; x_wconf 80' lang='lat' dir='ltr'><strong>assumpsit</strong></span> <span class='ocrx_word' id='word_1_726' title='bbox 1433 2529 1462 2550; x_wconf 92' lang='lat' dir='ltr'><strong>ut</strong></span> <span class='ocrx_word' id='word_1_727' title='bbox 1490 2528 1618 2550; x_wconf 87' lang='lat' dir='ltr'><strong>naturam</strong></span> <span class='ocrx_word' id='word_1_728' title='bbox 1643 2527 1756 2557; x_wconf 81' lang='lat' dir='ltr'><strong>peccato</strong></span> 
     </span>
    </p>
   </div>
   <div class='ocr_carea' id='block_1_113' title="bbox 969 2569 1755 2604">
    <p class='ocr_par' dir='ltr' id='par_1_113' title="bbox 969 2569 1755 2604">
     <span class='ocr_line' id='line_1_114' title="bbox 969 2569 1755 2604; baseline -0.001 -9"><span class='ocrx_word' id='word_1_729' title='bbox 969 2575 1127 2604; x_wconf 62' lang='lat' dir='ltr'><strong>corrui-tam</strong></span> <span class='ocrx_word' id='word_1_730' title='bbox 1145 2570 1311 2597; x_wconf 86' lang='lat' dir='ltr'><strong>restitueret.</strong></span> <span class='ocrx_word' id='word_1_731' title='bbox 1326 2570 1475 2604; x_wconf 86' lang='lat' dir='ltr'><strong>Propterea</strong></span> <span class='ocrx_word' id='word_1_732' title='bbox 1499 2569 1655 2596; x_wconf 76' lang='lat' dir='ltr'><strong>universam</strong></span> <span class='ocrx_word' id='word_1_733' title='bbox 1683 2575 1755 2600; x_wconf 81' lang='lat' dir='ltr'><strong>eam,</strong></span> 
     </span>
    </p>
   </div>
   <div class='ocr_carea' id='block_1_114' title="bbox 969 2609 1755 2649">
    <p class='ocr_par' dir='ltr' id='par_1_114' title="bbox 969 2609 1755 2649">
     <span class='ocr_line' id='line_1_115' title="bbox 969 2609 1755 2649; baseline 0 -9"><span class='ocrx_word' id='word_1_734' title='bbox 969 2622 1030 2648; x_wconf 80' lang='lat' dir='ltr'><strong>quae</strong></span> <span class='ocrx_word' id='word_1_735' title='bbox 1042 2620 1213 2648; x_wconf 82' lang='lat' dir='ltr'><strong>peccaverat,</strong></span> <span class='ocrx_word' id='word_1_736' title='bbox 1225 2616 1384 2649; x_wconf 84' lang='lat' dir='ltr'><strong>assumpsit,</strong></span> <span class='ocrx_word' id='word_1_737' title='bbox 1399 2621 1429 2642; x_wconf 90' lang='lat' dir='ltr'><strong>ut</strong></span> <span class='ocrx_word' id='word_1_738' title='bbox 1443 2615 1601 2642; x_wconf 84' lang='lat' dir='ltr'><strong>universam</strong></span> <span class='ocrx_word' id='word_1_739' title='bbox 1633 2609 1755 2641; x_wconf 82' lang='lat' dir='ltr'><strong>sanaret.</strong></span> 
     </span>
    </p>
   </div>
   <div class='ocr_carea' id='block_1_115' title="bbox 971 2660 1758 2696">
    <p class='ocr_par' dir='ltr' id='par_1_115' title="bbox 971 2660 1758 2696">
     <span class='ocr_line' id='line_1_116' title="bbox 971 2660 1758 2696; baseline 0 -9"><span class='ocrx_word' id='word_1_740' title='bbox 971 2660 1026 2688; x_wconf 86' lang='lat' dir='ltr'><strong>Nec</strong></span> <span class='ocrx_word' id='word_1_741' title='bbox 1039 2661 1112 2688; x_wconf 90' lang='lat' dir='ltr'><strong>enim</strong></span> <span class='ocrx_word' id='word_1_742' title='bbox 1128 2666 1158 2688; x_wconf 94' lang='lat' dir='ltr'><strong>ut</strong></span> <span class='ocrx_word' id='word_1_743' title='bbox 1169 2662 1342 2689; x_wconf 85' lang='lat' dir='ltr'><strong>divinitatem</strong></span> <span class='ocrx_word' id='word_1_744' title='bbox 1359 2662 1511 2696; x_wconf 81' lang='lat' dir='ltr'><strong>obtegeret,</strong></span> <span class='ocrx_word' id='word_1_745' title='bbox 1541 2666 1668 2688; x_wconf 88' lang='lat' dir='ltr'><strong>naturam</strong></span> <span class='ocrx_word' id='word_1_746' title='bbox 1696 2668 1758 2687; x_wconf 90' lang='lat' dir='ltr'><strong>cor-</strong></span> 
     </span>
    </p>
   </div>
   <div class='ocr_carea' id='block_1_116' title="bbox 972 2707 1757 2742">
    <p class='ocr_par' dir='ltr' id='par_1_116' title="bbox 972 2707 1757 2742">
     <span class='ocr_line' id='line_1_117' title="bbox 972 2707 1757 2742; baseline 0.001 -9"><span class='ocrx_word' id='word_1_747' title='bbox 972 2714 1082 2741; x_wconf 83' lang='lat' dir='ltr'><strong>porcam</strong></span> <span class='ocrx_word' id='word_1_748' title='bbox 1097 2708 1254 2742; x_wconf 84' lang='lat' dir='ltr'><strong>assumpsit,</strong></span> <span class='ocrx_word' id='word_1_749' title='bbox 1282 2708 1406 2734; x_wconf 89' lang='lat' dir='ltr'><strong>utArins</strong></span> <span class='ocrx_word' id='word_1_750' title='bbox 1434 2712 1461 2734; x_wconf 88' lang='lat' dir='ltr'><strong>et</strong></span> <span class='ocrx_word' id='word_1_751' title='bbox 1487 2707 1640 2734; x_wconf 88' lang='lat' dir='ltr'><strong>Eunomius</strong></span> <span class='ocrx_word' id='word_1_752' title='bbox 1667 2707 1757 2735; x_wconf 81' lang='lat' dir='ltr'><strong>insani</strong></span> 
     </span>
    </p>
   </div>
   <div class='ocr_carea' id='block_1_117' title="bbox 971 2751 1757 2786">
    <p class='ocr_par' dir='ltr' id='par_1_117' title="bbox 971 2751 1757 2786">
     <span class='ocr_line' id='line_1_118' title="bbox 971 2751 1757 2786; baseline 0.001 -8"><span class='ocrx_word' id='word_1_753' title='bbox 971 2752 1158 2778; x_wconf 78' lang='lat' dir='ltr'><strong>deliramentis</strong></span> <span class='ocrx_word' id='word_1_754' title='bbox 1174 2753 1231 2779; x_wconf 88' lang='lat' dir='ltr'><strong>suis</strong></span> <span class='ocrx_word' id='word_1_755' title='bbox 1244 2756 1434 2779; x_wconf 65' lang='lat' dir='ltr'><strong>assoruerunt.</strong></span> <span class='ocrx_word' id='word_1_756' title='bbox 1450 2751 1540 2779; x_wconf 80' lang='lat' dir='ltr'><strong>Facile</strong></span> <span class='ocrx_word' id='word_1_757' title='bbox 1567 2759 1688 2786; x_wconf 87' lang='lat' dir='ltr'><strong>namque</strong></span> <span class='ocrx_word' id='word_1_758' title='bbox 1713 2752 1757 2779; x_wconf 80' lang='lat' dir='ltr'><strong>vel</strong></span> 
     </span>
    </p>
   </div>
   <div class='ocr_carea' id='block_1_118' title="bbox 972 2797 1758 2833">
    <p class='ocr_par' dir='ltr' id='par_1_118' title="bbox 972 2797 1758 2833">
     <span class='ocr_line' id='line_1_119' title="bbox 972 2797 1758 2833; baseline 0 -8"><span class='ocrx_word' id='word_1_759' title='bbox 972 2798 1030 2825; x_wconf 82' lang='lat' dir='ltr'><strong>sine</strong></span> <span class='ocrx_word' id='word_1_760' title='bbox 1046 2805 1173 2832; x_wconf 87' lang='lat' dir='ltr'><strong>corpore,</strong></span> <span class='ocrx_word' id='word_1_761' title='bbox 1186 2797 1334 2824; x_wconf 84' lang='lat' dir='ltr'><strong>videndum</strong></span> <span class='ocrx_word' id='word_1_762' title='bbox 1347 2806 1375 2825; x_wconf 86' lang='lat' dir='ltr'><strong>se</strong></span> <span class='ocrx_word' id='word_1_763' title='bbox 1387 2798 1507 2832; x_wconf 64' lang='lat' dir='ltr'><strong>praebere</strong></span> <span class='ocrx_word' id='word_1_764' title='bbox 1525 2802 1643 2833; x_wconf 85' lang='lat' dir='ltr'><strong>poterat,</strong></span> <span class='ocrx_word' id='word_1_765' title='bbox 1659 2806 1758 2833; x_wconf 64' lang='lat' dir='ltr'><strong>quem&lt;</strong></span> 
     </span>
    </p>
   </div>
   <div class='ocr_carea' id='block_1_119' title="bbox 1052 2851 1758 2888">
    <p class='ocr_par' dir='ltr' id='par_1_119' title="bbox 1052 2851 1758 2888">
     <span class='ocr_line' id='line_1_120' title="bbox 1052 2851 1758 2888; baseline 0.003 -8"><span class='ocrx_word' id='word_1_766' title='bbox 1052 2854 1074 2870; x_wconf 84' lang='lat'><strong>&quot;°</strong></span> <span class='ocrx_word' id='word_1_767' title='bbox 1091 2854 1162 2881; x_wconf 69' lang='lat' dir='ltr'><strong>Psal.</strong></span> <span class='ocrx_word' id='word_1_768' title='bbox 1194 2863 1249 2887; x_wconf 71' lang='lat' dir='ltr'><strong>ut,</strong></span> <span class='ocrx_word' id='word_1_769' title='bbox 1266 2855 1289 2881; x_wconf 89' lang='grc'><strong>1.</strong></span> <span class='ocrx_word' id='word_1_770' title='bbox 1347 2855 1366 2870; x_wconf 81' lang='grc' dir='ltr'><strong>θ’</strong></span> <span class='ocrx_word' id='word_1_771' title='bbox 1384 2854 1450 2881; x_wconf 87' lang='lat' dir='ltr'><strong>luc.</strong></span> <span class='ocrx_word' id='word_1_772' title='bbox 1483 2863 1521 2888; x_wconf 82' lang='lat' dir='ltr'><strong>iv,</strong></span> <span class='ocrx_word' id='word_1_773' title='bbox 1555 2851 1599 2883; x_wconf 70' lang='grc'><strong>⁸21.</strong></span> <span class='ocrx_word' id='word_1_774' title='bbox 1657 2855 1679 2871; x_wconf 76' lang='grc'><strong>⁸¹</strong></span> <span class='ocrx_word' id='word_1_775' title='bbox 1698 2856 1758 2882; x_wconf 74' lang='lat' dir='ltr'><strong>Act.</strong></span> 
     </span>
    </p>
   </div>
  </div>
