1949 3073
206 121 276 154 1139

839 122 987 153 NICET/E
1013 122 1129 155 CHONI
1135 125 1214 155 AT!!!

1772 126 1858 158 12m

206 178 355 208 admodum
384 178 449 205 olim
473 178 640 210 Abraliamo,
657 177 769 211 lacobo,
783 179 901 214 aliisque
924 186 988 206 san—
1003 175 1030 208 Δ
1043 178 1149 207 doceat.
1170 180 1237 208 Cum
1261 180 1333 209 enim
1352 181 1530 210 humanitatis
1552 182 1659 210 ratione
1675 182 1729 217 legi
1752 183 1858 210 obno-

206 225 259 252 etis
271 224 396 259 apparuit
409 233 415 251 :
430 223 477 251 sed
494 224 592 256 voluit,
617 229 647 251 ut
666 224 724 259 ipsa
750 232 811 259 qua;
835 225 890 259 jam
925 223 990 250 olim

208 271 403 301 succubuerat,
420 274 518 297 natura
552 270 659 298 hostem
684 270 847 302 debellaret,
875 272 990 306 ejusque

206 316 305 343 victrix
329 317 468 344 evaderet.
485 317 590 344 Idcirco
611 318 691 344 etiam
707 325 806 352 corpus
823 321 849 344 et
871 317 990 344 animam

205 362 322 390 rationis
337 363 499 398 participem
518 364 675 398 assumpsit.
688 364 743 391 Nec
766 364 839 391 enim
855 363 991 398 triplicem

204 408 345 436 hominem
358 409 451 436 divina
465 408 608 443 Scriptura
623 409 699 441 facit.
714 408 762 437 sed
778 410 855 436 illum
880 417 913 436 ex
931 417 992 436 cor-

203 461 271 489 pore
306 458 333 482 et
365 454 610 482 anima'constare
651 458 777 482 testatur.
810 453 879 481 Cum
918 453 992 480 enim

203 500 280 528 Deus
295 509 395 536 corpus
406 509 421 528 e
435 501 501 528 limo
516 501 650 533 tinxisset,
663 502 781 528 animam
792 501 817 528 ei
835 500 991 533 insulilavit,

204 547 328 581 duasque
341 552 471 579 naturas,
488 555 543 573 non
557 552 624 579 tres,
657 546 795 574 exhibuit.
833 546 905 580 Quin
933 547 992 581 ipse

203 600 313 626 quoque
326 593 461 620 Dominus
475 592 502 619 in
515 593 669 627 Evangeliis
682 594 736 620 ait:
750 593 837 620 Nolite
851 593 941 619 timere
950 601 992 620 eos

204 638 249 672 qui
262 639 382 665 occidunt
397 647 504 673 corpus,
522 639 641 665 animam
655 643 743 665 autent
757 647 810 665 non
833 644 993 673 possuntoc-

205 685 291 711 cidere
302 685 324 700 ⁸³
345 694 350 711 :
365 685 450 712 multa
475 685 539 712 item
553 685 578 711 id
595 692 681 718 genus
693 684 745 711 alia
762 684 790 711 iu
802 683 895 711 divina
921 684 994 711 Scri—

204 735 284 765 plura
295 730 417 758 invenire
426 736 478 758 est.

239 776 317 809 Quod
334 781 423 803 autem
442 776 589 810 perfectam
614 775 733 803 hominis
748 779 873 802 naturam
890 782 994 802 assum-

203 824 301 858 pscrit,
325 831 380 849 non
398 827 428 849 ut
444 822 594 849 divinitatis
616 830 671 849 suae
696 822 806 856 pallium
832 821 992 852 obduceret.

205 873 234 895 ut
249 868 370 895 hmretici
399 867 567 898 fabulantur,
585 867 632 894 sed
655 871 685 893 ut
701 866 743 893 bis
765 866 896 900 primitiis
920 866 995 893 omni

203 913 325 941 humano
342 912 436 948 generi
452 913 593 940 victoriam
618 916 799 946 compararet,
818 911 894 939 lestis
913 918 996 938 verus

203 965 232 987 et
256 960 372 994 diligens
395 959 491 986 doctor
507 963 549 986 est
567 958 663 985 beatus
687 957 850 992 Apostolus.
874 957 942 984 Nam
969 957 996 984 in

203 1005 326 1040 I'Zpistola
351 1004 384 1032 ad
408 1005 546 1032 Romanos
565 1003 775 1038 dispensationis
793 1003 918 1030 revelans
937 1011 997 1039 my-

204 1052 319 1079 sterium
336 1051 375 1078 sic
391 1051 429 1079 ait
448 1051 612 1085 :Praplerea
629 1050 695 1076 sicut
707 1058 754 1085 per
768 1058 849 1077 unum
865 1050 996 1076 hominem

203 1102 339 1133 peccatum
355 1099 382 1125 in
396 1099 465 1125 hunc
483 1097 612 1124 mundum
626 1097 747 1128 intravit,
765 1101 789 1123 et
803 1105 850 1131 per
860 1100 997 1131 peccatum

204 1154 287 1178 mors,
309 1149 333 1172 et
348 1146 384 1171 ita
400 1145 427 1170 in
440 1152 529 1170 omnes
555 1143 671 1170 homines
694 1151 764 1170 mors
790 1143 954 1178 pertransiit,
970 1143 997 1169 in

204 1201 256 1226 quo
279 1199 368 1218 omnes
399 1190 616 1225 peccaverunt“.
635 1190 740 1223 Quibus
762 1189 854 1217 verbis
881 1190 996 1216 demon-

204 1243 291 1266 strata
316 1237 420 1271 peccati
444 1236 563 1271 origine,
582 1235 728 1269 fructuque
743 1235 790 1270 qui
806 1235 869 1266 inde
885 1234 998 1269 suppulo

203 1284 310 1317 lulavit,
338 1291 389 1311 nec
413 1290 468 1309 non
490 1289 534 1315 eo,
561 1281 608 1316 qui
632 1281 667 1308 ab
692 1281 770 1308 initio
798 1280 837 1309 illi
862 1279 997 1307 obnoxius

204 1329 292 1356 factus
325 1332 386 1359 est,
418 1326 540 1361 ejusdem
572 1333 681 1360 quoque
707 1325 788 1352 tinem
815 1325 995 1355 demonstrat.

204 1374 298 1408 Usque
321 1373 355 1400 ad
379 1373 465 1407 legem
482 1372 555 1399 enim
578 1375 720 1406 peccatum
746 1377 805 1398 erat
826 1371 852 1397 in
873 1370 996 1397 mundo:

204 1419 347 1447 Peccatum
373 1423 461 1445 autem
486 1426 539 1445 non
569 1417 772 1452 impulabatur,
797 1424 856 1444 cun:
884 1417 925 1443 lea:
945 1425 998 1443 non

205 1470 282 1493 esset.
298 1465 349 1492 Sed
363 1465 482 1500 regnavit
499 1473 568 1491 more
583 1465 614 1490 ab
631 1464 714 1490 Adam
731 1472 813 1498 usque
828 1464 861 1490 ad
872 1463 998 1498 Moysen:

1042 226 1102 254 xius
1119 231 1202 259 esset,
1221 228 1307 262 legem
1324 228 1493 263 adimplevit,
1519 229 1642 264 legisque
1662 232 1857 263 trangressn-

1042 281 1086 300 res
1103 273 1137 300 ab
1150 275 1336 302 exsecratione
1351 274 1488 302 liberavit.
1509 274 1577 301 Tum
1594 274 1694 301 deinde
1707 275 1852 301 eamdem

1042 319 1195 346 orationem
1208 321 1269 347 aliis
1277 321 1369 347 verbis
1383 320 1463 348 iterat
1477 329 1483 346 :
1499 320 1531 347 Et
1545 329 1597 347 non
1610 321 1679 347 sicut
1694 329 1744 355 per
1757 329 1854 346 unum

1042 369 1187 400 peccatum,
1201 367 1238 392 ita
1251 371 1274 392 et
1288 366 1611 401 donum.Namiudicium
1621 374 1723 397 catino,
1738 367 1770 392 in
1783 374 1854 392 con-

1042 411 1361 444 demnationem:gratia
1388 417 1477 439 autem
1501 420 1532 439 ea:
1553 412 1643 438 multis
1667 411 1792 442 delictis,
1823 413 1852 437 in

1040 455 1263 491 justiﬁcationem
1273 455 1306 483 ⁸³.

1077 501 1137 533 Quo
1163 506 1296 536 tempore,
1322 501 1420 536 inquit,
1447 509 1520 530 unus
1546 502 1681 537 peccavit,
1712 502 1850 530 universi

1044 547 1218 575 condemnati
1244 552 1329 575 sunt:
1354 555 1428 574 nunc
1455 552 1547 574 autem
1570 555 1643 575 cum‘
1661 549 1852 582 peccaverint

1045 600 1150 625 omnes.
1167 593 1311 626 universis,
1325 593 1473 621 dummodo
1498 594 1594 626 velint,
1607 595 1681 621 salus
1693 603 1744 629 per
1759 595 1850 622 ﬁdem

1044 638 1184 672 proposita
1207 643 1258 665 est.
1274 638 1379 671 Quibus
1396 638 1487 666 verbis
1513 643 1691 674 posteaquam
1717 639 1851 666 ostendit

1044 684 1127 712 unius
1139 684 1273 719 justitiam
1290 685 1444 712 communis
1459 685 1561 719 peccati
1575 686 1725 712 amuletum
1741 685 1848 720 fuisse.

1045 728 1156 762 subjicit
1180 736 1229 762 per
1251 728 1378 755 eumdem
1405 729 1502 755 mortis
1531 737 1641 764 quoque
1667 730 1848 756 mansionem

1045 773 1231 806 intercidisse,
1263 774 1400 807 finemque
1431 782 1510 801 suum
1540 775 1691 809 accepisse.
1716 774 1747 802 Si
1774 777 1850 802 enim

1046 819 1123 846 unius
1142 819 1234 846 delicto
1252 828 1321 846 mors
1336 820 1452 855 regnavit
1467 828 1513 854 per
1527 828 1619 851 unum,
1642 820 1726 847 multo
1755 822 1850 855 magis

1048 865 1238 891 abundantiam
1254 865 1357 900 gratiae,
1372 869 1397 891 et
1411 865 1570 898 donationis,
1585 870 1610 892 et
1620 865 1744 899 justitiw,
1773 867 1848 892 acci-

1047 911 1156 946 pientes,
1182 911 1209 936 in
1232 912 1284 938 vita
1312 911 1458 946 regnabant
1474 920 1520 946 per
1539 919 1621 938 unum
1644 912 1735 938 Iesum
1762 912 1849 939 Chri-

1028 962 1116 986 stum
1127 957 1159 984 ".
1184 957 1347 991 Peccatum,
1371 958 1479 993 inquit,
1504 963 1617 986 mortem
1644 959 1790 993 conciliat,
1819 960 1848 986 in

1046 1003 1130 1030 vitam
1156 1011 1221 1031 vero
1247 1004 1322 1038 regni
1349 1011 1412 1030 cum
1437 1003 1519 1031 unius
1540 1005 1646 1040 justitia
1675 1013 1846 1032 servamur:

1047 1057 1102 1077 non
1117 1050 1186 1084 lege,
1203 1049 1250 1077 sed
1267 1049 1454 1076 misericordia
1477 1049 1596 1077 divinam
1614 1052 1730 1077 salutem
1744 1058 1848 1077 conse-

1047 1099 1173 1130 quentes.
1196 1095 1269 1122 Juris
1282 1095 1356 1122 enim
1374 1095 1417 1122 lex
1436 1103 1531 1123 omnes
1555 1095 1692 1130 supplicio
1711 1104 1777 1123 reos
1795 1096 1847 1123 ad-

1047 1141 1172 1168 dixerat:
1187 1148 1282 1168 omnes
1295 1140 1368 1167 enim
1385 1141 1487 1175 peccati
1505 1141 1622 1175 operarii
1637 1148 1758 1168 eramus.
1775 1141 1844 1168 Nam

1047 1187 1070 1215 si
1090 1187 1125 1214 ob
1151 1187 1235 1214 unius
1258 1191 1400 1222 peccatum
1431 1187 1558 1222 prosapia
1584 1187 1766 1227 condemnata
1789 1192 1845 1219 est,

1047 1233 1153 1267 aequius
1168 1233 1263 1267 utique
1286 1239 1400 1266 prorsus
1415 1235 1484 1263 erat,
1500 1236 1531 1258 ut
1545 1232 1591 1266 qui
1608 1236 1721 1266 peccato
1739 1231 1846 1259 servie-

1048 1278 1125 1309 bant,
1153 1278 1288 1312 supplicio
1310 1277 1513 1305 addicerentur.
1537 1276 1590 1304 Sed
1615 1277 1706 1303 divina
1734 1275 1847 1303 miseri--

1048 1323 1141 1351 cordia
1154 1323 1224 1358 juris
1240 1323 1307 1350 ﬁnes
1324 1326 1493 1358 transgressa
1507 1327 1560 1353 est,
1579 1327 1661 1357 atque
1684 1322 1846 1348 humanitas

1048 1370 1230 1406 arqualitatem
1245 1369 1386 1404 superavit
1399 1377 1405 1396 :
1418 1369 1455 1396 ita
1470 1373 1499 1396 ut
1511 1369 1569 1404 lege
1584 1369 1617 1395 ab
1631 1376 1688 1395 uno
1703 1368 1843 1402 completa

1048 1426 1144 1446 omnes
1157 1418 1184 1445 in
1200 1425 1262 1445 eum
1282 1417 1424 1445 credentes
1451 1417 1540 1444 salute
1555 1417 1722 1443 fruerentur.
1737 1415 1843 1448 Quibus

1048 1465 1139 1493 verbis
1156 1469 1334 1500 posteaquam
1360 1464 1520 1491 immensam
1536 1463 1735 1490 humanitatem
1749 1467 1844 1489 osten-

206 1511 327 1538 etiamin
343 1518 395 1541 cos,
419 1510 463 1544 qui
484 1518 534 1536 non
558 1515 742 1545 peccauerunt,
759 1510 785 1535 in
797 1509 995 1536 similitudinem
1008 1513 1030 1545 ρ
1047 1513 1097 1544 dit,
1122 1511 1214 1539 denuo
1236 1511 1270 1538 ad
1290 1510 1366 1538 vorbi
1392 1510 1479 1537 divini
1498 1509 1708 1544 explicationem
1733 1509 1842 1536 transit.

205 1555 432 1592 prwvaricationis
449 1555 524 1586 Adio,
544 1555 587 1588 qui
598 1559 636 1580 est
656 1555 741 1589 [arma
755 1555 839 1589 futuri
850 1555 883 1581 ".
899 1554 998 1590 Moysis

205 1606 296 1629 antem
317 1601 427 1628 nomine
448 1601 535 1634 legem
559 1599 709 1634 intelligit:
727 1600 806 1634 cujus
826 1599 931 1634 politia,
949 1607 998 1628 seu

205 1647 365 1682 reipublicae
387 1645 599 1678 administratio,
623 1652 710 1679 usque
724 1646 757 1672 ad
775 1645 929 1672 Servatoris
948 1645 998 1672 ad-

204 1698 319 1722 ventum
342 1683 466 1719 invaluit.
489 1691 557 1718 Cum
578 1695 669 1717 autem
693 1695 851 1725 peccassent
865 1695 892 1717 et
906 1690 935 1723 ii,
951 1691 998 1725 qui

205 1747 239 1766 ex
253 1738 321 1773 legis
339 1737 414 1764 illius
429 1736 589 1771 praescripto
601 1736 738 1767 vivebant,
750 1741 777 1763 ct
791 1735 820 1769 ii,
835 1736 880 1771 qui
896 1741 999 1765 naturae

205 1784 293 1818 legem
309 1782 504 1816 sequebantur.
523 1781 623 1808 merito
639 1781 784 1815 imperium
804 1789 877 1809 mors
895 1781 922 1808 in
940 1782 999 1810 illos

205 1830 351 1860 exercuit,
389 1829 450 1863 ejus
476 1828 627 1862 potentiam
661 1828 840 1856 conﬁrmante
875 1834 998 1864 peccato.

206 1875 342 1910 Stipendia
362 1875 431 1901 enim
455 1874 564 1909 peccati,
580 1882 650 1900 mors
662 1873 684 1889 ⁸⁸
697 1878 766 1900 erat.
791 1874 885 1909 Itaque
904 1881 998 1910 postea

206 1930 288 1957 quam
307 1921 401 1948 docuit
423 1920 558 1947 undenam
571 1924 711 1955 peccatum
724 1921 847 1954 coeperit,
859 1925 886 1947 et
898 1929 1000 1955 quous-

205 1976 259 2003 que
283 1975 358 1996 mors
383 1966 547 2001 regnaverit,
567 1966 647 1993 docet
669 1966 751 1993 etiam
776 1973 894 2000 quonam
919 1967 999 1994 modo

205 2015 266 2049 ejus
288 2013 436 2048 imperium
462 2011 625 2039 dissolutum
651 2010 757 2038 fuerit:
775 2016 856 2045 atque
883 2012 1000 2039 immen-

205 2069 263 2088 sam
288 2060 335 2087 Dei
361 2059 558 2086 humanitatem
582 2057 675 2084 laudat
695 2057 738 2084 his
757 2058 860 2090 verbis,
881 2057 932 2085 Sed
949 2067 999 2085 non

205 2106 271 2134 sicut
294 2107 428 2137 delictum,
450 2106 488 2132 ita
505 2109 528 2130 et
552 2104 660 2130 donum.
674 2103 703 2131 Si
713 2106 780 2130 enim
803 2106 883 2132 unius
905 2105 1000 2132 delicto

206 2152 283 2179 multi
297 2152 394 2179 mortui
406 2156 467 2178 sunt
477 2171 484 2181 ,
496 2149 582 2177 multo
596 2150 679 2185 magis
697 2151 785 2185 gratia
804 2151 852 2178 Dei
862 2156 887 2178 el
903 2152 1000 2179 donum

207 2207 234 2224 an
249 2199 338 2232 gratia
356 2198 432 2225 unius
447 2196 560 2224 hominis
581 2195 642 2223 Jesu
667 2196 757 2223 Chrsti
772 2198 798 2223 ιἰι
814 2197 901 2232 plures
916 2197 1002 2225 abun-

209 2245 281 2271 davit
293 2245 326 2271 ⁸⁷.

244 2290 364 2318 Ambitio
379 2291 728 2329 humanitatis,inquit,jus
741 2298 769 2322 et
783 2301 890 2328 aequum
910 2297 998 2320 trans-

207 2336 341 2370 greditur.
370 2336 443 2364 Juris
480 2339 553 2366 enim
587 2340 764 2374 praescripto,
789 2345 900 2374 propter
924 2339 1006 2366 unius

207 2383 349 2416 delictum,
370 2384 496 2412 univers1
512 2386 570 2420 ejus
586 2386 711 2420 prosapia
721 2386 801 2412 morti
817 2385 1005 2413 addieebatur.

208 2429 309 2456 Divina
325 2437 392 2457 vero
406 2430 607 2464 misericordia,
623 2439 685 2459 cum
700 2439 796 2458 omnes
814 2431 939 2458 homines
954 2431 1004 2458 sub

207 2476 399 2504 exsecratione
428 2481 532 2508 essent,
555 2481 583 2504 et
606 2477 710 2512 peccati
733 2477 857 2504 cassibus
881 2476 1006 2511 implica-

209 2528 317 2556 rentur,
342 2528 455 2559 propter
475 2524 558 2551 unius
581 2524 728 2559 justitiam,
756 2523 862 2551 cunctis
888 2524 1004 2550 salutem

209 2570 322 2602 elargita
341 2574 392 2597 est.
408 2568 552 2597 Hominem
579 2574 670 2597 autem
698 2569 869 2596 Servatorem
886 2569 1006 2604 appella-

208 2615 259 2646 vit,
278 2623 332 2642 non
345 2616 444 2650 utejus
460 2615 629 2642 divinitatem
646 2614 796 2645 inﬁcietur,
813 2615 913 2649 (ipsum
929 2615 1002 2642 enim

209 2660 297 2688 Deum
314 2669 373 2688 esse
388 2662 473 2695 novit,
497 2661 620 2697 ejusdem
637 2668 699 2687 cum
712 2660 767 2687 Deo
779 2660 902 2695 genitore
916 2661 1003 2688 hono—

209 2706 288 2742 ris:)
306 2707 353 2735 sed
380 2713 409 2734 ut
430 2708 519 2735 simile
545 2715 558 2734 a
586 2707 670 2734 simili
697 2711 821 2734 sanatum
850 2707 943 2739 fuisse,
969 2707 1004 2733 ab

211 2755 334 2789 ipsisque
363 2755 491 2790 primitiis
514 2754 758 2782 sanctiﬁcationem
785 2754 833 2781 toti
857 2754 1005 2782 accessisse

247 2811 271 2826 ⁸³
287 2811 381 2838 Matth.
409 2819 436 2842 Χ,
451 2811 496 2839 28.
534 2811 557 2827 ⁸⁵
587 2811 667 2838 Rom.
680 2818 707 2839 ν.
729 2810 770 2836 I2.

212 2845 237 2860 “
250 2846 319 2874 Ibid.
340 2847 385 2873 li.
420 2847 442 2862 ²¹⁰
456 2847 526 2874 ibid.
548 2846 590 2874 18.
630 2846 650 2862 ⁹¹
669 2845 738 2873 Ibid.
753 2845 797 2872 19.

810 2810 832 2826 ⁸⁵
851 2809 930 2837 Rom.
948 2818 1007 2836 χιιι,
1022 2810 1063 2837 Η.

836 2847 857 2862 θ’
871 2845 949 2872 Rom.
974 2853 1002 2877 ιι,
1021 2845 1064 2872 fi.

1051 1559 1138 1594 Igitur
1153 1559 1218 1585 sicut
1232 1566 1280 1592 per
1293 1558 1369 1584 unius
1391 1556 1515 1583 delictum
1533 1556 1560 1582 in
1574 1563 1662 1581 onmes
1683 1555 1801 1582 homines
1816 1555 1842 1581 in

1050 1604 1292 1631 condemnationem
1307 1611 1315 1629 :
1330 1603 1367 1629 sic
1381 1607 1404 1628 et
1425 1609 1471 1636 per
1493 1601 1570 1627 anius
1587 1601 1722 1635 justitiam
1735 1602 1762 1626 in
1784 1607 1841 1626 om-

1050 1658 1095 1677 nes
1114 1650 1229 1676 homines
1248 1648 1274 1675 in
1286 1647 1506 1683 justi/icationem
1521 1647 1582 1673 vita:
1593 1647 1626 1672 '°.
1643 1645 1713 1672 Hinc
1728 1653 1743 1672 a
1759 1644 1842 1672 rebus

1050 1697 1083 1724 ad
1099 1703 1233 1731 personas
1257 1695 1404 1725 transiens,
1421 1693 1493 1720 Sicut
1513 1693 1593 1723 enim,
1610 1693 1710 1727 inquit,
1725 1701 1772 1727 per
1787 1693 1844 1719 ino-

1051 1743 1208 1769 bedicntiam
1224 1742 1301 1768 unius
1316 1741 1438 1772 hominis,
1457 1745 1606 1774 peccatores
1631 1740 1766 1766 constituti
1781 1743 1842 1766 sunt

1050 1788 1137 1820 multi,
1162 1788 1199 1814 ita
1224 1791 1248 1813 et
1274 1795 1320 1821 per
1340 1786 1418 1813 unius
1445 1786 1627 1817 obcditionem,
1655 1786 1722 1820 justi
1746 1785 1840 1811 consti-

1051 1838 1159 1860 tuentur
1178 1833 1253 1859 multi
1265 1833 1299 1859 9'.
1315 1831 1553 1859 Peruceessarium
1577 1839 1659 1865 porro
1680 1834 1751 1860 erat.
1770 1835 1799 1857 ut
1814 1830 1840 1856 in

1051 1884 1167 1910 utroque
1181 1879 1302 1906 dictione
1315 1877 1393 1905 Multi
1411 1881 1542 1904 uteretur.
1556 1875 1624 1903 Cum
1637 1876 1710 1903 enim
1734 1883 1841 1909 peccas-

1051 1931 1093 1953 set
1108 1925 1237 1955 Adamus.
1263 1923 1515 1959 quamplurimique
1537 1923 1610 1958 leges
1630 1921 1736 1949 divinas
1759 1925 1840 1948 trans-

1051 1971 1135 2007 gressi
1152 1975 1254 2003 esseut,
1268 1971 1392 1997 nonnulli
1418 1969 1488 1996 intra
1520 1973 1624 1996 natur-.e
1639 1969 1708 1996 lines
1721 1975 1843 2003 persese-

1052 2022 1149 2044 rarunt
1171 2025 1177 2043 :
1198 2021 1225 2043 et
1249 2016 1364 2043 studiosi
1392 2014 1504 2042 virtutis
1530 2015 1652 2045 fuerunt,
1678 2019 1708 2041 ut
1731 2013 1840 2045 Abelus,

1052 2063 1192 2094 Enochus,
1218 2062 1327 2094 Noaeus,
1359 2062 1532 2096 patriarcha,
1561 2061 1710 2096 prophetze,
1738 2059 1840 2086 etuleri-

1053 2117 1105 2145 que
1126 2109 1265 2144 pcrmulti,
1283 2116 1337 2135 non
1353 2112 1458 2135 tantum
1473 2107 1544 2143 apud
1561 2107 1682 2137 Judatos,
1700 2105 1747 2132 sed
1761 2106 1838 2132 etiam

1054 2155 1125 2190 apud
1141 2155 1207 2182 alias
1230 2159 1323 2189 gentes
1337 2162 1343 2180 :
1359 2153 1392 2181 de
1407 2153 1508 2188 quibus
1525 2154 1562 2181 ita
1578 2152 1675 2179 beatus
1701 2151 1840 2185 Apostolus

1055 2202 1093 2228 ait
1109 2200 1192 2227 :Cum
1208 2201 1277 2228 enim
1292 2204 1389 2235 gentes,
1405 2207 1464 2235 qua:
1481 2199 1564 2234 legem
1577 2206 1628 2225 non
1645 2198 1751 2228 habent,
1769 2201 1840 2222 nutu-

1054 2247 1149 2274 ralitcr
1169 2255 1199 2274 ea
1220 2255 1278 2282 qua:
1301 2246 1364 2281 legis
1385 2250 1447 2273 sunt
1481 2245 1594 2280 faciunt,
1617 2244 1746 2278 ejusmodi
1766 2243 1840 2277 legem

1055 2303 1107 2321 non
1129 2294 1264 2325 habentes,
1283 2293 1333 2326 ipsi
1349 2292 1396 2319 sibi
1417 2296 1479 2318 sunt
1504 2291 1588 2318 lex“.
1605 2290 1646 2316 Ab
1662 2289 1776 2316 adventu
1797 2296 1839 2315 au-

1057 2344 1111 2367 tem
1129 2339 1281 2367 Servatoris
1299 2346 1354 2365 non
1374 2345 1469 2365 omnes
1492 2337 1608 2365 salutem
1630 2339 1838 2369 consequuntur,

1057 2387 1106 2414 sed
1123 2386 1140 2413 ii
1157 2386 1203 2421 qui
1230 2385 1366 2417 credunt,
1391 2389 1418 2411 ct
1440 2392 1473 2411 et
1496 2383 1650 2411 divinarum
1674 2383 1734 2416 ejus
1757 2382 1836 2415 legum

1056 2432 1218 2467 praescripto
1243 2432 1325 2458 vitam
1345 2438 1422 2458 suam
1448 2430 1608 2457 instituunt.
1633 2428 1690 2460 Qua
1717 2427 1794 2454 etiam
1808 2427 1836 2454 de

1057 2485 1140 2505 causa
1163 2477 1190 2504 in
1214 2476 1332 2512 imagine
1352 2480 1380 2503 et
1402 2475 1429 2503 in
1448 2475 1597 2510 archetypo
1620 2473 1741 2501 dictione
1768 2473 1839 2500 Multi

1058 2531 1124 2551 usus
1138 2528 1191 2550 est.

1371 2568 1446 2595 CAP.
1468 2567 1539 2595 XLI.

1057 2615 1111 2643 Cur
1135 2615 1253 2642 Christus
1278 2615 1353 2642 homo
1378 2615 1471 2649 factus.
1503 2610 1835 2649 Resurrcctio._»ludicium.

1147 2650 1220 2677 Varii
1236 2647 1413 2677 beatorum—et
1432 2649 1632 2675 damnatorum'
1644 2647 1757 2674 ordines.

1094 2708 1146 2735 Sed
1162 2707 1316 2738 videamus,
1333 2707 1475 2743 cujusnam
1489 2706 1528 2733 rei
1543 2713 1610 2740 ergo
1626 2704 1783 2739 Uuigenitus
1795 2701 1835 2729 Dei

1059 2754 1142 2781 Filius
1157 2761 1267 2781 carnem
1291 2753 1470 2788 assumpserit
1484 2761 1491 2779 :
1507 2752 1681 2786 humanaque
1694 2755 1786 2778 natura
1799 2756 1836 2776 se-

1116 2810 1138 2825 5‘
1156 2810 1284 2842 Rom.vl,
1301 2809 1345 2836 23.
1385 2809 1406 2824 ⁸⁷
1421 2809 1501 2836 Rom.
1513 2817 1539 2840 γ,
1565 2808 1607 2834 15.
1665 2805 1689 2822 ⁸⁵
1705 2805 1772 2834 Ibid.
1800 2806 1835 2833 Ili.
