1949 3073
116 170 184 205 ῙΞᾹῙ

745 151 938 184 TIIESAUR]

992 149 1042 179 IB.
1064 148 1114 178 IV.
1675 135 1743 169 122i?

115 228 172 256 mel
186 227 336 258 assumpto,
350 221 432 248 homo
455 217 547 248 fuerit.
564 220 591 243 et
608 213 754 242 audiverit.
776 211 906 239 Eamdem
924 212 944 238 Α
959 206 1174 240 viviﬁcabuntur:
1185 199 1339 229 communis
1350 199 1422 227 enim
1433 196 1600 225 resurrectio
1610 199 1652 223 est
1668 200 1749 230 :post

887 256 891 258 λ
1085 251 1101 258 ι·
1177 257 1180 258 ν
1203 253 1286 258 ﬁ...“
1313 245 1442 258 :...|:,.:.....
1465 244 1514 258 md-
1542 242 1613 258 ηιιιυι
1634 241 1744 258 ηιιῖλιιιηὶ

116 275 198 302 nobis
213 256 360 306 Apostolus
378 266 531 294 doctrinam
546 264 574 291 in
588 271 619 290 ea
634 267 744 296 quoque
763 256 907 293 proposuit

117 303 251 353 Epistula,
272 322 352 351 quam
368 313 400 340 ad
418 311 577 340 Corinthios
592 307 711 341 seripsit,
732 305 777 331 ubi
792 304 830 330 sic
847 303 886 330 ait
899 310 911 333 ε,

957 251 1185 281 resurrectionem
1198 253 1300 279 autem,
1311 245 1443 282 judicium
1464 244 1527 274 erit,
1541 242 1613 278 quod
1634 241 1744 276 quidem

958 298 1121 334 significavit
1136 297 1168 324 iis
1184 303 1244 331 quae
1253 293 1394 328 subjunxit
1407 300 1412 318 τ
1426 291 1606 324 Unusquisque
1623 293 1709 315 autem
1719 283 1751 315 in

119 335 251 353 μμιδιιυιιι,
272 335 352 351 squ-nn.
368 335 400 340 --
421 335 573 340 νν---η---ηη
596 335 599 336 ν
647 335 655 341 ,

119 366 196 393 Num:
210 367 297 391 autem
320 361 438 388 Christus
458 357 601 385 resurrexit
615 364 630 381 a
645 352 766 383 mortuis,
785 350 908 384 primitiae
956 355 1003 374 suo
1019 346 1108 373 ordine
1119 345 1151 370 ³³.
1167 343 1243 370 Multi
1256 345 1318 368 sunt
1328 341 1412 370 enim,
1423 343 1449 364 et
1464 344 1558 364 eorum
1571 336 1617 370 qui
1631 335 1752 368 puniun-

1226 389 1231 393 -
1354 390 1359 393 -
1425 383 1545 393 Aenus.-.
1560 380 1752 393 -:....:.t,...‘...m

119 410 308 439 dormientium
323 416 332 436 :
347 406 473 442 quoniam
496 404 599 439 quidem
616 409 662 436 per
678 399 808 426 hominem
835 403 905 422 mors

120 463 146 484 et
163 465 208 491 per
222 455 354 482 hominem
369 451 525 479 resurrectio
540 453 713 476 mortuorum.
731 445 799 471 Tum
813 442 910 470 deinde

121 512 137 530 a
154 507 250 530 natura
265 501 298 527 ad
317 505 447 534 personas
467 497 573 528 transit,
597 494 638 522 his
654 491 766 520 verbis:
782 490 817 517 Et
844 489 912 516 sicut

123 550 151 576 in
167 548 252 576 Adam
276 554 363 573 omnes
386 544 546 575 moriuntur,
566 542 604 568 ita
618 540 683 567 etin
699 537 801 566 Christo
825 542 915 562 omnes

166 627 190 644 "
207 628 217 653 Ι
243 626 307 654 Cor.
321 633 365 656 xv,
385 622 421 650 ‘20
446 628 522 655 seqq.

127 681 1591 718 Μ*-

960 398 1005 421 tur
1020 396 1048 419 et
1069 397 1164 418 eorum
1187 389 1233 424 qui
1254 390 1407 416 servantur,
1421 383 1546 413 ordines;
1560 380 1693 416 siquidem
1706 386 1753 412 pro

961 438 1074 476 iustitiae
1096 436 1227 471 qualitate
1241 439 1268 461 et
1283 432 1448 468 quantitate,
1462 429 1608 459 .donorum
1632 427 1754 453 retribu-

965 486 1053 513 tiones
1069 480 1144 515 ﬁent,
1167 481 1318 514 eodemque
1341 478 1432 510 modo,
1450 484 1498 510 pro
1514 480 1686 509 peccatorum
1701 471 1754 498 difv

967 531 1093 564 ferentia,
1116 536 1204 565 pmnaa
1229 533 1338 562 quoque
1351 529 1378 552 ct
1392 523 1526 558 supplicia
1541 520 1755 556 .irrogabuntur.

477 779 856 863 NICETfE
904 771 1418 854 GHONIATZE

396 928 757 1000 THESAURI
797 916 1271 980 ORTHODOXIE
1315 915 1506 972 FIDEI

703 1045 885 1093 LIBER
927 1040 1201 1095 QUARTUS

397 1151 581 1182 ADVERSUS
598 1146 842 1177 ANTEARIANAS
860 1141 1031 1172 IIAERESES
1051 1137 1302 1173 QUADRAGINTA
1322 1125 1500 1171 QUATUOII.

474 1231 643 1270 Unicuique
655 1227 754 1267 capiti
767 1236 820 1257 seu
831 1225 939 1256 haeresi
955 1233 1013 1254 sua
1029 1230 1154 1252 annexa
1170 1223 1215 1250 est
1236 1219 1422 1259 confutatio.

437 1393 633 1424 PRAEFATIO.

297 1457 336 1484 De
350 1455 445 1484 Christi
459 1458 484 1481 et
500 1453 610 1480 Satanw
626 1449 766 1477 ministris.

173 1517 243 1546 Cum
259 1513 476 1550 sapientissimus
488 1510 676 1538 universorum
693 1507 765 1534 Deus
788 1506 934 1532 humanam

139 1568 257 1600 propter
265 1569 315 1589 nos
330 1567 449 1589 massam
464 1555 649 1587 subiisset,ita
665 1554 786 1584 detnum,
803 1549 935 1586 quemad-

142 1595 257 1637 modum
273 1608 328 1642 jam
344 1605 472 1635 diximus,
490 1601 633 1630 Trinitatis
652 1600 757 1629 lumen.
772 1597 861 1633 primo
875 1595 937 1630 qui—

143 1655 207 1682 dem
224 1660 373 1689 paucorum
396 1651 574 1686 piscatorum,
592 1646 691 1674 deinde
705 1652 771 1672 vero
791 1644 935 1671 doctorum

141 1701 255 1736 pietatis
281 1706 364 1733 opera
377 1701 405 1724 et
422 1694 586 1724 ministerio.
604 1701 652 1728 per
666 1691 826 1719 universum
852 1693 937 1716 terra-

143 1756 206 1775 rum
225 1746 320 1774 orbem
347 1741 518 1779 propagavit,
533 1745 561 1767 et
574 1738 678 1767 erroris
697 1737 780 1769 illitts,
801 1735 847 1771 qui
872 1735 938 1762 deo—

143 1799 205 1820 rum
222 1797 335 1819 examen
358 1787 589 1823 myrmeciamque
618 1784 773 1815 invexerat,
789 1785 881 1809 sentes
895 1788 938 1808 ra-

144 1837 248 1866 dicitus
265 1834 437 1869 exstirpavit.

183 1884 261 1917 Quod
280 1888 341 1908 cum
368 1879 413 1906 ille
426 1876 581 1906 communis
602 1875 743 1903 hominum
769 1871 941 1899 adversarius

145 1937 227 1966 aequo
242 1928 333 1956 animo
349 1925 424 1953 ferre
439 1931 494 1950 non
517 1926 621 1958 posset,
639 1920 728 1955 utqui
748 1918 799 1946 sibi
816 1917 942 1945 subditos

148 1985 163 2004 a
178 1984 207 2004 se
222 1972 321 2002 abduci
336 1974 472 2002 cerneret,
489 1967 633 1996 hominum
651 1973 700 1993 sua
715 1964 801 1999 ipsius
818 1963 942 1997 nequitia

148 2023 296 2057 dignorum
323 2015 491 2046 ministerio,
519 2012 581 2040 fidei
610 2010 771 2038 orthodox:e
798 2008 944 2036 insidiatus

946 1384 1114 1418 Bmunique
1141 1380 1265 1409 doctrina
1294 1378 1467 1408 concludam,
1492 1376 1612 1411 seipsum
1638 1375 1772 1403 infinitam

983 1429 1031 1456 Dei
1049 1416 1199 1463 potentiam
1225 1423 1394 1452 nominabat.
1420 1416 1626 1456 Principatuum
1650 1426 1678 1448 et
1699 1425 1775 1454 pote-

984 1480 1084 1504 statum
1109 1474 1233 1503 nomina,
1255 1471 1394 1505 ctelosque
1419 1469 1609 1503 confingebat;
1626 1473 1654 1495 et
1667 1467 1776 1495 unicui-

985 1530 1038 1557 que
1062 1521 1132 1549 ccclo
1157 1522 1306 1554 potestates
1340 1517 1444 1551 aliquot
1469 1515 1594 1542 barbaris
1618 1514 1778 1541 nominibus

986 1569 1073 1597 dictas
1097 1566 1264 1595 ascribehat.
1281 1563 1394 1598 Insuper
1420 1561 1558 1589 meretrici
1571 1560 1678 1588 cuidam
1690 1560 1779 1596 Tyriae

986 1621 1096 1650 genere,
1119 1612 1282 1646 Helenaque
1307 1609 1428 1640 nomine,
1447 1616 1527 1643 quam
1547 1614 1640 1634 secum
1659 1607 1778 1634 circum-

987 1660 1126 1693 ductabat,
1145 1659 1239 1693 primae
1261 1656 1383 1684 notionis
1399 1655 1610 1690 appellationem
1632 1653 1779 1685 indiderat,

988 1713 1015 1735 et
1038 1704 1269 1742 quemadmodum
1294 1711 1323 1730 se
1349 1702 1433 1729 Deum
1458 1701 1578 1732 Patrem,
1599 1700 1637 1726 ita
1659 1704 1688 1726 et
1705 1699 1780 1726 illam

989 1754 1106 1781 aliorum
1121 1751 1176 1787 (59)
1194 1758 1253 1777 esse
1279 1753 1394 1776 matrem
1409 1757 1414 1775 ε
1428 1755 1477 1781 per
1494 1753 1608 1780 eamque
1625 1753 1654 1772 se
1669 1745 1781 1779 angelos

990 1806 1018 1827 et
1033 1797 1212 1831 archangelos
1235 1790 1346 1826 fecisse,
1360 1794 1414 1820 imo
1434 1793 1522 1827 ipsum
1535 1792 1569 1818 ab
1583 1790 1686 1825 angelis
1703 1797 1784 1816 mun-

991 1845 1056 1871 dum
1068 1843 1208 1870 conditum
1222 1841 1307 1868 fuisse
1321 1839 1470 1866 asserebat.
1482 1837 1529 1864 His
1542 1837 1670 1868 addebat,
1685 1843 1785 1870 quem-

973 1890 1139 1919 ‘admodum
1159 1889 1269 1916 Helenae
1285 1886 1437 1914 invidentes
1460 1884 1558 1920 angeli,
1580 1891 1640 1911 eam
1657 1891 1741 1918 penes
1754 1889 1786 1910 se

993 1937 1179 1967 detinuerant,
1197 1939 1227 1961 ut.
1251 1934 1298 1968 qui
1315 1933 1374 1968 ejus
1398 1939 1482 1967 opera
1503 1939 1552 1958 seu
1577 1934 1709 1957 creatura:
1731 1928 1788 1956 dici

994 1983 1109 2010 nollent.
1124 1981 1203 2009 Unde
1221 1980 1324 2007 factum
1343 1982 1428 2010 esset,
1444 1981 1475 2004 ut
1489 1983 1548 2003 eam
1563 1975 1590 2002 in
1605 1975 1788 2009 plurimarum

995 2028 1157 2057 feminarum
1173 2033 1287 2060 corpora
1299 2024 1490 2054 detrusissent,
1503 2021 1708 2055 novissimeque
1720 2019 1790 2047 adeo

149 2073 203 2101 es"
221 2066 289 2093 nihil
303 2065 380 2099 prius
395 2067 442 2090 am
455 2059 597 2094 antiqums
621 2057 737 2104 hallens'
754 2063 835 2091 quam
849 2058 880 2104 ΠΡ
894 2053 944 2080 ’ω’
956 2053 979 2084 C
1199 2053 1330 2101 T-vndari,
1356 2076 1417 2104 qua:
1438 2068 1557 2103 Trojano
1581 2053 1790 2094 bello-causam

149 2114 241 2142 mines
261 2112 289 2138 in
313 2109 426 2137 exitium
450 2105 632 2140 pertraheret.
658 2103 697 2130 Ex
719 2110 773 2137 quo
798 2101 900 2134 evenit,
914 2104 944 2126 ut

150 2167 213 2187 cum
231 2158 276 2185 vix
290 2155 381 2183 adhuc
400 2152 587 2188 apostolorum
609 2149 769 2177 confirmata
784 2144 944 2182 pra-dicatio

150 2209 238 2236 esset,
251 2208 346 2230 verum
366 2200 520 2235 primorum
535 2197 686 2224 etiamnum
702 2194 943 2221 fundamentorum

153 2249 312 2277 ﬁrmitatem
337 2245 517 2280 experiretur,
535 2243 580 2270 ille
598 2241 741 2268 confestim
764 2239 870 2266 semina
897 2238 947 2264 im-

153 2295 265 2332 pietatis
277 2294 301 2321 ei
316 2293 494 2328 permiscere,
514 2296 602 2323 eaque
623 2286 844 2321 superseminare
856 2291 948 2319 ccepe-

155 2347 201 2370 l'll.

493 2393 570 2422 CAP.
591 2393 612 2420 I.

231 2443 324 2471 Prima
352 2442 470 2478 Inpresis,
487 2440 602 2468 Simonis
620 2437 693 2472 Magi
708 2441 733 2463 et
747 2436 882 2463 Basilidis.

195 2502 284 2537 Hujus
306 2500 374 2527 adeo
386 2497 548 2527 vaframenti
561 2497 656 2524 Simon
668 2494 773 2530 primus
790 2491 953 2520 administer

162 2548 246 2575 fuisse
269 2546 369 2578 fertur,
388 2545 435 2580 qui
458 2543 559 2571 Git'this
580 2546 657 2569 ortus
673 2540 708 2576 (is
722 2538 851 2567 Samaria:
877 2538 954 2564 vicus

163 2594 216 2627 est)
230 2600 292 2620 cum
317 2590 468 2626 praestigias
485 2596 566 2615 omne
589 2594 674 2622 genus
688 2585 721 2613 ad
737 2591 855 2620 unguem
879 2587 955 2609 tene-

165 2643 218 2670 ret,
239 2637 339 2665 multos
364 2634 559 2662 miraculorum
577 2631 698 2659 editione
713 2636 791 2657 suam
807 2629 833 2655 in
847 2631 956 2654 sentcn-

167 2685 230 2711 Iiam
247 2681 413 2719 pellieiebat.
429 2679 518 2713 Atque
532 2677 553 2704 si
567 2677 678 2711 quando
698 2681 759 2702 cum
780 2672 882 2700 Iudaeis
895 2679 957 2698 ver-

996 2120 1127 2149 dedisset.
1143 2119 1173 2146 In
1186 2118 1269 2152 hujus
1290 2116 1399 2144 Helena:
1416 2114 1530 2150 gratiam
1544 2113 1614 2140 coelo
1627 2119 1656 2139 se
1673 2111 1790 2138 descen-

996 2167 1069 2195 disse
1093 2163 1286 2200 subjungebat,
1303 2165 1333 2189 ut
1348 2169 1408 2189 eatn
1421 2168 1436 2187 a
1449 2159 1578 2192 vinculis,
1597 2157 1698 2190 quibus
1720 2156 1792 2183 deti-

1000 2213 1129 2243 nebatur,
1154 2210 1295 2237 adsereret
1309 2216 1315 2233 :
1332 2206 1547 2240 hominibusque
1560 2205 1588 2231 in
1603 2204 1721 2238 seipsum
1734 2209 1794 2228 cre—

998 2258 1129 2286 dentibus
1147 2255 1245 2284 salutis
1266 2258 1362 2281 auctor
1382 2256 1468 2279 esset.
1486 2251 1559 2278 Idem
1576 2248 1705 2285 mysteria
1726 2254 1795 2282 quo-

999 2313 1054 2340 que
1080 2303 1203 2331 foeditate
1233 2308 1315 2328 omne
1340 2306 1427 2334 genus
1457 2295 1655 2327 refcrtissitna,
1679 2301 1795 2329 qumque

1001 2350 1106 2378 idcirco
1134 2347 1235 2382 linguis
1269 2345 1397 2372 humanis
1431 2342 1546 2378 exprimi
1583 2345 1739 2376 nequeant,
1769 2340 1797 2366 in

1002 2395 1091 2430 ipsum
1111 2392 1286 2420 credentibus
1300 2410 1308 2422 ,
1331 2390 1398 2417 viris
1416 2389 1527 2424 quidem
1550 2395 1598 2423 per
1615 2385 1740 2421 genitalis
1753 2392 1798 2411 se-

1003 2440 1085 2467 minis
1114 2437 1284 2468 deﬂuvium,
1315 2434 1426 2462 feminis
1451 2438 1543 2461 autem
1569 2440 1618 2467 per
1642 2433 1799 2458 menstruos

1004 2485 1130 2514 deﬂuxus
1157 2482 1332 2519 suggerebat,
1360 2485 1443 2516 atque
1469 2478 1627 2516 bujusmodi
1653 2483 1799 2512 μυσταγω-

1005 2532 1078 2566 γίαν,
1108 2538 1156 2557 seu
1184 2527 1379 2557 initiationem,
1405 2525 1630 2560 impurissimam,
1659 2520 1798 2555 γνώσεως,

1007 2577 1060 2604 hoc
1072 2580 1115 2604 est
1128 2575 1252 2603 scientia:
1276 2572 1495 2608 cognitionisque
1522 2569 1632 2596 nomine
1652 2567 1735 2593 homo
1750 2565 1802 2592 im-

1008 2623 1171 2659 purissimtts
1194 2620 1369 2655 insiguielmt.
1396 2617 1475 2645 Unde
1499 2615 1692 2643 Gnosticorttm
1717 2612 1802 2638 etiam

1009 2668 1202 2696 hmreticorum
1229 2665 1342 2693 lnuresis
1364 2661 1570 2698 suppullulavit.
1587 2659 1701 2693 Insuper
1716 2657 1802 2684 actio-

247 2703 412 2719 γνηωηυ-.
429 2703 515 2713 .-.Ίη
538 2703 553 2704 η
573 2703 583 2711 1

167 2734 285 2760 saretur,
301 2737 331 2756 se
341 2727 389 2755 Dei
405 2725 524 2753 Filium:
540 2723 561 2751 si
577 2730 638 2750 cum
663 2719 852 2751 Samaritanis,
871 2718 955 2744 Deum
972 2725 998 2755 D
1011 2723 1072 2743 nem
1103 2721 1212 2749 quoque
1237 2711 1407 2747 quamlibet,
1439 2708 1482 2735 vel
1509 2705 1706 2736 foedissimam,
1733 2703 1804 2730 citra

1324 2757 1330 2760 ‘
1406 2755 1412 2760 '
1577 2752 1582 2760 I
1594 2759 1598 2760 ν
1626 2751 1645 2760 γι
1660 2759 1665 2760 γ
1675 2756 1680 2760 .
1719 2749 1804 2760 ΙΙηΞ..-

172 2777 277 2804 Patrem
291 2784 298 2808 ;
314 2775 336 2802 si
353 2780 414 2801 cum
432 2770 546 2806 reliquis
562 2768 730 2796 nationibus.
746 2765 879 2800 Spiritum
898 2771 960 2790 san-

170 2827 244 2850 etum
259 2829 319 2851 esse
337 2818 524 2856 profitebatur.
539 2816 574 2844 Ut
588 2812 752 2850 generaliori
769 2808 855 2839 verbo
886 2818 962 2838 com—

207 2882 262 2916 (39)
277 2881 398 2909 Irenaeus
413 2877 542 2910 omnium,
553 2880 583 2903 ut
597 2874 657 2901 mou
671 2880 720 2908 pro
732 2871 818 2898 ἄλλων
832 2870 919 2904 legas.

1015 2762 1099 2789 ullum
1127 2760 1276 2788 discrimen
1305 2755 1458 2783 obeundum
1484 2761 1544 2781 esse
1568 2751 1693 2779 docebat.
1719 2749 1806 2783 Ilujus

1015 2807 1166 2836 Incresibus
1191 2803 1339 2832 Menander
1373 2799 1562 2829 Samaritanus
1587 2797 1728 2830 imbuttts,
1755 2802 1809 2822 net:
