1949 3073
157 119 223 150 12η

779 117 929 150 NICETIE
948 117 1151 151 ΟΗΟΝῙΑΤᾸΞ

1723 117 1813 150 12M

155 184 251 204 eorum
281 176 441 211 quidquam,
462 183 522 211 quae
547 175 693 208 didicerat,
721 176 878 208 immutans.
902 175 946 203 Si-
960 176 982 203 Δ
997 178 1110 204 omnino
1126 182 1299 210 tractassem,
1319 177 1364 212 qui
1383 181 1473 205 tamen
1495 176 1627 203 intactum
1640 176 1709 203 nihil
1725 177 1811 204 reli-

157 230 238 250 mone
252 223 334 249 etiam
354 223 412 256 ipso
425 222 556 256 majorem
572 229 600 249 se
614 222 804 256 profitebatur.

192 268 222 295 In
247 268 330 300 hujtrs
347 273 437 294 autem
460 275 569 295 errores
594 268 725 295 Basilides
740 273 768 295 et
778 268 946 296 Saturninus

155 313 324 350 juraverant.
340 313 441 346 quibus
459 313 540 340 etiam
565 313 685 340 Simonis
702 314 809 340 decreta
825 321 946 340 summo.

158 366 223 393 pere
239 358 389 392 plar'ebant.
409 358 543 384 (latterum
560 358 692 385 Basilides
719 359 847 392 quasdam
864 358 946 385 etiam

159 404 324 439 appendices
350 404 470 436 magistri
497 405 538 431 sui
560 404 752 431 labulamentis
783 404 949 430 interseri-ns

160 450 311 485 ingenitum
328 458 388 477 esse
411 450 531 479 diccbat.
548 459 580 477 eo
597 451 707 477 nomine
733 451 820 477 solum
840 450 948 477 Patrem

160 496 282 521 omnium
308 496 316 522 i
341 496 464 529 telligens
479 504 486 522 :
501 504 533 523 ex
560 504 593 523 eo
618 496 796 525 intellectum.
818 503 850 522 ex
872 495 951 522 intel-

160 542 231 567 lorltl
254 549 422 571 Sermonem.
441 550 473 568 ex
491 549 619 568 sermone
644 541 826 576 prudentiam,
841 549 872 567 ex
887 549 952 575 pru-

162 586 252 613 dentla
270 587 398 612 virtutem
423 590 451 613 et
467 587 640 620 sapientiam.
661 594 693 612 ex
709 586 840 616 sapientia
859 590 885 612 et
900 586 952 611 vir-

163 636 220 658 tute
240 631 418 664 principatus.
446 636 603 665 potestates.
621 635 648 657 et
665 631 785 665 angelos,
804 639 837 657 ex
851 631 954 665 angelis

163 676 284 709 denique
309 677 491 714 intellectum.
505 678 622 710 primum
641 681 669 702 et
684 684 820 702 summum
847 684 956 710 proces—

164 722 231 748 sisse
243 722 435 749 fabulabatur:
454 729 468 749 a
482 722 580 756 quibus
604 722 691 756 angeli
719 722 781 749 facti
805 722 955 749 secundum

165 768 265 792 omium
292 768 518 797 construxisscnt,
546 771 574 793 et
597 767 664 793 alios
695 767 806 800 insuper
836 768 955 801 angelos.

165 812 211 845 qui
225 812 292 838 alios
311 812 402 838 itidem
419 812 540 846 augt-los,
568 812 696 845 aliudque
712 812 809 839 caelum
827 812 957 840 fabricas-

166 863 237 891 sr-n’,
253 866 340 891 eoque
357 865 413 884 rem
432 857 621 888 deduxissent,
637 863 668 884 ut
684 858 798 884 trecenti
818 858 958 893 sexaginta

168 904 288 937 quinque
312 903 373 930 cudi
391 911 440 937 pro
457 903 563 930 dieru-u
581 903 643 929 anni
668 911 783 930 ntrmero
806 904 961 938 reperiren-

170 955 224 976 tur.
243 949 290 976 llis
311 949 439 977 addebat.
463 948 594 976 mundnrn
608 949 642 975 ab
659 949 692 976 iis
710 950 814 982 angelis
834 953 961 976 construi-

169 1000 242 1022 ctum
259 1003 329 1025 esse.
350 996 395 1028 qui
414 995 513 1022 etelutn
541 995 674 1025 inlimum.
699 996 771 1029 quod
795 994 960 1029 aspectabile

169 1041 249 1068 nobis
266 1045 318 1072 est,
340 1041 501 1073 incolerent,
528 1045 661 1074 terraeque
689 1042 757 1068 adeo
779 1042 960 1075 principatum

171 1086 245 1112 inter
268 1093 297 1112 se
323 1085 481 1112 divisissent
501 1094 507 1111 :
527 1093 589 1112 eum
609 1085 727 1120 denique
753 1087 891 1119 angelum,
917 1085 961 1112 cui

172 1133 270 1160 sortito
289 1132 427 1166 provincia
449 1132 604 1159 Judteorunt
625 1132 778 1166 obtigisset.
803 1133 962 1166 angelorum

173 1178 326 1213 principem
355 1177 459 1209 luisse,
486 1177 529 1203 cui
558 1177 668 1211 quidem
703 1182 814 1204 caeteras
840 1177 964 1204 nationes

173 1223 276 1251 Iudaeis
304 1223 439 1256 subjicere
466 1222 578 1252 volenti.
597 1221 683 1255 angeli
706 1223 881 1248 restitisScnt.
900 1222 965 1255 Qui-

174 1268 225 1294 bus
241 1268 390 1301 perspectis
405 1267 544 1301 lngenitus
565 1267 735 1293 Intellectum
750 1267 962 1301 primogenitum

176 1321 255 1340 suum
279 1313 426 1343 amisisset.
443 1312 638 1347 Christumque
661 1312 838 1343 nominasset,
855 1317 883 1338 ut
906 1319 966 1338 cre-

177 1358 274 1385 dentes
292 1365 387 1385 omoes
407 1358 496 1384 salvos
514 1357 625 1384 faceret.
643 1357 728 1384 Porro
752 1356 890 1383 Christum
906 1364 967 1390 pas-

177 1411 236 1430 sum
252 1410 304 1429 non
320 1410 391 1434 esse,
408 1402 454 1429 sed
469 1402 607 1429 Simonem
619 1402 812 1436 Cyrenenscrn.
825 1400 964 1428 Christum

178 1450 249 1476 enim
265 1449 372 1476 eminus
401 1454 533 1487 extraque
554 1449 598 1476 teli
615 1450 726 1483 jactum.
750 1449 868 1482 stetisse,
885 1453 967 1482 atque

177 1497 332 1526 linteorum
361 1497 528 1523 dementiam
557 1497 686 1528 irrisisse,
706 1496 870 1530 tandemque
891 1496 967 1522 velut

181 1542 345 1577 postliminio
368 1542 400 1568 ad
425 1541 577 1576 lngenitztm
604 1542 717 1569 rediisse.
744 1550 758 1568 a
784 1550 839 1576 quo
867 1541 968 1568 missus

180 1588 281 1614 fuerat.
307 1587 479 1614 (iredendum
506 1595 587 1621 porro
613 1587 731 1618 dicebat,
754 1595 807 1613 non
829 1589 853 1612 iu
878 1587 968 1613 cruci-

183 1636 277 1664 liutm.
295 1634 342 1661 sed
361 1634 387 1660 in
401 1641 463 1660 eum
480 1634 526 1667 qui
554 1633 700 1660 cruciﬁxus
723 1633 876 1660 videbatur.
897 1633 970 1659 Basi-

182 1680 251 1707 l.:lcs
275 1680 396 1713 insuper.
411 1684 441 1705 ut
455 1679 560 1707 Simon,
577 1684 605 1706 et
620 1683 742 1713 quoqtlot
758 1678 880 1712 ejusdem
904 1678 971 1704 del?-

183 1731 305 1752 ramenta
336 1725 537 1759 verbowmque
560 1729 684 1760 portenta
711 1725 866 1756 tuebantur,
882 1723 972 1751 carnis

185 1772 415 1800 resurrectionem
444 1772 580 1805 negabat,
604 1771 638 1798 ab
663 1778 751 1805 eoque
787 1770 901 1805 angelo,
925 1769 973 1804 qui

184 1817 285 1845 Iudaeis
309 1822 449 1852 praeesset,
471 1817 603 1845 mundum
629 1817 729 1844 factum
754 1816 836 1843 fuisse
855 1815 972 1844 dicebat.

186 1864 341 1897 Quemlibet
354 1864 435 1890 etiam
453 1863 624 1894 bortabatm,
639 1868 668 1890 ut
683 1871 732 1898 pro
751 1862 867 1889 libidine
890 1862 976 1889 idolo-

187 1911 282 1944 thytis.
297 1910 350 1936 hoc
363 1914 415 1940 est.
431 1910 463 1936 iis
478 1917 539 1944 quae
562 1910 643 1936 idolis
667 1913 760 1936 essent
781 1908 917 1935 immolata
930 1915 977 1934 ve-

188 1960 310 1982 sceretnr
323 1964 330 1988 ;
345 1955 502 1990 illicitisque
515 1955 583 1982 adeo
599 1946 753 1982 actionibus
764 1954 831 1981 citra
842 1954 977 1981 delectum

188 2002 311 2028 vacabat.
330 2001 402 2028 Idem
431 2006 562 2036 prseterea
589 2000 814 2030 iucantationnm,
831 1998 979 2033 praestigia-

186 2056 306 2082 rurnque
315 2048 439 2074 inventor
450 2048 532 2074 fuisse
540 2046 715 2081 perhibetur:
727 2053 794 2080 quas
805 2045 980 2072 dementibul

190 2098 296 2128 postea,
319 2098 347 2120 et
379 2093 505 2125 vesanis,
527 2092 605 2127 quasi
632 2100 680 2127 per
704 2098 801 2118 manus
823 2089 979 2117 tradiderit.

189 2157 330 2177 IAERESEOS
344 2157 528 2176 PRECEDENTIS
544 2156 706 2176 CONFUTATIO
720 2156 769 2175 PER
786 2155 893 2175 EUHDEII
908 2155 982 2174 NICE-

472 2193 523 2212 τΔὶΙ
539 2192 698 2211 ειιοΝιΑτΑιί.

191 2242 245 2274 Qui
267 2241 300 2268 ab
315 2242 365 2268 hac
378 2241 470 2268 haeresi
485 2250 513 2268 se
527 2241 562 2268 ad
586 2240 730 2267 Erclerium
744 2239 899 2266 catholicam
917 2239 983 2266 reci-

443 2278 533 2311 piunt,
554 2276 735 2310 baptizatum.

231 2335 270 2362 Ex
287 2334 406 2361 Simonis
431 2333 625 2362 traditionibus
652 2333 722 2359 nulla
739 2337 791 2364 est,
811 2339 871 2366 qum
886 2330 982 2358 confu-

195 2386 286 2408 mtore
309 2380 436 2415 indigeat.
465 2379 566 2406 Omnes
581 2379 654 2406 enim
677 2386 736 2405 sese
756 2378 823 2404 satis
847 2383 983 2411 superque

192 2425 370 2456 subvertunl,
385 2425 412 2451 in
426 2424 524 2459 quibus
538 2424 611 2450 nulla
627 2423 661 2450 sit
677 2423 790 2449 omnino
813 2429 985 2456 consequen-

198 2473 246 2501 vtia,
266 2471 388 2505 nihilque
402 2470 480 2501 adeo,
497 2469 569 2504 quod
584 2469 656 2495 sanis
669 2469 782 2494 auribus
801 2467 931 2494 arrident.

234 2517 374 2552 Siquidem
392 2516 446 2548 ille,
461 2516 526 2542 dum
542 2515 592 2542 sibi
608 2515 674 2541 alias
696 2514 796 2540 Patris.
812 2513 879 2539 alias
900 2511 987 2546 Spiri-

201 2571 246 2590 rus
266 2564 364 2594 Sancti.
385 2563 452 2589 alias
475 2562 593 2596 denique
615 2560 746 2587 Potenti:e
769 2559 868 2585 divina:
887 2566 986 2585 nomen

200 2610 328 2644 ’mponit,
342 2617 374 2636 eo
391 2609 449 2643 ipso
466 2609 532 2635 satis
553 2615 584 2634 ca
607 2607 675 2633 nihil
700 2613 810 2639 prorsus
828 2613 888 2631 esse
912 2612 988 2631 coar-

199 2655 269 2689 guit,
294 2663 354 2689 qua:
377 2654 428 2682 sibi
453 2658 594 2687 tantopere
620 2652 792 2678 dissentanea
820 2651 987 2678 vindicabat.

201 2701 260 2729 lmo
289 2708 372 2733 vero,
398 2701 463 2727 dum
491 2699 621 2726 caelorum
646 2705 757 2732 quoque
784 2696 989 2723 multitudinem

204 2746 361 2774 Iitrodueit,
378 2746 412 2772 de
437 2745 537 2780 quibus
561 2743 716 2771 Grtccorum
742 2740 896 2777 philosophi
922 2739 989 2767 nihil

243 2835 265 2850 "
280 2836 300 2851 9‘
316 2836 375 2862 Act.
395 2834 498 2866 v.tt,19
512 2842 587 2868 seqq.

995 229 1127 258 querunt.
1158 231 1247 259 neque
1274 228 1353 250 vetus
1369 222 1432 254 'illa,
1457 228 1486 250 et
1509 223 1543 250 ab
1567 223 1625 256 ipso
1648 223 1704 249 Deo
1729 223 1810 250 data

996 270 1149 303 Scriptura,
1173 270 1336 296 mentionem
1360 270 1440 296 ullam
1468 269 1587 299 fecisset.
1606 269 1651 296 illa
1666 269 1808 301 insuper,

997 323 1058 349 qua}
1072 320 1137 341 sunt
1150 315 1176 341 in
1194 322 1286 341 rerum
1305 318 1413 346 natura,
1431 314 1464 340 ab
1478 314 1582 348 angelis
1595 318 1685 341 creata
1703 321 1809 348 nuga-

999 365 1090 391 batur.
1108 364 1164 398 (qui
1184 368 1273 390 tamen
1291 362 1360 389 nihil
1384 362 1457 388 aliud
1474 366 1547 391 sunt.
1573 369 1653 394 quam
1674 362 1809 387 virtutes

999 410 1155 437 ministerio
1174 409 1320 443 deputatte.
1346 415 1414 442 quas
1438 408 1509 434 Deus
1536 407 1673 440 produxit,
1687 411 1713 432 et
1733 414 1808 440 qua)

1000 455 1032 482 ad
1046 455 1104 487 ejus
1121 454 1302 481 ministerium
1318 461 1427 487 semper
1439 456 1575 486 apparatze
1589 452 1663 483 sunt)
1678 451 1804 478 interim

1001 502 1048 528 Dei
1065 501 1152 528 Patris
1165 501 1366 533 universorum,
1381 501 1521 534 sanctique
1536 499 1664 532 Spiritus,
1683 506 1806 525 necnon

1003 548 1141 574 immensm
1155 547 1201 573 Dei
1217 547 1349 574 Potentia!
1364 544 1528 572 ~ibi'nomen
1546 544 1685 578 alliugens.
1700 543 1807 576 Quod—

1004 601 1057 627 que
1085 592 1158 619 nulla
1183 600 1236 618 non
1264 592 1443 626 blasphemia,
1469 591 1542 617 nulla
1571 598 1625 616 non
1653 589 1807 623 impietate

1005 641 1107 666 scatet.
1128 637 1162 663 ab
1187 636 1289 666 Helena
1313 644 1422 670 quoque
1449 636 1541 662 nescio
1568 642 1621 669 qua
1650 634 1808 660 meretrice

1006 682 1097 717 Tyria.
1114 684 1192 717 cujus
1215 683 1357 716 illcgilimo
1385 681 1567 709 coutttberuio
1590 681 1732 712 utcba'ur,
1750 689 1808 707 an-

1008 729 1080 763 gelos
1093 733 1198 755 (‘reatos
1214 736 1274 755 esse
1290 728 1452 754 afﬁrmabat.

1044 774 1171 800 Pluribus
1186 775 1278 808 itaque
1294 774 1396 803 verbis.
1412 774 1446 799 ad
1462 772 1615 806 huiusmodi
1633 776 1808 806 nugamenta

1011 819 1130 846 Sitnonis
1151 819 1331 853 explananda.
1359 820 1424 853 quid
1443 821 1535 854 opus?
1550 827 1610 853 qua:
1626 826 1708 853 quam
1727 825 1806 844 vana

1009 865 1076 897 sint,
1090 869 1117 891 et
1135 864 1264 894 absurda.
1287 865 1476 898 ejusmodique
1501 863 1579 896 adeo,
1596 869 1626 890 ut
1642 865 1681 890 vel
1704 871 1758 890 suo
1774 870 1808 890 se

1009 910 1099 945 gladio
1117 910 1253 943 jugulent,
1278 910 1344 936 satis
1369 917 1505 943 superque
1526 910 1619 936 Simon
1638 909 1695 943 ipse
1718 916 1754 935 ex
1771 908 1810 936 iis

1010 955 1191 986 conﬁrmavit,
1217 963 1278 990 qtuc
1293 955 1326 981 ab
1343 955 1474 989 apostolis
1486 960 1511 982 et
1528 955 1640 984 audivit.
1657 958 1684 981 et
1704 962 1810 988 passus

1012 1005 1065 1027 est.
1093 1000 1160 1027 Cum
1187 1002 1260 1027 enim
1288 1001 1432 1034 Philippus
1449 1000 1474 1026 in
1491 1000 1638 1027 Samariam
1659 1007 1688 1026 se
1703 1004 1810 1026 contn-

1011 1046 1099 1079 lisset,
1117 1047 1162 1072 illc
1177 1046 1286 1080 quidem
1301 1054 1333 1083 ex
1349 1051 1453 1080 septem
1478 1045 1601 1072 diaconis
1617 1053 1698 1075 unus,
1714 1045 1810 1079 iisque

1012 1091 1082 1118 adeo
1107 1090 1156 1124 qui
1182 1086 1283 1117 ibidem
1308 1091 1335 1117 in
1360 1090 1469 1118 ndmine
1498 1090 1605 1117 Domini
1630 1090 1714 1116 nostri
1739 1090 1810 1117 Jesu

1012 1137 1116 1164 Christi
1145 1137 1271 1170 baptizati
1299 1137 1418 1165 fuerant.
1446 1137 1538 1164 Simon
1553 1141 1578 1163 et
1595 1137 1652 1170 ipse
1677 1136 1811 1163 lustrales

1014 1183 1047 1209 ad
1066 1190 1149 1217 aqttas
1174 1183 1299 1212 accessit.
1325 1183 1464 1217 cmpitque
1484 1182 1644 1209 familiarius
1662 1189 1723 1208 eum
1740 1181 1810 1208 Phi-

1016 1228 1090 1262 lippo
1120 1229 1234 1256 versari.
1265 1236 1372 1262 magna,
1397 1232 1427 1254 ut
1451 1236 1506 1260 ιιι-ξιξ
1527 1234 1556 1254 se
1579 1227 1692 1256 ferebat.
1721 1225 1810 1252 animi

1015 1273 1168 1300 constanlia
1196 1281 1258 1299 cum
1284 1273 1330 1298 illo
1356 1278 1543 1305 perseverans.
1571 1271 1622 1302 Qui
1650 1278 1711 1296 eum
1737 1270 1811 1296 mira

1017 1319 1072 1350 illa,
1091 1327 1151 1353 qu:e
1166 1327 1180 1345 a
1195 1319 1322 1352 Philippo
1350 1318 1461 1348 fiebant,
1485 1325 1576 1344 eoratn
1598 1320 1733 1343 cerneret.
1759 1315 1812 1341 ad-

1017 1364 1162 1390 miratione
1180 1363 1347 1397 rapiebatur.
1366 1362 1433 1389 Cum
1457 1370 1521 1388 vero
1544 1361 1651 1387 tandem
1670 1361 1696 1386 iu
1713 1360 1811 1387 Sama-

1017 1411 1097 1439 riam.
1113 1409 1281 1443 promulgata
1291 1408 1345 1442 jam
1358 1407 1474 1441 Philippi
1490 1407 1694 1440 praedicatione,
1711 1406 1811 1432 Petrus

1018 1461 1045 1483 et
1068 1455 1187 1482 Joannes
1209 1454 1324 1488 apostoli
1357 1454 1505 1481 venissent.
1530 1457 1558 1479 et
1575 1452 1759 1478 credentibus
1781 1451 1810 1477 in

1018 1501 1158 1529 Christum
1174 1500 1259 1527 sancti
1275 1499 1395 1533 Spiritus
1416 1498 1693 1525 communicationem
1709 1504 1811 1530 appre-

1020 1548 1072 1575 cati
1088 1547 1214 1577 fuissent.
1242 1545 1373 1578 illumque
1389 1544 1457 1570 adeo
1475 1551 1522 1578 per
1541 1550 1671 1569 manuum
1695 1541 1810 1576 imposi-

1022 1594 1124 1620 tionern
1142 1591 1319 1625 recepissent.
1341 1590 1401 1616 llmc
1423 1589 1480 1622 ipsa
1496 1596 1586 1615 coram
1608 1587 1701 1614 Simon
1725 1586 1812 1613 intui-

1023 1642 1076 1668 tus.
1107 1636 1236 1672 pecunias
1265 1635 1394 1670 apostol-s
1427 1634 1528 1661 obtulit
1556 1633 1671 1659 dicens:
1696 1632 1761 1658 Date
1786 1635 1810 1658 et

1022 1685 1084 1711 mihi
1102 1685 1169 1710 hanc
1186 1687 1348 1716 potestatem,
1366 1685 1393 1708 ut
1411 1682 1564 1715 cuicumque
1585 1681 1733 1712 intpomero
1755 1687 1812 1704 ma-

1023 1737 1083 1759 nus,
1098 1728 1210 1760 accipiat
1228 1727 1354 1761 Spiritum
1377 1730 1508 1752 sanctum.
1526 1725 1618 1751 Petrus
1639 1729 1726 1750 autem
1747 1723 1812 1748 duit

1025 1774 1060 1801 ad
1074 1782 1131 1801 eum
1147 1781 1156 1800 :
1173 1773 1286 1799 Pecunia
1305 1776 1350 1798 tua
1367 1776 1452 1797 tecum
1465 1772 1497 1798 sit
1513 1771 1538 1797 in
1556 1770 1737 1805 perditionem,
1750 1776 1812 1803 qua-

1024 1821 1098 1847 m'am
1113 1820 1210 1846 donum
1230 1819 1275 1845 Dei
1291 1818 1447 1844 existimasti
1463 1818 1573 1852 pecunia
1605 1815 1740 1848 poasideri.
1755 1814 1811 1841 Non

1026 1867 1121 1894 esttibi
1136 1875 1208 1901 pars.
1229 1873 1312 1900 neque
1334 1872 1391 1891 sors
1418 1865 1445 1891 in
1459 1871 1577 1890 sermone
1599 1864 1654 1890 hoc.
1673 1862 1724 1889 Cor
1746 1862 1812 1887 enim

1027 1918 1101 1940 tuum
1115 1920 1166 1938 non
1181 1915 1218 1937 est
1234 1915 1332 1936 rectum
1350 1917 1439 1935 corum
1458 1908 1520 1935 Deo.
1543 1908 1628 1943 |Roga
1645 1915 1707 1941 ergo
1722 1906 1811 1937 Deum,

1027 1959 1049 1985 si
1064 1959 1129 1991 forte
1153 1957 1304 1983 remittatur
1321 1955 1366 1981 tibi
1378 1955 1432 1981 Ιιιεε
1447 1955 1571 1988 cogitatio
1596 1953 1681 1979 cordis
1706 1950 1766 1986 tui.]
1782 1951 1812 1977 In

1030 2002 1090 2037 felle
1113 2003 1181 2030 enim
1199 2001 1402 2033 unuaritudiuis,
1425 2004 1450 2026 et
1475 1999 1635 2034 obligatione
1659 1997 1810 2032 iniquitatis,

1029 2049 1141 2076 vidimus
1158 2052 1182 2074 te
1194 2047 1326 2074 essem“.

1065 2094 1183 2122 Proinde
1211 2092 1367 2128 huiusmodi
1403 2092 1541 2126 repulsam
1578 2089 1748 2117 misarrimus
1770 2088 1811 2114 ille

1033 2149 1139 2176 passus,
1156 2146 1183 2167 et
1196 2141 1228 2167 ad
1244 2140 1383 2175 proprium
1401 2139 1533 2166 vomitum
1549 2144 1684 2167 reversus,
1698 2135 1810 2162 Samaria

997 2189 1019 2216 D
1033 2188 1158 2216 excessit.
1176 2191 1203 2212 et
1219 2186 1252 2212 ad
1269 2194 1299 2212 ea
1313 2193 1342 2212 se
1369 2184 1469 2219 oppida
1489 2183 1668 2216 civitatesque
1692 2179 1809 2210 contulit,

1033 2234 1135 2268 quibus
1160 2232 1280 2259 nondttrn
1311 2231 1449 2265 Evangelii
1477 2231 1568 2256 lntneu
1597 2229 1742 2256 illuxerat.
1762 2227 1810 2260 jam

1034 2285 1146 2313 tutoque
1165 2278 1297 2304 adversus
1313 2276 1393 2304 Verbi
1418 2275 1502 2301 divini
1532 2281 1671 2308 praécones
1686 2273 1711 2298 in
1725 2279 1812 2305 prlnns

1034 2332 1124 2353 autem
1136 2325 1257 2356 Petrum,
1270 2330 1378 2350 crucem
1391 2330 1419 2349 se
1437 2321 1617 2355 Sabinamque.
1630 2324 1754 2353 pra-stare
1765 2325 1812 2345 co:-

1034 2372 1084 2406 pit.
1106 2370 1245 2404 Siquidem
1258 2377 1319 2396 eum
1337 2367 1403 2394 nihil
1414 2375 1487 2401 prius
1501 2371 1528 2392 et
1544 2365 1683 2399 antiquius
1700 2364 1810 2393 haberet.

1036 2425 1117 2451 qualn
1133 2421 1163 2443 ut
1176 2416 1237 2442 Petr
1250 2422 1310 2448 rper
1324 2414 1413 2440 omnia
1428 2412 1618 2446 refragaretur.
1629 2410 1662 2437 ad
1671 2417 1743 2442 cum,
1758 2417 1811 2435 cum

1037 2463 1165 2497 pietatem
1186 2462 1211 2487 in
1227 2460 1425 2487 confertissima
1443 2457 1534 2492 populi
1553 2456 1686 2484 concione
1702 2455 1811 2486 doceret,

1038 2516 1132 2535 canem
1149 2508 1231 2538 misit.
1243 2507 1287 2540 qui
1297 2506 1354 2532 hate
1362 2505 1488 2531 humanis
1497 2503 1587 2530 verbis
1596 2502 1810 2536 proloqueretur:

1040 2554 1133 2581 Finem
1152 2553 1215 2585 tuis,
1239 2553 1330 2583 I’elre,
1356 2550 1457 2585 quibus
1477 2549 1606 2583 populum
1631 2546 1811 2577 circumvenis,

1041 2599 1200 2632 imposturis
1220 2596 1362 2631 imponito.
1380 2595 1440 2621 Mox
1455 2593 1575 2621 vicissim
1605 2592 1680 2619 canis
1705 2591 1769 2618 idem
1783 2590 1812 2617 ad

1041 2645 1178 2673 Simonem
1196 2652 1209 2670 a
1225 2644 1305 2670 Petro
1325 2643 1469 2676 relegatus,
1479 2641 1572 2666 eadem
1587 2639 1624 2665 illi
1650 2637 1812 2664 renuntiavit.

1041 2692 1161 2720 Tandem
1179 2698 1240 2717 cum
1259 2690 1345 2716 multo
1358 2697 1391 2715 ex
1407 2688 1471 2718 illis,
1491 2693 1561 2721 quos
1579 2686 1676 2712 Petrus
1691 2683 1814 2711 concioni-

1042 2739 1095 2767 bus
1118 2737 1175 2764 suis
1201 2737 1382 2767 instruxerat,
1408 2734 1439 2761 ad
1467 2733 1601 2768 privatum
1627 2730 1724 2765 dogma
1747 2736 1812 2757 suum
