1949 3073
132 112 207 142 1245

763 113 960 143 THESAURI
982 113 1056 143 LIB.
1078 115 1126 144 ιν.

1692 115 1760 147 ῙἾϐ

129 169 231 196 Simon
259 168 434 203 pellexisset,
455 169 509 205 jam
529 169 564 197 de
579 168 641 196 fidei
659 176 715 196 suae
737 170 884 197 traditione
898 174 926 197 et
940 172 962 200 Α
977 169 1082 198 advena
1104 171 1186 199 tia'er
1216 173 1354 208 apostolos
1377 173 1554 201 versabatur.
1587 170 1638 198 sub
1659 170 1760 204 quibus

128 214 305 248 expositione
325 215 469 248 cogitabat.
482 215 514 241 At
527 223 560 242 ne
586 215 625 242 sic
636 215 746 249 quidem
760 215 856 242 Petrus
867 215 926 242 ani—

130 268 212 286 mum
234 261 378 295 despondit
392 269 397 287 :
414 261 468 288 imo
480 269 545 289 vero
562 262 587 288 in
603 256 722 289 Simonis
744 261 830 296 ipsius
844 264 925 296 caput

129 307 315 334 fraudulenta:
331 313 403 333 artes
416 315 511 335 omnes
529 307 694 334 reciderunt.
800 339 803 342 Α

171 351 294 379 Tandem
313 360 388 385 vero,
405 361 467 380 cum
489 353 614 384 Romam,
633 352 756 379 omnium
780 353 923 379 civitatum

130 397 230 426 decus.
262 397 442 432 appulissent,
465 398 500 425 ibi
527 398 711 425 controversis
741 398 914 433 dogmatibus

131 448 343 471 concertarunt.
371 444 430 471 Jam
459 449 550 471 autent
575 444 645 474 apud
672 445 809 471 Romanus
828 444 922 471 Simon

135 494 242 516 tantam
260 490 379 516 nominis
409 490 594 517 celebritatem
610 496 780 517 consecutus
795 495 866 522 erat,
894 494 924 517 ut

129 541 208 561 aerea
228 539 316 561 statua
330 535 450 562 donatus
465 541 539 562 esset
552 543 566 562 a
581 535 695 563 Claudio
707 535 824 563 Ca‘sare.
838 536 924 571 Cujus

130 587 166 606 ea
198 579 281 607 fuisse
308 580 395 607 fertur
422 581 566 616 inscriptio
584 582 706 609 :Simoni
737 582 793 609 Deo
817 588 921 610 saneto.

130 625 203 652 Cum
219 626 309 660 itaque
327 626 420 653 Simon
437 627 519 654 Petro
550 627 744 662 refragaretur,
765 634 846 662 atque
861 637 922 662 par-

131 670 184 696 titn
212 670 330 704 Spiritus
360 672 448 698 sancti
476 672 587 704 verbis,
632 673 731 707 partim
771 673 920 703 miraculis.

130 717 280 751 praestigiae
311 716 384 743 illius
422 722 450 743 et
478 717 637 751 imposturte
665 711 816 751 patuissent
833 739 840 749 ,
876 718 921 745 ille

130 762 209 797 gravi
235 770 263 789 se
295 761 364 789 affici
386 767 460 790 ratus
485 763 645 797 ignominia,
663 764 689 791 in
708 765 793 791 cmlos
807 765 838 791 ad
858 772 922 798 pro-

131 809 225 840 prium
248 808 355 835 Patrem
380 816 558 836 ascensurum
580 816 630 839 se.
657 817 808 844 pcenasque
822 810 856 837 de
881 810 922 836 in-

131 853 257 880 credulis
289 853 352 881 inde
381 855 575 888 repetiturum,
599 855 782 882 comminatus
807 860 859 883 est.
887 855 922 882 Et

132 906 197 925 cum
215 899 287 926 dicto
301 907 316 927 a
331 899 505 927 daemonibus
522 900 548 927 in
563 901 647 928 caelos
682 900 834 935 ferebatur,
858 909 921 929 eum

132 944 232 972 Petrus
247 945 351 972 orando
375 946 432 972 Deo
456 946 590 979 intentus,
619 946 773 981 spiritibus,
790 948 922 983 aquibus

133 990 181 1017 ille
203 991 372 1025 rapiebatur,
395 992 560 1027 increpatis,
579 992 673 1020 effecit
690 998 719 1020 ut
737 993 764 1020 in
789 1000 870 1029 caput
888 1002 922 1022 ex

132 1035 189 1062 alto
216 1036 308 1071 Magos
338 1038 495 1070 corruerit,
523 1038 693 1074 pedibusque
724 1039 751 1066 in
765 1047 827 1067 aera
859 1048 923 1075 pro-

134 1082 233 1114 tensis,
262 1083 388 1110 miseram
406 1083 525 1111 animam
539 1085 680 1118 exhalans,
694 1086 782 1114 effuso
795 1087 865 1114 viam
879 1095 922 1115 eec

132 1128 217 1155 rebro
234 1129 408 1163 disperserit.

205 1183 357 1218 Menandri,
371 1184 523 1217 Saturnini,
540 1190 565 1214 et
581 1186 706 1214 Basilidis
718 1188 853 1216 liceretea»

450 1221 608 1255 confutatio.

167 1266 225 1293 Jam
244 1265 266 1294 si
288 1266 394 1301 primus
416 1267 598 1295 absurdorum
624 1273 719 1297 auctor
734 1269 807 1298 hunc
818 1270 879 1299 vitaz
892 1271 923 1299 fi-

131 1320 194 1339 nem
213 1313 327 1340 sortitus
352 1317 404 1345 est,
431 1314 501 1340 haud
532 1314 615 1341 dubie
641 1314 797 1349 Menander,
828 1317 924 1345 Satur-

132 1359 225 1389 ninus,
242 1363 269 1385 et
284 1358 424 1390 Basilides,
439 1359 563 1394 ejusdem
583 1360 660 1387 exitii
691 1361 850 1390 cohaeredes
874 1364 923 1390 ali-

132 1404 251 1441 quando,
269 1409 296 1431 et
320 1409 461 1432 consortes
487 1409 580 1437 erunt,
605 1406 652 1440 qui
678 1415 734 1434 non
755 1409 837 1436 modo
874 1409 923 1436 do-

134 1456 257 1485 gmatum
278 1451 398 1478 Simonis
415 1455 564 1478 sectatores
579 1453 752 1486 exstiterunt,
763 1462 858 1482 vertnn
869 1457 922 1484 illis

975 223 1038 242 cum
1055 217 1233 245 christianam
1259 219 1338 245 fidem
1363 218 1526 249 imbibisset,
1541 217 1683 244 viduarum
1709 223 1758 242 cu-

975 268 1032 288 ram
1062 262 1252 291 demandatum
1281 272 1342 291 cum
1363 272 1410 291 sex
1436 264 1499 291 aliis
1525 263 1664 296 suscepit,
1692 269 1761 296 ‘l'lOS

976 305 1049 332 inter
1066 307 1209 341 Philippus
1230 313 1258 334 et
1280 308 1437 343 Stephanus
1463 308 1566 342 primas
1586 307 1663 334 facile
1686 313 1761 332 tene-

975 351 1055 381 bant.
1082 359 1198 386 quorum
1228 353 1273 380 ille
1296 353 1446 381 Samariam
1465 355 1497 380 ad
1527 354 1606 380 ﬁderit
1636 352 1760 382 adduxit,

976 401 1003 423 et
1016 397 1159 424 Candaeen
1177 398 1334 432 baptizavit,
1361 400 1403 426 hic
1430 400 1534 434 primus
1560 399 1681 425 omnium
1708 404 1758 431 pro

974 442 1076 469 Christi
1099 444 1208 471 nomine
1229 445 1387 480 martyrium
1411 453 1508 479 passus
1527 449 1578 472 est.

1010 489 1140 517 Nicolaus
1164 498 1239 524 ergo,
1264 497 1325 516 cum
1354 490 1499 517 formosam
1523 490 1682 517 uxorculam
1711 488 1760 515 du-

973 533 1070 564 xisset,
1088 535 1207 568 primum
1234 535 1345 570 quidem
1372 536 1405 562 ab
1437 536 1481 562 illa
1498 538 1548 562 ‘se
1581 535 1760 565 t‘nnllnrbnl,

974 579 1072 606 deinde
1090 587 1186 606 rursus
1203 580 1464 614 congrediehantur.
1490 580 1624 607 Caeterum
1643 580 1689 606 hic
1713 587 1761 606 ue-

975 626 1076 652 miuem
1094 625 1126 651 ad
1148 626 1231 652 vitam
1250 631 1380 653 aeternam
1408 631 1604 660 perventurum
1635 633 1695 653 esse
1720 625 1761 652 di-

975 671 1065 700 cebat,
1079 671 1170 705 quise
1196 671 1320 705 quotidie
1341 672 1415 699 vitiis
1438 679 1607 706 onincgenus
1629 679 1683 697 non
1706 671 1762 697 im-

974 722 1120 750 mergeret.
1137 718 1207 744 Hinc
1222 725 1288 752 ergo
1312 717 1447 748 Gnostici,
1467 726 1481 744 a
1499 717 1611 745 Simone
1633 717 1695 748 sati,
1719 718 1760 743 in-

972 766 1110 792 crementa
1137 766 1336 796 susceperunt,
1363 770 1479 796 quorum
1501 762 1610 796 quidem
1639 762 1684 788 alii
1708 762 1760 788 alia

973 807 1175 840 fabulabantur,
1191 808 1235 835 alii
1253 815 1318 835 vero
1334 808 1463 835 feminam
1476 809 1633 842 quamdam,
1648 807 1762 836 nomine

972 853 1134 885 Prunicum,
1155 853 1293 885 colebant,
1322 854 1404 888 eique
1426 855 1481 880 vim
1506 854 1578 880 illam
1606 854 1763 882 adscribere

974 907 1027 926 non
1046 900 1230 932 verebantur,
1256 907 1318 934 quae
1346 899 1459 934 genitali
1482 900 1580 927 semini
1609 899 1689 926 insita
1709 907 1762 926 est:

973 945 1019 972 alii
1042 945 1162 980 denique
1179 945 1323 972 Caulacatn
1339 945 1555 972 venerabantur.
1577 944 1647 972 Sunt
1669 950 1762 971 autem

973 991 1063 1018 omnia
1078 990 1136 1018 haec
1151 990 1334 1018 effeminatam
1356 991 1500 1018 mollitiem
1514 990 1695 1026 significantia
1710 997 1759 1017 no-

973 1038 1047 1064 mina
1063 1037 1098 1064 ab
1121 1037 1174 1064 illis
1191 1038 1354 1073 excogitata,
1373 1037 1420 1072 qui
1434 1037 1595 1072 spurcitiam
1609 1035 1762 1071 quamlibet

974 1081 1046 1109 laudi
1058 1086 1084 1108 et
1097 1082 1195 1108 honori
1210 1082 1355 1109 ducebant.
1366 1081 1597 1116 Quandoquidem
1613 1081 1758 1115 προύνιχος

973 1127 1076 1154 coitum
1092 1127 1237 1162 significat.
1252 1128 1338 1156 Graeci
1359 1129 1443 1161 enim,
1457 1128 1479 1155 si
1494 1127 1528 1155 de
1549 1128 1687 1162 virginum
1713 1126 1761 1153 de-

973 1173 1151 1201 ﬂoratoribus
1165 1174 1322 1208 loquantur,
1336 1174 1378 1200 his
1390 1174 1483 1200 verbis
1496 1174 1534 1200 uti
1548 1174 1646 1202 solent.
1661 1174 1761 1207 éﬁpou-

973 1219 1097 1245 νικευσεν
1110 1220 1200 1254 τήνδε,
1212 1220 1264 1247 hoc
1272 1225 1323 1250 est.
1334 1221 1413 1248 istam
1425 1220 1540 1247 vitiavit.
1554 1219 1594 1247 Ad
1609 1219 1757 1246 Caulacam

973 1265 1046 1300 quod
1064 1265 1172 1296 attinet,
1190 1265 1306 1293 honesto
1324 1266 1349 1292 id
1368 1266 1479 1300 quidem
1496 1273 1577 1293 sensu
1592 1265 1626 1292 ab
1638 1264 1762 1291 Hebraeis

973 1311 1101 1344 effertur,
1117 1319 1132 1338 a
1145 1311 1285 1339 Guosticis
1305 1319 1371 1339 vero
1395 1312 1430 1338 ad
1451 1311 1648 1346 turpitudinem
1670 1311 1762 1338 detor‘

975 1360 1032 1384 tum
1056 1362 1109 1384 εει.
1127 1356 1270 1392 Siquidem
1285 1357 1312 1384 in
1335 1357 1499 1385 duodecima
1516 1357 1636 1384 Danielis
1654 1356 1760 1383 visione

974 1403 1010 1430 ita
1027 1403 1168 1435 scribitur,
1187 1404 1330 1436 Saulaszm,
1346 1403 1476 1431 Saulasan
1488 1424 1495 1436 ,
1516 1403 1661 1433 Caulacan,
1686 1401 1760 1430 Cau-

973 1448 1069 1481 lacan,
1098 1449 1151 1477 hoc
1172 1453 1224 1482 est,
1248 1450 1359 1477 afllictio
1389 1455 1450 1484 post
1476 1449 1672 1482 afflictiouem,
1696 1457 1760 1483 spes

132 1495 295 1523 absurdiora
314 1504 424 1530 quoque
439 1497 524 1523 multo
543 1501 731 1530 attexuerunt,
749 1500 840 1534 qualia
855 1505 918 1527 sunt

974 1498 1034 1527 post
1049 1502 1135 1529 spem.
1152 1494 1184 1521 Hi
1204 1503 1289 1530 porro
1312 1495 1434 1522 Gnostiei
1459 1495 1552 1521 multis
1580 1495 1761 1529 designantur

132 1549 175 1574 ea,
192 1542 293 1576 quibus
313 1542 403 1569 varios
424 1542 583 1577 angelorum
609 1548 686 1571 orlus
708 1549 869 1578 commenti,
885 1554 919 1574 eo

132 1589 216 1616 caelos
240 1596 356 1616 nurnero
385 1591 638 1623 corrotunilarunt,
665 1595 696 1618 ut
719 1591 831 1619 totidem
858 1600 919 1620 esse

132 1633 327 1665 connxerint,
342 1638 410 1668 quot
429 1634 455 1661 in
478 1635 542 1662 anni
570 1636 710 1663 curriculo
733 1636 793 1664 dies
817 1637 918 1672 depre-

131 1678 300 1705 henduntur.
327 1678 403 1712 Quod
431 1679 454 1707 si
480 1679 647 1716 Cyrenensis
671 1681 717 1709 ille
741 1681 857 1715 Simon,
888 1687 918 1710 ut

131 1722 170 1750 illi
186 1723 298 1754 volunt,
317 1731 412 1758 passus
425 1730 478 1758 est,
490 1725 551 1760 quis
575 1727 646 1753 alter
659 1727 716 1759 ille,
742 1735 846 1762 quaeso,
865 1728 918 1755 fuit

131 1769 178 1803 qui
199 1770 317 1796 surrexit
333 1777 347 1796 a
365 1771 493 1802 mortuis,
511 1771 637 1804 vulnera,
657 1780 718 1807 quae
734 1773 761 1800 in
775 1780 858 1801 cruce
873 1781 918 1801 ac-

131 1819 250 1849 ceperat,
266 1815 387 1842 ostendit
404 1816 544 1849 apostolis,
567 1817 686 1852 denique
711 1825 773 1845 cum
798 1827 916 1853 corpore

134 1859 160 1886 iu
183 1859 269 1886 ctelos
289 1860 433 1895 ascenditﬂ
451 1860 535 1888 Porro
561 1861 589 1889 in
606 1862 692 1889 Deum
718 1863 808 1897 ipsum
830 1865 917 1892 mani-

132 1904 200 1932 feste
225 1904 402 1932 refractarius
427 1911 489 1936 est.
522 1914 584 1933 cum
602 1907 749 1935 Mosaicam
767 1909 855 1944 legem
879 1910 914 1938 ab

133 1950 233 1984 angelis
249 1951 339 1978 datam
353 1958 415 1979 esse
440 1952 550 1979 asserit.
578 1952 635 1980 Nec
663 1953 736 1980 enim
754 1955 842 1990 angeli
868 1955 917 1983 de-

133 1997 242 2029 derunt,
260 1999 307 2025 sed
326 1997 349 2025 is
365 1998 476 2025 demum
508 1998 555 2033 qui
576 1998 643 2026 Mosi
667 1999 778 2028 locutus
806 2006 859 2034 est.
888 2005 917 2030 et

132 2042 260 2076 seipsum,
282 2043 351 2069 Eum
385 2043 430 2078 qui
454 2048 506 2076 est,
529 2044 691 2072 nominavit.
716 2045 758 2072 Illi
782 2046 856 2074 enim
882 2055 916 2075 ex

133 2087 217 2114 nihilo
241 2088 367 2122 producti
386 2093 460 2120 sunt,
476 2093 506 2115 ut
527 2089 559 2116 ad
577 2089 624 2116 Dei
652 2090 814 2125 obsequium
828 2093 915 2127 parati

132 2132 242 2167 spiritus
256 2140 366 2168 semper
396 2138 498 2166 essent,
520 2138 604 2169 prout
618 2134 660 2162 vel
680 2135 738 2170 ipse
761 2136 849 2165 Moses
874 2138 917 2166 his

134 2178 221 2205 verbis
233 2183 392 2207 attestatur.

164 2224 304 2252 Constituti
329 2229 390 2252 sunt
406 2227 512 2253 termini
535 2227 652 2262 gentium
669 2248 676 2260 ,
702 2230 846 2257 secundum
867 2239 917 2257 mt-

132 2278 228 2297 merum
254 2270 408 2305 angelorum
434 2271 491 2302 eius
510 2272 553 2304 '5;
576 2276 604 2299 et
618 2272 756 2300 Davides:
773 2273 825 2306 Qui
850 2275 915 2310 facit

132 2316 232 2350 angelos
247 2324 308 2343 suos
316 2317 435 2351 spiritus,
450 2321 474 2343 et
492 2317 626 2344 'miuistros
648 2319 813 2354 suos,ignem
834 2329 916 2347 ιιι-ρης

132 2366 178 2387 tem
191 2361 226 2389 “‘.
241 2363 274 2388 At
286 2370 362 2395 vero,
378 2371 510 2398 quonam,
534 2371 638 2398 quaiso,
664 2369 744 2398 pacto
768 2366 820 2392 sibi
847 2370 916 2393 tem-

133 2413 282 2442 perassent,
296 2416 329 2435 ne
345 2409 466 2444 linguam
495 2409 605 2445 ﬂagitiis
631 2410 820 2445 hujuscemodi
845 2420 914 2440 con-

132 2458 293 2493 stuprarent,
321 2454 366 2488 qui
394 2460 567 2489 portentosas
596 2464 774 2492 omnegenus,
793 2459 914 2494 impudi-

133 2505 226 2532 casque
245 2498 384 2530 libidines,
399 2500 467 2527 citra
486 2501 634 2534 delectum,
652 2503 784 2538 nullaque
803 2504 910 2532 honesti

132 2545 232 2571 ratione
253 2544 356 2576 habita.
374 2547 529 2574 actionibus
552 2549 610 2576 suis
636 2554 664 2576 et
697 2550 836 2585 mysteriis
864 2558 911 2578 ex‘

133 2594 297 2624 presserunt.

455 2636 532 2664 CAP.
550 2639 582 2665 ll.

193 2679 314 2723 Secunda
339 2682 444 2723 Ita'resis
467 2683 662 2723 Nirofnilarum
679 2692 717 2714 est
740 2689 784 2723 qui
806 2693 831 2715 cl

296 2716 475 2750 baptiznntur,
494 2723 518 2745 el
539 2718 733 2750 Gnosticorum.

154 2772 282 2801 ‘Nieolaus
294 2773 403 2809 quidam
421 2775 573 2804 Antiochia
598 2779 630 2805 ad
654 2779 784 2816 Daphnen
810 2788 888 2811 ortus

160 2837 180 2853 "
197 2837 274 2865 Deut.
289 2846 371 2870 χχιιι,
384 2838 410 2865 8.
450 2838 472 2854 ⁹⁶
483 2839 552 2866 Psal.
567 2848 623 2871 c:u,
637 2841 663 2868 4.

969 1541 1148 1568 nominibus:
1163 1541 1208 1568 alii
1222 1541 1296 1568 enim
1312 1541 1484 1570 Borboriani.
1499 1541 1544 1567 διὰ
1555 1541 1601 1566 τὸν
1615 1540 1758 1575 βέρεθρον,

971 1587 1022 1614 hoe
1039 1593 1091 1619 est,
1109 1595 1124 1614 a
1140 1587 1209 1621 luto,
1224 1587 1391 1615 denominati
1401 1591 1466 1614 sunt
1478 1595 1485 1620 ;
1497 1587 1541 1614 alii
1556 1586 1682 1618 Codiani,
1695 1586 1758 1612 κοδσ

972 1633 1046 1661 enim
1069 1634 1146 1668 Syris
1174 1634 1310 1662 esearinm
1334 1642 1384 1661 vas
1412 1634 1530 1666 dicitur,
1556 1641 1589 1660 eo
1611 1631 1685 1667 quod
1705 1640 1758 1659 una

969 1679 1061 1706 cibum
1079 1687 1141 1706 cum
1157 1680 1211 1708 illis
1232 1687 1352 1713 sumere,
1367 1684 1480 1715 propter
1502 1679 1635 1713 insignem
1650 1679 1760 1705 illorum

972 1726 1144 1761 spurcitiem,
1168 1734 1249 1754 nemo
1263 1735 1316 1753 non
1330 1726 1506 1753 detrectaret.
1525 1725 1578 1752 Alii
1594 1725 1677 1751 etiam
1692 1724 1755 1751 Bor-

969 1772 1062 1799 bolitm
1073 1793 1080 1803 ,
1099 1772 1262 1799 Secundiani
1279 1793 1286 1805 ,
1302 1772 1452 1803 Soeratitm,
1478 1775 1506 1798 et
1531 1770 1657 1798 Racchaei
1671 1771 1753 1797 nomi-

970 1823 1082 1845 nantur.
1101 1818 1169 1845 Sunt
1181 1823 1273 1845 autem
1292 1825 1390 1845 uxores
1410 1818 1464 1844 illis
1479 1824 1651 1847 communes.
1670 1816 1758 1851 quod-

969 1871 1022 1899 que
1039 1864 1140 1891 nullam
1157 1872 1211 1891 non
1233 1864 1260 1891 in
1277 1864 1331 1891 illis
1343 1863 1499 1898 spurcitiem
1528 1867 1556 1890 et
1573 1863 1758 1897 impuritatetn

968 1910 1059 1944 arguit
1072 1910 1099 1937 in
1111 1911 1169 1945 ipso
1180 1910 1253 1937 coitu
1263 1914 1370 1942 cavent,
1381 1917 1415 1937 ne
1426 1917 1518 1937 semen
1531 1909 1557 1936 in
1567 1908 1689 1936 mulieris
1698 1908 1757 1934 vul-
1772 1921 1774 1923 -

967 1962 1028 1982 vam
1039 1956 1218 1990 ejaeulentur,
1229 1961 1277 1983 aut
1290 1955 1317 1982 in
1328 1960 1426 1982 terram
1442 1955 1554 1986 defluat.
1562 1954 1611 1982 sed
1628 1954 1755 1981 manibus

967 2007 1111 2036 exceptum
1127 2001 1194 2029 alias
1205 2001 1367 2036 deglutiunt,
1384 2001 1451 2028 alias
1466 2008 1499 2028 eo
1516 2004 1636 2032 servato,
1648 1999 1772 2034 sangui--

968 2047 1053 2081 nique
1086 2046 1263 2074 muliebrium
1295 2051 1499 2073 ruenstruorum
1525 2046 1675 2080 permisto,
1705 2052 1757 2078 pro

969 2091 1106 2126 mysteriis
1120 2095 1246 2118 utuntur.
1259 2090 1337 2123 Quod
1354 2090 1377 2117 si
1396 2097 1444 2125 per
1463 2090 1572 2117 illorum
1596 2088 1757 2124 impruden-

934 2131 1035 2166 Dtiam
1052 2137 1080 2163 in
1109 2137 1218 2164 vulvam
1246 2134 1396 2167 deciderit,
1429 2135 1582 2169 mulierque
1609 2141 1760 2169 pneg'nans

967 2190 1001 2210 ex
1020 2190 1054 2210 eo
1072 2183 1144 2210 facta
1166 2182 1259 2215 fuerit,
1284 2181 1392 2212 fcetum,
1420 2181 1501 2208 simul
1521 2188 1553 2208 ac
1580 2180 1671 2208 editus
1696 2185 1757 2211 est,

967 2233 1110 2264 arreptum
1143 2229 1171 2255 in
1200 2228 1332 2255 mortario
1353 2227 1538 2258 contundunt,
1562 2227 1657 2261 illique
1689 2226 1766 2258 mel,

966 2274 1045 2309 piper
1067 2278 1096 2302 et
1126 2278 1267 2309 unguenta
1294 2273 1390 2300 nescio
1414 2280 1475 2308 quae
1499 2272 1672 2303 immiscent.
1697 2276 1759 2299 tum

966 2322 1059 2348 cuncti
1079 2328 1111 2348 ex
1126 2328 1159 2347 eo
1172 2323 1312 2355 gustantes
1328 2319 1413 2353 digito
1427 2327 1434 2346 :
1453 2319 1572 2350 Gratias,
1594 2318 1683 2349 aiunt,
1698 2318 1755 2352 agi-

965 2375 1038 2399 mus,
1067 2374 1083 2394 ο
1108 2367 1197 2397 Deus,
1224 2365 1296 2400 quod
1326 2373 1341 2391 ιι
1370 2364 1493 2399 principe
1522 2363 1769 2398 concupiscentiae"

965 2413 1053 2440 delusi
1077 2412 1190 2440 minime
1214 2412 1358 2443 fuerimus,
1383 2411 1429 2438 sed
1453 2410 1560 2444 lapsum
1586 2411 1677 2437 fratris
1698 2410 1767 2436 col-v-

965 2459 1124 2494 legerimus.
1139 2459 1226 2492 Atque
1246 2458 1296 2484 hoc
1311 2456 1462 2492 perfectum
1484 2464 1544 2484 esse
1570 2456 1673 2483 Pascha
1701 2463 1753 2490 pu-

965 2509 1034 2531 tant.
1329 2502 1331 2504 ’

1122 2549 1256 2576 Iimreseas
1274 2549 1441 2582 pmccdentis
1455 2547 1610 2582 confatalia.

999 2594 1234 2627 Quemadmodum
1258 2594 1329 2621 inter
1349 2593 1494 2619 duodecim
1523 2591 1662 2626 apostolos
1687 2598 1752 2625 pr.)-

963 2642 1035 2669 ditor
1043 2641 1127 2669 Judas
1135 2642 1263 2669 iuventus
1275 2646 1327 2673 est,
1339 2642 1374 2668 ita
1383 2640 1445 2667 etin
1457 2643 1560 2673 septem
1571 2639 1765 2666 tliaconorumr

962 2697 1079 2716 numero
1101 2689 1230 2716 Nicolaus
1250 2687 1438 2715 Antiochenus
1462 2686 1501 2713 illi
1528 2693 1557 2712 se
1581 2685 1653 2712 haud
1677 2685 1752 2711 absi-

963 2736 1055 2762 milem
1075 2735 1201 2770 praebuit,
1216 2742 1302 2769 usque
1332 2734 1401 2761 adeo
1417 2740 1508 2760 rerum
1530 2732 1652 2759 omnium
1675 2731 1764 2759 nulla

961 2787 1012 2813 est,
1034 2789 1115 2817 quam
1129 2782 1345 2813 sinceram,eta
1364 2779 1436 2807 malo
1458 2786 1573 2814 prorsus
1595 2777 1764 2806 iunnuncrm
