1949 3073
188 135 257 168 1°25?

821 139 971 170 NlCETJ-l
995 140 1197 170 CHONIATJE

1745 141 1826 174 1318

185 195 278 220 dicere
298 202 392 229 queas:
410 195 456 222 sed
474 195 545 223 inter
555 196 649 231 spinas
665 197 746 224 etiam
764 205 824 224 rosa
842 198 974 229 nascitur,
990 197 1012 225 Α
1028 196 1145 223 diabolis
1162 197 1245 224 etiam
1267 197 1396 224 virtutem
1426 197 1570 232 quamdam
1607 196 1731 226 ascribit.
1753 204 1828 231 qua:

185 246 213 265 et
231 247 283 266 una
306 248 368 266 cum
402 240 540 268 frumento
573 242 667 269 lolium
691 243 817 281 emergit.
838 243 973 271 Ctetcrum

189 283 274 310 inber
293 284 347 315 ille,
367 285 509 321 imposque
524 281 624 315 mentis
637 296 699 315 cum
716 289 833 322 primum
849 297 862 315 a
884 295 974 324 septe-

185 336 264 355 nario
296 330 474 358 diaconorum
498 341 612 360 numero
639 333 797 369 digressus.
821 335 972 369 virgineum

184 380 294 406 quoquc
325 380 427 401 ccctum
450 378 639 412 corrupisset.
680 387 714 406 eo
739 380 812 414 quod
842 381 973 408 adultera:

186 420 364 454 scelestzeque
381 422 488 449 mulieri
511 431 569 451 sesc
591 425 704 453 uxorius
728 427 869 454 addixerat
884 449 890 458 .
916 429 971 462 jam

188 472 278 498 neque
306 470 409 500 septem
441 469 552 504 collegis
582 471 731 506 quidquam
754 473 971 508 impertiebatur,

184 518 273 545 neque
297 513 442 540 viduarum
467 524 561 543 curam
590 518 707 552 amplius
729 527 823 554 gerere
852 521 970 553 volebat,

184 556 238 581 inm
264 565 330 583 vero
358 560 487 587 sarculum
517 570 626 596 quoque
653 563 720 590 illud
746 570 872 592 octavum
899 567 971 601 quod

184 601 264 628 nobis
279 603 424 635 aliquando
440 614 630 634 successurum
647 615 704 639 est.
727 611 934 644 aspernabatur.

220 647 320 675 Eorum
338 658 430 684 porro,
450 653 496 686 qui
522 653 642 682 Gnostici
660 656 723 683 dicti
745 661 826 689 sunt,
849 658 972 686 actiones

183 697 210 719 et
229 696 372 730 pra-slight:
387 701 460 724 tanta
476 700 670 733 spurcitiarum
690 709 859 738 omnegcnus
878 704 970 732 illuvie

182 737 299 766 infantes
314 747 470 773 evaserant,
489 749 518 770 ut
540 753 595 778 pra:
618 746 672 772 illis
697 747 754 781 ipse
769 749 969 783 turpitudinum

182 785 312 820 magister
332 787 459 815 diabolus
478 790 609 819 honestus
629 793 715 820 videri
736 796 830 828 possit.
851 796 969 824 Proinde

182 831 216 857 ab
242 832 398 867 hujusmodi
427 835 571 865 Camarina
603 841 736 867 movenda
765 843 967 877 supersedens,

181 877 270 910 iisque
287 878 356 905 adeo
372 879 572 914 describendis,
588 892 648 918 quze
664 886 752 913 modis
773 888 902 916 omnibus
919 889 970 916 dc~

181 923 308 968 testanda
336 924 424 958 juxta,
440 926 549 962 Deoque
565 930 757 963 ingratissima,
777 933 968 968 designarunt,

181 966 319 996 batreseos
345 969 481 998 Gnosticae
510 973 659 1002 lectoribus
676 982 771 1004 auctor
793 966 910 1012 fuerim,
937 986 967 1008 ut

183 1013 307 1040 Ithacum
325 1015 407 1043 heroa
422 1017 519 1044 imitati
537 1026 618 1046 aures
638 1028 701 1047 suas
721 1030 782 1049 cera
811 1023 967 1058 obstruant,

180 1065 234 1084 non
253 1066 286 1085 eo
302 1060 431 1095 quidem.
457 1070 512 1097 quo
538 1064 681 1100 Syrcua‘os
703 1068 830 1096 modulos
854 1075 964 1105 prater-

180 1104 335 1139 vehantur,
362 1108 408 1135 sed
427 1117 461 1136 ne
488 1118 550 1137 cum
575 1113 690 1140 auribus
714 1119 741 1141 et
762 1104 861 1150 linguai
881 1117 982 1151 ipsam.

180 1157 290 1184 quoque
307 1152 418 1185 γνῶσιν,
433 1154 485 1181 hoc
500 1160 552 1187 est,
569 1157 702 1184 rationem
721 1164 748 1185 ct
761 1159 967 1195 intelligentiam

178 1201 372 1230 conspurccut,
393 1199 456 1226 dum
488 1200 565 1228 facile
583 1210 663 1230 aures
690 1204 724 1231 iis
748 1205 873 1238 legendis
894 1215 965 1241 prae-

179 1240 256 1273 bent,
283 1251 343 1276 quae
372 1253 420 1271 sua
451 1246 592 1281 impietate
619 1250 769 1283 quamlibet
799 1240 966 1287 impiclatcm

178 1288 272 1315 multis
287 1297 367 1324 paras
378 1292 445 1327 .ngis
459 1300 638 1329 exsuperant.

497 1362 573 1390 CAP.
602 1364 649 1392 lll.

182 1414 270 1443 Tertia
292 1418 408 1452 Im'rcsis,
438 1419 694 1456 Carpocratenorum
712 1431 720 1450 .'
739 1424 765 1451 Ιιὶ
783 1424 965 1460 baptizanlur.

212 1483 392 1518 Carpocrates
415 1487 527 1521 quidam
543 1489 611 1523 (40).
629 1498 690 1517 cum
719 1497 812 1526 ageret
831 1493 860 1521 in
888 1495 963 1528 Asia,

177 1529 325 1562 spurcitias
343 1539 511 1567 omnegenus
528 1535 563 1561 ibi
577 1535 681 1567 docuit.
701 1539 861 1574 nullumque
873 1542 963 1570 scelus

177 1575 372 1608 prattermisit,
398 1578 477 1612 cujus
495 1587 549 1606 non
581 1587 656 1609 certa
669 1589 804 1618 praecepta
831 1587 963 1621 traderet,
996 1619 1000 1622 ,

177 1619 230 1646 hoc
247 1620 352 1651 addito,
370 1621 428 1649 fieri
445 1631 499 1650 non
518 1632 607 1659 posse,
628 1632 658 1653 ut
687 1629 831 1664 quisquam
849 1631 914 1659 hinc
928 1619 963 1661 ad

177 1672 337 1700 supremum
359 1668 458 1695 coelum
478 1672 664 1705 transcendat,
681 1674 735 1701 nisi
756 1683 784 1702 se
801 1677 878 1710 prius
897 1687 962 1713 pec-

176 1711 246 1738 catis
266 1713 394 1739 omuibus
426 1713 607 1749 immerserit,
631 1717 842 1755 dmmonumque
863 1711 964 1751 volun-

179 1760 227 1786 tati
243 1760 391 1789 obsecutus
406 1761 498 1790 fuerit.
515 1763 630 1799 Nuptias
655 1773 738 1800 porro
764 1768 888 1804 abrogat,
909 1779 962 1799 nec

178 1811 350 1846 mortuorum
366 1809 597 1837 resurrectionem
613 1811 743 1839 admittit.
760 1813 960 1850 Excogitaruat

174 1854 258 1880 etiam
289 1854 483 1889 Carpocrateni
516 1858 730 1898 prazstigiaturas
749 1865 777 1889 et
799 1862 963 1892 incantatio-

174 1902 236 1928 nes.
260 1906 321 1933 qua:
336 1900 512 1930 dzemoniacis
535 1904 641 1931 artibus
665 1905 793 1934 omnibus
808 1915 962 1944 exsequen-

174 1942 217 1970 dis
237 1943 404 1972 suﬂicerent.
422 1945 537 1981 Insuper
561 1953 589 1975 et
609 1949 728 1984 sigillum
753 1942 895 1986 cauterio,
919 1955 962 1982 vel

174 1989 308 2016 novacula
329 1990 370 2017 vel
397 1991 496 2018 subula
517 1993 669 2029 cartilagini
693 1997 770 2024 auris
789 2005 884 2026 eorum
909 1993 962 2027 im-

174 2032 341 2067 primebant,
359 2043 428 2068 quos
444 2035 618 2071 dcceperant,
635 2044 665 2066 ut
681 2040 733 2068 hoc
759 2041 861 2070 indiciu
875 2049 958 2077 esset,

172 2084 250 2104 Suam
266 2078 301 2105 ab
320 2079 373 2106 illis
395 2081 509 2108 hmresin
533 2084 718 2117 comprobari.
740 2086 818 2115 Unde
837 2093 865 2115 et
879 2089 961 2122 dilar-

172 2123 271 2150 cellina
296 2124 419 2158 quaedam
445 2125 479 2153 ab
502 2126 554 2154 illis
575 2128 689 2157 seducta
704 2130 796 2159 Romae
818 2133 869 2160 sub
894 2133 962 2161 Ani-

172 2173 233 2194 ceto
261 2169 391 2205 episcopo
420 2171 565 2205 Romano,
593 2178 780 2204 matronarum
815 2170 960 2214 plerasque

1026 243 1180 269 animarum
1197 242 1230 269 ad
1250 243 1334 270 ccelos
1364 244 1490 270 ascensui
1512 243 1691 274 adversetur,
1716 251 1824 269 earum

1030 288 1177 322 imprimis,
1200 296 1260 323 qua:
1277 288 1362 315 fmdas
1385 289 1411 315 in
1433 289 1555 315 actiones
1571 297 1600 316 se
1617 288 1730 315 minime
1750 297 1823 323 pro-

1025 334 1171 360 volverint.
1199 334 1250 366 Qui
1276 338 1365 360 tamen
1383 338 1485 361 tantum
1503 334 1591 365 abest,
1611 339 1641 360 ut
1654 334 1727 368 quod
1754 341 1823 360 ma-

1025 379 1097 405 xime
1125 379 1259 412 cupiunt,
1281 378 1315 405 ad
1345 382 1468 412 optatum
1491 379 1571 406 tinem
1592 379 1758 413 perducant,
1785 384 1820 405 ut

1024 425 1106 452 etiam
1128 425 1280 459 ingressum
1305 425 1332 452 in
1360 433 1458 459 porcos
1483 425 1536 452 sibi
1567 426 1684 453 liberum
1713 425 1774 452 dari
1803 433 1820 452 a

1025 470 1080 497 Deo
1099 475 1127 497 et
1151 470 1261 497 homine
1282 470 1392 498 Christo
1414 470 1564 505 petierint,
1594 479 1646 498 nec
1674 471 1757 497 iidem
1789 471 1819 497 in

1023 514 1140 545 bubilia,
1158 519 1185 541 ct
1210 515 1291 542 ovilia
1308 516 1380 548 Jobi,
1398 524 1447 543 nec
1462 516 1489 542 in
1513 516 1601 550 ipsum
1624 516 1745 550 denique
1767 523 1820 542 ra-

1023 562 1095 589 biem
1121 570 1197 589 suam
1223 570 1351 589 exercere
1382 562 1433 589 alia
1464 562 1522 596 lege
1554 563 1715 596 penitissum
1745 567 1816 591 est.

1023 616 1103 642 quam
1119 608 1182 642 quia
1207 608 1243 635 ita
1273 608 1374 634 divina:
1400 607 1539 634 decretum
1567 607 1746 642 providentia:
1774 607 1819 634 fe-

1022 653 1110 679 rebat.
1128 653 1243 685 Quinam
1260 660 1326 679 vero
1359 652 1405 679 alii
1425 660 1457 678 ex
1470 652 1526 678 allo
1551 652 1649 678 cadere
1680 656 1818 685 tauquam

1021 698 1122 732 fulgur,
1138 706 1151 724 a
1169 698 1280 724 Christo
1299 697 1347 724 visi
1364 702 1439 728 sunt,
1455 705 1536 731 quam
1551 697 1659 731 reprobi
1677 693 1816 730 'spiritus.

1020 750 1115 769 eorum
1137 743 1262 776 princeps
1285 741 1407 772 Satanas,
1435 745 1562 775 tanquam
1586 740 1708 767 exterior
1729 739 1816 774 ignis.

1021 787 1135 822 pervigil
1154 788 1265 820 vermis,
1293 787 1475 822 geltennaque
1500 793 1641 820 nunquam
1662 785 1819 812 desinens?

1021 834 1140 860 Proinde
1158 833 1220 860 novi
1240 833 1308 860 nihil
1332 833 1358 860 in
1397 840 1430 858 eo
1464 832 1627 866 designant.
1655 832 1728 866 quod
1756 840 1817 858 nu«

1021 880 1092 914 ptias
1116 879 1290 914 improbent,
1316 879 1343 905 in
1366 878 1509 904 libidinem
1543 878 1652 904 interim
1681 877 1816 904 diffluen-

1021 930 1071 956 tes,
1097 924 1221 960 nihilque
1240 932 1294 951 non
1317 923 1450 951 fazditatis
1475 928 1523 950 aut
1547 926 1668 957 agentes,
1689 926 1737 948 aut
1760 929 1817 956 pa-

1022 969 1132 996 tientes.

1055 1015 1132 1048 Quod
1159 1020 1250 1042 autem
1279 1015 1454 1050 Carpocratis
1486 1021 1637 1044 sectatores
1660 1017 1812 1048 haereseos.

1021 1061 1110 1096 sigilla
1136 1062 1272 1096 quaedam,
1289 1062 1441 1089 annulosve
1463 1062 1524 1089 ima:
1541 1063 1727 1089 auricularum
1743 1070 1814 1097 pro-

1019 1107 1160 1135 minentia:
1190 1108 1320 1143 infigunt,
1349 1109 1376 1135 in
1400 1116 1433 1135 eo
1448 1109 1814 1144 convcniunt,prorsusque

1020 1161 1048 1180 se
1080 1158 1280 1181 consentaneas
1317 1159 1529 1188 protestantur,
1575 1154 1713 1189 serpentis
1748 1154 1812 1190 ejus

1021 1200 1137 1234 argutiis
1156 1204 1183 1227 ct
1208 1200 1386 1235 imposturis,
1413 1201 1459 1235 qui
1480 1200 1508 1227 in
1534 1200 1597 1228 Evae
1611 1208 1705 1228 aurem
1730 1201 1812 1228 insu-

1023 1247 1154 1274 surravit.
1618 1248 1621 1250 ’

1055 1293 1123 1319 Hinc
1146 1292 1218 1320 enim
1245 1293 1418 1328 perspicuum
1448 1293 1560 1320 omnino
1578 1293 1626 1324 ﬁt,
1647 1300 1730 1327 quam
1753 1292 1812 1320 sint

1017 1339 1118 1366 divinis
1147 1340 1291 1374 praeceptis
1328 1339 1481 1373 obstreperi
1527 1343 1555 1366 et
1593 1338 1808 1369 inobedientes.

1017 1393 1156 1420 quantque
1177 1385 1292 1412 alienam
1310 1386 1344 1413 ab
1371 1385 1511 1418 Ecclesiae,
1531 1389 1661 1420 tanquam
1683 1384 1808 1412 Paradisi

1017 1431 1142 1462 alterius.
1169 1432 1255 1465 septis
1275 1431 1402 1458 insistant
1425 1433 1508 1463 viam,
1528 1439 1610 1466 quam
1637 1431 1750 1466 quidem
1780 1431 1808 1457 in

1017 1478 1140 1505 fraudem
1156 1477 1243 1504 nostri
1264 1478 1374 1512 generis
1397 1483 1536 1510 auctores,
1562 1478 1636 1505 dicto
1668 1477 1808 1512 serpentis

977 1534 998 1563 ο
1017 1523 1172 1555 audientes,
1188 1523 1376 1552 incurrerunt.

1335 1592 1412 1620 CAP.
1440 1593 1486 1620 ιν.

1069 1650 1174 1684 Quarta
1190 1650 1296 1677 hwresis
1315 1649 1450 1676 Valentini
1472 1653 1521 1676 est.
1542 1649 1579 1676 Ab
1594 1651 1644 1676 hac
1657 1654 1749 1677 autem

1217 1685 1397 1720 resipiscentes
1419 1684 1601 1719 buptizantur.

1050 1754 1193 1790 Egyptius
1202 1753 1312 1781 natione
1322 1754 1483 1781 Valentinus
1495 1753 1559 1787 (tl).
1569 1755 1707 1782 Antonino
1714 1755 1806 1791 primo

1018 1800 1181 1835 imperante,
1212 1807 1274 1827 cum
1293 1800 1448 1827 Grmcarum
1466 1800 1673 1835 disciplinarum
1694 1801 1802 1834 orbem,

1014 1853 1097 1881 quem
1114 1844 1361 1879 ὲγκυκλοπαιδείαν
1378 1846 1483 1877 dicunt,
1499 1846 1673 1878 absolvisset,
1690 1848 1801 1882 triginta

1013 1892 1100 1924 deos,
1126 1891 1296 1927 totidemque
1324 1893 1421 1919 saecula
1449 1897 1476 1920 et
1512 1893 1597 1920 cmlos
1628 1894 1802 1926 introduxit,

1013 1938 1170 1974 quindecim
1199 1938 1329 1965 nimirum
1355 1938 1504 1970 masculos,
1526 1943 1553 1965 et
1579 1939 1737 1973 quindecim
1761 1939 1802 1967 fe-

1013 1985 1123 2017 minas,
1158 1991 1275 2019 quorum
1300 1984 1414 2011 masculi
1439 1992 1471 2011 ex
1498 1984 1613 2012 adverso
1636 1985 1801 2012 feminarum

1013 2035 1128 2058 starent.
1151 2031 1253 2057 Eorum
1272 2029 1382 2056 nomina
1402 2029 1447 2056 ille
1473 2034 1627 2064 percenset.
1650 2030 1758 2057 tametsi
1784 2038 1799 2057 a

1013 2085 1056 2104 me
1094 2078 1351 2112 prtelermittuntur.
1384 2077 1463 2104 llunc
1501 2083 1584 2109 porro
1620 2076 1798 2103 tricenarium

1013 2123 1127 2150 deorum
1145 2132 1290 2151 numerum
1314 2124 1456 2158 spiritualc
1471 2123 1603 2158 pleroma,
1621 2123 1673 2150 hoc
1691 2127 1733 2149 est
1748 2123 1801 2157 ple-

1012 2169 1175 2202 nitudinem,
1199 2176 1289 2197 vocat.
1318 2170 1434 2205 Bythum
1457 2177 1523 2197 vero
1551 2169 1559 2204 (
1584 2172 1664 2204 (luem
1691 2169 1799 2204 triginta

171 2215 296 2242 eamdem
311 2216 336 2242 in
364 2216 479 2245 luercsin
497 2219 618 2253 pellexit.
632 2221 742 2249 Statuas
754 2211 835 2250 etiam
848 2211 958 2253 Christo

1019 2223 1111 2242 torum
1137 2215 1299 2242 saeculorum
1328 2221 1500 2251 propatorem
1532 2223 1582 2243 seu
1606 2222 1686 2242 avum
1711 2215 1799 2247 (Ιίι-ίι)

171 2264 199 2286 et
223 2260 316 2293 Paulo,
339 2261 394 2289 imo
413 2263 495 2290 etiam
517 2264 685 2301 Pythagorae,
710 2269 872 2304 (ueterisque
895 2270 959 2305 phi-

170 2304 292 2340 losophis
317 2307 436 2342 erigunt,
458 2317 526 2344 quas
547 2310 573 2337 in
601 2313 718 2340 occultis
745 2314 814 2342 locis
832 2304 956 2345 adorant.

170 2351 285 2386 lusupcr
297 2352 453 2381 Graecorum
465 2363 574 2390 quoque
586 2359 721 2393 mysteriis
736 2364 860 2388 utuntur.

311 2420 444 2448 Hmreseos
469 2424 638 2457 prwcedentis
662 2426 816 2461 confatalia.

205 2478 256 2506 Hic
266 2478 446 2514 Carpocrates
459 2480 594 2508 haereseos
609 2483 768 2517 asperitate,
798 2493 858 2520 quzc
871 2488 958 2515 varias

168 2524 195 2551 in
223 2525 369 2559 opiniones
393 2525 531 2558 dissecta,
564 2527 672 2555 sim-ero
700 2529 810 2563 pietatis
839 2531 957 2566 dogmati

168 2571 378 2604 adversabatur,
397 2572 490 2600 efl‘ecit
511 2577 542 2599 ut
555 2573 674 2609 ἀκάρπῳ
691 2574 741 2607 illi,
766 2575 819 2604 hoc
842 2582 884 2604 cst
901 2583 956 2606 ste-

167 2616 211 2643 rili
229 2621 257 2643 et
290 2609 467 2645 infructuosa:
497 2620 573 2651 ficui,
600 2619 726 2654 foliisque
751 2627 855 2649 tantum
879 2624 959 2651 luxu-

167 2661 262 2692 rianti,
295 2667 377 2696 atquc
399 2664 500 2696 etiam,
523 2669 554 2692 ut
569 2664 604 2691 ita
632 2664 742 2698 dicam,
769 2667 836 2695 fonti
860 2669 956 2697 limum

167 2707 309 2741 ejectanti,
330 2708 491 2736 simillimus
509 2710 638 2737 evaserit.

204 2752 256 2784 Qui
282 2753 464 2788 turpitudinis
485 2755 649 2784 omnimodae
663 2762 759 2785 auctor
777 2763 805 2787 et
818 2760 956 2795 magister,

207 2843 262 2878 (40)
279 2845 349 2872 lrcn.
363 2847 411 2874 lib.
428 2856 446 2881 l,
463 2857 523 2885 cap.
541 2851 585 2879 2i.

1013 2261 1121 2289 saeculis
1156 2262 1286 2289 omnibus
1320 2261 1486 2293 invisibilem
1509 2266 1538 2289 et
1562 2261 1799 2296 incomprehensi-

1012 2306 1095 2333 bilcm
1127 2306 1235 2333 asserit.
1269 2306 1398 2341 Sophiam
1426 2312 1535 2339 autem,
1565 2314 1614 2334 seu
1635 2307 1796 2340 sapientiam

1012 2354 1021 2385 (
1037 2359 1119 2386 quam
1140 2352 1246 2379 smculis
1265 2357 1393 2380 acccnset
1407 2353 1414 2388 )
1428 2361 1470 2380 ‘ex
1486 2361 1590 2384 amore,
1609 2360 1664 2387 quo
1682 2352 1796 2387 Bythum

1011 2402 1186 2432 propatorem
1212 2399 1442 2433 prosequebatur,
1471 2399 1629 2433 concepisse
1646 2399 1796 2434 subjungit.

1011 2449 1093 2478 atque
1123 2444 1268 2471 informem
1306 2445 1485 2472 substantiam
1520 2446 1686 2480 peperisse,
1713 2453 1794 2480 quam

1009 2489 1106 2525 Hylen,
1123 2497 1171 2517 seu
1187 2491 1347 2524 materiam,
1374 2493 1517 2519 nominat:
1541 2491 1694 2527 cujusmodi
1719 2496 1796 2526 partu

1010 2543 1072 2563 eum
1089 2535 1283 2569 indolesceret,
1297 2537 1329 2564 ad
1346 2543 1521 2572 propatorem
1538 2546 1566 2565 se
1580 2538 1749 2569 contulisse.
1770 2543 1797 2566 et

1008 2581 1073 2616 quid
1090 2589 1168 2615 passa
1184 2587 1267 2614 esset,
1284 2590 1377 2610 coram
1393 2584 1567 2611 renuntiasse
1591 2584 1668 2610 addit
1683 2591 1689 2610 :
1717 2584 1794 2618 eique

1007 2626 1146 2662 supplices
1169 2626 1269 2655 (Bonas
1292 2636 1403 2662 quoque.
1435 2629 1577 2664 reliquos,
1618 2637 1666 2656 seu
1698 2629 1794 2656 secula

1007 2678 1101 2708 presto
1116 2673 1238 2700 adfuisse
1256 2680 1465 2702 commemorat:
1485 2675 1530 2702 cui
1545 2683 1607 2702 curn
1628 2675 1794 2710 pepercisset

1008 2718 1122 2754 ltythus,
1141 2718 1289 2746 terminum
1306 2727 1368 2746 mox
1385 2729 1446 2747 cum
1472 2721 1571 2754 Philia,
1589 2729 1636 2749 seu
1663 2721 1794 2753 amicitia,

1009 2765 1126 2798 conjuge
1141 2764 1298 2796 constituit.
1318 2772 1399 2799 quem
1418 2766 1528 2801 quidem
1554 2768 1702 2795 terminum
1731 2774 1794 2794 cru-

1051 2854 1107 2890 (£2)
1125 2855 1194 2883 lrcn.
1210 2856 1256 2884 lib.
1272 2865 1290 2889 t,
1304 2864 1362 2892 cap.
1379 2857 1402 2885 1.
