1949 3073
127 120 201 153 12i9

762 119 961 150 THESAURI
983 120 1057 150 LIB.
1081 119 1131 149 IV.

1698 117 1768 150 12·ηο

125 181 189 200 cetn
204 173 336 204 nominat,
355 172 462 207 aliaque
481 172 603 200 fabulosa
637 172 750 199 nomina
777 173 919 208 contingit.
936 177 954 202 A
969 172 1221 200 consummationem
1248 172 1380 200 saeculi".
1416 169 1462 200 De’
1490 172 1677 200 universitatis
1701 175 1767 200 item

128 219 202 246 Hinc
225 219 354 254 subjicit,
375 219 610 254 quemadmodum
632 218 811 254 Unigenitus,
839 220 924 246 nitui-

129 273 195 292 rum
218 265 354 297 Christus,
370 271 396 292 et
416 265 536 300 Spiritus
564 271 676 293 sanctus
689 286 696 297 ,
726 265 844 293 consilio
859 265 922 299 il’a-

130 312 186 339 tris
206 311 239 338 ad
254 312 416 338 satculorum
437 313 614 340 securitatem
642 312 802 347 propositus
830 311 923 339 fuerit.

132 357 182 384 Ait
201 357 273 384 enim
301 365 314 383 a
328 358 439 385 Christo
456 359 555 385 saecula
577 358 717 391 didicisse,
743 358 816 393 quod
845 359 926 385 Pater

134 403 427 437 incomprehensibilis
438 409 527 436 esset;
547 403 680 438 Spiritum
694 409 786 432 autem
799 409 924 431 sanetum

133 447 321 482 aequalitatem
350 448 458 475 saeculis
480 456 542 475 esse
565 449 704 485 largilum.
735 449 804 476 Cum
834 455 926 476 anteiri

134 493 253 527 quilibet
263 493 289 520 in
300 494 419 520 medium
429 503 607 529 quaecumque
616 495 800 530 pulcherrima
809 489 928 522 habebat

135 539 310 572 contulisset,
325 540 494 574 propositum
510 540 614 568 ideirco
629 542 722 568 Jesum
737 542 832 572 fuisse,
845 549 926 575 quetn

135 585 226 612 Deum
242 594 350 620 quoque
367 588 552 619 Servatorcm,
576 587 737 618 Christum.
756 595 783 615 et
806 588 927 615 Verbum

137 631 294 663 nominant,
322 640 383 658 eum
415 639 470 666 quo
496 633 607 667 angeli,
635 637 762 668 tanquam
795 633 928 660 satellites

138 676 242 702 hastati
258 677 395 704 venerint.
412 677 463 711 Qui
484 678 622 705 Valentini
640 678 755 706 lneresin
775 683 927 711 sectantur.

138 725 314 748 mortuorum
345 723 588 755 resurrectionem,
618 728 645 750 et
663 724 748 751 Vetus
769 724 929 751 Testamen-

140 770 200 793 tum
218 767 385 801 improbant,
402 772 430 795 et
447 769 573 802 quamvis
588 769 739 803 Prophetas
762 770 870 805 legant,
897 778 929 797 ea

140 816 234 838 tamen
250 811 384 839 duntaxat
404 813 565 847 admittunt,
589 822 650 849 quae
667 820 784 849 possunt
802 816 928 843 absolute

139 857 176 884 ad
192 864 268 884 suam
290 858 411 892 ipsorum
430 860 544 888 hmresin
566 861 735 896 detorqueri.

180 905 263 932 Aiunt
283 905 401 940 denique
418 905 558 933 Christum
571 915 586 935 a
600 908 691 943 seipso
707 917 808 944 corpus
825 919 930 939 assum-

141 951 243 986 psisse,
260 955 287 978 et
305 959 354 985 per
369 952 476 978 beatam
497 953 648 988 Virginem,
671 962 727 982 non
748 964 827 983 secus
847 962 929 992 atque

140 1004 193 1031 per
210 996 343 1027 canalem,
366 998 537 1026 transivisse.

286 1064 422 1092 [Iatreseos
442 1068 611 1102 prwcedentis
633 1071 789 1106 confatalia.

180 1131 360 1166 Posteaquam
387 1141 402 1160 a
433 1134 513 1162 Patre
537 1137 671 1164 mendacii
708 1138 820 1167 doctore
853 1140 933 1168 fabu.

142 1176 220 1204 losas
235 1185 320 1212 nugas
337 1179 495 1207 Valentinus
507 1181 660 1215 didicisset,
679 1192 727 1211 sua
742 1186 826 1212 solius
839 1193 934 1214 aucto-

144 1222 228 1250 ritate
253 1224 387 1259 principia
413 1227 573 1260 constituit,
601 1229 667 1256 deos
688 1235 715 1257 et
741 1232 840 1259 saecula
868 1240 934 1259 con-

146 1270 226 1297 ﬁnxit
254 1271 492 1309 delirantibusque
517 1275 679 1306 hominibus
708 1279 829 1307 tradidit.
863 1281 932 1307 Nam

144 1325 209 1344 cum
235 1317 321 1347 Graeci
350 1321 497 1348 multorum
514 1342 522 1354 ,
544 1323 650 1351 Hebraei
681 1332 748 1352 vero
774 1326 858 1353 unius
884 1327 934 1353 do-

144 1362 280 1389 minatum
297 1365 424 1397 probent,
438 1370 465 1392 et
480 1373 659 1400 venerentur,
675 1377 781 1403 nosque
799 1372 868 1398 adeo
883 1371 933 1406 ipsi

146 1407 267 1439 Patrem,
297 1407 408 1441 Filium,
428 1415 455 1436 et
483 1410 614 1445 Spiritum
646 1418 770 1440 sanetum
800 1416 932 1443 colamus:

148 1452 195 1479 hic
216 1452 336 1481 tricenos
351 1455 426 1486 deos,
444 1456 563 1483 tricenos
583 1457 676 1490 emlos,
705 1459 810 1486 tricena
836 1461 934 1488 sa:cula

148 1497 244 1530 tradit,
277 1499 341 1533 ipsis
373 1505 446 1527 certe
473 1500 574 1529 Grzeeis
600 1503 626 1530 in
655 1505 792 1538 superﬂua
820 1507 934 1532 deorum

147 1543 324 1572 multitudine
357 1547 534 1582 excogitanda
565 1549 652 1576 multo
675 1551 858 1578 ambitiosior.
881 1551 934 1578 lm-

147 1589 246 1623 primis
276 1595 368 1617 autem
403 1593 708 1627 iueomprehensibilem
733 1597 879 1631 quemdam
908 1602 949 1630 et,

148 1633 314 1661 invisibilem
339 1635 452 1672 Bythum
482 1639 644 1666 sreculorum
676 1647 828 1669 creatorem
859 1651 936 1670 com-

148 1684 268 1711 mentus,
285 1688 346 1707 eum
374 1683 514 1710 nonnullis
533 1685 604 1718 aliis,
629 1694 691 1721 quae
718 1693 822 1716 tantum
848 1689 934 1722 abest,

148 1726 312 1760 utdignosei
328 1732 440 1761 queant,
464 1737 526 1755 cum
553 1731 634 1764 digna
654 1733 717 1765 sint,
739 1742 799 1768 quae
819 1735 846 1762 in
866 1736 937 1763 obli-

147 1771 238 1798 vionis
252 1773 343 1807 βυθὸν,
361 1781 408 1800 seu
425 1775 651 1810 profunditatem,
675 1779 868 1815 demerguntur
897 1783 937 1810 sic

148 1818 257 1843 tandem
281 1818 305 1844 in
325 1818 427 1846 Christi
443 1821 611 1848 mentionem
623 1823 714 1850 obiter
732 1824 838 1856 incidit,
850 1833 937 1859 eaque

146 1862 244 1889 de'illo
262 1870 364 1895 narrat,
389 1873 449 1899 quae
473 1867 507 1893 ab
520 1867 679 1895 orthodoxis
695 1869 896 1903 improbantur,
910 1874 938 1897 et

145 1917 180 1936 eo
203 1909 313 1936 demum
334 1912 497 1945 prolabitur.
524 1917 553 1939 ut
586 1915 816 1942 resurrectionem
846 1921 936 1951 neget,

146 1962 200 1981 nec
221 1955 246 1981 id
265 1963 331 1982 sane
356 1956 503 1984 immerito.
524 1959 553 1985 Ei
570 1960 655 1992 enim,
684 1961 731 1994 qui
753 1961 877 1988 veritatis
891 1962 938 1989 ad-

145 2001 280 2028 versariis
309 1997 436 2037 dogmata
460 2011 489 2031 se
513 2006 718 2039 propositurum
743 2007 936 2041 proﬁtebatur,

149 2048 218 2074 lides
236 2048 288 2074 alia
304 2048 363 2083 lege
378 2057 433 2076 non
447 2055 508 2077 erat
534 2051 670 2085 habenda,
692 2060 774 2087 quam
802 2054 825 2080 si
843 2062 937 2081 resur-

147 2093 301 2120 rectionem
324 2096 501 2130 antiquaret,
525 2102 553 2124 et
573 2106 604 2125 ex
642 2101 838 2134 consequentia
863 2101 937 2136 judi-

145 2141 221 2168 cium
250 2149 360 2176 quoque
393 2143 528 2176 rejieeret.
566 2144 634 2172 llinc
662 2145 730 2173 adeo
764 2148 937 2175 mendacium

147 2187 195 2214 ille
211 2194 292 2214 suum
309 2188 344 2215 ita
364 2190 532 2223 praestruxit,
554 2195 583 2217 ut
607 2197 684 2219 extra
706 2201 815 2220 onmem
842 2202 936 2229 repre-

146 2233 291 2261 hensionis
307 2235 393 2261 aleam
409 2236 528 2270 positum
555 2237 716 2266 videretur:
740 2247 790 2266 nec
806 2239 934 2272 advertit,

148 2279 234 2315 (quia
247 2280 378 2307 nimirum
400 2281 538 2316 lymphata
556 2284 655 2310 'tncnte
672 2284 823 2316 ferebatur,
840 2285 849 2319 )
863 2286 935 2320 quod

148 2327 279 2352 saxulum
301 2327 374 2352 nulla
392 2327 544 2354 substantia
567 2328 612 2359 sit,
634 2336 694 2362 quae
720 2337 769 2363 per
786 2337 815 2356 se
843 2331 934 2358 subsi-

150 2376 222 2398 stere
246 2378 339 2406 queat,
357 2372 404 2399 sed
431 2373 606 2400 intervallum
636 2374 775 2409 quoddam
807 2377 937 2410 temporis

151 2419 243 2449 index,
269 2420 335 2445 alias
361 2419 471 2454 quidem
505 2420 642 2453 immensi,
668 2429 732 2448 eum
759 2422 792 2449 de
810 2422 865 2449 Deo
881 2423 936 2449 sci-

151 2464 215 2491 licet
230 2467 406 2493 enuntiatur:
428 2467 495 2494 alias
512 2472 618 2500 contra,
647 2468 718 2502 quod
748 2476 810 2495 cntn
839 2468 935 2495 tuundi

150 2510 277 2538 fabrica:
301 2512 369 2538 alias
395 2512 524 2547 denique,
554 2513 626 2548 quod
650 2522 713 2540 cum
736 2515 854 2541 humana
881 2515 936 2542 vita

152 2559 397 2585 cmmnensurabile
414 2559 458 2585 sit.
477 2560 512 2586 De
538 2560 572 2586 iis
589 2561 664 2587 enim
686 2561 797 2588 divinus
818 2560 863 2588 ille
886 2561 937 2588 Da-

153 2605 227 2632 vxdes
248 2606 283 2631 ita
300 2605 420 2639 loquitur
435 2615 442 2633 :
455 2605 586 2633 Smculum
610 2612 728 2634 nostrum
753 2608 780 2634 in
801 2607 939 2635 illumina-

152 2656 219 2678 t.une
237 2652 322 2679 vultus
347 2653 433 2680 tui".
467 2653 504 2680 De
530 2655 624 2681 mundi
650 2662 736 2689 porro
767 2655 869 2682 fabrica
898 2655 938 2682 sic

151 2699 282 2728 Dominus
298 2701 386 2735 inquit
403 2709 409 2728 :
429 2700 495 2728 Ecce
517 2709 563 2736 ego
580 2702 711 2735 uobiscum
726 2711 785 2729 sum
806 2711 887 2738 usque
903 2702 938 2729 ad

185 2800 206 2816 '7
226 2799 298 2826 Psal.
324 2807 432 2833 LXXX'S,
442 2800 468 2827 8.

172 2835 270 2863 l'l'im.
286 2844 305 2869 t,
333 2835 372 2862 l7.

508 2797 530 2814 ⁸⁸
542 2797 635 2825 Matth.
668 2805 763 2830 xxvttt,
787 2797 831 2824 20.

429 2834 460 2862 ⁸1
480 2832 544 2862 Cor.
562 2843 593 2867 ιι,
610 2835 634 2866 7,
654 2833 679 2861 8.
719 2834 790 2861 'lsa.
805 2841 846 2867 st,
864 2833 911 2860 ‘28.

888 2797 910 2813 "
926 2796 997 2824 l’sal.
1029 2804 1125 2823 Lxxxtx
1139 2815 1145 2826 ,
1162 2795 1187 2822 9.

950 2835 960 2849 ‘
976 2832 1026 2860 lsa.
1043 2840 1104 2865 tu,
1117 2831 1161 2858 Ἡ.

975 219 1032 246 Deo
1046 219 1104 246 haec
1125 218 1179 245 alio
1196 218 1222 245 in
1240 219 1301 246 loco
1316 219 1412 246 beatus
1431 219 1502 246 idem
1524 219 1642 247 Davides
1657 228 1664 246 :
1682 219 1702 246 Α
1718 227 1770 247 δω-

977 264 1036 290 culo
1052 268 1075 290 et
1092 271 1174 298 usque
1205 264 1233 290 in
1263 263 1389 290 stvculum
1407 267 1436 290 tu
1467 272 1492 290 es
1510 265 1544 296 ⁸⁵,
1570 273 1618 298 pro
1635 272 1668 292 eo
1693 264 1768 300 quod

977 315 1037 337 est:
1057 309 1194 344 Principio
1208 314 1236 336 et
1251 310 1303 337 line
1318 317 1411 340 cares,
1421 310 1549 343 Proinde,
1563 311 1626 345 quia
1639 311 1769 338 steculum

978 356 1155 382 intervallum
1172 355 1309 390 quoddam
1329 355 1477 391 signiﬁcat,
1494 363 1528 383 ne
1549 357 1611 390 quis
1625 357 1708 383 stulte
1724 365 1770 383 ar-

977 401 1097 428 bitretur
1117 401 1201 427 Deum
1231 401 1353 428 universi
1380 405 1443 428 ante
1471 402 1570 428 saecula
1597 410 1651 428 non
1672 402 1770 434 fuisse,

978 448 1031 474 alio
1055 447 1082 473 in
1102 447 1209 474 Psalmo
1228 446 1300 474 idem
1325 447 1370 474 ille
1393 448 1528 481 Propheta
1544 447 1586 474 sic
1601 448 1659 475 ait:
1675 448 1771 474 Exau-

978 494 1030 519 diet
1048 493 1125 525 Deus,
1143 497 1167 519 et
1184 492 1337 519 Itumiliabit
1350 493 1420 525 illus,
1440 494 1486 528 qui
1502 499 1540 520 est
1556 498 1618 520 ante
1635 493 1735 521 swculu
1750 494 1770 520 ¹.

979 539 1114 572 Quocirca
1138 539 1185 573 qui
1212 539 1346 571 universi,
1371 539 1443 566 idern
1477 540 1643 566 sweulorum
1661 548 1772 574 quoque

979 585 1106 611 conditor
1138 589 1192 615 est,
1224 592 1279 611 non
1305 583 1415 610 illorum
1447 584 1559 618 quidem
1599 585 1719 619 turpium
1739 590 1768 610 et.
1802 589 1806 592 ‘

980 631 1127 666 copulatim
1144 630 1338 661 eonﬁetorum,
1355 630 1403 657 sed
1417 637 1526 662 eorum,
1558 630 1660 664 quibus
1686 630 1774 656 inter-

980 677 1080 704 vallum
1096 677 1243 711 quodlibet
1258 676 1438 711 signiiicatur.
1466 676 1524 708 Qua
1538 676 1650 709 quidem
1668 675 1774 702 ratione

981 721 1078 748 beatus
1107 721 1152 748 ille
1183 721 1286 748 Paulus
1310 721 1471 753 adducitur,
1498 724 1528 747 ut
1549 719 1656 747 Patrem
1673 724 1702 746 et
1730 719 1774 746 Fi-

981 767 1048 794 lium
1065 767 1227 794 smeulorum
1244 772 1396 794 creatorem
1412 775 1472 794 esse
1487 767 1560 794 dicat
1575 775 1580 790 :
1594 766 1706 793 Locutus
1736 769 1774 792 est

983 813 1066 843 nobis,
1083 812 1182 844 inquit,
1202 813 1228 838 in
1246 810 1317 838 Filio
1336 819 1412 846 quem
1424 813 1557 838 consuluit
1569 812 1698 838 lnrrcdem
1713 811 1775 836 uui-

983 866 1118 886 versorum
1133 877 1140 890 ,
1173 866 1218 891 per
1248 866 1326 892 quem
1353 858 1413 891 fecit
1438 861 1463 883 et
1489 857 1587 883 su'cula
1607 858 1628 883 ‘.
1653 856 1774 883 Verbum

981 913 1074 941 porro,
1095 905 1164 940 fecit,
1186 906 1348 932 seculorum
1375 903 1556 931 substantiam
1579 912 1632 931 non
1661 903 1773 936 indicat,

982 951 1030 979 sed
1049 951 1238 978 universitatis
1271 951 1327 977 Deo
1359 951 1544 984 antiquiorem
1571 957 1685 984 prorsus
1712 957 1774 977 esse

983 997 1135 1025 neminem.
1159 996 1220 1023 Alio
1247 996 1313 1023 item
1333 996 1360 1022 in
1380 996 1440 1023 loco
1466 997 1506 1023 sic
1522 996 1603 1022 habet
1622 995 1708 1030 :Regi
1726 1003 1776 1022 stt!-

983 1043 1105 1070 culorum
1127 1041 1286 1074 immortali,
1311 1042 1457 1073 inuisibili,
1486 1042 1536 1068 soli
1562 1041 1625 1072 Deo,
1651 1042 1733 1068 honor
1750 1045 1776 1066 et

982 1088 1080 1124 gloria,
1095 1089 1122 1115 in
1139 1088 1239 1116 sarcula
1264 1087 1431 1115 smcqurum.
1455 1090 1536 1115 Amen
1553 1088 1572 1114 ⁵.
1595 1088 1654 1115 Non
1672 1092 1701 1113 ut
1725 1095 1776 1114 sa:-

984 1134 1045 1161 cula
1075 1134 1208 1168 quaepiam
1238 1134 1378 1164 ostendat,
1403 1141 1464 1168 qua:
1487 1141 1535 1168 per
1561 1141 1590 1160 se
1615 1133 1776 1165 subsistant,

985 1181 1077 1207 suisve
1095 1180 1220 1207 nitantur
1238 1180 1354 1212 viribus,
1370 1180 1416 1207 sed
1446 1187 1568 1214 perenne
1584 1180 1631 1206 Dei
1664 1187 1778 1214 regnum

985 1226 1124 1262 praedicet.
1140 1226 1214 1253 Idem
1228 1226 1375 1260 Apostolus
1395 1226 1460 1253 alibi
1487 1226 1526 1252 sic
1542 1226 1580 1253 ait
1593 1234 1600 1253 :
1613 1225 1780 1260 Sapientiam

985 1277 1073 1299 autem
1087 1272 1218 1307 lo1uimur
1233 1273 1301 1299 inter
1314 1272 1460 1307 perfectos:
1475 1272 1636 1305 sapientiam
1651 1279 1710 1298 vero
1728 1279 1780 1297 non

984 1318 1074 1345 surculi
1089 1319 1178 1350 hujus,
1194 1326 1275 1352 neque
1290 1319 1427 1352 princpnm
1443 1318 1536 1344 δίκαιιὶ
1551 1317 1630 1350 hujus
1646 1317 1690 1351 qui
1710 1316 1780 1343 dese-

986 1369 1091 1396 runtur,
1102 1365 1147 1390 sed
1161 1364 1295 1398 loquimur
1305 1363 1520 1398 Deisapientium
1533 1364 1559 1389 in
1574 1363 1707 1397 mysterio,
1724 1357 1795 1396 qua!

986 1410 1137 1438 abscondita
1147 1415 1195 1442 est,
1206 1418 1285 1444 quam
1294 1410 1492 1444 pra-destinavit
1504 1409 1573 1435 Deus
1581 1414 1643 1435 ante
1650 1409 1749 1434 swcuia
1761 1410 1781 1433 λ.

1021 1456 1080 1484 1am
1099 1464 1175 1489 vero,
1199 1455 1222 1482 si
1248 1456 1341 1483 carnis
1368 1459 1515 1489 assumptus
1543 1454 1704 1489 mysterium
1729 1460 1781 1480 sa:-

987 1503 1066 1535 culis,
1086 1507 1116 1529 ut
1140 1501 1394 1539 divina‘testautnr
1409 1501 1530 1532 oracula,
1559 1500 1701 1534 antiquius
1724 1503 1778 1530 est,

987 1555 1139 1578 extremam
1160 1548 1186 1575 id
1210 1547 1379 1582 impietatem
1396 1547 1495 1581 arguit,
1518 1546 1542 1573 si
1573 1546 1637 1580 quis
1657 1545 1782 1572 universi

987 1597 1074 1624 Deum
1095 1595 1202 1623 saeculis
1219 1594 1357 1629 iuniorem
1380 1593 1464 1620 dicat.
1481 1592 1564 1620 Isaias
1585 1600 1695 1626 quoque
1721 1599 1782 1625 pro-

987 1643 1068 1678 pheta
1093 1643 1132 1669 sic
1162 1641 1317 1668 exclamat:
1348 1640 1418 1666 Deus
1444 1640 1618 1674 sempiternus
1645 1638 1782 1670 Dominus,

987 1690 1032 1725 qui
1049 1690 1149 1716 creavit
1176 1688 1301 1714 terminos
1320 1691 1397 1713 terra!
1416 1687 1436 1712 ⁵.
1457 1687 1523 1712 item
1542 1694 1548 1712 :
1564 1685 1585 1711 Α
1610 1684 1707 1711 stet:qu
1730 1691 1783 1710 non

988 1736 1148 1767 audivimus,
1167 1743 1214 1761 nec
1230 1735 1300 1760 oculi
1316 1733 1400 1760 nostri
1422 1733 1545 1759 viderunt
1565 1731 1660 1762 Deum,
1686 1735 1783 1764 prwter

988 1784 1013 1807 te
1036 1781 1056 1807 ο.
1070 1781 1142 1807 Deus
1171 1780 1254 1814 igitur
1281 1779 1416 1805 universas
1439 1782 1546 1804 naturas
1573 1776 1712 1807 conditor,
1740 1779 1783 1802 est

988 1833 1051 1854 ante
1088 1826 1205 1858 saecula,
1243 1826 1298 1851 imo
1324 1823 1456 1851 extremis
1494 1823 1578 1849 etiam
1611 1822 1784 1856 temporibus

988 1878 1089 1901 nostra:
1106 1873 1212 1900 salutis.
1235 1872 1305 1906 Ergo
1323 1879 1375 1898 una
1409 1878 1440 1898 ex
1470 1870 1614 1897 Trinitatis
1633 1871 1758 1904 personis
1772 1890 1781 1902 ,

989 1919 1148 1953 unigenitus
1173 1918 1307 1945 nimirum
1328 1917 1416 1943 Patris
1435 1917 1542 1947 Sermo,
1560 1923 1621 1942 eum
1644 1924 1675 1942 ex
1702 1915 1783 1948 virgi-

989 1968 1049 1992 neis
1073 1964 1252 1999 sanguinibus
1274 1963 1327 1990 sibi
1351 1963 1482 1997 templum
1499 1962 1711 1992 exmdilicasset.
1731 1961 1782 1988 duc

990 2011 1088 2046 plicem
1106 2015 1244 2041 naturam,
1261 2017 1318 2036 non
1344 2013 1437 2036 autem
1473 2007 1631 2043 hypostasin
1645 2027 1652 2039 ,
1677 2007 1781 2034 habere

988 2061 1065 2085 visus
1080 2062 1131 2084 est.
1160 2056 1304 2089 Carneque
1333 2054 1446 2080 indutus
1471 2062 1504 2081 ex
1529 2061 1640 2088 semper
1669 2053 1783 2087 virginis

994 2109 1074 2132 utero
1097 2103 1189 2130 Marim
1204 2102 1339 2135 processit
1353 2108 1359 2127 :
1374 2108 1428 2126 non
1445 2104 1537 2126 anteiri
1559 2107 1608 2134 per
1625 2099 1709 2130 illam,
1725 2103 1783 2125 tan-

989 2158 1071 2186 quam
1105 2157 1153 2184 per
1187 2148 1309 2175 canalem
1340 2146 1491 2177 transivit,
1519 2151 1549 2173 ut
1577 2146 1686 2179 impuro
1717 2145 1783 2171 huic

953 2193 975 2221 ι)
990 2195 1136 2224 Valentino
1152 2193 1241 2221 visum
1266 2197 1318 2224 est,
1349 2192 1460 2218 ctnleste
1481 2198 1573 2218 secum
1601 2197 1701 2223 corpus
1733 2190 1782 2216 de-

988 2241 1091 2273 l‘erens,
1112 2238 1160 2268 sed
1184 2240 1255 2267 nuda
1281 2247 1343 2266 cum
1362 2238 1463 2265 deitate
1481 2237 1553 2263 illam
1574 2237 1697 2268 subiens,
1715 2244 1781 2270 prn-

991 2293 1021 2315 ut
1040 2288 1140 2315 Paulus
1171 2287 1228 2321 ipse
1243 2294 1353 2320 quoque
1370 2285 1450 2311 docet
1475 2284 1619 2319 apertius:
1647 2283 1698 2315 Qui
1718 2291 1782 2309 san-

989 2335 1098 2369 ctiﬁcat,
1113 2339 1136 2360 et
1149 2334 1192 2369 qui
1212 2332 1425 2366 sanctificatum,
1440 2339 1471 2357 ex
1487 2339 1538 2357 uno
1556 2338 1645 2357 onlnes
1659 2338 1667 2357 :
1689 2338 1784 2364 qnam-

991 2382 1079 2408 obrem
1103 2389 1155 2407 non
1183 2379 1307 2406 erubescit
1330 2379 1426 2412 fratres
1444 2386 1485 2404 eos
1501 2377 1638 2412 appellare
1652 2377 1681 2402 7:
1698 2383 1781 2410 quat:-

993 2426 1141 2461 doquidem
1159 2426 1185 2452 in
1211 2425 1282 2452 etnlo
1308 2424 1376 2450 nihil
1400 2427 1442 2451 est
1459 2423 1585 2450 humana:
1604 2422 1784 2452 conditionis,

991 2481 1043 2501 nec
1059 2473 1085 2499 in
1104 2473 1159 2499 vita
1179 2472 1234 2503 illa,
1255 2479 1316 2506 qua:
1337 2478 1419 2505 supra
1446 2470 1613 2497 mundanam
1629 2469 1700 2494 hanc
1714 2468 1781 2493 sub-

991 2518 1171 2552 lunaremque
1199 2517 1318 2551 degitur,
1336 2516 1382 2543 ubi
1408 2515 1468 2542 vitii
1496 2515 1595 2541 morbo
1618 2514 1695 2540 locus
1723 2517 1778 2538 est.

991 2566 1045 2593 Ubi
1070 2571 1134 2599 ergo
1160 2563 1222 2590 mali
1246 2562 1315 2590 nihil
1333 2567 1386 2593 est,
1414 2561 1544 2595 nullaque
1569 2559 1632 2586 vitae
1657 2559 1783 2584 humanae

990 2610 1113 2637 conditio
1135 2609 1243 2639 visitur,
1260 2608 1307 2642 qui
1332 2606 1403 2640 ﬁeri,
1430 2613 1532 2640 qumso,
1553 2603 1675 2639 potuisse
1694 2603 1783 2629 credi-

989 2657 1045 2684 bile
1070 2660 1132 2687 est,
1161 2659 1190 2682 ut
1223 2654 1287 2681 inde
1320 2653 1373 2680 sibi
1405 2659 1505 2686 corpus
1531 2651 1683 2678 humanum
1708 2649 1782 2676 Dens

990 2703 1140 2731 asciverit?
1173 2708 1300 2738 quaenam
1326 2700 1411 2726 etiam
1437 2703 1543 2726 natura:
1565 2702 1665 2725 nostrae
1690 2704 1784 2724 emen—

948 1523 970 1554 C

1249 2794 1344 2822 'Psal.
1376 2801 1434 2826 LIV,
1464 2792 1509 2820 20.
1566 2790 1675 2819 'llebr.
1707 2798 1724 2823 ι,
1754 2790 1783 2817 Ξι

1201 2832 1210 2847 ⁷
1231 2831 1314 2858 llebr.
1327 2837 1360 2863 ιι,
1378 2830 1420 2856 ll.
