1949 3073
185 116 250 148 12-1
811 113 957 144 NICET/E
985 114 1188 145 CHONiAT/E
1743 116 1840 148 ηδε

186 171 261 198 datio
277 171 445 205 expectanda
464 171 571 202 fuisset,
597 169 619 197 si
646 176 708 197 cum
744 175 877 197 terrestre
904 170 965 196 aui-
981 174 1001 200 Α
1019 171 1046 197 in
1061 172 1177 198 Abrahae
1195 171 1371 199 tabernaculo
1387 177 1511 206 sumptus
1525 177 1576 204 est,
1601 172 1623 199 is
1640 179 1706 199 vero
1743 174 1837 200 sciat

184 217 241 244 mal
257 218 331 252 gravi
349 218 446 244 morbo
460 217 609 247 laboraret,
628 215 702 243 aliud
721 223 735 242 a
751 215 912 243 cmlestibus
925 215 968 242 di-
1017 225 1047 244 se
1063 225 1078 244 a
1092 222 1166 244 recta
1181 217 1285 244 ratione
1298 217 1378 252 longe
1392 218 1533 245 aberrare.
1551 218 1715 253 llujusmodi
1727 219 1827 246 enim

180 270 345 297 versumque
357 263 474 289 divinam
490 262 561 288 illam
573 261 792 288 commistionem
807 262 967 295 recepisset?
1018 263 1122 289 cibaria
1152 263 1315 290 videbamur
1350 263 1403 290 alio
1437 264 1554 298 quodam
1576 265 1657 291 modo
1685 265 1834 297 absumi,

183 308 250 336 Nam
279 308 340 342 quis
358 313 490 343 aegrotum
518 315 615 334 sanare
640 311 733 341 queat.
763 307 814 334 nisi
845 308 967 334 membro
1018 308 1065 342 qui
1084 308 1120 340 ei,
1141 316 1154 335 a
1169 317 1223 344 quo
1244 309 1389 342 absumpta
1411 314 1483 341 sunt,
1502 310 1658 344 incognitus
1683 318 1742 337 non
1763 316 1832 338 est.

183 354 254 381 male
279 354 378 381 affecto
403 353 627 388 peraccoinmoda
657 353 761 379 medela
790 353 967 387 applicetur?

184 400 240 427 lam
256 401 277 427 si
300 405 432 434 aegrotum
457 400 485 426 in
503 399 583 426 terris
609 403 732 433 agentem
757 399 847 425 virtus
874 399 966 426 divina

184 442 338 479 pertingere
358 452 411 472 non
427 444 572 479 potuisset.
589 443 692 470 homini
711 449 786 470 certe
805 443 872 469 nihil
901 451 966 477 pro-

183 490 280 517 fmsset
294 490 366 517 circa
380 498 410 516 ca
427 490 567 524 occupari,
579 498 640 524 qua:
652 497 684 516 ne
704 489 840 516 tantillum
856 489 966 523 quidem

184 535 284 562 divinae
303 535 412 562 virtutis
428 536 602 569 impertitura
618 538 706 561 erant.
732 533 868 560 Caeterum
886 534 902 559 ii
920 533 966 567 qui

183 585 309 606 naturam
326 585 448 606 nostram
468 581 654 606 conviciorum
671 579 810 613 plaustris,
834 582 862 606 et
892 578 968 605 velut

187 633 202 652 e
220 626 380 660 prosceuio,
396 626 527 659 lacerant,
544 625 750 658 nativitatisque
769 624 901 650 rationem
919 631 966 650 ca-

183 673 366 703 lumniantur,
390 672 443 698 hoc
464 671 520 698 Deo
550 671 711 697 indecorum
728 669 815 696 fuisse
850 669 921 701 rati,
938 673 968 696 ut

184 719 280 745 eodem
299 717 379 743 modo
390 724 446 751 quo
457 717 578 743 solemus
590 717 648 751 ipse
668 723 777 750 quoque
794 719 966 747 nasceretur,

185 764 255 790 etin
272 764 353 790 terris
374 768 548 795 versaretur,
581 763 669 788 sciant
693 761 765 795 apud
782 761 867 787 Deum
889 765 967 795 turpe

185 808 253 835 nihil
274 808 368 834 haberi
387 816 393 834 :
415 808 483 834 vitio
508 807 641 834 duntaxat
660 811 783 841 excepto.
802 810 829 832 et
854 805 877 833 si
901 805 967 840 quid

186 855 218 881 ad
235 854 331 880 vitium
350 854 473 888 proxime
502 853 617 879 accedit.
643 851 752 879 Natura:
764 858 849 886 porro
868 856 970 878 nostra:

187 900 271 927 series
285 899 318 926 ad
333 898 419 925 divini
457 903 539 925 nutus
560 897 704 924 arbitrium
732 898 875 932 legemque
901 901 970 923 tem-

187 951 297 980 peratur
311 945 390 979 longe
408 945 496 971 aliena
515 951 530 970 a
550 943 687 969 calumnia
712 942 756 969 illa
771 962 777 974 ,
807 942 850 969 cui
872 943 970 969 vitium

186 993 334 1019 obnoxium
355 998 415 1018 esse
440 990 521 1017 solet.
539 989 646 1023 Alioqui
667 988 690 1015 si
706 988 771 1023 quid
790 988 817 1015 in
842 989 970 1016 humana:

189 1042 295 1065 natura:
310 1037 412 1064 fabrica
436 1035 704 1070 deprehenderetur,
723 1035 795 1069 quod
814 1042 868 1068 pne
885 1034 973 1068 turpi-
997 1050 1000 1054 ι

188 1083 283 1110 tudine
303 1087 331 1109 et
345 1081 499 1109 iudecentia
514 1082 580 1108 satis
596 1084 684 1108 tutqu
709 1088 723 1107 a
741 1080 884 1107 calumniae
900 1087 973 1105 inor-

182 1129 265 1156 ‘sibus
286 1135 340 1156 non
370 1133 461 1161 eSset,
481 1128 509 1155 in
534 1120 687 1155 creatorem
723 1131 797 1153 certe
820 1125 901 1160 culpa
926 1132 973 1151 re-

189 1175 336 1204 dundaret.

226 1221 342 1248 Proinde
356 1228 416 1248 cum
436 1220 463 1247 in
487 1218 629 1246 nativitate
647 1217 749 1245 Christi
775 1221 872 1244 czetera
901 1215 971 1242 mira

191 1268 307 1299 iuerint,
341 1274 427 1301 eaque
453 1266 532 1297 adeo,
562 1273 623 1300 qua:
644 1264 729 1291 Deutn
762 1262 973 1296 haudquaquam

189 1314 365 1345 deducerent,
379 1314 421 1347 (ut
448 1312 539 1339 carnis
567 1311 669 1344 absque
697 1310 800 1336 semine
821 1308 973 1344 generatio,

193 1366 338 1395 precessus
368 1359 471 1392 absque
505 1357 682 1391 corruptione
703 1364 710 1383 :
728 1359 757 1381 ut
776 1355 871 1382 eadem
887 1355 974 1389 virgo,

189 1413 252 1440 quae
270 1410 357 1432 mater
377 1413 384 1431 :
403 1403 477 1439 quod
489 1403 584 1430 eadem
602 1406 701 1433 mater,
723 1408 783 1435 quae
799 1400 887 1434 virgo,
905 1401 974 1427 citra

192 1452 274 1478 ullam
291 1450 456 1485 virginitatis
483 1449 510 1476 in
535 1453 614 1483 partu
636 1449 784 1482 jacturam,
812 1446 896 1473 fuerit
918 1454 925 1472 :
947 1450 976 1473 ut

191 1499 264 1525 Deus
273 1505 381 1525 carnem
392 1500 537 1535 humanam
548 1497 575 1522 in
585 1496 702 1523 essentia
718 1493 867 1530 personati,
879 1501 933 1520 non
946 1493 973 1520 in
988 1512 1009 1541 ο

193 1551 310 1578 persona
326 1543 464 1570 essentiali
477 1541 658 1576 assumpserit
670 1549 675 1566 :
694 1544 723 1566 ut
737 1544 811 1566 totus
825 1546 934 1573 semper
946 1540 974 1565 in

193 1589 273 1616 l’atre
284 1597 406 1621 manens,
419 1593 545 1622 totusque
555 1593 652 1614 natura
661 1587 732 1614 Deus
741 1585 884 1615 exsisteus,
895 1584 976 1611 homo

193 1643 302 1671 quoque
316 1640 411 1661 natura
427 1639 500 1661 totus
512 1633 646 1660 exstiterit
663 1635 714 1658 :ut
733 1638 822 1665 neque
842 1630 976 1661 divinam,

194 1690 288 1716 neque
302 1682 448 1708 humanam
468 1679 626 1706 detrectarit
638 1681 776 1707 naturam,
792 1675 840 1702 sed
854 1681 900 1702 eas
911 1680 977 1700 cons

188 1729 254 1757 {use
264 1728 485 1761 commistimque
494 1725 653 1760 conjunctas
662 1721 835 1756 servaverit),
846 1725 903 1748 tum
914 1726 978 1746 vero

187 1775 238 1801 "vel
255 1774 371 1800 maxime
393 1772 490 1799 eodem
513 1778 626 1805 prorsus
649 1769 740 1800 modo,
758 1775 813 1802 quo
836 1767 912 1794 nasci
933 1773 976 1792 so-

184 1821 295 1853 demus,
312 1819 356 1846 ille
371 1825 479 1853 quoque
500 1821 581 1843 natus
594 1820 636 1842 est
657 1822 691 1842 ex
707 1813 831 1849 Virgine,
846 1820 897 1840 nec
912 1812 975 1839 inde

186 1865 348 1900 .quidquam
365 1862 512 1893 contraxit,
530 1861 602 1896 quod
622 1860 668 1887 Dei
682 1859 852 1894 generationi
870 1863 916 1885 aut
936 1857 979 1884 in-

186 1913 326 1940 .decorum
348 1915 395 1937 aut
412 1909 618 1936 dissentaneum
647 1910 732 1933 esset.
762 1905 830 1932 Nam
856 1905 878 1931 si
896 1905 977 1936 rubo,

184 1957 283 1988 teterili
297 1957 406 1991 plantw,
429 1962 490 1982 sese
506 1954 648 1988 applicuit,
674 1953 788 1988 ejusque
810 1951 978 1978 adminiculo

186 2011 260 2031 rcum
287 2003 359 2029 Mose
387 2001 539 2028 Collocutus
571 2003 624 2030 est,
652 1999 722 2025 nihil
754 2002 830 2025 certe
858 1997 913 2024 Deo
938 1997 980 2023 in-

185 2048 309 2082 :diguum
341 2047 416 2080 fecit,
435 2046 458 2073 si
489 2052 595 2072 suuuua
618 2052 666 2071 sua
697 2044 820 2070 bonitate
850 2050 980 2069 manuum

189 2101 310 2122 .suarum
332 2093 491 2128 ﬁgmentum
523 2090 691 2122 inhabitans,
720 2090 804 2116 hocce
825 2094 904 2124 pacto
925 2096 980 2114 non

198 2145 308 2175 gentem
342 2146 434 2171 uuam,
461 2145 577 2172 eamque
606 2137 752 2169 modicam,
775 2135 809 2162 ab
844 2134 983 2169 Egyptio-

1018 352 1095 384 Quod
1122 353 1143 380 si
1169 354 1230 388 quis
1255 355 1337 381 stulte
1360 354 1552 388 incorporcam
1577 360 1703 382 naturam
1730 356 1829 383 hisce

1019 405 1096 424 usam
1125 399 1235 432 inferat,
1260 400 1315 427 illic
1347 405 1422 426 certe
1455 407 1545 434 neque
1575 401 1675 427 famem
1714 409 1827 436 neque

1019 444 1094 471 sitim
1107 445 1239 475 inveniat.
1255 445 1298 472 hic
1310 452 1375 472 vero
1396 445 1565 471 necessitate
1593 445 1765 472 affectiones
1792 451 1828 473 et

1019 491 1158 525 appetitus
1189 491 1380 524 hujuscemodi
1402 493 1625 522 concitabantur,
1655 499 1710 517 non
1732 491 1826 524 quod

1026 536 1154 573 divinitas
1170 537 1315 570 conjuncta
1331 545 1431 571 corpus
1443 537 1488 564 tali
1501 537 1535 564 ab
1546 541 1666 571 egestate
1682 544 1827 563 asserere

1019 590 1073 609 non
1092 587 1185 616 posset
1202 582 1259 616 (qui
1278 583 1352 609 enim
1379 583 1460 617 paulo
1479 586 1542 617 post
1570 582 1735 616 corporibus
1764 582 1825 608 im-

1020 627 1217 655 mortalitatem
1247 627 1364 661 largitus
1389 631 1441 657 est.
1472 634 1553 654 suum
1593 627 1679 661 ipsius
1705 634 1824 660 cci-pus

1019 673 1105 700 multo
1120 673 1227 700 facilius
1238 673 1272 699 ab
1284 673 1356 700 omni
1366 678 1485 707 egestate
1495 672 1682 705 vindicasset),
1697 672 1748 699 sed
1760 672 1823 698 hoc

1020 719 1059 746 illi
1079 719 1228 751 concessit,
1251 723 1282 745 ut
1312 719 1452 753 propriam
1471 723 1600 745 naturam
1628 718 1818 752 perspicuam

1019 765 1132 792 faceret.
1165 763 1283 792 Proinde
1306 769 1443 798 quotquot
1481 763 1601 790 haereses
1628 763 1681 790 hoc
1701 763 1736 790 ab
1765 763 1820 790 illo

1020 815 1189 845 assumptum
1209 815 1356 844 negarunt,
1373 808 1511 836 manifesti
1527 808 1664 835 mendacii
1687 809 1819 836 convin-

1021 861 1131 883 cuntur.
1144 855 1380 889 Quemadmodum
1403 854 1477 882 enim
1501 854 1557 886 ille,
1581 854 1690 881 tametsi
1706 861 1819 888 corpus

1023 910 1038 929 a
1057 907 1145 929 morte
1160 902 1281 928 immune
1302 901 1416 928 reddere
1443 904 1553 936 poterat
1581 901 1654 934 (nam
1670 899 1757 927 tertio
1787 899 1818 926 id

1021 955 1037 975 a
1064 951 1153 975 morte
1180 947 1226 975 die
1257 947 1394 982 praestitit)
1418 946 1538 981 passioni
1555 951 1645 973 tamen
1668 950 1695 972 et
1724 945 1818 972 morti

1022 993 1134 1028 objecit,
1166 997 1196 1019 ut
1222 991 1422 1019 incarnationis
1440 991 1598 1026 mysterium
1624 990 1817 1025 adimpleret:

1023 1039 1059 1065 ita
1073 1039 1156 1066 etiam
1178 1037 1241 1064 fami
1257 1037 1341 1069 idem,
1355 1037 1412 1069 siti,
1437 1036 1526 1063 labori
1558 1040 1587 1063 et
1600 1043 1696 1063 somno
1726 1042 1819 1069 expo-

1023 1084 1087 1114 suit,
1101 1090 1134 1109 ne
1148 1082 1202 1109 ulla
1219 1081 1355 1108 mendacii
1388 1080 1597 1108 constabilieudi
1616 1088 1681 1107 ansa
1702 1081 1737 1107 iis
1765 1088 1818 1107 su-

1023 1132 1155 1163 peresset,
1184 1129 1230 1162 qui
1262 1127 1289 1154 id
1309 1127 1441 1154 duntaxat
1463 1127 1628 1161 approbant,
1657 1126 1732 1162 quod
1754 1125 1814 1153 sibi

1024 1176 1143 1202 videtur.
1170 1175 1260 1208 Quare
1285 1174 1372 1201 futues
1399 1178 1427 1201 et
1445 1173 1515 1205 sitis,
1541 1173 1653 1207 insuper
1681 1178 1708 1200 et
1733 1172 1818 1199 labor

1024 1225 1053 1249 et
1068 1227 1182 1248 somnus
1201 1220 1307 1247 Domini
1334 1227 1436 1255 corpus
1455 1221 1606 1246 humanum
1623 1227 1684 1246 esse
1709 1226 1816 1253 corpus

1024 1270 1164 1302 arguunt:
1183 1266 1257 1301 quod
1271 1266 1382 1301 quidem
1406 1266 1620 1293 conﬁrmaturus
1640 1264 1738 1291 beatus
1766 1264 1814 1291 ille

1026 1313 1126 1340 Paulus
1141 1314 1178 1340 ita
1192 1313 1325 1340 exclamat
1342 1321 1348 1338 :
1366 1311 1435 1344 Quia
1453 1318 1516 1345 ergo
1543 1310 1618 1345 pueri
1630 1310 1813 1336 communica-

1026 1364 1119 1387 verunt
1132 1360 1208 1386 carni
1228 1363 1252 1385 et
1267 1359 1403 1393 sanguini,
1419 1363 1441 1384 et
1457 1358 1511 1392 ipse
1523 1356 1643 1383 similiter
1663 1357 1813 1391 participa-

1026 1408 1061 1434 vit
1082 1407 1176 1433 eisdem
1192 1409 1242 1433 :ul
1259 1413 1304 1439 per
1320 1408 1431 1431 mortem
1452 1405 1596 1430 destrueret
1611 1411 1680 1434 eum,
1708 1404 1752 1437 qui
1764 1403 1814 1430 ha-

1027 1453 1102 1480 bebat
1120 1452 1210 1479 mortis
1224 1451 1365 1486 imperium
1393 1455 1417 1477 et
1434 1449 1557 1476 liberaret
1574 1457 1628 1480 eos,
1657 1449 1702 1484 qui
1718 1450 1812 1476 timor:

1028 1500 1119 1526 mortis
1144 1506 1190 1533 per
1219 1502 1301 1524 totam
1317 1497 1399 1524 vitam
1415 1496 1520 1523 obnoxii
1551 1500 1628 1522 erant
1652 1495 1774 1522 servituti
1788 1494 1809 1522 ⁸.

1026 1546 1132 1579 Quibus
1154 1549 1228 1572 certe
1256 1543 1349 1571 verbis
1365 1547 1490 1570 naturam
1518 1542 1553 1569 ab
1569 1542 1616 1569 illo
1642 1546 1809 1576 assumptam

1027 1591 1111 1619 fuisse
1127 1594 1222 1626 aperte
1238 1589 1372 1621 ostendit,
1397 1597 1457 1624 qua:
1472 1593 1574 1615 nostra:
1594 1588 1744 1622 persimilis
1764 1595 1807 1615 es—

1027 1643 1078 1665 set.
1099 1637 1176 1670 Quod
1195 1637 1217 1663 si
1232 1637 1294 1671 quis
1313 1634 1502 1670 hujuscemodi
1527 1636 1723 1662 vestimentum
1752 1642 1806 1662 non

1028 1684 1138 1719 probet,
1171 1683 1304 1711 Jacohuni
1333 1681 1518 1716 patriarcham
1547 1681 1583 1708 ita
1616 1681 1808 1713 vaticinantem

1028 1729 1122 1758 audiat
1137 1739 1143 1756 :
1159 1729 1269 1756 Lavnbit
1281 1729 1309 1755 in
1323 1728 1381 1754 vino
1390 1727 1486 1754 stolam
1505 1735 1591 1758 suam,
1604 1727 1665 1753 etin
1680 1726 1806 1761 sanguine

1029 1781 1087 1800 uvis
1116 1772 1232 1807 pallium
1264 1771 1379 1800 suum’.
1408 1770 1507 1798 Audiat
1536 1778 1602 1798 vero
1625 1771 1807 1798 beatissimum

1029 1827 1138 1854 quoque
1168 1819 1282 1846 Paulum
1312 1818 1535 1845 exclamantem:
1563 1816 1694 1844 Habentes
1710 1819 1805 1852 itaqu,

1031 1867 1142 1902 fratres,
1161 1866 1287 1900 ﬁduciam
1309 1867 1335 1892 in
1350 1865 1461 1892 introitu
1477 1869 1628 1891 sanctorum
1644 1865 1669 1891 in
1684 1864 1807 1899 sanguine

1029 1912 1104 1945 Jesu,
1119 1920 1199 1948 quant
1213 1912 1327 1938 initiavit
1345 1910 1419 1938 nobis
1433 1911 1504 1938 viam
1530 1918 1625 1938 novam
1642 1913 1667 1936 et
1687 1910 1807 1939 virentem

1031 1966 1077 1994 per
1089 1958 1221 1989 velamen,
1233 1957 1260 1983 id
1271 1961 1319 1988 est,
1335 1964 1381 1992 per
1395 1964 1501 1983 carnem
1510 1963 1598 1987 suam,
1611 1959 1635 1983 et
1650 1955 1806 1982 sacerdotem

1031 2012 1160 2038 magnum
1185 2011 1266 2038 super
1292 2003 1399 2030 domum
1426 2002 1485 2034 Dei,
1501 2002 1656 2028 accedamus
1683 2009 1740 2028 eum
1753 2009 1807 2030 vero

1032 2051 1109 2078 corde
1124 2051 1151 2076 in
1178 2049 1341 2085 plenitudine
1369 2049 1432 2081 ﬁdei
1446 2048 1477 2075 ¹⁰.
1511 2047 1657 2075 Velamiuis
1672 2048 1743 2075 enim
1763 2055 1807 2075 no-

1032 2097 1117 2127 mine,
1140 2096 1374 2131 quemadmodum
1401 2095 1477 2122 stolte
1490 2100 1518 2122 et
1546 2095 1632 2130 pallii,
1660 2094 1806 2128 patriarcha

1034 2150 1144 2170 carnem
1163 2141 1252 2176 ipsius
1266 2141 1424 2176 appellavit.
1451 2140 1503 2168 Sed
1519 2140 1687 2175 superﬂuum
1708 2140 1806 2167 videtur

193 2195 260 2213 sum
280 2193 361 2213 manu
390 2184 524 2214 liberarit,
547 2183 594 2210 sed
618 2183 752 2210 mundum
774 2182 933 2208 universum
946 2179 981 2208 ad
999 2177 1020 2205 D
1036 2188 1058 2214 εί
1073 2187 1198 2222 pluribus
1213 2187 1266 2214 hoc
1283 2186 1376 2213 verbis
1386 2186 1530 2220 explicem,

190 2237 349 2259 .creatorem
362 2232 445 2258 Deum
457 2229 634 2262 converterit,
650 2234 702 2256 eta
713 2228 868 2255 daemonum
892 2226 982 2254 domi-

191 2279 247 2306 JllO
259 2278 420 2305 asserucrit.

236 2324 294 2351 .lam
309 2323 400 2350 divina
415 2323 600 2350 incarnatione
619 2322 671 2349 hoc
684 2321 764 2348 modo
777 2321 977 2353 demonstrata,

197 2377 261 2405 age,
289 2369 444 2396 divinorum
464 2369 639 2396 oraculorum
657 2366 824 2395 testimoniis
849 2365 924 2399 freti,
949 2366 984 2392 ab

200 2417 345 2445 incantato
359 2415 404 2442 Dei
425 2415 513 2442 Verbo
527 2422 627 2448 corpus
645 2414 793 2440 humanum
814 2416 984 2446 assumptum

199 2462 289 2490 {uisse
316 2461 549 2488 demonstremus.
581 2461 620 2487 Ac
646 2460 763 2494 primum
785 2459 896 2493 quidem
926 2465 987 2485 cor-

201 2508 280 2543 poris
305 2506 470 2534 iucunabula
487 2506 521 2533 ad
555 2505 727 2532 divinitatem
750 2505 867 2532 maxime
898 2503 985 2538 pertio

202 2555 316 2582 nebant.
346 2555 447 2582 Deinde
481 2554 610 2589 butyrum
646 2557 674 2580 et
703 2553 765 2585 mel,
804 2552 878 2588 quod
918 2552 986 2579 Pro-

207 2601 294 2638 pheta
322 2602 402 2636 longe
427 2606 491 2627 ante
523 2599 656 2635 praedicit,
692 2606 798 2626 necnon
831 2603 985 2626 maternum

203 2647 258 2679 iac,
286 2651 314 2674 et
329 2647 432 2682 quaevis
452 2647 503 2674 alia
528 2647 580 2673 cibi
608 2650 744 2681 potusque
768 2646 884 2680 species,
925 2652 982 2678 vas,

203 2702 259 2728 quo
274 2695 474 2729 exciperentur,
494 2694 521 2720 in
541 2693 586 2720 illo
608 2692 692 2720 fuisse
706 2693 772 2719 satis
788 2695 917 2726 arguunt.

241 2739 320 2773 Quod
341 2740 362 2767 si
381 2740 473 2768 fatuus
489 2740 551 2774 quis
574 2739 666 2766 cibum
699 2737 775 2764 illum
797 2737 918 2772 objiciat,
942 2737 988 2772 qui

241 2799 346 2827 'llebr.
366 2807 396 2831 ιι,
413 2800 456 2827 Η.
495 2799 582 2825 'Gen.
601 2795 731 2834 msh“.
771 2795 793 2811 "
807 2795 874 2834 He_h.
892 2804 919 2830 x,
940 2798 972 2826 t9
986 2806 1063 2834 seqq.
1102 2797 1122 2813 “
1137 2794 1232 2823 Matth.
1252 2801 1297 2827 xx,
1315 2793 1359 2821 18.

208 2839 238 2867 υ,
255 2835 300 2862 20.
341 2835 362 2852 ⁸⁵
377 2835 389 2864 l
402 2834 475 2862 Tim.
492 2841 522 2866 tt,
540 2834 566 2860 5.
607 2833 628 2848 "
642 2832 652 2860 l
664 2831 728 2858 Cor.
755 2839 799 2866 xv,
821 2831 866 2858 il.

1072 2232 1140 2260 Nam
1157 2233 1200 2260 vel
1217 2232 1276 2267 ipse
1289 2231 1417 2260 Christus
1433 2231 1554 2266 seipsum
1576 2230 1697 2258 hominis
1721 2229 1807 2257 Filium

1036 2283 1125 2307 vocat.
1138 2277 1276 2314 Apostolis
1296 2276 1370 2304 enim
1397 2276 1498 2310 saepius
1515 2276 1567 2303 hoc
1582 2275 1715 2303 inculcat.
1734 2275 1808 2303 Futu-

1037 2332 1097 2352 rum
1130 2328 1184 2355 est,
1212 2327 1243 2350 ut
1267 2321 1357 2349 Filius
1386 2322 1498 2349 hominis
1524 2321 1648 2348 tradatur
1670 2322 1696 2348 in
1727 2329 1808 2348 manus

1037 2370 1182 2402 hominum,
1198 2373 1222 2395 et
1234 2367 1389 2401 interﬁcient
1405 2375 1465 2393 eum
1480 2371 1505 2392 et
1518 2366 1597 2394 tertia
1606 2367 1648 2393 die
1661 2371 1769 2401 resurget
1780 2362 1806 2394 ¹¹ζ

1039 2414 1069 2441 Ei
1089 2417 1179 2440 autem
1196 2413 1242 2447 qui
1259 2412 1337 2446 sequi
1352 2412 1461 2440 volebat
1475 2422 1481 2439 :
1500 2413 1603 2449 Vulpes,
1620 2413 1720 2447 inquit,
1733 2413 1807 2447 fovea:

1035 2461 1142 2491 habent,
1157 2462 1181 2485 et
1195 2458 1311 2485 uolucres
1324 2456 1381 2484 caeli
1393 2457 1476 2490 nidos,
1494 2458 1576 2486 Filius
1600 2464 1689 2486 autem
1710 2458 1806 2484 homini:

1038 2514 1090 2533 mm
1112 2506 1199 2537 habet,
1214 2505 1258 2531 ubi
1272 2511 1351 2540 caput
1365 2505 1476 2532 reclinet
1491 2506 1522 2532 ”.
1538 2505 1571 2532 Et
1602 2505 1655 2532 hoc
1672 2504 1765 2532 Judazis
1784 2504 1806 2530 in

1039 2559 1069 2578 os
1083 2552 1185 2585 obiecit
1203 2560 1210 2579 ε
1227 2551 1296 2582 Quid
1313 2559 1353 2577 me
1375 2551 1492 2585 quwritis
1507 2550 1666 2583 interﬁcere,
1689 2549 1804 2576 hominem

1041 2599 1228 2633 quiveritatem
1239 2599 1339 2624 locutus
1352 2607 1410 2625 sum
1420 2599 1590 2633 vobis,guam
1599 2598 1687 2624 audiui
1696 2606 1711 2624 ιι
1724 2597 1767 2624 Deo
1776 2597 1808 2623 “2

1041 2646 1139 2673 Beatus
1159 2644 1305 2678 Apostolus
1322 2649 1412 2671 autem
1440 2645 1476 2671 ita
1493 2645 1590 2672 clamat
1609 2653 1615 2670 :
1631 2644 1702 2671 Unus
1719 2643 1806 2670 Densa

1044 2693 1173 2720 mediator
1186 2690 1232 2717 Dei
1241 2694 1265 2717 et
1275 2691 1454 2718 hominum“.
1466 2691 1549 2719 Item:
1562 2690 1629 2723 Quia
1642 2698 1688 2725 per
1697 2691 1806 2717 hominem

1045 2746 1125 2771 mors,
1139 2740 1163 2763 et
1177 2743 1222 2772 per
1239 2736 1369 2763 hominem
1380 2733 1537 2764 'resurrectio
1550 2735 1808 2769 mortuorum“,pro-

1409 2795 1430 2810 "
1441 2794 1536 2823 Matth.
1551 2801 1610 2827 vm,
1623 2792 1670 2822 20.
1709 2793 1729 2809 "
1741 2793 1804 2821 δραι.
