1949 3073
154 107 223 138 1253

786 101 985 133 TIIESAURI
1009 101 1083 132 LIB.
1106 102 1155 132 IV.

1711 102 1780 134 1251

152 166 247 196 ptcrca
260 161 340 187 etiam
361 168 451 187 semen
470 161 586 187 Abraha:
601 160 796 186 universorum
813 159 895 188 Deus,
911 158 937 184 in
953 159 977 185 Δ
1025 156 1095 188 Quill
1122 161 1150 182 et
1185 155 1282 184 beatus
1308 156 1455 191 Apostolus
1469 156 1592 185 scribens
1620 157 1654 184 ad
1684 158 1783 186 Roma-

154 207 260 234 scluine
276 207 336 242 ejus
349 214 445 233 omnes
460 215 488 233 se
504 211 600 241 gentes
616 205 826 232 benedicturum
840 209 867 230 et
881 203 940 230 Isa-

153 261 204 280 aco
224 258 251 280 et
265 253 367 280 Iacobo
392 253 541 286 promisit:
566 256 595 279 ut
625 251 723 278 merito
744 251 842 278 beatus
869 250 942 276 idem

152 299 300 333 Apostolus
330 298 362 325 ad
385 298 496 326 Galatas
530 298 654 326 scribens
684 297 807 325 dixerit:
830 296 943 323 Abrahae

153 351 242 372 autem
264 351 340 371 atcue
364 351 426 370 sunt
453 351 648 379 pronnssiones,
665 351 688 369 et
709 350 802 369 semini
824 350 880 376 εμιε
895 341 916 357 ’⁸
934 349 940 368 :

153 396 211 417 tum
225 391 327 418 docens
344 398 492 425 quemnam
508 389 620 417 seminis
634 388 818 423 appellatione
841 387 943 414 intelli«

153 441 209 470 gat,
226 437 261 463 ita
278 436 389 470 sulijicit
400 445 406 462 :
419 435 478 462 Non
489 436 549 461 dicit
569 435 721 467 seminibus,
734 435 811 469 quasi
823 435 849 460 in
876 433 944 460 mul-

154 483 197 512 tis.
208 483 252 508 sed
270 483 344 515 quasi
356 483 382 509 ia
393 490 454 512 uno,
467 486 490 506 at
504 480 596 506 semini
607 485 659 512 tuo,
673 481 717 514 qui
731 486 768 506 es!
779 479 897 507 Christus
910 480 942 506 ”.

155 528 229 555 Idem
246 528 278 555 ad
296 528 424 554 llclirarcs
439 527 575 558 Scribe-ns,
592 527 631 553 sic
644 527 682 552 ait
697 535 702 552 :
718 525 854 559 Nusquam
872 525 941 550 enim

155 574 263 609 angelos
279 573 448 608 apprehendit
461 581 469 599 :
486 573 555 599 unde
566 571 655 598 debuit
668 580 714 606 per
726 572 816 597 omnia
842 570 937 605 fratri—

102 615 114 633 "
154 620 200 645 bus
216 619 341 649 simrlari.
358 623 385 645 ut
401 619 547 645 misericors
557 618 643 651 ﬁeret,
662 622 685 643 et
712 617 799 651 fidelis
823 618 940 651 pontifex

102 654 119 664 ε’
155 665 226 699 apud
241 664 327 691 Deum
345 665 377 690 ³⁸.
394 663 452 696 Qua
481 663 565 690 etiam
583 663 616 690 de
643 670 724 690 causa
740 671 801 689 cum
825 662 942 689 Iacobus

152 704 231 738 Iudae
249 710 471 737 benedictionem
496 709 570 736 illam
603 708 765 743 impertiret,
800 716 882 742 quam
907 708 942 734 ab

155 756 344 782 universorum
359 755 415 781 Deo
429 759 582 789 acceperat.
602 755 638 781 ita
656 754 726 781 dixit
742 763 748 780 :
771 753 833 780 Non
865 754 941 786 aufe-

995 209 1055 234 nos,
1073 203 1099 229 in
1113 202 1171 236 ipso
1187 202 1312 237 Epistolas
1324 202 1459 237 principio
1479 203 1560 230 [idem
1593 204 1782 238 promissionis

995 249 1055 284 ejus
1077 249 1218 280 indicavit,
1242 257 1303 283 quae
1327 249 1421 276 Davidi
1443 249 1512 277 facta
1537 255 1588 278 est.
1607 250 1650 278 Ait
1678 252 1752 278 enim
1774 261 1781 278 :

995 294 1105 323 Paulus.
1122 302 1210 321 servus
1226 295 1287 321 Iesu
1303 295 1411 327 Christi,
1439 301 1545 323 vocatus
1572 297 1708 331 apostolus
1719 316 1726 328 ,
1742 305 1782 323 ses

994 348 1116 375 gregaitts
1135 341 1162 366 in
1182 341 1355 375 Euangelium
1388 342 1442 374 Dei,
1464 342 1532 377 quod
1558 344 1714 378 promiserat
1734 352 1781 378 per

994 387 1134 421 prophetas
1151 395 1212 412 suos
1238 387 1265 413 in
1294 387 1438 422 Scripturis
1455 390 1566 420 sanctis,
1585 390 1616 414 de
1637 388 1706 416 Filio
1723 398 1782 420 suo,

994 433 1038 467 qui
1066 436 1143 457 natas
1162 436 1250 458 estea:
1276 434 1374 459 sentina
1409 434 1525 466 Doridis,
1557 435 1699 461 secundant
1724 444 1784 461 car-

994 485 1052 503 nem
1069 477 1101 504 ³⁰.
1119 477 1205 504 Porro
1220 485 1252 504 eo
1273 478 1346 512 quod
1370 481 1510 506 secundum
1531 488 1638 506 carnem
1665 481 1781 513 addidit,

994 523 1138 557 perspicue
1155 523 1258 550 indicat
1285 524 1428 550 Dominum
1442 533 1565 552 nostrum
1587 527 1678 552 Iesum
1703 527 1782 553 thri-
1812 552 1814 558 ,

995 574 1066 595 stum
1097 569 1183 596 Deum
1217 569 1302 597 fuisse
1326 576 1389 598 ante
1418 572 1527 598 saecula.
1562 573 1661 599 Filium
1690 580 1783 600 autem

996 614 1102 640 Dat-iiiis
1117 615 1240 642 humanm
1254 621 1357 643 naturae
1374 617 1479 644 ratione
1494 620 1687 652 pronuntiavit.
1704 620 1782 652 Quod

994 664 1023 686 ut
1054 661 1176 693 apertius
1199 661 1321 691 doceret,
1367 663 1509 697 subiunxit
1527 671 1533 689 :
1554 663 1604 695 Qui
1631 665 1783 691 declaratus

993 709 1031 730 est
1046 704 1131 731 Filius
1153 705 1273 732 Dcicum
1293 708 1420 740 potentia.
1439 716 1486 741 per
1510 707 1640 742 Spiritum
1664 710 1784 743 sanctiﬁ-

993 751 1117 781 cationis,
1148 758 1179 777 est:
1197 759 1226 777 eo
1254 754 1322 786 quod
1356 754 1500 780 re;.urre:rit
1527 763 1542 780 a
1574 755 1682 780 mortuis
1705 755 1782 782 Iesus

154 805 228 826 retur
242 804 376 834 sceptrum
387 799 418 825 de
431 798 516 830 Iuda,
543 803 567 825 et
582 799 636 825 dua:
653 799 683 825 de
699 798 797 832 femore
812 798 878 832 ejus,
896 798 942 824 do-
956 796 979 825 Β
995 796 1114 823 Christus
1128 796 1255 823 Dominus
1272 803 1372 824 noster.
1383 798 1537 833 ‘Postquam
1563 802 1636 827 enim
1656 809 1783 829 resurre-

154 854 201 872 nec
214 847 312 877 ueniat,
328 846 374 879 qui
390 845 531 872 mittendus
547 850 596 876 est,
611 849 634 871 et
649 845 701 879 ipse
714 845 763 871 erit
781 844 942 879 exspectatio

155 892 275 927 gentium
295 892 328 919 ι’.
345 891 471 918 ΜίεΙιεείιε
488 899 599 926 quoque
620 891 752 926 prophela
782 890 942 917 vaticinium

154 938 208 965 hoc
235 938 310 966 hisce
326 937 418 965 verbis
449 943 562 965 renovat
580 945 586 964 :
605 937 639 964 Et
655 942 692 969 tu,
708 937 850 969 Bethleem,
871 941 944 962 terra

153 983 237 1015 Iuda,
259 992 425 1018 nequaquam
441 984 551 1010 miniata
570 991 596 1010 es
610 984 636 1009 in
646 983 807 1017 principibus
820 981 891 1008 Iuda
903 981 937 1008 '°.

155 1028 196 1054 Ex
212 1032 236 1054 te
260 1029 331 1055 enim
352 1029 414 1055 mihi
429 1029 547 1055 adveniet
565 1028 628 1059 dux,
643 1032 667 1054 et
688 1035 804 1062 egressus
829 1027 886 1061 ejus
910 1027 943 1054 ab

154 1075 242 1107 initio,
277 1083 292 1101 a
313 1075 400 1102 diebus
426 1074 631 1102 wternitatis“.
657 1073 758 1101 Beatus
782 1073 847 1100 item
867 1073 943 1107 Apo-

154 1121 241 1146 stolus
258 1119 466 1154 preedictionum
493 1119 574 1146 ﬁnem
603 1123 774 1149 ostensurus,
793 1118 829 1144 ita
851 1118 943 1144 excla-

155 1170 211 1193 mat
229 1175 234 1192 :
250 1166 421 1199 Manifestum
435 1169 474 1192 est
490 1165 559 1192 enim
572 1164 641 1199 quod
663 1171 694 1190 ea:
711 1163 782 1190 Iuda
810 1168 883 1190 ortus
907 1164 942 1190 sit

153 1210 281 1237 Dominus
298 1214 384 1236 noster
395 1209 417 1225 ¹¹
429 1228 437 1236 .

191 1257 244 1283 Has
260 1257 331 1290 ipsas
349 1255 547 1290 promissiones
570 1254 688 1282 Duvides
714 1261 824 1289 quoque
840 1261 888 1281 rex
914 1257 943 1281 et

154 1301 288 1336 propheta
304 1301 338 1328 ab
363 1301 554 1327 universorum
574 1300 629 1326 Deo
658 1299 774 1333 accepit.
789 1297 834 1325 Ait
864 1299 938 1326 enim

153 1347 188 1373 ad
215 1347 328 1380 ipsum:
355 1346 440 1380 Usque
462 1347 489 1372 in
519 1352 647 1372 azteraum
674 1344 830 1379 prwparabo
855 1351 942 1370 semen

156 1397 239 1424 tuum,
253 1396 277 1418 et
288 1392 423 1426 aediﬁcabo
439 1392 464 1418 in
479 1392 675 1426 generationem
693 1395 717 1417 et
747 1391 941 1425 generationem

154 1438 239 1466 sedem
253 1442 327 1464 tuam
342 1438 374 1465 ".
390 1437 455 1464 Item
469 1438 521 1464 alio
535 1438 594 1463 loco
608 1446 615 1464 ς
635 1437 669 1463 Et
686 1444 782 1470 ponam
810 1437 838 1462 in
856 1444 941 1462 sa'cu-

157 1486 210 1510 tum
229 1483 318 1510 swcnli
332 1491 418 1509 semen
436 1483 515 1517 ejus:
532 1487 556 1509 et
576 1483 700 1509 thronum
719 1482 778 1516 ejus
800 1482 869 1508 sicut
887 1482 940 1509 dies

154 1530 212 1557 caeli
232 1530 264 1555 “.
282 1529 314 1556 Et
328 1529 409 1563 paulo
426 1534 486 1563 post
500 1537 507 1554 ε
521 1527 608 1555 Semel
619 1528 711 1562 jurovi
724 1528 752 1554 in
767 1532 858 1554 sancto
874 1536 942 1560 meo,

155 1576 178 1602 si
194 1575 289 1601 Doridi
314 1575 429 1602 mentiar
440 1595 447 1607 ,
475 1582 562 1600 semen
575 1574 630 1608 ejus
648 1574 675 1600 in
704 1573 827 1601 swculum
843 1579 941 1602 manet.

156 1620 191 1648 Et
206 1622 314 1648 thronus
332 1622 390 1655 ejus
402 1621 470 1647 sicut
497 1620 535 1646 sal
553 1628 644 1646 coram
671 1627 721 1650 me.
745 1624 769 1646 et
784 1621 852 1646 sicut
877 1619 942 1646 luna

155 1667 281 1702 perfecta,
301 1672 325 1693 et
341 1669 413 1693 testis
426 1667 452 1693 in
468 1667 530 1693 cwlo
547 1666 635 1700 ﬁdelis
655 1666 688 1693 “.
710 1665 764 1693 llas
782 1666 856 1700 ip~as
876 1666 941 1693 item

156 1714 353 1747 promissiones
380 1721 428 1747 per
442 1713 538 1739 Isaiam
569 1712 731 1747 prophetam
752 1711 844 1738 denuo
859 1719 942 1738 verax

155 1757 199 1783 ille
215 1757 345 1784 Dominus
379 1757 521 1784 renovavit
538 1765 545 1783 :
563 1757 719 1791 Egredietur
733 1757 813 1786 enim.
839 1757 941 1791 inquit,

154 1802 228 1836 virga
239 1802 270 1827 de
290 1802 382 1828 radice
396 1802 479 1834 Iesse,
505 1807 529 1828 et
545 1803 593 1836 ﬂos
605 1801 636 1828 de
650 1802 740 1828 radice
758 1802 818 1835 ejus
847 1810 941 1828 ascen-

155 1849 209 1876 det.
224 1848 257 1875 Et
274 1847 422 1880 requiescet
435 1855 515 1880 super
541 1854 600 1872 eum
617 1847 726 1880 spiritus
744 1846 860 1877 Domini,
885 1846 940 1880 spi-

154 1896 220 1922 ritus
241 1894 378 1929 sapientia».
404 1897 426 1919 et
450 1892 607 1924 intellectus,
630 1892 745 1927 Spiritus
779 1892 882 1920 consilii
918 1897 942 1920 et

154 1941 328 1976 fortitudinis,
345 1941 453 1974 spiritus
468 1940 585 1966 scicntia:
611 1943 636 1965 et
654 1940 771 1973 pietatis,
787 1944 811 1965 et
828 1939 936 1970 replebit

154 1994 215 2014 eum
229 1987 338 2022 spiritus
356 1986 458 2014 timoris
484 1985 590 2012 Domini
613 1985 646 2016 ",
659 1989 688 2011 et
698 1991 807 2016 caatera,
823 1992 883 2018 qua:
913 1985 940 2011 in

153 2033 281 2060 eumdem
311 2040 422 2060 sensum
441 2037 655 2066 consequuntur.
673 2031 739 2058 ltem
756 2038 763 2056 :
781 2031 837 2057 Erit
864 2031 942 2057 rudia:

154 2077 246 2110 Iessea,
258 2080 302 2114 qui
316 2083 370 2106 stat
384 2080 412 2105 in
429 2079 533 2113 signant
549 2078 717 2113 populorum,
733 2077 820 2112 ipsum
849 2082 941 2112 gentes

155 2126 379 2160 deprecabuntur,
396 2129 420 2152 et
439 2126 486 2151 erit
500 2124 651 2159 sepulcrum
665 2124 723 2158 ejus
748 2123 894 2158 gloriosum
907 2124 941 2150 ’⁷.
959 2136 982 2166 D

155 2170 221 2197 ltetn
242 2171 295 2197 alio
308 2171 368 2197 loco
383 2179 389 2196 :
405 2170 436 2200 Et
451 2170 554 2204 feriam,
573 2169 674 2203 inquit.
692 2168 822 2195 vobiscum
834 2173 941 2202 pactum

154 2217 354 2250 sempiternum,
369 2216 561 2242 misericordias
578 2215 683 2241 Davidis
708 2214 797 2248 ﬁdeles
823 2214 856 2240 ’⁵.
876 2214 940 2247 Quae

155 2261 227 2287 enim
253 2261 290 2288 illi
314 2262 438 2295 promisi,
458 2261 620 2295 complebo;
639 2264 666 2287 et
681 2268 729 2295 per
746 2260 819 2288 illius
841 2268 934 2287 semen

156 2306 271 2334 servabo
286 2307 380 2333 orbem
398 2311 549 2336 terrarum;
568 2305 655 2332 ﬁdelis
667 2305 740 2332 enim
756 2309 784 2332 et
800 2313 881 2333 verax
894 2311 937 2332 est

155 2359 214 2379 mea
235 2352 393 2386 promissio.
719 2345 722 2347 Δ

191 2397 291 2424 Harum
331 2398 547 2432 promissionum
587 2397 730 2423 veritatem
775 2398 942 2431 evangelista

155 2450 266 2477 quoque
295 2442 438 2469 Mutthaeus
471 2442 607 2473 indicans,
639 2442 666 2468 in
696 2442 756 2476 ipso
781 2443 873 2468 statim
898 2442 941 2468 hi-

156 2493 248 2515 stor-ue
286 2495 342 2514 suae
379 2489 514 2522 protemio
553 2487 614 2515 orbi
651 2493 789 2514 terrarum
831 2495 941 2514 annuu-

159 2533 227 2565 tiat,
270 2532 394 2568 gentium
440 2534 673 2568 exspectationem
717 2532 855 2560 ﬂoruisse.
897 2533 944 2560 Ait

156 2579 229 2606 enim
249 2588 256 2605 ι
275 2579 352 2606 Liber
371 2580 546 2614 generationis
568 2579 633 2606 Iesu
649 2579 758 2609 Christi.
774 2578 825 2612 ﬁlii
842 2579 939 2609 David.

154 2624 346 2658 [iliiAbra/mm
359 2625 392 2651 ".
410 2623 525 2658 Utrique
534 2625 607 2652 enim
619 2625 718 2653 semini
743 2625 943 2660 promissiones

157 2672 234 2697 laeta:
248 2675 323 2698 sunt.

996 842 1036 868 xit
1053 849 1068 868 a
1087 843 1214 875 mortuis,
1231 843 1331 877 inquit,
1362 849 1389 870 et
1412 843 1531 878 Spiritus
1552 847 1638 880 gratia
1667 847 1784 881 replevit

995 889 1143 922 apostolos,
1163 897 1211 924 per
1225 886 1356 917 miracula
1386 891 1419 917 ab
1436 891 1490 917 illis
1506 891 1585 924 facta,
1613 893 1685 919 Deus
1702 893 1782 921 inno-

995 934 1048 961 tuit
1060 943 1066 960 :
1080 935 1216 969 siquidem
1235 937 1261 962 in
1280 936 1339 970 ejus
1355 936 1466 963 nomine
1479 937 1595 963 maxima
1613 943 1780 971 peregerunt

994 980 1137 1007 miracula.
1152 979 1288 1008 Caeterum
1312 983 1340 1008 in
1357 982 1485 1016 Epistolie
1513 982 1616 1015 medio,
1638 983 1784 1017 bonorum,

994 1025 1095 1060 quibus
1124 1026 1188 1052 olim
1217 1026 1325 1054 Iudaeos
1349 1028 1511 1062 impertivit,
1536 1028 1675 1055 mentione
1702 1029 1782 1061 laeta,

994 1071 1136 1106 subjunxit
1153 1079 1159 1098 :
1183 1071 1303 1104 Quorum
1332 1079 1393 1100 sunt
1409 1080 1511 1109 putres,
1528 1079 1552 1101 et
1569 1082 1600 1101 ea:
1631 1076 1725 1110 quibus
1743 1080 1781 1103 est

994 1116 1116 1144 Christus
1142 1119 1288 1146 secundum
1309 1128 1429 1152 carnem,
1459 1121 1505 1155 qu'i
1527 1126 1565 1147 est
1591 1130 1671 1156 super
1694 1123 1783 1149 omnia

993 1164 1064 1191 Deus
1081 1165 1113 1196 ¹¹,
1129 1170 1211 1200 atque
1234 1174 1287 1192 una
1305 1165 1331 1192 in
1350 1173 1466 1200 persona
1488 1166 1602 1193 duarum
1624 1172 1783 1194 naturarum

994 1210 1176 1238 diﬂ‘erentiam
1203 1211 1336 1242 ostendit.
1369 1219 1430 1238 cum
1455 1220 1488 1238 ex
1504 1212 1608 1239 Iuda-ix:
1631 1214 1782 1240 secndum

993 1263 1103 1283 carnem
1130 1257 1308 1291 processisse,
1329 1263 1356 1284 et
1387 1266 1470 1292 super
1495 1259 1585 1284 omnia
1615 1259 1701 1286 Deum
1726 1268 1784 1286 vaso:

992 1301 1067 1331 dicit.
1084 1305 1212 1336 tanquam
1224 1303 1306 1328 Deum
1324 1306 1351 1328 ct
1367 1303 1393 1329 in
1410 1303 1507 1329 saecula
1525 1303 1707 1329 benedictum
1720 1303 1786 1330 Bea-

993 1350 1050 1373 tum
1059 1355 1138 1381 porto
1150 1347 1324 1374 Timotheum
1339 1348 1381 1374 his
1394 1349 1484 1375 verbis
1496 1349 1655 1375 exhormtur
1670 1348 1717 1374 :le
1728 1357 1785 1374 mor

994 1396 1049 1418 esto
1064 1392 1154 1418 Iesum
1180 1391 1309 1419 Christum
1322 1394 1495 1419 resarrexisse
1524 1402 1539 1419 a
1561 1394 1670 1419 mortuis
1689 1401 1719 1419 ea;
1742 1401 1784 1418 se-

994 1438 1062 1463 mine
1094 1437 1190 1469 David,
1212 1439 1354 1466 secundant
1370 1439 1544 1474 Erangelium
1570 1448 1665 1470 meum,
1682 1440 1708 1466 in
1734 1447 1784 1474 quo

955 1466 975 1493 ϐ
994 1483 1084 1510 laboro
1100 1493 1182 1519 usque
1200 1485 1234 1511 ad
1253 1484 1368 1516 vincula,
1386 1486 1461 1518 quasi
1480 1486 1548 1512 male
1564 1493 1676 1520 operans
1695 1483 1729 1513 ³¹’.

1029 1541 1138 1575 Alioqui
1166 1542 1301 1576 permulta
1325 1542 1352 1568 in
1377 1548 1494 1577 utroque
1512 1542 1688 1570 Testamento
1706 1544 1786 1571 testi-

994 1587 1086 1613 monia
1113 1587 1228 1614 inveniri
1251 1594 1376 1622 possunt,
1401 1588 1503 1622 quibus
1518 1588 1671 1616 Servatoris
1694 1590 1785 1616 nostri

993 1633 1119 1667 cognatio
1135 1633 1251 1660 carnalis
1265 1633 1454 1660 conﬁrmetur.
1471 1633 1524 1661 Sed
1547 1635 1605 1661 [nec
1623 1643 1684 1662 meo
1711 1635 1788 1669 judi-

993 1679 1037 1706 cio
1060 1678 1208 1711 sulliciunt,
1226 1680 1298 1714 quod
1316 1680 1462 1706 humanam
1476 1686 1600 1707 naturam
1631 1681 1786 1715 perit-ctam

993 1728 1022 1750 et
1039 1724 1192 1750 absolutam
1221 1725 1256 1750 ab
1277 1724 1323 1751 illo
1355 1729 1522 1756 assumptum
1549 1725 1633 1752 luisse
1651 1726 1779 1753 doceant.

994 1769 1052 1802 Qua
1073 1770 1155 1797 etiam
1169 1770 1202 1796 de
1217 1777 1298 1797 causa
1311 1770 1395 1797 Filius
1411 1770 1532 1803 Davidis,
1548 1771 1633 1798 Filius
1647 1772 1781 1803 Abrahae.

995 1815 1082 1842 Filius
1096 1815 1229 1847 hominis,
1252 1815 1350 1847 Homo,
1365 1815 1498 1848 Adamus,
1524 1816 1643 1844 Jacobus
1655 1823 1683 1844 et
1697 1817 1784 1845 Israel

994 1861 1086 1888 dictus
1109 1865 1164 1888 est.
1192 1860 1428 1894 Quemadmodqu
1443 1863 1514 1889 enim
1541 1865 1680 1897 perlectus
1698 1864 1782 1896 Deus,

994 1905 1030 1933 ita
1048 1906 1130 1933 homo
1145 1915 1255 1941 quoque
1276 1908 1415 1942 perlectus
1431 1913 1503 1941 erat,
1525 1909 1674 1944 perfectam
1694 1909 1791 1938 hami-

992 1951 1076 1979 nibus
1086 1952 1202 1979 salutent
1220 1954 1379 1980 conterens.

1318 2029 1395 2058 CAP.
1416 2030 1448 2058 V.

993 2092 1091 2126 Quinta
1104 2095 1221 2126 Inerasis,
1238 2094 1373 2121 Ptolemwi
1381 2103 1390 2122 :
1405 2094 1435 2121 ab
1450 2095 1500 2121 hac
1512 2095 1558 2128 qui
1573 2095 1608 2122 ad
1627 2097 1784 2124 orthodoxae

1029 2129 1196 2164 confugiunt,
1232 2130 1413 2165 baptiaantur.
1443 2130 1591 2165 [I'tolema'i
1621 2137 1644 2157 et
1696 2133 1783 2158 Hera-

1031 2165 1129 2190 cleonic
1158 2165 1275 2190 meminit
1303 2164 1423 2191 Ircnwus
1444 2164 1505 2191 ’lzb.
1535 2173 1542 2191 ι
1568 2170 1592 2191 et
1622 2174 1658 2192 IV.
1696 2167 1786 2193 l’tule-

1031 2207 1126 2226 nurum
1143 2198 1309 2226 Valentinum
1322 2204 1396 2227 vocat
1408 2201 1508 2227 Athan.
1525 2199 1568 2226 lib.
1595 2208 1624 2227 ιι.ι
1637 2208 1729 2229 contra
1747 2203 1787 2228 Α·

1030 2236 1131 2266 τιαιιοε,
1153 2242 1211 2269 cap.
1230 2234 1270 2269 5.]

1030 2303 1176 2330 Gnosticos
1207 2303 1252 2329 hic
1277 2303 1399 2337 impuros
1417 2304 1552 2338 sequitur.
1583 2305 1620 2332 De
1645 2306 1783 2335 tenuibus.

996 2357 1043 2376 seu
1069 2349 1187 2379 saeculis.
1216 2350 1287 2375 idem
1313 2357 1375 2375 cum
1407 2349 1550 2377 Valentino
1587 2351 1682 2378 sentit.
1701 2351 1785 2378 Addit

996 2395 1107 2430 insuper
1116 2395 1182 2426 Deo.
1193 2403 1273 2429 quem
1284 2395 1327 2421 ille
1338 2395 1452 2430 Bythum
1465 2402 1553 2427 vocat.
1566 2397 1634 2424 duas
1647 2405 1706 2424 esse
1717 2406 1785 2424 cou-

992 2441 1080 2476 juges.
1096 2441 1230 2468 Ειιιισξιιιιι
1245 2449 1294 2468 seu
1314 2441 1519 2476 cogitationem,
1536 2449 1566 2470 et
1580 2443 1720 2474 Thelema.
1734 2451 1783 2470 seu

996 2487 1164 2514 voluntatem
1179 2493 1187 2512 :
1204 2487 1324 2514 Primum
1348 2487 1432 2520 enim,
1459 2488 1548 2522 inquit
1566 2488 1621 2520 ille,
1639 2489 1781 2522 cogitavit.

995 2533 1094 2560 deimle
1106 2533 1206 2560 voluit.
1221 2533 1293 2560 Idem
1309 2534 1391 2560 etiam
1409 2534 1442 2560 ad
1454 2540 1607 2560 matronam
1624 2533 1783 2567 quamdam.

997 2579 1107 2605 nomine
1125 2578 1231 2605 Floram
1249 2578 1383 2611 scribens,
1411 2577 1440 2604 in
1454 2578 1539 2612 legrm
1559 2578 1631 2604 illaut
1654 2578 1784 2612 blasphe-

997 2633 1057 2652 mus
1076 2625 1227 2655 invehitur,
1243 2632 1324 2659 quam
1341 2631 1388 2658 per
1406 2623 1525 2658 Moysem
1542 2623 1618 2650 dedit
1631 2623 1717 2656 Deus;
1737 2630 1783 2650 so-

997 2671 1109 2705 lumque
1130 2671 1294 2705 Decalogum
1314 2677 1330 2696 a
1353 2669 1407 2696 Deo
1423 2669 1536 2696 datum:
1553 2673 1715 2696 catterorum
1733 2676 1784 2696 au-

210 2746 231 2761 “
247 2744 306 2772 Gal.
319 2753 359 2776 ιιι,
376 2744 417 2772 l6.
457 2745 477 2761 ⁸⁷
489 2744 559 2772 Ibid.
599 2744 620 2760 "
635 2744 718 2772 llehr.
737 2753 767 2775 tt.
782 2745 825 2772 i6.
866 2745 888 2760 "
907 2743 941 2772 Ge

997 2752 1066 2776 uix,
1078 2744 1121 2771 l0.
1159 2745 1182 2760 ὀ
1196 2743 1278 2771 Mich.
1290 2751 1316 2775 ν,
1329 2741 1355 2769 Ξ.
1394 2742 1415 2757 ¹¹
1433 2742 1528 2770 Matth.
1543 2750 1571 2774 ιι,
1589 2742 1616 2769 6.
1660 2742 1683 2759 ¹¹
1700 2741 1783 2770 Hebr.

157 2789 203 2812 vn,
221 2781 263 2808 M.
320 2782 342 2796 "
356 2781 428 2808 Psal.
445 2780 612 2811 LXXXVIII.5.
667 2781 769 2812 “Ibid,
794 2781 838 2808 50.
888 2781 909 2795 "
924 2780 993 2807 Ibid.
1012 2781 1057 2810 55,
1079 2780 1123 2807 56.
1164 2780 1186 2795 "
1199 2779 1250 2806 lsa.
1264 2786 1301 2810 XI.
1319 2779 1328 2805 l
1344 2785 1420 2812 seqq.
1473 2778 1576 2805 "Ibid.
1611 2777 1654 2806 ll.
1695 2777 1781 2806 "18a.

156 2823 197 2849 LV,
215 2816 240 2843 5.
280 2816 301 2831 ’⁵
317 2816 412 2843 Matth.
429 2824 447 2848 ι,
463 2818 486 2843 I.
537 2816 559 2832 '°
572 2816 650 2843 Rom.
678 2824 696 2848 ι,
723 2817 731 2842 l
748 2824 826 2851 seqq.
873 2816 895 2832 ³¹
917 2815 939 2842 Β

1012 2823 1048 2848 ιι,
1128 2815 1148 2831 ³¹
1159 2815 1182 2842 ιι
1198 2814 1268 2841 Tim.
1283 2822 1312 2847 tt,
1330 2814 1357 2842 8.
