1949 3073
157 99 225 131 1255

797 97 944 128 NlCET/E
963 95 1167 127 CilONIAT/‘E

1707 95 1779 127 1256

153 162 212 184 tem
232 155 398 191 scriptorum
414 155 466 182 alia
494 154 575 190 Moysi
599 155 695 189 ipsius,
726 154 778 181 alia
806 154 944 181 seniorum
962 156 982 183 Α
997 153 1087 186 phelas
1098 151 1132 182 ³⁷.
1147 155 1201 178 etc.
1217 150 1281 178 Item
1300 161 1306 177 :
1326 149 1354 178 Si
1367 151 1424 185 quis
1438 149 1544 177 solt-erit
1556 150 1638 177 unum
1654 150 1686 177 de
1702 159 1781 178 man-

156 202 248 238 populi
261 204 371 237 propria
381 209 442 229 esse
452 201 605 229 contendit.

305 260 443 287 ereseos
461 260 634 294 prmedentis
651 259 808 294 coufulatio.

192 315 263 348 Quia
294 314 416 342 Gnostici
446 315 604 342 omnimoda
646 315 754 343 honesti
788 314 942 349 ignorantia

156 361 329 392 laborabant,
355 361 459 388 idcirco
491 362 576 388 malos
605 363 688 388 etiam
716 361 853 387 dmmnncs
886 360 944 387 suis

157 409 185 434 in
203 407 412 434 Traditionibus
440 411 467 434 ct
497 407 652 434 actionibus
677 406 852 433 invocabant.
891 404 944 432 ita-

158 462 211 488 que
246 454 412 482 Ptolemmus
446 454 491 481 hic
519 454 640 488 profanis
676 454 785 480 illorum
808 453 944 488 dogmatis

157 500 346 531 subscribens,
369 500 495 534 impurus
508 500 619 534 quidem
635 499 696 531 fuit,
710 500 774 534 quia
795 505 882 525 cmcos
894 498 945 524 du—

158 554 204 572 res
218 552 343 573 secutus.
367 546 500 580 impurior
527 553 601 577 vero,
619 546 683 579 quia
706 552 789 571 sensu
813 551 944 578 perverso

156 592 290 619 Ennozam
306 596 334 618 et
350 591 491 623 Tlielema,
510 598 557 617 seu
579 590 774 625 cogitationem
791 594 819 616 et
842 589 944 620 volun-

160 641 252 667 tatem,
271 644 376 664 necnon
388 636 474 663 Deum
490 643 600 670 quoque
621 636 737 671 Bythum
752 639 944 662 commentus:

160 682 349 716 nonnullaque
364 682 432 709 adeo
446 681 643 713 fabulamcnta,
659 681 740 715 digna
765 688 826 715 quin
839 681 866 707 in
881 688 945 715 pro-

162 727 275 754 fundam
293 726 373 761 βυθοῦ
391 727 535 754 infernalis
565 727 723 761 voraginem
739 726 943 761 demergantur,

159 780 275 806 quorum
290 772 400 806 quidem
412 772 534 799 narratio
545 772 621 799 sanis
641 772 754 798 auribus
767 772 878 799 taedium
904 771 946 798 af-

159 817 232 844 ferre
243 817 324 845 solet.

196 862 269 889 Idem
287 867 345 889 atra
368 862 421 889 bile
450 862 523 889 haud
549 862 631 889 dubie
648 862 781 897 percitus,
803 866 831 889 et
857 862 946 896 impos

159 907 254 940 animi,
283 908 429 942 linguaque
461 903 572 943 procaci
604 913 633 935 et
659 908 774 939 etIraani,
800 907 946 934 Mosaieam

158 953 246 987 iugem
275 953 416 987 vellicans,
447 961 480 980 ex
512 953 572 988 ejus
602 953 850 980 constitutionibus
879 953 947 980 alias

159 999 218 1031 Dei,
237 999 305 1026 alias
320 999 438 1032 Moscos,
463 999 531 1026 alias
549 999 668 1034 denique
688 999 828 1026 seniorum
859 998 948 1033 plebis

160 1051 242 1072 voces
254 1052 315 1071 esse
329 1045 438 1072 asserit.
463 1044 562 1071 Nescio
578 1044 651 1071 unde
678 1044 712 1071 ad
734 1045 792 1071 haec
810 1043 947 1071 deblatte-

160 1088 245 1115 randa
262 1088 408 1120 adductus,
426 1090 580 1124 praesertim
594 1093 635 1116 tot
666 1096 802 1116 annorum
824 1089 946 1115 millibus

159 1142 175 1161 a
191 1135 264 1162 Mose
288 1140 363 1168 nato,
378 1136 493 1170 legeque
518 1135 553 1162 ab
570 1135 667 1162 eodem
684 1135 738 1162 lata
760 1135 864 1162 exactis
884 1134 950 1170 (uti-

160 1189 223 1208 nam
236 1187 317 1208 natus
332 1190 472 1217 nunquam
482 1181 578 1209 fuisset
587 1182 606 1216 l)
619 1181 671 1208 nisi
680 1181 750 1208 forte
760 1189 846 1216 nugas
855 1180 950 1216 hujus-

160 1227 264 1254 cemodi
280 1228 314 1255 al)
328 1228 430 1256 Enntea
445 1228 490 1254 illa
502 1232 529 1254 et
551 1227 672 1260 Tltelesi,
684 1235 752 1262 quas
763 1227 814 1253 dco
827 1235 878 1254 suo
900 1226 950 1262 By—

161 1273 208 1298 tho
221 1273 347 1306 nupsisse
361 1273 447 1308 fingit,
460 1272 590 1300 didicisse
609 1273 729 1305 videtur,
745 1279 857 1307 prorsus
876 1271 948 1298 obli-

163 1323 207 1345 tus
218 1326 248 1345 ea
260 1318 316 1352 ipsa
330 1319 414 1345 Deum
429 1318 513 1345 Mosis
526 1327 573 1346 ore
592 1319 715 1346 locutum
727 1326 798 1350 esse,
819 1326 950 1354 quaecun-

161 1371 215 1397 que
226 1372 240 1390 a
255 1364 328 1391 Mose
346 1364 457 1395 tradita,
474 1365 607 1400 librisque
630 1370 742 1392 exarata
754 1371 830 1392 sunt.
847 1365 950 1398 Quem-

161 1408 309 1435 admodum
323 1416 356 1435 cx
372 1409 418 1435 illa
440 1410 630 1437 exsecratione
649 1410 728 1437 facile
748 1410 874 1446 colligas,
890 1418 952 1446 qua:

163 1459 382 1489 rontemptorum
424 1456 493 1491 legis
532 1457 687 1483 cervicibus
730 1457 873 1484 imminet.
907 1457 952 1483 Ait

165 1500 260 1526 enim:
286 1500 456 1533 Maledictus,
476 1502 520 1536 qui
554 1510 606 1528 nou
636 1507 772 1537 permanet
805 1503 832 1528 in
853 1510 953 1529 sermo-

165 1545 239 1571 nibus
265 1545 327 1580 legis
353 1546 431 1580 hujus
447 1546 469 1562 ³³
487 1555 493 1572 :
510 1546 611 1580 quibus
629 1546 722 1574 verbis
732 1554 841 1574 omnem
863 1546 951 1581 legem

165 1590 304 1625 intelligit.

202 1635 363 1663 Universum
394 1643 476 1671 porro
499 1637 585 1671 legem
602 1636 735 1664 divinitus
764 1637 854 1664 datam
879 1645 952 1669 esse,

165 1688 226 1707 eum
250 1687 283 1707 ex
300 1680 362 1707 aliis
377 1688 431 1707 non
444 1681 539 1715 paucis
549 1680 696 1716 Scriptura:
709 1689 792 1709 saera:
806 1682 884 1716 locis,
895 1689 951 1709 tum

165 1734 199 1753 ex
223 1727 298 1753 hisce
320 1727 411 1754 verbis
440 1727 534 1754 vidcrc
555 1732 606 1760 est,
625 1736 685 1763 quae
705 1728 800 1755 Davidi
822 1729 956 1756 divinitus

167 1774 240 1800 dicta
263 1777 350 1799 sunt:
375 1772 406 1800 Si
429 1774 598 1801 custodiet-int
626 1773 678 1807 ﬁlii
706 1774 745 1800 tui
770 1778 955 1801 testamentum

166 1826 263 1849 meum,
279 1822 302 1844 et
318 1818 465 1844 testimonia
481 1827 539 1845 mea
556 1819 611 1845 Iure
626 1826 684 1854 quae
706 1818 800 1845 docebo
815 1818 876 1846 illos
894 1819 910 1853 ε]
921 1819 955 1846 Et

167 1865 219 1898 ﬁlii
233 1872 323 1891 eorum
335 1865 455 1899 usqueiu
470 1864 596 1891 saxulum
623 1865 748 1891 sedebant
768 1872 847 1899 super
868 1865 956 1891 sedem

168 1917 241 1937 tuam
271 1910 306 1937 “‘.
332 1910 398 1937 item
416 1920 422 1937 :
437 1909 465 1937 Si
481 1911 688 1945 derelinquerint
704 1910 754 1945 filii
785 1911 844 1946 ejus
873 1911 955 1946 legem

169 1964 265 1989 nteant,
296 1957 358 1982 etin
383 1956 493 1991 judiciis
521 1957 583 1984 meis
611 1965 662 1983 non
694 1956 908 1988 ambulaverint;
936 1956 958 1982 si

167 2002 372 2039 iustiﬁcationes
387 2011 457 2029 meas
477 2002 687 2037 profanaverint,
705 2007 729 2028 et
750 2002 878 2029 mandata
899 2010 957 2029 mea

170 2057 221 2075 non
235 2048 414 2082 custodierint,
431 2048 541 2075 risitabo
556 2048 581 2074 in
598 2049 672 2083 uirga
688 2048 841 2082 iniquitates
857 2055 959 2079 eorum,

169 2099 194 2120 et
215 2096 242 2120 iu
269 2094 415 2120 verberibus
446 2093 592 2128 iujustitias
619 2102 719 2120 eorum.
753 2094 959 2121 Misericordiam

171 2145 260 2166 autent
278 2148 363 2166 meum
377 2148 431 2166 non
451 2140 601 2175 dispergam
617 2140 649 2166 ab
667 2140 732 2172 illis,
747 2147 830 2174 neque
859 2139 958 2174 injuste

171 2193 251 2221 agam
273 2187 301 2211 in.
319 2185 430 2212 veritate
447 2193 521 2217 mea;
545 2193 626 2220 neque
649 2186 798 2221 profanabo
821 2188 959 2211 testamen-

172 2237 228 2257 tum
249 2238 346 2262 meum,
372 2235 396 2256 et
429 2239 488 2266 qnw
516 2231 662 2265 procedunt
678 2233 709 2257 de
724 2231 801 2258 labiis
831 2232 896 2257 meis
913 2238 964 2257 nou

171 2277 270 2311 [nciam
296 2277 374 2304 irrita
397 2278 431 2303 ".
459 2278 525 2304 Nam
556 2285 606 2312 per
627 2277 844 2308 Testamentum,
866 2277 951 2312 justiti

175 2322 298 2349 rationes
319 2328 347 2349 ct
375 2323 546 2354 testimonia,
565 2323 722 2350 universam
753 2323 838 2358 legem
864 2323 966 2350 intelli-

173 2369 223 2402 git,
237 2375 318 2403 quam
333 2368 443 2398 quidem
456 2368 508 2396 sibi
528 2369 611 2401 Deus,
633 2372 663 2396 ut
683 2371 822 2404 propriam
837 2369 963 2396 traditio-

173 2423 236 2442 nem
257 2423 268 2441 ι
275 2414 387 2442 indicat.

330 2482 465 2517 Appendix
491 2483 616 2510 Theodori
642 2483 806 2512 Scutariotw.

212 2539 309 2567 Melius
330 2540 419 2568 fuerat
442 2541 487 2568 his
506 2540 556 2568 niti
585 2541 757 2568 rationibus:
783 2540 812 2568 Si
823 2541 914 2568 Mosen
937 2546 961 2569 et

175 2588 317 2623 prophetas
333 2595 385 2613 nou
399 2588 523 2619 audiunt,
550 2595 632 2622 neque
647 2587 670 2613 si
684 2587 740 2621 quis
761 2595 777 2614 ιι
795 2589 904 2615 mortuis
921 2595 962 2614 re-

176 2631 303 2663 surrexit,
323 2631 429 2657 credent
442 2630 475 2658 ".
499 2631 567 2658 llern
585 2640 591 2658 ;
607 2631 709 2658 Habent
737 2631 836 2659 Mosem
853 2637 877 2658 et
898 2641 960 2668 pro-

213 2709 235 2724 ³³
248 2709 328 2736 Deut.
342 2708 481 2741 xxvuﬂl).

539 2709 645 2738 u’Psal.
663 2719 754 2742 exui,
782 2712 821 2740 12.

177 2744 201 2762 ιε
218 2744 314 2772 Matth.
327 2752 354 2778 v,
371 2745 414 2772 18.

217 2813 273 2848 (Mi)
286 2813 422 2852 lrcn..lib.
444 2822 483 2847 Ill,
499 2823 523 2842 c.
543 2814 589 2848 18;
605 2813 705 2842 Euseb.
726 2821 761 2847 tv,
779 2821 838 2848 cap.
862 2812 904 2841 10.

966 1481 1142 1517 cternione,
1174 1479 1277 1506 saecula
1319 1477 1502 1513 proceSSisse.

880 2711 902 2728 "
915 2710 986 2738 Psal.
1010 2718 1140 2743 Lxxxvnt,
1159 2710 1188 2752 ὅ]
1205 2717 1282 2746 seqq.

993 197 1106 229 datis“,
1120 201 1176 224 etc.
1190 197 1255 223 ltem
1275 196 1300 223 iu
1317 197 1375 231 lege
1389 205 1395 222 :
1411 197 1575 229 lllaledidus,
1594 198 1639 232 qui
1657 205 1709 224 non
1724 206 1786 233 per-

993 249 1081 269 manet
1095 243 1123 268 in
1139 242 1301 269 sermonibus
1314 243 1376 278 legis
1391 243 1480 278 hujus,
1511 251 1557 269 nec
1573 251 1615 270 eos
1634 252 1714 278 opere
1724 252 1785 279 per-

993 289 1057 322 ficit,
1069 293 1096 315 et
1115 294 1214 315 caetera
1232 289 1275 315 bis
1293 289 1457 316 consimilia.

1029 333 1066 360 Ea
1081 339 1172 361 autem
1188 342 1248 368 quae
1261 334 1354 361 Davidi
1368 334 1442 362 dicta
1459 340 1532 366 sunt,
1549 334 1582 361 ad
1606 335 1713 362 Novum
1727 335 1784 362 Te-

995 383 1162 405 stamentum
1189 378 1285 406 referri
1312 384 1448 413 possunt:
1466 379 1565 406 Dorebo
1592 380 1677 412 enim,
1694 380 1785 414 inqui‘

996 425 1122 455 Davides,
1144 425 1214 452 alter
1229 433 1243 452 a
1259 425 1343 456 Mose.
1363 429 1461 460 etpost
1480 425 1609 453 Davidcm
1623 426 1781 461 evangelica

994 470 1142 505 legislatio.

1319 516 1394 544 CAP.
1417 517 1461 544 Vl.

995 562 1076 590 Sexta
1104 562 1223 596 Iuvresis,
1241 561 1338 594 Marci.
1356 571 1372 589 ιι
1387 563 1463 597 cujus
1479 563 1573 590 haeresi
1592 563 1782 597 resipiscentes,

1291 597 1472 632 baptizautur.

1032 652 1144 688 Magicis
1167 653 1213 680 hic
1242 653 1348 680 artibus
1380 653 1543 687 instructus,
1578 654 1784 690 prtestigiisque

997 698 1055 725 suis
1072 698 1185 726 mirifica
1197 698 1289 725 nescio
1302 705 1363 732 quas
1388 698 1501 730 faciens,
1519 698 1618 726 multos
1635 707 1668 726 ex
1683 699 1790 734 simpli-

997 743 1121 770 cioribus
1137 743 1320 770 circumvenit
1349 743 1416 777 (43),
1449 743 1584 777 imprimis
1599 751 1663 770 vero
1688 749 1791 771 matro-

998 797 1094 816 narum
1118 789 1237 821 illarum,
1259 797 1319 823 quae
1339 789 1465 816 multitiis
1490 795 1518 816 et
1531 789 1678 824 purpureis
1705 790 1787 817 stolis

998 840 1102 861 ornatae
1132 834 1302 866 incederent,
1329 834 1433 861 animas
1459 839 1487 861 et
1509 842 1625 869 corpora
1650 835 1788 870 corrupit.

997 880 1044 907 llle
1059 880 1145 912 enim,
1171 884 1201 906 ut
1218 880 1341 907 lrenaaus
1365 884 1460 907 auctor
1473 884 1526 912 est,
1548 880 1633 908 vitrea
1662 881 1790 915 quaedam

1000 926 1056 953 albi
1080 926 1182 953 coloris
1207 926 1307 961 pocula
1336 926 1523 961 praeparabat;
1546 926 1645 954 deinde
1664 921 1792 954 carmine

998 971 1093 999 nescio
1112 979 1166 1006 quo
1177 980 1253 1004 usus,
1269 971 1412 999 confestim
1427 979 1522 998 eorum
1535 971 1608 999 aliud
1633 973 1660 999 in
1677 980 1786 1007 purpu-

998 1025 1086 1050 reum.
1119 1017 1192 1044 aliud
1213 1017 1332 1052 denique
1363 1017 1392 1044 in
1423 1017 1789 1053 caeruleumconvertcbat.

999 1062 1071 1090 ldem
1090 1070 1152 1090 cum
1170 1062 1318 1090 Valentino
1334 1063 1418 1089 multa
1431 1063 1530 1090 saecula
1543 1063 1715 1098 confingebat
1728 1071 1791 1098 quae

999 1109 1111 1144 quidem
1142 1114 1260 1144 quatuor
1275 1114 1304 1136 et
1326 1108 1426 1143 viginti
1454 1108 1612 1135 Graecorum
1628 1108 1727 1136 litteris
1750 1109 1792 1136 sl-

1000 1156 1076 1182 milia
1092 1155 1212 1183 dicebat.
1227 1155 1341 1191 Aliaque
1358 1160 1443 1187 muta,
1465 1155 1517 1182 alia
1531 1155 1719 1188 semivocalia,
1735 1155 1790 1183 alia

1001 1202 1119 1236 denique
1154 1201 1260 1229 vocalia
1289 1201 1476 1236 nuncupabat.
1504 1201 1576 1233 Quin
1600 1206 1628 1229 et
1655 1198 1794 1236 prolixam

1001 1248 1146 1283 quamdam
1187 1248 1307 1275 fabulam
1354 1247 1523 1280 instituens,
1543 1255 1626 1281 eam,
1655 1253 1686 1274 ut
1714 1248 1792 1275 idem

1003 1295 1128 1323 Irentcus
1146 1295 1195 1328 ait,
1230 1294 1313 1329 Sigen
1345 1301 1394 1321 seu
1419 1294 1568 1321 Silentium
1597 1294 1724 1327 vocabat,
1739 1302 1794 1321 no-

1003 1343 1080 1369 mine
1112 1349 1180 1369 sane
1210 1340 1284 1376 quod
1306 1339 1407 1367 fabulae
1424 1345 1507 1374 atque
1540 1340 1600 1374 ejus
1624 1344 1789 1374 argumento

1002 1389 1164 1424 neutiquam
1179 1387 1358 1420 conveniret;
1376 1387 1490 1421 insuper
1500 1390 1528 1413 et
1543 1387 1606 1418 alia,
1617 1393 1678 1421 quae
1691 1394 1794 1420 super-

1004 1434 1088 1461 fluum
1105 1433 1231 1460 scribere
1255 1432 1334 1460 duxi.
1353 1431 1479 1459 Addebat
1496 1439 1512 1458 a
1530 1430 1636 1458 tetrade
1653 1438 1702 1457 seu
1720 1438 1791 1464 qua-

1543 1477 1573 1504 ln
1600 1477 1789 1512 qualernione

1003 1534 1088 1562 porro
1112 1525 1271 1557 Hominem,
1301 1524 1467 1556 Ecclesiam,
1493 1523 1628 1555 Verbum,
1657 1529 1687 1550 et
1700 1522 1794 1549 Vitam

1004 1572 1154 1600 contineri.
1166 1571 1290 1599 Virtutes
1316 1575 1463 1604 praeterea,
1478 1576 1540 1604 quae
1554 1569 1589 1596 ab
1620 1569 1655 1596 iis
1672 1576 1794 1596 emana-

1004 1623 1113 1651 verant,
1129 1618 1163 1645 ab
1179 1619 1212 1645 eo
1227 1617 1292 1644 Jesu
1307 1621 1452 1651 generatas
1463 1624 1535 1648 esse,
1559 1617 1606 1651 qui
1621 1616 1697 1643 visus
1720 1619 1796 1643 esset

1006 1666 1033 1693 in
1049 1670 1132 1693 terra.
1146 1664 1180 1691 Et
1198 1663 1281 1691 Verbi
1297 1664 1411 1698 quidem
1427 1663 1504 1690 vices
1530 1663 1658 1697 angelum
1674 1661 1795 1689 Gabrie-

1005 1712 1058 1739 lem
1077 1721 1083 1739 :
1098 1712 1175 1743 Vitae,
1191 1710 1325 1745 Spiritum
1345 1714 1471 1736 sanctum
1489 1718 1496 1736 :
1513 1709 1649 1741 llominis,
1663 1707 1795 1735 virtutem

1007 1758 1070 1786 Filii
1088 1767 1095 1785 :
1113 1756 1244 1784 Ecclesia:
1259 1755 1379 1790 denique
1393 1755 1536 1790 Virginem
1550 1753 1728 1788 adimplesse.
1746 1753 1796 1779 At-

1008 1810 1061 1838 que
1076 1803 1112 1829 ila
1128 1810 1176 1836 per
1189 1799 1303 1828 Mariam
1317 1801 1445 1836 genitum
1474 1808 1536 1827 esse
1550 1807 1626 1832 eum,
1642 1798 1688 1834 qui
1702 1799 1796 1825 divina

1008 1847 1188 1883 dispositione
1202 1847 1285 1873 homo
1297 1847 1388 1874 factus
1415 1852 1468 1873 eat.
1490 1845 1605 1879 Quoties
1640 1849 1733 1872 autem
1748 1851 1796 1871 eos

1010 1893 1163 1929 baptizant,
1181 1899 1252 1927 quos
1278 1892 1538 1924 circumvenerunt,
1570 1890 1614 1918 his
1627 1890 1667 1917 uti
1695 1889 1797 1917 verbis

1009 1939 1098 1967 solent
1113 1948 1119 1966 :
1136 1938 1166 1965 ln
1181 1938 1294 1964 nomine
1328 1936 1415 1972 ignoti
1432 1937 1523 1963 Patris
1541 1937 1674 1967 omnium,
1702 1939 1730 1962 ct
1744 1935 1799 1962 Ve-

1013 1986 1104 2012 ritatis
1121 1984 1214 2012 Matris
1236 1983 1371 2016 omnium,
1384 1987 1412 2010 et
1427 1983 1486 2018 ejus
1498 1983 1544 2018 qui
1561 1982 1706 2010 descendit
1718 1981 1797 2013 Iesu,

1010 2031 1045 2059 ad
1062 2029 1299 2065 conjunctionem,
1318 2035 1346 2056 et
1364 2029 1600 2063 redemptionem,
1618 2033 1647 2055 et
1670 2035 1799 2055 commu-

1010 2077 1182 2104 nicationem
1217 2076 1364 2103 virtutum.
1391 2075 1510 2109 Quoque
1540 2075 1674 2109 majorem
1701 2073 1727 2100 ei
1753 2072 1800 2107 qui

1011 2123 1164 2159 baptizatur
1198 2126 1338 2156 stuporem
1355 2121 1489 2156 injiciant,
1518 2120 1576 2147 haec
1599 2119 1736 2147 Hebraica
1750 2125 1801 2145 no-

1011 2170 1085 2197 mina
1101 2168 1291 2204 superaddunt
1303 2167 1357 2203 (44)
1379 2176 1386 2193 :
1401 2166 1531 2194 Chamosi
1547 2166 1705 2192 baeannora
1720 2173 1726 2190 :
1742 2171 1801 2200 my-

1012 2217 1113 2248 stadia,
1141 2215 1242 2247 rltuda,
1255 2215 1370 2242 custaba
1385 2222 1391 2240 :
1406 2214 1513 2248 phogor
1528 2212 1659 2240 :calathi.
1675 2211 1801 2244 Quorum

1013 2262 1208 2297 interpretatio
1227 2261 1285 2288 haec
1304 2266 1346 2287 est
1361 2268 1368 2286 :
1383 2259 1463 2294 Oqui
1476 2267 1506 2286 es
1519 2266 1603 2293 super
1619 2265 1728 2285 omnem
1743 2257 1801 2283 vir—

1014 2313 1102 2336 tutum
1129 2307 1232 2339 Patris,
1246 2312 1272 2334 te
1301 2306 1475 2336 invocamus,
1489 2305 1537 2340 qui
1562 2304 1679 2336 Lumen,
1701 2307 1729 2330 et
1742 2302 1804 2337 Spi~

1017 2356 1088 2383 ritus
1104 2355 1204 2387 bonus,
1221 2359 1249 2381 et
1266 2352 1329 2380 Vita
1347 2351 1501 2380 nominaris
1520 2350 1670 2386 :quoniam
1692 2349 1720 2376 in
1741 2357 1804 2376 cor-

1017 2409 1083 2437 pore
1096 2400 1230 2436 rcgnasti.

1046 2450 1097 2482 Qui
1109 2454 1198 2475 autem
1211 2452 1331 2475 sacratur
1340 2447 1413 2474 hunc
1422 2447 1450 2474 in
1459 2446 1570 2474 modum
1583 2444 1616 2472 ad
1629 2445 1680 2473 ista
1690 2451 1806 2478 respon-

1012 2496 1058 2522 dct
1075 2503 1082 2522 :
1099 2494 1283 2521 Conﬁrmatus
1300 2501 1371 2524 sum,
1394 2493 1552 2527 redemptus
1569 2492 1674 2523 sum,in
1696 2489 1807 2516 nomine

1012 2541 1069 2573 lao,
1085 2540 1132 2575 qui
1153 2541 1272 2567 animam
1293 2547 1382 2566 meam
1412 2538 1446 2565 ab
1463 2538 1516 2565 hoc
1543 2537 1644 2565 saeculo
1666 2534 1805 2562 liberavit.

1013 2586 1118 2614 Deinde
1135 2585 1225 2621 ipsum
1247 2585 1426 2621 opobalsamo
1441 2584 1586 2618 inungunt,
1603 2587 1631 2609 et
1648 2580 1806 2616 perfectum

1013 2632 1133 2660 evasisse
1151 2630 1343 2666 pronuntiant.
1361 2619 1366 2627 λ

1640 2707 1662 2722 ³⁷
1676 2705 1737 2734 Ibid
1760 2705 1797 2735 29

1333 2710 1355 2726 ³⁸
1373 2708 1439 2736 Luc.
1464 2716 1518 2740 XVI,
1544 2707 1588 2734 ει.

1065 2813 1120 2849 (ll)
1138 2812 1207 2841 llinc
1223 2814 1317 2842 lrentci
1335 2814 1425 2842 locum
1443 2815 1634 2842 restituerunt.
