1949 3073
276 179 408 210 lla-reseas
419 179 588 215 prteredentis
599 181 754 215 tonfututio.

163 227 292 256 hliriﬁcus
317 227 422 255 Marcus
451 226 594 261 pratstigiis
615 230 643 252 ct
681 223 914 251 incantationibus

118 275 307 311 prtesentium
341 274 383 300 vel
414 273 586 307 perspicaces
617 271 713 298 oculos
742 270 913 301 fascinabat,

118 321 317 354 emciebatque
341 324 371 346 ut
393 327 424 346 ea
440 326 501 353 qum
516 317 753 352 conspicerentur,
775 319 870 342 contra
885 321 915 342 se

122 367 232 394 habere
246 366 417 395 viderentur,
437 371 518 398 quam
531 370 627 390 eorum
644 366 741 388 natura
752 361 847 387 ferret.
860 359 916 386 Nec

120 413 203 439 enim
221 411 355 446 pellucida
378 417 505 437 vasorum
522 409 672 435 vitreorum
695 414 811 441 corpora
828 406 855 432 in
872 413 916 432 va-

123 459 186 484 iios
199 463 305 484 mutare
325 457 430 484 colores
450 455 582 491 potuisset
599 463 605 481 :
631 459 660 480 ut
676 461 737 487 qua:
752 451 918 480 adeuntibus

124 504 192 530 alba
219 502 406 537 protenderet,
434 501 529 528 cadent
553 508 615 527 mox
645 499 673 526 in
700 505 847 534 purpurea,
875 497 918 524 vel

125 550 248 576 merulea
260 552 387 579 mutaret,
401 548 506 582 hocque
515 550 594 582 pacto
604 545 801 580 sitnpliciornm
816 544 918 578 pleros-

125 599 187 627 que
210 594 440 619 circumveniret:
456 593 483 619 in
501 593 595 627 primis
613 597 705 619 autem
731 585 918 620 mulierculas,

127 646 194 672 quae
211 638 284 665 circa
295 639 384 665 colum
412 643 550 672 occupata:
564 637 663 664 fabulis
692 641 719 664 et
743 635 919 670 nugamentis

127 685 264 719 gaudent.
292 684 346 711 Nec
373 685 464 711 minus
488 685 514 711 in
530 691 563 710 co
578 687 705 717 nugatur,
733 681 805 716 quod
822 680 920 707 sa'cula

130 731 219 757 tradit
241 737 312 761 esse,
330 737 390 764 qua:
409 737 523 756 numero
538 729 637 756 litteris
649 733 766 762 quatuor
784 731 812 753 et
824 725 919 760 viginti

133 775 333 810 respondeant.
362 775 491 807 Quamvis
522 774 596 800 enim
627 773 727 800 saacula
753 772 918 798 saeculorum

132 822 296 854 audiamus,
323 829 387 848 vera
403 826 493 847 tamen
522 819 625 854 opinio,
656 826 716 853 qua:
745 825 787 844 res
814 817 920 844 divinas

757 121 960 153 TIlESMTRl
986 121 1057 150 ΗΒ.
1083 122 1128 151 lV.

929 181 948 207 Α
966 178 1075 212 quidem
1101 179 1314 213 quatcrnitatem
1336 178 1534 213 Pythagoreum
1551 178 1646 212 dogma
1661 179 1745 207 finisse

1675 120 1742 155 1258

967 223 1078 250 Scimus.
1100 225 1251 251 Potestatcs
1276 232 1352 256 vero,
1366 225 1389 252 si
1406 225 1543 259 angelicas
1555 226 1750 256 concedamus,

966 276 980 294 a
992 268 1055 296 Jesu
1072 269 1229 303 productas,
1253 275 1281 296 at
1297 277 1349 297 non
1367 270 1550 304 generationis
1570 271 1630 305 ejus
1653 279 1751 298 causas

966 313 1103 341 exstitisse
1116 314 1250 341 dicemus.
1267 314 1323 341 Huc
1336 322 1417 348 porro
1433 315 1485 342 illae
1497 323 1606 350 quoque
1622 323 1750 351 comper—

968 363 1024 385 tum
1038 359 1170 386 habentes
1181 359 1416 387 vociferabantur:
1429 360 1496 392 Quid
1509 360 1581 387 nobis
1590 366 1613 387 et
1623 361 1677 393 tibi,
1689 361 1753 388 Iesu

967 404 1018 431 Fili
1044 405 1090 431 Dei
1106 405 1120 432 .7
1137 406 1227 432 venisti
1249 405 1298 432 huc
1312 411 1375 432 ante
1399 411 1500 441 tempus
1518 411 1640 441 torquere
1662 415 1709 434 nos
1721 409 1754 433 ⁵⁷.

967 450 1023 478 Illae
1047 451 1132 482 enim.
1157 451 1221 477 dum
1238 451 1373 485 superbiae
1393 458 1505 486 peccato
1530 452 1695 485 efferuntur,
1721 453 1754 479 ad

969 497 995 523 id
1015 496 1087 530 quod
1120 497 1241 524 deterius
1270 502 1312 524 est
1341 505 1400 524 sese
1422 503 1628 532 converterunt,
1660 499 1754 534 pristi-

973 549 1062 576 naque
1081 542 1126 569 illa
1152 543 1284 577 dignitate
1309 543 1477 576 excidentes,
1496 544 1632 578 supplicio
1649 546 1754 572 manci—

969 594 1038 623 pataa
1046 589 1174 622 subjecta:
1189 594 1264 622 sunt,
1281 589 1353 623 quod
1370 589 1498 624 βάσανον,
1513 591 1565 618 hoc
1577 595 1620 618 est
1633 596 1754 619 tormen-

969 640 1039 667 tum,
1049 635 1210 669 appellatur.
1219 635 1285 662 Nam
1295 643 1355 670 qua:
1364 636 1414 663 fuit
1425 637 1494 672 ejus,
1504 644 1606 671 quasso,
1614 638 1754 671 superbia,

970 681 1018 716 qui
1038 682 1107 708 inter
1136 681 1196 708 illas
1213 682 1358 715 primatum
1378 683 1483 710 habet?
1505 682 1589 718 Super
1614 689 1688 711 astra
1711 685 1756 711 Dei

971 727 1092 753 erattubo
1108 727 1196 754 sedem
1216 736 1312 760 meam,
1331 733 1356 754 et
1378 737 1423 755 cro
1448 729 1541 756 similis
1569 730 1713 761 Altissimo,
1732 737 1757 755 et

972 773 1189 806 comprehendant
1212 773 1301 800 orbem
1329 779 1406 801 terra:
1431 776 1508 808 quasi
1531 775 1632 810 nidum,
1657 781 1680 802 et
1699 781 1758 802 tan-

974 827 1054 854 quam
1076 827 1124 846 ova
1148 819 1273 846 derelicta
1296 819 1389 846 tollam
1415 821 1447 846 ³ο.
1479 820 1541 847 llrcc
1567 821 1677 855 quidem
1703 822 1759 852 ille,

134 868 294 895 immobiles
318 874 378 895 esse
393 867 483 898 docet,
500 866 610 893 unicum
627 865 679 892 illis
697 864 824 891 saaculum
843 863 921 890 attri-
938 851 959 878 Β
974 864 1100 903 Christus
1124 870 1215 892 autem
1244 865 1330 900 quid?
1346 866 1412 892 Ecce
1427 867 1486 893 dedi
1508 867 1578 893 vobis
1604 871 1759 902 potestatem

135 914 208 940 buit.

174 959 209 985 lis
224 962 314 986 autem
331 957 425 991 rebus,
448 966 509 993 qua:
524 958 607 985 motui
621 962 649 985 et
668 956 836 992 corruptioui
859 959 923 983 sunt

133 1004 277 1035 obnoxiis,
303 1008 411 1038 tempus
425 1004 555 1039 assignat,
582 1003 654 1038 quod
677 1003 836 1030 transitorio
858 1002 924 1029 solis

134 1054 165 1076 et
179 1050 249 1077 luna:
263 1057 344 1076 cursu
369 1057 477 1084 semper
502 1054 615 1082 motum,
647 1055 814 1080 mensuram,
830 1052 858 1074 et
873 1047 925 1074 tiu»

137 1103 203 1122 xum
219 1096 341 1130 recipiat.
355 1095 475 1128 Quarum
487 1096 559 1122 enim
573 1103 664 1122 rerum
680 1100 776 1121 natura
793 1097 923 1128 perpetua

140 1149 196 1167 non
213 1146 264 1172 est,
292 1148 330 1168 εω
349 1141 480 1175 temporis
497 1139 732 1168 vicissitudinibus
757 1139 922 1166 consistunt.

137 1185 260 1218 Quarum
280 1192 371 1214 autem
394 1187 512 1214 essentia
540 1186 688 1213 immobilis
715 1190 770 1217 est,
795 1189 823 1212 et
849 1189 921 1211 statu

138 1232 263 1258 numneris
276 1233 404 1260 omnibus
427 1232 553 1260 absoluto
571 1232 692 1266 praedita,
711 1232 745 1259 iis
768 1239 923 1259 accommo-

140 1279 205 1305 liilll‘l
223 1280 352 1306 saeculum
376 1279 445 1306 citra
463 1279 662 1306 dimensionem
686 1279 819 1313 procedit,
836 1286 925 1313 neque

142 1323 206 1350 ullis
230 1324 351 1351 noctium
374 1329 402 1351 ct
417 1324 523 1351 dierum
549 1324 708 1356 intervallis,
730 1331 818 1358 neque
842 1324 925 1356 veris,

141 1370 255 1402 aestatis,
270 1370 406 1402 autumni,
421 1373 449 1397 et
468 1370 568 1397 hiemis
583 1369 821 1398 vicissitudinibus
841 1370 927 1396 instar

144 1414 275 1448 temporis
290 1415 327 1441 ita
343 1414 520 1447 discernitur,
541 1419 571 1441 ut
590 1415 656 1442 anni
681 1415 804 1450 partibus
828 1415 926 1443 ordine

144 1460 283 1494 productis
302 1460 470 1487 curriculum
486 1460 604 1487 solstitio
627 1460 760 1493 absolvat,
779 1460 926 1494 denuoque

144 1505 267 1540 incipiat,
281 1506 328 1532 sed
350 1513 459 1540 semper
479 1505 544 1537 Ens,
561 1505 733 1540 cssenliaque
756 1506 887 1539 Praeteriti
900 1510 926 1532 et
941 1516 962 1544 ο

144 1552 228 1577 futuri
245 1558 356 1585 experte
378 1550 532 1584 prteditum.
551 1550 616 1577 Nam
641 1552 771 1585 temporis
794 1558 858 1585 pars
875 1559 927 1577 una

145 1597 287 1632 praeteriit,
314 1596 366 1624 alia
389 1596 479 1624 futura
507 1601 559 1628 est,
589 1604 709 1632 praesens
739 1597 790 1624 alia
817 1597 928 1624 dicitur.

145 1642 281 1669 Saeculum
296 1648 398 1675 autem,
422 1643 510 1677 ipsum
535 1643 682 1678 partitione
697 1648 783 1675 caret,
799 1643 929 1678 nulloque

146 1693 269 1722 tempore
295 1696 326 1715 ac
355 1688 416 1715 loco
443 1689 695 1720 circumscribitur,
725 1690 928 1724 sempiternita-

145 1740 226 1768 teque
243 1733 310 1761 adeo
323 1742 384 1761 cum
402 1734 445 1766 iis,
468 1740 528 1769 qua:
545 1735 712 1769 sempiterna
725 1739 799 1768 sunt,
818 1736 927 1770 gaudet.

147 1780 264 1807 Vmsanaa
276 1787 358 1814 porro
375 1779 473 1806 mentis
496 1778 664 1815 figmentum,
681 1781 817 1815 Marcique
833 1781 867 1808 de
881 1789 930 1807 5:13-

145 1825 216 1852 culis
241 1831 426 1852 commentum
449 1825 624 1856 semivocale,
647 1826 751 1855 vocale.
773 1830 801 1851 et
824 1830 929 1852 mutum

145 1876 198 1899 est.
225 1871 292 1898 Nam
311 1874 430 1904 quatuor
443 1875 471 1897 et
487 1871 580 1905 viginti
606 1871 705 1898 litteris
732 1871 800 1898 alias
817 1872 930 1898 vocales

145 1917 265 1952 appellat
290 1917 495 1951 grammaticus,
517 1916 670 1952 cujusmodi
699 1921 762 1943 sunt
782 1925 808 1949 α,
826 1926 850 1949 ε,
866 1926 893 1952 η.
910 1926 929 1948 ι,

144 1968 170 1992 ο,
185 1966 250 1994 u,et
263 1970 304 1988 to:
325 1960 390 1995 'quia
420 1961 550 1988 nimirum
569 1965 618 1996 per
630 1969 659 1988 se
677 1961 760 1996 ipsas,
779 1962 858 1996 vique
883 1969 931 1989 sua

145 2016 242 2036 vocem
264 2007 420 2043 perficiunt,
439 2007 548 2035 etiamsi
571 2008 632 2034 aliis
648 2015 703 2035 non
730 2008 931 2043 conjungautur

144 2051 245 2081 litteris
264 2062 270 2080 :
285 2054 352 2080 alias
364 2047 544 2080 semivocales
567 2060 573 2078 :
601 2052 669 2080 alias
684 2053 749 2080 item
766 2058 874 2080 mutuas
886 2062 929 2081 vo-

145 2103 201 2132 cat,
215 2104 242 2125 ut
259 2099 284 2133 β.
303 2106 330 2132 γ,
348 2098 372 2129 δ,
389 2103 417 2125 et
430 2105 490 2133 quae
505 2102 724 2132 consequuntur,
744 2102 773 2125 ut
785 2105 846 2133 quae
863 2099 930 2127 nihil

144 2151 241 2172 eorum
268 2143 432 2178 exprimant,
464 2151 525 2178 quae
551 2143 584 2171 ad
614 2144 782 2178 colloquium
807 2145 928 2176 facitmt,

145 2193 250 2227 absque
262 2193 378 2220 aliorum
403 2192 604 2219 elementorum
629 2193 834 2228 conjunctione,
850 2193 932 2220 nimi.
947 2187 970 2215 Ῐ)

147 2246 209 2266 rutn
225 2246 254 2270 α,
270 2247 295 2269 ε,
310 2241 338 2265 et
351 2242 514 2265 cteterorum
531 2237 696 2272 bujnsmodi.
715 2237 748 2264 At
771 2238 932 2265 saeculorum

147 2285 180 2319 (si
197 2289 285 2312 tamen
296 2292 310 2311 a
324 2290 459 2319 quoquam
472 2283 571 2311 saecula
584 2283 659 2317 plura
670 2282 859 2318 admittantur)
869 2290 932 2317 qua,

147 2337 250 2365 quaeso,
273 2329 389 2361 ratione,
410 2336 517 2364 quaque
534 2329 651 2355 naturali
668 2327 824 2355 diﬁerentia
838 2336 932 2355 vorem

147 2377 217 2408 aliis,
231 2376 292 2403 aliis
307 2376 483 2405 semivoceut,
503 2382 607 2401 merum
626 2374 744 2409 denique
766 2375 840 2402 vocis
856 2375 933 2402 dcte-

148 2427 221 2450 etum
251 2422 311 2449 aliis
330 2421 437 2449 Marcus
459 2420 580 2448 tribuit?
604 2420 730 2448 Absurda
751 2428 862 2456 prorsus
875 2421 933 2449 haec

148 2472 189 2495 est
204 2468 352 2500 distinctio,
381 2472 412 2494 ut
428 2472 456 2494 et
481 2466 526 2494 illa
539 2467 717 2501 quaternitas,
746 2473 805 2499 qua:
834 2466 932 2493 saecula

149 2513 261 2547 peperit,
278 2512 431 2545 absurdior,
450 2512 493 2538 eui
516 2511 625 2546 quidem
652 2512 781 2544 hominis,
795 2504 931 2543 Ecclesia,

148 2558 239 2590 Verbi,
264 2557 370 2584 etVitaa
394 2564 495 2584 nomen
517 2558 655 2592 imponere
683 2557 788 2584 Marcus
821 2558 930 2584 assolet.

147 2602 379 2636 Quemadmodum
396 2609 476 2629 merre
491 2609 599 2637 quoque
612 2610 690 2636 nugae
703 2606 766 2629 sunt
779 2601 929 2629 Potestates

148 2649 209 2680 illae,
226 2655 294 2682 quas
315 2648 386 2675 idem
399 2647 475 2679 Jesu,
507 2648 553 2681 qui
567 2647 641 2675 visus
651 2652 692 2674 est
705 2647 731 2674 in
747 2651 829 2680 terra,
845 2655 928 2682 gene.

146 2694 224 2721 randi
237 2697 363 2720 auctores
375 2693 467 2725 tradit,
480 2700 540 2727 quae
554 2693 684 2720 nimirum
701 2700 715 2719 τι
731 2693 926 2728 qttatcrnitatc,

147 2742 200 2767 non
216 2746 295 2767 secus
311 2743 393 2773 atque
405 2747 420 2765 a
432 2744 537 2766 cratere
554 2739 689 2773 quodam,
715 2738 860 2774 proﬂuunt.
882 2739 926 2766 Si-

183 2829 206 2846 "
219 2829 314 2857 Matth.
328 2838 387 2862 vni,
399 2831 445 2857 9.9.
485 2831 507 2846 ⁸ο
522 2831 571 2858 lsa.
589 2840 644 2863 \IV,
672 2831 714 2857 15.

311 2878 441 2908 PA'rnOL.
466 2879 522 2908 Gn.
547 2879 666 2908 CXXX!
675 2879 713 2909 Χι.

755 2831 773 2845 “
788 2830 853 2856 Luc.
870 2838 894 2862 x,
911 2830 955 2858 l9.

974 908 1097 936 παίσαηαί
1119 917 1202 944 supra
1228 915 1374 944 serpentes,
1405 915 1430 936 at
1453 913 1600 945 acor/{ones
1631 916 1653 938 et
1681 921 1760 947 super

975 962 1078 981 attinent
1093 955 1215 981 virtutem
1225 955 1324 981 inimici
1335 956 1368 981 “.
1386 955 1486 983 Contra
1499 964 1581 991 porro
1595 957 1760 985 Christianae

975 999 1106 1027 doctrinae
1117 1005 1190 1033 sunt,
1207 1006 1405 1036 proptereaque
1417 1010 1477 1029 cum
1486 1003 1546 1031 aliis
1556 1004 1637 1031 Marci
1649 1005 1759 1039 dogma-

976 1045 1011 1072 tis
1043 1045 1200 1080 t'ejicienda,
1222 1053 1391 1082 qumcnnque
1414 1048 1494 1074 etiam
1515 1050 1672 1078 sacerdotes
1699 1051 1759 1085 ejus

976 1092 1148 1118 incantantcs
1172 1091 1205 1119 iis
1231 1092 1413 1126 insusurrant,
1436 1102 1503 1129 quos
1528 1095 1698 1130 baptismatis
1718 1097 1758 1124 la-

976 1145 1058 1164 vacro
1074 1138 1214 1171 proluunt.
1232 1138 1358 1166 Christus
1375 1140 1448 1167 enim
1473 1141 1499 1168 in
1527 1142 1637 1170 nomine
1658 1143 1756 1176 Patris,

976 1188 1004 1211 et
1020 1184 1082 1211 Filii
1104 1189 1130 1211 et
1156 1183 1274 1218 Spiritus
1301 1186 1399 1219 sancti,
1427 1186 1591 1222 baptismum
1617 1191 1760 1217 confercn-

977 1228 1041 1256 dum
1054 1236 1112 1255 esse
1127 1229 1264 1263 apostolos
1286 1229 1380 1257 docuit
1402 1238 1408 1256 :
1426 1231 1453 1257 hi
1469 1236 1559 1259 autem
1576 1234 1660 1267 patris
1676 1234 1760 1268 ignoti

978 1280 1077 1300 nomen
1104 1273 1241 1301 invocant.
1265 1274 1346 1302 Certe
1376 1276 1437 1310 quis
1465 1277 1509 1305 ille
1534 1278 1570 1306 sit
1594 1280 1696 1312 nescio,
1731 1287 1761 1308 ut

979 1326 1068 1348 tamen
1085 1330 1117 1349 ex
1132 1323 1310 1357 sequentibus
1324 1324 1431 1351 ariolari
1452 1325 1542 1356 datur,
1564 1327 1586 1354 is
1597 1333 1638 1355 est
1651 1335 1667 1354 a
1681 1328 1759 1355 nobis

978 1367 1024 1401 qtti
1041 1365 1142 1394 Christi
1155 1375 1252 1394 nomen
1265 1368 1434 1403 proﬁtemur,
1452 1371 1566 1399 alicntts.

1294 1436 1368 1464 CAP.
1391 1438 1446 1466 Ἧι.

980 1480 1097 1516 Septima
1126 1484 1243 1514 heresis,
1281 1485 1502 1519 Ascodruyorum.
1530 1487 1570 1513 tie!
1602 1487 1760 1524 ,λίθεοι-[νηρῖ-

1318 1524 1417 1546 tarum.

1016 1572 1047 1598 Hi
1063 1580 1152 1608 neque
1164 1573 1256 1600 divina
1279 1575 1417 1609 mysterio,
1435 1576 1493 1603 sive
1507 1583 1687 1610 sacramenta,
1701 1587 1762 1613 quae

979 1624 1043 1645 sunt
1054 1626 1148 1645 eorum
1165 1627 1225 1654 quae
1239 1627 1292 1647 non
1309 1621 1437 1648 videntur
1455 1623 1587 1658 symbolo,
1604 1625 1687 1652 rebus
1712 1627 1762 1652 sub

980 1669 1118 1698 aspectum
1146 1665 1329 1693 cadentibus:
1354 1675 1442 1701 neque
1460 1668 1619 1702 incorpOrea
1645 1672 1762 1698 sensihi‘

980 1710 1051 1737 libus
1075 1714 1102 1736 et
1125 1711 1264 1745 corporeis
1287 1711 1429 1739 referenda
1452 1718 1500 1740 aut
1524 1719 1762 1743 cammcmoramtu

980 1763 1039 1782 esse
1049 1756 1259 1783 contendebant.
1274 1756 1423 1784 Perfectam
1438 1764 1529 1786 autent
1543 1759 1760 1795 redemptionem

981 1801 1007 1827 in
1021 1809 1054 1829 eo
1068 1802 1219 1829 consistere
1235 1802 1373 1836 dicebant,
1389 1805 1411 1831 si
1430 1805 1492 1840 quis
1509 1812 1599 1833 veram
1617 1808 1676 1842 ejus
1691 1809 1762 1842 quod

981 1853 1022 1874 est
1035 1847 1157 1875 notitiam
1174 1848 1282 1876 habeat.
1305 1850 1371 1877 Nam
1387 1855 1447 1885 qua:
1464 1851 1592 1880 videntur
1621 1855 1763 1886 ulliVCFSJ,

982 1893 1144 1928 ignorationi
1160 1897 1187 1920 et
1209 1894 1327 1928 passioni
1346 1895 1473 1929 obnoxia,
1490 1905 1537 1931 per
1560 1899 1764 1931 generationem

980 1939 1177 1966 dissolvuntur.
1194 1939 1277 1974 Igitur
1293 1941 1413 1975 expiatio
1434 1942 1585 1976 spiritualis
1597 1951 1657 1971 esse
1670 1945 1762 1973 debet.

981 1984 1099 2010 Proinde
1126 1992 1215 2019 neque
1236 1984 1374 2019 baptizant
1389 1986 1421 2014 ad
1438 1995 1467 2014 se
1481 1989 1652 2022 accedentes,
1675 1995 1764 2025 neque

981 2030 1053 2057 nilus
1066 2031 1177 2058 omnino
1197 2032 1268 2066 apud
1281 2032 1341 2059 illos
1355 2032 1526 2068 baptismatis
1543 2037 1672 2071 mysterio
1688 2037 1765 2064 locus

981 2080 1032 2103 est.
1057 2075 1284 2111 Redemptionem
1307 2078 1380 2105 enim
1407 2087 1502 2106 eorum
1520 2088 1580 2114 quae
1597 2087 1660 2108 sunt
1676 2084 1767 2117 cogni-

983 2122 1082 2149 tionem
1103 2126 1210 2149 vocant.

1141 2179 1273 2206 lla'rescas
1283 2179 1453 2215 prteretletttis
1467 2183 1623 2217 confatalia.

1018 2235 1167 2270 Aseodrugi
1187 2244 1297 2271 quoque
1314 2245 1382 2265 vana
1406 2242 1433 2264 et
1452 2238 1518 2266 falsa
1543 2240 1638 2273 locuti,
1660 2240 1766 2268 miseri-

983 2281 1082 2308 cordiae
1105 2281 1188 2312 illius,
1216 2290 1276 2314 quae
1303 2283 1444 2310 hominum
1471 2285 1579 2313 assidua
1604 2293 1697 2314 comes
1714 2294 1766 2317 est,

984 2327 1120 2354 mcenibus
1141 2335 1200 2354 sese
1217 2335 1330 2362 prorsus
1355 2330 1541 2357 excluserunt.
1568 2331 1670 2358 Rerum
1692 2333 1764 2358 enim

984 2371 1138 2399 divinarum
1156 2377 1183 2399 et
1198 2380 1258 2407 qua:
1282 2373 1333 2400 sub
1356 2379 1495 2409 aspectum
1521 2383 1574 2402 non
1593 2377 1694 2404 eadunt
1710 2378 1766 2411 ple.-

983 2425 1074 2452 racque
1096 2417 1143 2445 Dei
1161 2418 1259 2452 jussu,
1279 2426 1442 2454 corporeum
1478 2425 1507 2448 et
1533 2421 1619 2449 oculis
1642 2430 1764 2449 omnium

982 2464 1135 2498 expositum
1147 2469 1247 2492 statum
1259 2466 1361 2494 sortitae
1375 2473 1451 2494 sunt.
1464 2467 1512 2495 llle
1522 2469 1605 2499 enim,
1624 2468 1699 2501 Vide,
1716 2479 1730 2495 ει
1745 2475 1765 2501 ί,

982 2516 1009 2537 ut
1027 2510 1110 2537 facias
1136 2512 1227 2541 omnia
1246 2513 1398 2540 secundum
1418 2514 1533 2541 formam
1560 2514 1609 2541 tibi
1634 2522 1768 2549 pra-uiuu-

981 2561 1092 2584 stratam
1110 2558 1137 2585 in
1153 2564 1254 2586 monte.
1273 2559 1324 2587 Ubi
1350 2560 1383 2587 de
1399 2561 1575 2588 tabernaculo
1590 2561 1675 2588 verba
1691 2561 1765 2593 faxit,

982 2607 1008 2629 et
1023 2604 1140 2635 eteteris,
1157 2612 1217 2639 quae
1230 2605 1257 2632 in
1271 2613 1304 2632 eo
1318 2614 1331 2632 a
1346 2606 1483 2633 Beseleele
1495 2606 1627 2641 disposita
1639 2612 1712 2633 sunt.

1016 2648 1180 2677 Continebat
1203 2654 1294 2678 autem
1320 2650 1529 2678 tabernaculum
1556 2658 1633 2686 septa
1660 2652 1766 2684 decem,

982 2702 1097 2729 quorum
1115 2696 1328 2731 unumquodque
1348 2696 1375 2723 in
1388 2697 1589 2732 longitudinem
1617 2697 1650 2725 ad
1667 2698 1764 2733 viginti

982 2745 1043 2767 octo
1057 2741 1162 2768 cubitus
1174 2761 1182 2774 ,
1200 2741 1227 2768 in
1244 2741 1416 2769 latitudinem
1440 2749 1505 2769 vero
1520 2742 1554 2770 ad
1569 2743 1688 2777 quatuor
1705 2749 1767 2777 pro:

1515 2870 1554 2908 tio
