1949 3073
199 124 268 157 1259
838 123 985 153 NlCE'l‘d‘l
1006 123 1118 153 CllUNl
1128 125 1207 154 ATAE
1768 124 1860 156 12Εο

194 181 365 214 tondebatur,
395 180 552 207 universum
570 179 652 215 bysso
681 180 794 210 intorta,
822 177 982 213 hyacintho,
996 179 1020 209 Α
1035 177 1105 204 alius
1119 186 1133 205 e
1151 178 1261 212 populo,
1286 187 1367 213 capra
1385 178 1475 207 facere
1492 179 1654 215 jubebatur.
1672 180 1700 208 Si
1720 188 1859 216 pauper

193 235 323 261 purpura,
340 230 367 253 et
381 227 494 254 coccino
505 226 607 253 intorta
620 229 779 252 contextum
794 229 864 251 erat.
1032 222 1102 250 ferte
1117 223 1223 254 fuisset.
1239 232 1287 259 par
1305 229 1454 257 turturum,
1470 231 1518 251 aut
1529 226 1599 252 duos
1612 226 1703 260 pullos
1716 227 1855 254 colum-

229 273 388 301 Fulriebant
419 277 510 300 autem
540 272 749 300 tabernaculum
783 271 919 298 columna:
945 277 980 297 ex
1032 267 1130 296 barum
1152 278 1159 296 :
1183 270 1204 296 si
1222 271 1425 304 pauperrimus,
1452 271 1569 298 similam
1583 272 1643 299 sine
1659 273 1721 299 oleo
1746 278 1781 299 et
1803 273 1854 299 in-

191 318 273 352 lignis
286 318 463 350 incorruptis.
486 317 581 352 viginti
594 323 710 343 numero
723 317 844 343 exterius
856 323 922 342 auro
939 317 980 342 in-
1033 322 1117 341 cense
1144 315 1286 342 offerebat.
1311 316 1447 344 Caeterum
1473 318 1606 352 sanguine
1635 322 1664 345 et
1692 319 1765 345 oleo
1789 327 1852 345 au-

192 369 329 391 crustatie.
349 364 434 390 Porro
449 363 616 390 tabernaculi
631 363 720 389 velum
733 362 890 397 hyacintho,
911 370 978 397 pur-

191 418 258 445 pura
270 411 393 441 coccino,
406 414 434 436 ct
446 410 525 445 bysso
534 413 722 436 constructum
731 413 799 435 crat.
811 409 879 435 Area
889 414 979 435 autem

192 457 263 483 intra
284 456 374 483 velum
401 457 452 482 sita
466 461 535 483 erat.
560 460 588 482 et
604 456 631 482 in
649 455 783 490 superiori
802 459 861 488 post
889 455 979 481 velum

193 506 279 537 parte,
294 502 515 537 l’ropitiatorium
530 501 763 536 conspiciebatur,
780 501 824 527 cui
838 501 892 527 duo
910 500 981 528 Che‘

194 549 286 576 rubim
304 556 371 575 auro
400 552 507 575 tornata
535 553 630 575 mutuo
648 555 676 574 se
700 556 732 574 ex
759 547 875 574 adverso
896 549 982 583 respi-

190 594 290 620 cientia
305 593 472 620 insidebant.
486 592 581 620 Vclum
600 599 683 627 porro
705 591 806 619 Sancto
822 597 980 620 sanctorum

193 646 241 672 per
269 637 390 664 medium
409 637 589 671 partiebatur,
609 642 691 671 atque
712 644 802 663 arcam
831 637 981 664 testimonii

192 684 228 710 ita
243 683 395 717 operiebat.
414 688 443 710 ut
456 691 509 710 non
524 689 680 717 appareret.
945 685 947 689 '

226 729 317 756 Mensa
336 736 402 756 vero
419 734 494 756 extra
513 730 600 755 velum
621 730 720 762 stabat,
750 738 846 757 versas
873 736 983 765 septen-

193 776 320 807 trionem,
336 776 415 811 cujus
430 783 445 803 e
464 776 574 811 regione
587 776 785 803 candelabrum
811 785 907 805 versus
924 785 981 805 me-

193 822 291 849 ridiem
304 823 423 856 jaeebat.

1032 367 1100 392 rem,
1120 368 1231 388 manum
1251 362 1387 394 dextram,
1406 367 1433 390 et
1453 363 1549 393 aedem
1565 363 1718 391 sacerdotis
1745 365 1850 392 inuu-

1031 406 1121 441 gebat.

1066 453 1126 481 Jam
1146 454 1168 481 si
1201 463 1235 482 co
1260 460 1324 490 typo
1350 455 1396 490 qui
1423 455 1505 490 Moysi
1535 462 1776 491 prminonstratus
1814 457 1845 484 in

1032 504 1125 527 monte
1142 500 1241 531 fuerat,
1263 501 1483 531 tabernaculum.
1500 506 1528 528 et
1545 509 1607 536 qua:
1634 501 1660 528 in
1681 510 1716 529 eo
1736 504 1847 529 conti-

1032 546 1178 579 nebantur,
1198 546 1269 574 facta
1289 547 1355 578 sint,
1377 552 1456 582 typus
1471 551 1563 574 autem
1583 548 1744 582 exemplum
1777 555 1847 576 erat

1032 595 1060 618 et
1079 591 1167 627 imago
1189 593 1337 628 prototypi,
1357 601 1406 621 seu
1417 593 1582 628 exemplaris
1596 593 1691 621 ferme
1709 604 1715 621 :
1739 603 1844 629 quan-

1034 643 1060 664 to
1078 638 1163 673 magis
1179 638 1330 673 baptismus
1356 639 1529 673 peragendus
1547 643 1600 672 est,
1625 640 1672 674 qui
1691 639 1845 666 dh‘inilus

1034 683 1115 711 nobis
1139 684 1166 710 in
1195 684 1385 712 remissionem
1408 689 1435 712 et
1464 685 1632 712 ablutionem
1650 691 1844 720 peccatorum

1033 730 1193 764 propositus
1209 730 1273 757 est?
1290 735 1318 757 et
1332 731 1424 758 statim
1447 739 1461 757 a
1481 731 1630 766 baptismo.
1646 733 1841 758 incruentum

1034 784 1145 811 quoque
1170 776 1349 810 sacriﬁcium,
1376 778 1490 812 ejusque
1515 777 1683 812 perceptio?
1703 778 1775 812 quia
1791 779 1842 805 ni-

1035 822 1136 849 mirum
1154 822 1294 850 institutio
1315 823 1371 855 illa,
1396 831 1477 858 quam
1495 831 1565 858 pane
1581 830 1609 850 et
1625 823 1689 850 vino
1706 823 1741 851 ad
1759 825 1844 851 salu—

226 869 360 896 Caaterum
373 868 551 896 sacerdotalis
571 869 647 897 stola:
670 870 818 904 pectorale.
847 871 982 905 superhu-
1001 862 1020 889 Β
1037 873 1090 895 tem
1105 873 1132 896 ct
1146 868 1370 896 reformationem
1394 869 1520 896 humana:
1536 869 1725 904 corruptionis
1748 870 1842 897 nobis

193 915 302 946 merale,
324 915 416 941 talari;
433 915 525 942 tunica
552 916 723 948 κοσπύόοτος
739 924 772 943 ex
789 917 868 952 bysso
884 918 983 944 intorta

192 961 363 988 constabant.
399 961 487 996 Atque
519 962 785 997 superhumeralium
813 968 921 991 textura
950 972 983 991 ex

193 1015 270 1039 auro,
296 1007 455 1042 hyacintho,
474 1013 501 1035 et
527 1015 658 1043 purpura,
675 1008 784 1044 duoque
802 1009 907 1044 lapides
929 1009 983 1036 hu-

195 1054 280 1080 meris
307 1054 565 1089 superhumeralis,
598 1054 699 1089 quibus
724 1055 836 1082 nomina
865 1054 984 1082 ﬁliorum

197 1099 305 1127 lsraelis
317 1100 453 1135 insculpta
471 1104 560 1127 erant.
573 1100 688 1127 Ratione
702 1106 793 1128 autem
816 1101 983 1136 iudiciorum

193 1145 411 1181 quadrangulum
433 1146 534 1180 duplex
555 1150 625 1178 crat,
649 1145 731 1180 palmi
757 1146 941 1181 longitudine,
956 1151 984 1174 et

195 1193 277 1227 palmi
293 1192 448 1224 latitudine,
476 1196 595 1226 quatuor
622 1192 766 1219 ordinibus
785 1193 906 1227 lapidum
927 1193 985 1227 pel-

198 1238 350 1265 lucidorum
364 1238 543 1273 variegatam.
556 1238 583 1264 lu
599 1238 723 1264 rationali
738 1242 829 1265 autem
843 1238 984 1265 decretum

192 1290 221 1311 et
241 1285 342 1311 veritas
367 1284 465 1311 inerat.
493 1284 566 1310 Talis
585 1286 676 1310 tunica
697 1289 752 1310 tota
772 1291 806 1311 ex
836 1284 985 1320 hyacintho

194 1335 322 1358 contexta
347 1335 416 1362 erat,
443 1331 515 1357 circa
532 1331 611 1366 cujus
629 1330 764 1357 ﬁmbriam
788 1331 857 1357 mala
883 1331 985 1366 punica

195 1385 343 1411 purpurea.
371 1376 563 1411 hyacinthina,
593 1381 620 1402 et
642 1376 772 1402 coccinea
790 1396 796 1408 ,
825 1375 986 1403 intermistis

194 1423 285 1449 aureis
309 1422 517 1455 tintinnabulis,
543 1422 744 1456 dependebant.
775 1422 864 1449 Aurea
893 1427 985 1449 autem

194 1469 304 1500 lamina,
319 1475 380 1502 qua:
398 1472 458 1495 erat
474 1468 654 1494 sanctificatio
676 1467 801 1499 Domino,
830 1468 918 1494 mitra:
939 1467 987 1494 ad-

1037 915 1164 942 Serrator
1194 916 1347 950 proposuit.
1377 915 1451 942 haud
1480 923 1511 942 ea
1535 915 1596 947 fuit,
1619 923 1681 950 qua;
1711 923 1841 950 corpore

1036 965 1152 992 careret.
1169 961 1283 996 soloque
1312 961 1452 988 intellectu
1482 962 1685 996 perciperetur,
1701 962 1751 989 sed
1769 971 1841 998 qua:

1035 1008 1088 1035 sub
1103 1015 1214 1034 sensum
1230 1015 1341 1043 quoque
1357 1008 1478 1035 caderet.

1070 1052 1138 1086 Quia
1152 1053 1236 1086 enim,
1249 1058 1277 1080 ut
1290 1053 1375 1081 Johns
1384 1059 1518 1086 autumat,
1528 1055 1586 1081 luto
1598 1054 1707 1082 formati
1720 1063 1840 1090 sumus,

1035 1098 1123 1126 lutum
1148 1105 1240 1126 autent
1267 1108 1301 1128 ex
1319 1104 1391 1127 terra
1417 1106 1445 1128 et
1469 1109 1539 1136 aqua
1559 1102 1746 1136 compositum
1778 1109 1836 1135 est,

1035 1143 1264 1179 formationisqne
1276 1144 1387 1171 nomine
1399 1165 1405 1176 ,
1422 1144 1525 1172 dicitur
1540 1145 1596 1172 alio
1610 1145 1730 1180 quodam
1747 1147 1839 1173 modo

1036 1190 1114 1218 cibus
1140 1191 1234 1221 etiam,
1264 1198 1319 1225 quo
1345 1191 1445 1218 virium
1467 1192 1703 1218 intertrimentum
1730 1192 1838 1219 debili-

1038 1236 1160 1271 tatioque
1188 1237 1338 1264 rcsarcitur
1355 1243 1383 1264 et
1399 1237 1564 1264 reformatur
1586 1246 1592 1264 :
1613 1238 1715 1265 idcirco
1732 1247 1835 1273 queui-

1036 1283 1185 1309 adnioduin
1208 1290 1263 1318 quo
1281 1287 1404 1318 tempore
1428 1291 1479 1310 nos
1496 1284 1568 1310 Deus
1599 1283 1742 1316 formavit,
1778 1291 1838 1312 ter-

1037 1336 1094 1354 rain
1120 1333 1148 1355 ct
1176 1336 1275 1364 aquam
1303 1330 1462 1364 assumpsit,
1490 1330 1526 1356 ita
1555 1331 1638 1357 etiam
1674 1331 1708 1358 ad
1742 1333 1833 1360 nostri

1038 1375 1261 1403 reformationem
1278 1376 1357 1410 panis
1368 1381 1397 1403 et
1412 1376 1506 1403 vinum
1521 1382 1712 1404 assumuntur.

1074 1421 1192 1449 Proinde
1216 1430 1278 1449 cum
1303 1421 1430 1450 Christus
1455 1427 1549 1457 aperte
1571 1424 1665 1456 dicat,
1689 1425 1830 1452 neminem

1042 1468 1069 1494 in
1087 1475 1201 1503 regnum
1226 1468 1360 1496 caelorum
1389 1469 1591 1504 ingressurum,
1623 1471 1676 1498 nisi
1706 1479 1733 1497 in
1759 1480 1830 1506 aqua

193 1518 283 1547 aptata
309 1519 378 1540 erat.
416 1513 502 1540 Porro
531 1513 611 1540 mitra
635 1521 737 1540 corona
759 1514 885 1548 quaedam
913 1519 983 1545 erat,
999 1533 1019 1560 ο
1039 1519 1064 1541 et
1080 1514 1183 1548 Spiritu
1200 1519 1312 1542 renatus
1329 1515 1422 1546 fuerit,
1442 1515 1618 1550 impudenter
1637 1517 1765 1551 profecto
1775 1518 1827 1552 legi

194 1566 254 1592 quae
274 1557 425 1585 sacerdotis
440 1558 558 1584 frontem
579 1557 770 1591 praecingcbat.
794 1557 902 1583 Ctdaris
915 1564 983 1590 quo-

192 1611 246 1637 que
265 1603 372 1638 (capiti-5
385 1603 410 1630 id
429 1603 632 1637 indumentum)
646 1602 755 1638 byssia
772 1608 840 1634 erat,
863 1607 891 1629 et
917 1610 985 1630 zona

193 1657 263 1684 opus
278 1649 456 1684 variegatum.

230 1697 319 1729 Atque
345 1695 480 1722 rationale
498 1693 610 1729 quidem
633 1693 865 1728 superliuinerali,
883 1693 985 1720 lamina

193 1748 258 1767 vero
282 1741 371 1767 mitra:
386 1739 554 1772 cohaerebat,
581 1739 716 1773 mitraque
732 1739 802 1766 adeo
831 1739 985 1766 sacerdotis

192 1786 274 1822 capiti
289 1786 491 1821 imponebatur.

229 1833 296 1860 Erat
323 1839 455 1867 prtctcrea
488 1833 574 1859 altare
598 1827 805 1867 thymianfatis,
833 1838 882 1858 seu
911 1830 986 1858 suﬁi-

203 1880 292 1912 nenti,
316 1888 349 1908 ex
373 1880 455 1914 lignis
485 1879 658 1913 incorruptis
678 1877 876 1912 quadrangulis
899 1876 985 1904 deau-

194 1933 283 1954 iatum
297 1935 304 1953 :
316 1932 344 1954 et
354 1927 485 1953 cornibus
493 1924 767 1956 aurcisdistiuctum,
780 1929 806 1950 ct
824 1923 987 1950 adolebatur

193 1975 262 2000 ineo
275 1973 415 2000 incensum
425 1971 618 2006 compositum,
630 1974 722 2002 tenue,
735 1969 876 1996 incensum
889 1968 989 1995 ἒνδελε-

194 2018 334 2052 χισμὲνιον,
360 2018 412 2044 lioc
432 2021 474 2044 est
498 2015 572 2051 quod
599 2015 710 2043 assidue
730 2014 903 2041 movebatur.
923 2013 988 2040 Erat

195 2073 278 2100 porro
302 2065 445 2091 inccnxum
472 2062 656 2096 compositum
684 2068 720 2088 ex.
749 2059 866 2096 myrrha
892 2063 988 2094 gutta,

195 2111 315 2146 ouyche,
329 2111 467 2144 fragrante
483 2108 609 2143 galbano,
625 2111 653 2134 et
676 2107 757 2133 thure
770 2104 917 2140 pellucido.

233 2157 310 2184 Dedit
324 2162 415 2183 autem
433 2156 501 2182 [)t‘tls
519 2154 596 2185 Mosi,
623 2157 803 2188 posteaquam
817 2152 900 2178 desiit
912 2151 987 2186 loqui

1037 1560 1201 1595 refragatur,
1216 1565 1396 1596 extremaque
1417 1561 1556 1590 dementia
1570 1562 1688 1596 laborat,
1701 1564 1828 1598 quisquis

1037 1607 1205 1642 baptismum
1224 1607 1424 1634 conferendum
1441 1615 1495 1634 non
1521 1616 1581 1635 esse
1600 1610 1754 1640 contendit.
1769 1618 1824 1644 quo

1038 1658 1127 1680 tamen
1161 1653 1326 1688 intersiguio
1350 1654 1420 1680 citra
1447 1656 1665 1682 controversiain
1689 1657 1826 1691 praecipue

1037 1697 1237 1732 dignoscuntur
1261 1698 1312 1729 illi.
1337 1698 1496 1734 quicunque
1515 1701 1625 1727 nomina
1655 1701 1765 1729 Christo
1779 1703 1825 1729 de-

1037 1743 1148 1772 derunt.
1159 1743 1260 1772 Priscis
1270 1745 1344 1771 enim
1354 1746 1581 1780 generationibus
1593 1747 1660 1774 alias
1674 1749 1737 1775 aliis
1752 1749 1824 1784 leges

1037 1789 1168 1824 imposuit
1180 1795 1188 1816 :

1072 1835 1177 1862 Adamo
1203 1835 1316 1870 quidem
1344 1836 1463 1869 arboris,
1497 1837 1579 1864 Noago
1612 1839 1737 1866 carnium
1763 1848 1823 1868 esus

1037 1879 1136 1914 legem,
1169 1879 1328 1907 Abrahamo
1358 1881 1601 1910 eircumcisionem
1633 1884 1718 1917 dedit,
1747 1894 1824 1920 gene-

1039 1925 1122 1952 ralem
1137 1925 1256 1961 denique
1269 1926 1357 1961 legem
1380 1928 1522 1963 propheta:
1552 1929 1636 1957 Musis
1654 1939 1737 1965 opera
1758 1940 1822 1960 con-

1038 1971 1159 2006 scripsit.

1073 2017 1163 2052 Atque
1189 2017 1216 2044 in
1243 2018 1330 2046 sacris
1356 2019 1511 2054 Evangeliis
1532 2029 1586 2048 non
1611 2022 1666 2057 jam
1688 2024 1723 2052 de
1751 2026 1822 2060 parvi

1039 2064 1171 2091 momenti
1195 2064 1288 2098 rebus,
1317 2074 1433 2101 quaeque
1455 2067 1512 2094 sint
1539 2068 1738 2098 elementorum
1756 2073 1820 2106 vice,

1039 2109 1098 2144 lege
1121 2111 1276 2145 proposuit,
1306 2111 1353 2139 sed
1386 2112 1552 2147 perfectiora
1582 2115 1738 2144 meditanda
1765 2125 1821 2146 esse

1039 2154 1144 2182 docuit.
1163 2155 1196 2182 Et
1213 2157 1445 2191 quemadmodum
1464 2166 1562 2186 recens
1589 2161 1661 2187 natis
1676 2161 1821 2190 iufant.bus

197 2211 259 2230 cum
281 2203 338 2232 illo.
358 2203 384 2228 in
401 2205 494 2227 monte
511 2200 586 2232 Sina,
615 2199 722 2226 tabulas
739 2199 808 2226 duas
826 2198 986 2231 testimonii,
1006 2205 1026 2232 ι)
1039 2205 1142 2228 matres
1155 2208 1286 2229 mammas
1313 2202 1473 2235 admovent.
1505 2211 1556 2231 nec
1587 2205 1625 2232 ita
1655 2207 1740 2234 multo
1766 2214 1821 2242 post

198 2251 305 2278 tabulas
319 2250 450 2284 lapideas,
466 2248 552 2283 digito
570 2247 616 2274 Dei
627 2246 754 2281 scriptas.

232 2296 343 2323 Mandat
362 2295 475 2329 insuper
500 2295 583 2324 Deus,
604 2298 634 2319 ut
651 2291 818 2319 sacriﬁcium
839 2290 895 2321 ﬁat,
911 2290 986 2325 juxta

199 2343 358 2371 facultatum
371 2340 589 2375 proportionem,
604 2341 645 2365 vel
663 2337 759 2369 vitulo,
784 2336 826 2364 vel
842 2343 924 2371 agno,
944 2336 988 2363 vel

197 2396 301 2424 capra;
316 2392 444 2414 ca-terum
468 2391 497 2412 ut
521 2394 535 2412 a
561 2384 730 2420 pauperibus
757 2390 806 2418 par
835 2386 987 2415 turturum,

197 2436 240 2464 vel
261 2436 316 2462 duo
331 2433 399 2469 pulli
420 2432 622 2463 columbarum,
639 2439 654 2459 a
667 2429 882 2466 pauperioribus
893 2433 987 2455 autem

197 2481 287 2509 simila
314 2480 422 2507 modica
448 2479 508 2505 oleo
540 2477 620 2504 mista
644 2476 801 2504 oﬁerretur.
831 2474 988 2502 Hostiarum

199 2533 333 2563 pra-terea
352 2525 412 2553 alia:
437 2524 550 2559 integris
576 2522 737 2554 urebantur,
764 2520 880 2548 aliarum
900 2527 989 2555 parva:

197 2582 255 2609 qua
261 2574 324 2600 dam
331 2576 431 2607 partes,
444 2575 594 2600 omentum,
606 2575 696 2598 renes.
709 2567 884 2602 superjacens
893 2565 988 2600 adeps,

153 2651 157 2654 ,
196 2625 225 2646 i-t
240 2627 303 2653 pars
313 2617 421 2652 hcpatis
437 2615 561 2642 inferior.
580 2613 605 2640 ls
617 2620 699 2647 porro
713 2612 759 2647 qui
777 2612 879 2638 animal
895 2611 986 2642 offert,

197 2668 280 2694 homo
301 2675 307 2692 :
327 2665 374 2700 qui
397 2671 464 2691 vero
487 2661 617 2692 similam,
650 2659 740 2685 anima
762 2659 788 2684 in
808 2665 894 2684 sacris
915 2657 988 2684 Scri-

198 2712 287 2748 pturis
304 2711 469 2746 appellatur.
487 2706 618 2734 Prohibet
637 2709 729 2732 autem
744 2712 778 2731 ne
791 2705 842 2731 mel
867 2705 987 2731 fermen-

198 2759 302 2793 tatique
321 2765 406 2792 panes
423 2755 501 2783 altari
523 2757 707 2788 apponantur.
728 2750 806 2783 Quod
826 2751 848 2777 si
864 2750 989 2785 pontifex

198 2809 364 2839 praeceptum
382 2803 492 2838 aliquod
513 2807 702 2836 transgressus
716 2804 799 2831 esset,
824 2799 912 2825 vitulo
936 2799 988 2825 im-

198 2849 333 2875 maculato
355 2849 400 2876 :si
421 2849 560 2884 princeps,
577 2845 711 2874 anniculo
724 2844 821 2872 haedo:
848 2845 875 2871 si
898 2845 989 2879 quivis

1040 2247 1166 2274 intutum
1186 2248 1441 2284 comminutumque
1467 2250 1598 2279 dentibus
1612 2252 1715 2286 cibum,
1737 2260 1762 2282 et
1778 2256 1818 2283 ubi

1039 2291 1220 2325 adoleverint,
1236 2293 1394 2321 solidiorem
1409 2300 1561 2330 suggerunt
1576 2306 1583 2324 ;
1606 2297 1643 2325 ita
1667 2300 1749 2326 etiam
1764 2304 1834 2328 cum‘

1039 2337 1126 2372 legem
1159 2339 1240 2366 nobis
1272 2338 1411 2375 paedagogi
1449 2341 1511 2369 loco
1540 2343 1613 2370 Deus
1639 2347 1818 2373 universorum

1041 2383 1252 2417 introduxisset,
1270 2385 1437 2420 perfectiora
1455 2387 1566 2416 tandem
1583 2390 1736 2424 proposuit.
1758 2393 1819 2420 lute-

1042 2429 1094 2455 risn
1130 2435 1221 2457 tamen
1257 2430 1341 2458 Vetus
1376 2439 1487 2467 quoque
1522 2433 1728 2463 Testamentum
1755 2437 1820 2464 haud

1041 2483 1123 2502 secus
1153 2481 1237 2510 atque
1268 2482 1423 2505 maternam
1449 2486 1598 2507 mammam
1623 2482 1816 2516 amplectimur,

1040 2521 1148 2548 etiamsi
1167 2522 1202 2549 ab
1212 2522 1274 2557 ejus
1295 2523 1364 2550 lacte
1389 2524 1589 2557 abstineamus,
1611 2533 1663 2553 nec
1689 2528 1818 2555 circumci-

1041 2567 1158 2600 sionem,
1175 2569 1329 2602 Sabbatum,
1346 2569 1492 2604 sacriﬁcia,
1507 2576 1535 2598 et
1552 2572 1725 2606 aspcrsiones
1738 2576 1817 2601 obser~

1045 2620 1108 2640 vare
1125 2621 1264 2642 curemus.

1078 2661 1168 2687 Alium
1186 2667 1318 2695 praeterea
1346 2662 1467 2689 fructum
1484 2672 1518 2690 cx
1535 2664 1628 2692 Veteri
1656 2665 1815 2693 Testamento

1043 2706 1236 2741 decerpimus;
1254 2708 1384 2742 pietatem
1404 2711 1489 2743 enim,
1508 2711 1589 2738 ﬁdem
1609 2713 1636 2739 in
1648 2712 1744 2746 Deum,
1760 2714 1816 2741 dile-

1043 2753 1161 2780 ctionem
1178 2755 1306 2788 proximi,
1321 2757 1540 2790 temperantiam,
1546 2757 1680 2792 justitiam
1690 2763 1718 2785 et
1727 2759 1816 2785 fortitu-

1044 2799 1134 2826 dinem
1163 2804 1258 2827 exacte
1285 2799 1384 2833 docet,
1412 2807 1495 2837 atque
1523 2807 1646 2830 veterum
1675 2809 1814 2832 sanctorqu

1043 2844 1166 2879 exempla
1182 2845 1262 2873 nobis
1282 2846 1414 2874 imitanda
1434 2849 1572 2883 proponit.
1592 2849 1813 2879 Veruiucniiuvem
