1949 3073
116 127 198 161 12H

763 125 962 155 TllESAURl
986 127 1060 156 LIB.
1079 124 1126 157 ιν.

1696 122 1762 157 1262

114 185 319 220 aspcrsionum
333 185 440 211 illarum
455 183 513 209 vice
526 181 649 209 divinum
663 181 797 215 baptisma
810 181 921 214 sufficit,
939 186 962 213 Α
977 186 1050 213 sunt,
1067 182 1113 217 qui
1131 182 1157 208 in
1174 182 1352 209 traditionum
1381 182 1440 217 ejus
1468 183 1585 210 Icctione
1609 184 1764 211 Versantur.

115 231 204 266 quod
223 238 276 258 non
293 231 381 257 solum
399 234 492 256 vetera
511 233 622 263 peccata
638 227 723 262 gratis
739 227 920 260 remittit,sed

115 279 214 305 etiam
232 278 429 312 promissorum
450 276 586 302 bonorum
600 281 676 309 spem
698 273 828 309 proponit
844 283 850 300 ε
870 281 920 301 nos

118 324 280 351 Dominicae
295 323 391 350 mortis
405 326 432 348 et
443 320 656 349 resurrectionis
672 324 816 347 consortes
827 319 920 352 e'llleit,

118 370 268 397 donorum
293 369 380 396 sancti
406 367 527 403 Spiritus
553 367 703 402 participes
733 366 800 393 facit
826 375 832 392 :
853 365 924 392 ﬁlios

122 414 180 442 Dei
212 423 262 442 nos
290 422 352 442 esse
374 415 556 445 demonstrat,
586 421 637 440 nec
656 411 745 440 solum
765 412 846 442 illius.
876 412 924 438 sed

120 463 216 489 etiam
247 461 372 489 haaredes
400 461 460 493 Dei,
485 465 514 487 et
543 459 703 487 cohzeredes
729 458 845 486 Christi.
876 458 925 485 Est

122 510 206 536 cnim
235 509 392 536 futui-orum
432 508 566 534 bonorum
597 505 738 537 arrhabo,
770 505 925 538 futuraeque

122 554 346 581 resurrectionis
362 558 442 589 typus
462 557 487 580 et
506 554 600 588 llgura,
626 552 846 580 communieatio
873 552 925 578 Do~

123 598 296 625 miniearum
318 598 487 633 passionum,
511 597 688 632 participatio
713 597 926 624 resurrectimtis

121 644 246 675 Christi,
264 644 455 670 testimonium
466 643 572 677 salutis,
590 643 680 670 tunica
689 643 801 674 laetitiae,
815 645 842 668 ct
857 642 926 668 stola

123 689 287 723 Splendida,
305 689 360 715 into
376 689 506 723 splendor
519 688 587 722 ipsc.

170 736 302 770 Quotquot
329 737 398 762 cnim
425 735 452 761 in
470 734 607 762 Christum
633 734 759 769 baptiaati
783 734 926 766 rumus,in

125 788 244 808 mor/Em
265 783 322 816 ejus
355 781 482 816 baptizutt'
509 788 611 811 sumus,
643 783 670 806 ut
702 779 926 815 quemadmodum

124 829 253 856 Christus
272 836 318 863 per
334 828 447 863 gibt-iam
467 826 558 854 Putris
578 827 705 853 excitatus
721 831 761 852 est
776 835 791 851 η
808 826 926 855 mortuis,

125 874 170 900 ita
186 878 209 900 et
219 881 264 900 nos
278 874 306 900 in
319 874 435 900 novitate
447 873 506 899 vitm
528 872 704 899 ambulemus.
719 871 748 898 Si
760 871 830 897 enim
853 871 927 897 inriti
945 862 964 890 Β

126 929 224 947 sumus
248 921 276 947 in
303 919 505 946 similitudinem
532 919 623 946 mortis
653 918 730 952 ejus,
751 921 821 943 certe
849 922 873 942 et
897 917 924 943 in

127 965 334 992 resurrectionis
351 966 450 992 erimus
470 964 502 991 δ’.

171 1010 233 1038 llaec
244 1014 309 1038 sunt
328 1018 389 1046 quae
402 1018 453 1037 nos
472 1009 622 1044 Apostolus
636 1009 671 1036 de
682 1008 777 1036 divino
790 1009 926 1043 Daptismo

128 1059 236 1086 sentire
253 1058 350 1091 voluit,
379 1058 501 1085 haeretici
528 1063 631 1087 autent.
663 1061 719 1084 tum
737 1055 926 1090 Ascodrupiue

131 1105 173 1137 hi,
199 1104 234 1133 de
260 1105 361 1139 quibus
390 1104 518 1140 agimus,
547 1109 604 1131 tum
629 1103 789 1138 quicunque
813 1102 925 1129 illorum

132 1150 249 1186 vestigia
258 1151 342 1178 secuti
358 1150 482 1177 divinum
493 1150 630 1185 baptisma
645 1149 812 1181 detrectant,
825 1148 926 1174 abeant

132 1196 163 1223 in
179 1197 277 1223 malam
294 1202 364 1227 rem,
380 1196 442 1230 quia
462 1196 633 1230 potissimum
648 1200 709 1228 quae
721 1193 773 1221 sub
785 1198 925 1228 aspectum

131 1241 237 1269 cadunt
263 1242 365 1273 omnia,
389 1241 549 1276 ignorantiae
577 1244 605 1267 ct
632 1239 779 1267 aﬂ'ectibus
807 1238 926 1265 obnoxia

132 1294 197 1315 esse
224 1288 327 1314 dicunt.
357 1287 423 1314 Nam
449 1286 511 1321 quis
538 1285 699 1321 ignorantiae
726 1284 928 1320 all'ectihusque

135 1335 214 1361 locus
224 1333 295 1368 apud
309 1333 405 1366 Deum,
421 1333 468 1367 qui
492 1333 559 1359 nihil
575 1331 649 1359 aliud
667 1335 721 1364 est,
732 1338 814 1366 quam
829 1335 926 1358 natura

133 1379 262 1415 simplex.
272 1379 410 1414 nullisque
424 1379 569 1406 aﬂectihus
580 1378 710 1410 obnoxia,
729 1381 757 1404 et
765 1384 824 1412 qiue
838 1378 928 1405 scien-

136 1425 202 1452 tiam
217 1426 319 1453 homini
339 1424 488 1461 patetacit?
804 1434 805 1437 π

448 1481 525 1510 CAP.
543 1481 611 1510 Vill.

333 1531 432 1556 Octava
461 1530 564 1557 harrcsis
583 1528 730 1557 Colobnrui.

172 1586 326 1622 Ugdoadem
343 1585 501 1620 quamdam,
518 1593 565 1613 seu
583 1585 756 1612 octonarium
782 1590 927 1610 numerum

135 1634 304 1661 Colobarsus
322 1632 368 1660 hic
392 1632 566 1660 fabulabatur
591 1640 598 1659 :
625 1639 742 1666 eantque
768 1630 928 1664 Pr-qtature,

137 1678 253 1712 Ennaea,
266 1688 316 1707 seu
333 1678 519 1715 Cogitatione,
537 1679 629 1710 Patre,
650 1678 786 1709 Veritate,
803 1677 928 1706 lloinuic,

136 1727 269 1759 Ecclesia,
288 1725 390 1758 Verbo,
403 1730 431 1753 et
446 1726 518 1758 Vita,
540 1730 667 1752 constare
681 1724 801 1751 dicebat.

173 1772 252 1805 Quod
271 1772 354 1806 igitur
372 1780 386 1798 a
402 1772 553 1806 Propalore
578 1776 642 1798 ante
668 1771 773 1802 omnia,
798 1775 927 1804 tauquam

137 1818 312 1846 conducibile
331 1818 414 1850 factu,
441 1818 624 1851 excogitatum
647 1817 746 1849 l'uerat,
773 1812 798 1842 id
822 1817 930 1842 Pull‘t‘lll

137 1864 230 1891 vocari
246 1863 411 1891 Colobarsus
423 1863 574 1890 asserebat.
594 1863 674 1889 Aliud
692 1870 774 1896 porro
788 1862 928 1893 Veritatis,

136 1911 210 1938 aliud
238 1909 363 1937 Hominis
379 1909 563 1944 appellatione
586 1907 757 1943 designabat.
774 1907 849 1935 Alios
866 1915 929 1934 cum

137 1957 166 1984 in
180 1956 302 1984 medium
329 1960 507 1991 proponeret,
532 1954 684 1982 Ecclesiam
709 1961 771 1981 esse
799 1961 930 1989 praecogi-

141 2008 229 2035 tarat,
245 2006 328 2037 atquc
344 2010 378 2029 ex
395 2001 514 2028 Ecclesia
544 2000 663 2028 Verbum
690 2002 868 2035 processisse,
881 1999 928 2033 qni

137 2049 250 2085 quidem
274 2052 317 2076 est
343 2048 427 2075 Filius
446 2048 491 2074 hci
519 2046 730 2082 primogenitns,
755 2053 838 2081 quem
858 2053 929 2080 pone

138 2097 198 2125 Vita
211 2100 385 2130 sequeretur.
403 2094 492 2129 Atque
508 2094 559 2120 hoc
573 2091 655 2120 modo
670 2099 748 2119 suam
773 2092 929 2126 complebat

137 2143 274 2179 Ogdoada.
287 2141 422 2169 Cancrum
437 2139 580 2167 Colobarsi
591 2138 732 2166 auditores
747 2143 774 2165 et
788 2138 928 2172 discipuli,

138 2189 259 2216 hominis
272 2195 383 2223 quoque
397 2194 499 2214 nomen
517 2184 716 2213 Universorum
745 2184 888 2219 Propatori
903 2191 928 2210 et

139 2237 359 2267 Proanennocto,
380 2234 432 2261 hoc
459 2236 501 2260 est
529 2231 566 2264 ei,
590 2231 636 2266 qni
652 2236 715 2258 ante
731 2231 823 2258 omnia
835 2236 927 2258 mente

139 2279 336 2315 concipiendus
361 2284 413 2311 est,
445 2277 597 2305 attribuere
625 2277 683 2303 ausi
711 2281 786 2303 sunt.
813 2275 871 2308 Qua
894 2277 929 2303 de

115 2337 118 2340 ’
139 2334 219 2354 causa
233 2326 330 2353 Filium
349 2324 469 2353 hominis
483 2324 606 2358 seipsum
628 2323 653 2349 in
669 2322 825 2358 Evangciiis
848 2322 929 2349 Chri-

141 2378 210 2400 stum
224 2372 325 2400 dixisse
343 2370 558 2399 contendebant.

291 2427 425 2454 Haareseos
435 2426 607 2462 prwcedentie
619 2425 776 2461 nonfutatio.

165 2484 329 2513 Colobarsus
340 2484 472 2520 quasdam
487 2484 637 2517 Ptolemmi,
650 2483 744 2514 Marci.
754 2487 781 2510 et
792 2483 929 2510 Valentini

141 2531 289 2560 sententias
306 2530 508 2565 impurissimas
533 2530 681 2566 reﬁngens,
701 2533 784 2564 atque
808 2529 921 2556 illorum

142 2577 256 2606 Tetrada
268 2585 316 2605 seu
331 2576 548 2610 Quaternitatem
562 2577 595 2604 ad
606 2576 734 2612 Ogdoada
746 2583 793 2603 seu
815 2579 929 2603 octona-

142 2625 209 2651 rium
222 2631 368 2651 numerum
383 2623 548 2658 producens,
570 2623 735 2657 perditionis
762 2622 849 2650 scalas
875 2621 928 2648 sibi

143 2672 190 2706 ipsi
218 2678 328 2706 sumque
362 2670 491 2697 {nationis
517 2669 676 2697 hominibus
697 2669 845 2703 compegit,
864 2675 927 2695 cum

141 2724 169 2742 ea
183 2723 243 2750 quae
254 2715 374 2743 ell'utivit
396 2715 473 2742 nullo
499 2723 614 2750 prorsus
641 2715 739 2742 ordine
765 2719 849 2746 stent,
873 2714 926 2740 inte

143 2761 190 2788 sibi
211 2762 283 2788 inter
298 2769 328 2789 se
345 2767 499 2796 repugnent
519 2771 525 2788 :
544 2767 572 2789 ut
590 2762 607 2789 ii
632 2761 840 2796 deprehendere
866 2768 919 2795 pos-

173 2852 196 2870 "
213 2853 293 2881 Rom.
308 2861 345 2886 vr,
362 2852 378 2880 5
394 2861 470 2889 seqq.

976 227 1027 255 Ubi
1042 228 1114 254 enim
1127 228 1238 263 paulum
1267 235 1427 264 progressus
1453 233 1505 261 est,
1531 229 1629 256 Filium
1647 230 1765 258 hominis

975 273 1263 301 vocatUniversorum
1284 274 1506 309 l’ropagatorem,
1526 283 1607 310 quem
1622 284 1702 303 nemo
1717 284 1763 304 co-

975 319 1108 355 gitatione
1125 320 1269 355 percipere
1291 325 1385 356 queat,
1403 329 1490 356 eaque
1510 321 1544 349 de
1573 329 1655 349 causa
1684 321 1766 350 Chri-

976 373 988 392 s
1003 373 1047 392 um
1059 366 1179 400 seipsum
1195 366 1316 394 hominis
1332 364 1431 394 Filium
1454 368 1481 394 in
1499 367 1653 406 Evangeliis
1667 375 1765 395 vocare

976 413 1086 444 asserit,
1107 412 1278 440 uecintcrim
1299 414 1453 449 conjectare
1467 419 1566 449 potest,
1584 415 1669 442 Deum
1702 415 1766 442 Ver-

977 457 1041 485 bum
1056 458 1217 486 Creatorem
1232 458 1386 492 hominum,
1404 464 1431 486 at
1449 467 1503 486 non
1517 461 1656 487 hominem
1670 460 1766 491 fuisse.

977 506 1022 540 qni
1041 505 1150 532 tandem
1175 505 1346 532 humanitate
1361 504 1497 533 divinitati
1525 506 1679 537 COllillllSl‘l,
1694 516 1765 534 unus

978 551 1105 586 idemque
1120 551 1208 579 Filius
1217 551 1362 584 Altissimi,
1379 556 1406 579 et
1416 551 1504 579 Filius
1518 553 1639 579 hominis
1654 553 1767 586 dicitur,

978 597 1061 624 unius
1074 596 1257 633 hypostaseos
1273 597 1390 629 ratione,
1407 605 1467 631 qua:
1485 597 1594 624 duabus
1607 606 1638 625 ex
1662 603 1768 624 naturis

979 642 1016 668 ita
1033 643 1155 677 perlecta
1181 647 1234 674 est,
1255 647 1284 669 ut
1311 641 1462 677 composita
1477 642 1522 674 sit,
1555 643 1686 677 quoniam
1709 648 1768 677 p-tt-l

980 688 1207 722 coniunctionem
1233 695 1286 715 una
1305 689 1331 715 ln
1351 689 1490 724 hypostasi
1509 690 1670 724 composita,
1702 695 1768 721 uno,

980 734 1104 767 inquam,
1123 734 1234 762 Christo
1247 755 1254 765 ,
1287 739 1392 762 natura:
1405 736 1486 763 salva:
1509 742 1668 770 supersunt,
1685 737 1770 763 nihilo

979 781 1070 806 secius
1097 785 1179 814 atque
1206 781 1347 807 naturales
1383 781 1545 807 earumdem
1573 782 1769 817 prepriclates,

981 827 1016 852 itat
1035 832 1063 852 ut
1089 825 1135 860 qui
1151 825 1294 853 Christum
1320 826 1457 858 enuntiat,
1472 827 1590 854 duarum
1608 833 1769 855 naturarum

979 872 1203 907 conjunctionent
1232 871 1380 907 perspicue
1404 872 1552 906 signiﬁcet.
1579 873 1668 907 Atque
1685 874 1769 900 Deum

980 922 1063 944 carne
1078 924 1200 951 passum,
1217 922 1245 943 et
1263 914 1380 943 carnem
1400 916 1483 944 Verbi
1501 918 1612 952 propria
1628 919 1655 944 in
1671 922 1770 945 natura

980 970 1100 998 passam,
1115 963 1236 998 denique
1253 963 1398 989 Dominum
1413 962 1507 998 gloria:
1520 964 1682 990 cruciﬁxum
1698 972 1768 995 esse.

981 1014 1095 1045 propter
1110 1016 1245 1037 summam
1260 1013 1423 1036 naturarum
1444 1009 1672 1044 coniunctionem
1698 1011 1769 1038 diri~

981 1064 1052 1085 inus.
1075 1055 1107 1084 Et
1123 1057 1181 1083 haec.
1198 1056 1244 1083 illa
1254 1060 1294 1084 est
1310 1056 1485 1084 Theandrica
1499 1057 1623 1091 energia,
1651 1057 1703 1084 hoc
1718 1063 1770 1088 Csl,

981 1101 1029 1128 Dei
1046 1106 1073 1129 et
1090 1102 1212 1130 hominis
1239 1103 1374 1137 operatio.
1402 1103 1583 1137 Posteaquam
1608 1104 1681 1130 enim
1699 1104 1770 1130 Dens

982 1149 1069 1176 homo
1086 1144 1177 1176 iactus
1197 1150 1250 1182 est,
1271 1154 1297 1177 et
1312 1150 1433 1176 humana
1449 1151 1508 1186 ejus
1540 1150 1664 1185 operatio
1680 1150 1771 1177 divina

980 1196 1049 1221 erat.
1071 1201 1120 1222 seu
1146 1193 1284 1225 doiiicata.
1318 1203 1370 1223 nec
1391 1195 1493 1222 divin-.e
1519 1196 1693 1230 operationis
1710 1198 1771 1231 ejus

981 1244 1081 1276 expers
1097 1245 1201 1276 :atque
1216 1240 1311 1267 divina
1324 1240 1446 1268 vicissim
1467 1241 1591 1276 operatio
1603 1241 1637 1268 ab
1654 1242 1772 1270 humana

983 1287 1144 1321 operatione
1154 1294 1209 1313 non
1227 1286 1394 1319 abhorrens,
1413 1286 1460 1314 scd
1476 1292 1591 1321 utraque
1608 1294 1671 1314 cum
1687 1289 1772 1315 altera

985 1334 1051 1360 t'iltn
1071 1331 1263 1360 confusionem
1278 1333 1465 1361 elucescebat.

1299 1400 1377 1428 CAP.
1408 1400 1452 1428 ΙΧ.

1054 1458 1133 1488 Nona
1148 1460 1263 1488 lurresis.
1286 1459 1453 1494 Ophitarum.
1474 1459 1509 1486 lli
1522 1456 1702 1494 boptizantur.

1018 1511 1125 1548 Ophltze
1157 1519 1292 1540 vocantur
1331 1522 1345 1540 a
1378 1517 1517 1548 serpente,
1555 1522 1637 1549 quem
1669 1515 1772 1543 colunt.

960 1567 966 1574 ι
983 1560 1068 1587 Aiunt
1084 1565 1176 1588 autem
1194 1559 1229 1587 ab
1243 1559 1342 1592 Eone,
1361 1567 1408 1588 seu
1427 1561 1527 1588 saeculo
1552 1563 1703 1596 superiore,
1721 1566 1774 1590 alia

981 1605 1080 1633 saecula
1106 1606 1285 1640 processisse,
1313 1613 1431 1641 quorum
1462 1606 1654 1643 inllinum‘sit
1681 1609 1773 1636 Jalda-

982 1653 1076 1684 haoth,
1092 1659 1124 1680 ex
1143 1654 1285 1687 superiore
1311 1657 1398 1680 matre
1423 1653 1551 1681 Pronicc.
1583 1653 1661 1682 llunc
1690 1664 1775 1690 porro

981 1699 1014 1725 ad
1030 1698 1122 1726 inﬁma
1144 1699 1204 1726 loca
1226 1698 1413 1731 descendisse,
1445 1700 1539 1734 ibique
1564 1705 1669 1735 septem
1703 1702 1775 1729 tilias

982 1746 1120 1779 genuisse.
1139 1746 1186 1780 qui
1201 1749 1306 1780 septem
1325 1745 1376 1772 sibi
1395 1745 1480 1773 etclos
1495 1747 1775 1776 constrttxcrint.1.d-

982 1791 1100 1818 dabaotlt
1127 1791 1237 1822 deinde,
1254 1798 1335 1825 quem
1362 1791 1538 1818 Hebraeorum
1563 1796 1673 1827 quoque
1688 1794 1774 1820 Deum

981 1838 1088 1870 dicunt,
1111 1838 1232 1872 seipsqu
1247 1843 1331 1873 supra
1345 1838 1525 1871 conclusisse,
1540 1847 1574 1866 ne
1595 1843 1700 1874 septem
1726 1840 1773 1866 tilii

982 1890 1013 1910 ea
1041 1888 1253 1918 cognoscerent,
1275 1892 1335 1919 qua:
1362 1891 1445 1919 supra
1474 1883 1504 1912 se
1538 1891 1612 1912 sunt.
1639 1885 1690 1918 Qui
1712 1894 1773 1913 mox

983 1930 1120 1958 homlnem
1135 1930 1168 1957 ad
1183 1931 1269 1965 patris
1282 1930 1444 1958 Jalda‘baoth
1458 1930 1547 1958 ideam
1561 1931 1752 1969 conliniicrum
1766 1942 1772 1947 -

981 1981 1041 2003 erat
1056 1981 1148 2004 autem
1176 1977 1259 2003 homo
1293 1977 1390 2011 reptile
1407 1976 1641 2012 quemadmodum
1660 1979 1773 2005 vermis.

980 2023 1114 2049 Caeterum
1128 2029 1189 2049 cum
1204 2016 1319 2049 Pronicc
1331 2027 1418 2049 mater
1431 2023 1593 2051 Jaldabaoth
1611 2024 1694 2051 lilium
1711 2025 1774 2052 odio

981 2074 1209 2104 prosequeretur,
1234 2069 1309 2104 quod
1334 2076 1390 2105 prae
1412 2069 1485 2097 fastu
1510 2070 1631 2104 Seipsum
1646 2071 1774 2105 superius

980 2116 1171 2147 conclusisset.
1207 2115 1346 2143 hominem
1377 2116 1497 2143 scintilla
1522 2115 1624 2144 divinae
1652 2117 1773 2149 virtuts,

982 2163 1034 2190 hoc
1045 2167 1086 2190 est
1103 2161 1205 2195 anima,
1230 2159 1352 2190 donavit.
1379 2161 1495 2189 Erectus
1515 2162 1607 2198 itaque
1636 2164 1662 2190 in
1692 2164 1775 2198 pedis-

946 2220 967 2247 ι)
983 2207 1066 2235 homo
1091 2207 1258 2242 cogitatioiie
1290 2207 1375 2234 caalos
1402 2206 1567 2241 penetravit,
1592 2207 1775 2242 laudibusque

981 2255 1120 2282 caelestem
1132 2253 1306 2281 Jaldabaothi
1335 2255 1439 2287 patrem
1452 2253 1596 2281 celebrare
1607 2256 1700 2290 coepit.
1716 2257 1746 2289 Q.
1761 2262 1777 2282 ir

980 2301 1093 2336 quidem
1115 2309 1145 2327 re
1160 2299 1323 2328 Ja‘ldabnoth
1340 2298 1474 2331 oilensus.
1504 2297 1576 2329 infra
1599 2301 1722 2337 despexit
1741 2309 1773 2329 :tt

981 2347 1102 2375 materia}
1136 2346 1334 2377 scdimentnm,
1364 2346 1505 2382 liliumque
1527 2349 1685 2382 serpentino
1713 2348 1773 2375 tam

981 2392 1086 2428 genuit,
1106 2399 1121 2419 a
1145 2399 1201 2427 quo
1219 2391 1335 2426 decepta
1350 2391 1406 2418 Eva
1436 2396 1489 2419 est.
1515 2392 1635 2420 Proinde
1663 2399 1775 2426 serpet.-

983 2445 1037 2466 tem
1053 2439 1138 2465 Deum
1161 2445 1232 2469 esse,
1245 2435 1459 2473 litiminibdsque
1472 2438 1538 2473 ipsis
1555 2438 1678 2466 scientia:
1702 2439 1776 2472 prin.

981 2484 1084 2520 eipium
1099 2483 1183 2511 fuisse
1200 2484 1311 2515 docent,
1329 2485 1409 2520 cujus
1427 2485 1466 2511 rei
1491 2485 1577 2520 gratia
1593 2485 1776 2519 prudentis-i-

982 2537 1043 2558 mus
1057 2530 1180 2557 omnium
1193 2531 1306 2565 serpens
1325 2530 1418 2558 dictus
1438 2530 1487 2563 sit,
1500 2534 1613 2565 propter
1638 2530 1774 2564 multipli-

979 2583 1024 2603 ces
1059 2576 1120 2603 illas
1152 2576 1343 2610 volubilesque
1380 2575 1578 2604 intestinorum
1614 2580 1774 2602 nostrorum

978 2622 1078 2656 spiras,
1104 2623 1205 2657 quibus
1234 2630 1350 2657 corpora
1369 2626 1461 2649 nostra
1484 2621 1668 2650 confa‘rcina‘ta
1699 2626 1773 2649 sunt.

979 2668 1094 2703 Insuper
1121 2673 1149 2696 et
1174 2673 1330 2704 serpentem
1361 2668 1498 2700 nutriunt,
1529 2673 1557 2695 et
1581 2673 1773 2703 lll_\'5ltl'.(ll‘l|lll

979 2720 1095 2742 suorum
1114 2718 1249 2750 tempore,
1264 2714 1382 2750 panibus
1411 2722 1514 2742 mensae
1530 2715 1675 2749 appositis,
1692 2715 1774 2742 cista-

977 2769 1030 2793 qne
1045 2766 1149 2796 aperta,
1168 2761 1243 2788 illum
1259 2761 1292 2788 ad
1316 2765 1422 2796 pastum
1455 2760 1583 2787 inritant.
1599 2761 1645 2788 ille
1669 2761 1773 2789 circum
