1949 3073
190 117 258 148 1203
854 115 970 145 ῘΕΕΤΕ
998 115 1202 146 (ΣΗΟΝΙΑΤίΕ
1752 113 1850 147 1264

185 184 271 213 panes
283 177 431 210 volutatur,
450 183 520 212 quos
534 183 567 203 ex
580 175 731 202 continenti
749 179 878 210 tanquam
907 182 972 201 san-
989 183 1008 210 Α
1026 182 1079 201 non
1092 174 1184 201 minus
1197 182 1279 210 quam
1296 180 1426 207 vermem,
1454 180 1526 203 terra
1543 179 1654 202 cnatum
1677 174 1847 204 novimus.

183 223 318 250 ctilicatos
340 223 480 258 frangunt,
501 225 528 249 et
552 221 652 256 populo
678 220 849 248 distribuunt
867 229 873 247 :
890 225 971 254 atque
1024 220 1157 255 qualitate
1188 221 1296 248 caeteris
1324 221 1476 248 assimilem
1521 220 1724 252 animantibus,
1759 228 1847 255 qua:

184 268 238 296 hoc
254 267 406 302 perfectum
423 266 588 294 sacriﬁcium
612 266 790 293 arbitrantur.
809 265 878 292 'l‘um
893 264 972 292 dein-
1024 266 1097 293 Deus
1111 273 1126 293 c
1140 270 1212 293 terra
1227 266 1320 294 enasci
1334 266 1432 298 voluit,
1447 266 1492 293 cui
1513 266 1566 293 vim
1582 265 1757 301 propagandi
1775 273 1843 292 se-

183 315 217 342 de
250 314 344 342 nescis
371 313 473 348 quibus
510 311 744 339 incantationibus
769 315 798 338 et
829 309 973 345 praestigiis
1025 312 1107 339 minis
1132 312 1280 340 inseverat.
1301 313 1467 340 Prudentem
1484 320 1549 340 vero
1571 320 1625 339 non
1640 320 1674 339 eo
1690 317 1841 339 vocatuna

183 360 336 387 cicuratum
362 362 518 393 serpentem
544 361 572 384 et
608 357 753 384 delinitum
779 355 973 383 deosculantur

184 412 279 432 omnes
298 405 323 431 in
336 411 395 435 ore.
411 406 492 438 atque.
514 403 661 430 adorantes
677 402 779 437 hymno
794 402 903 428 Patrem
918 408 973 428 ra:-

183 451 283 478 lestem
296 449 501 477 concelebrant.
518 448 620 476 Eorum
636 455 718 483 porro
746 447 872 474 nonnulli
891 445 971 473 Chri-

183 500 256 522 stum
272 495 359 525 aiunt,
376 501 438 521 cum
467 494 587 528 scipsum
605 493 632 520 in
656 496 812 527 serpentem
841 491 973 519 transfor-

184 545 296 572 masset,
323 539 440 575 virginis
461 543 571 566 uterum
598 539 716 566 subiisse
740 547 748 566 :
776 545 865 573 eoque
889 545 973 565 sensu

183 586 275 612 miscri
299 585 352 612 hoc
379 584 560 619 apostolicum
591 583 773 618 intelligunt:
793 583 921 616 Quicum
945 583 973 610 in

182 631 269 666 {arma
292 631 340 658 Dei
367 635 444 661 esset,
470 638 522 656 mm
554 633 591 656 est
619 630 739 665 rapimm
760 630 916 661 arbitratus,
945 636 974 655 se

183 677 313 712 aqualem
332 685 387 703 esse
413 676 479 709 Deo,
506 675 551 702 sed
566 675 733 710 semetipsum
750 675 901 702 exinanivit.
919 674 973 709 for-

185 730 255 748 mam
269 722 338 748 serui
351 722 481 756 accipiens
498 721 531 748 δ’.

325 788 458 817 Hazreseos
482 789 651 825 pra'cedentis
675 790 830 825 con/utalia.

1025 358 1154 389 dicimus,
1173 358 1237 392 quia
1254 359 1373 386 humana
1400 358 1484 393 ﬁgura
1511 362 1658 392 menteque
1683 358 1840 392 prmditus

1023 403 1070 435 sit,
1083 404 1113 430 ut
1126 403 1218 436 homo,
1234 411 1329 431 verum
1347 404 1411 438 quia
1430 411 1481 431 nos
1497 404 1675 438 supplantare
1687 409 1836 434 conatur,

1024 449 1158 476 malorum
1180 456 1294 482 memor,
1312 457 1374 483 qua:
1388 454 1446 476 tum
1464 456 1613 484 perpessus
1625 455 1678 482 est,
1694 457 1760 476 cum
1776 457 1839 476 su-

1025 503 1072 530 per
1083 501 1180 530 pectus
1198 500 1226 523 et
1242 500 1365 523 ventrem
1390 502 1486 530 repere
1499 495 1593 528 jussus
1612 501 1663 526 est,
1678 495 1836 521 versatili-

1024 542 1131 577 busque
1158 542 1281 577 corporis
1306 542 1399 576 spiris,
1427 546 1557 576 tanquam
1585 549 1665 567 muro
1697 541 1834 571 ahenea.

1023 588 1137 615 illaesum
1151 592 1387 622 caputconservat
1400 595 1407 614 :
1422 587 1496 622 quod
1511 595 1567 614 non
1580 595 1642 614 raro
1657 588 1721 615 inde
1737 596 1833 615 exsu-

1025 634 1071 666 rit,
1090 639 1118 661 et
1133 639 1266 669 quantum
1293 633 1380 660 halitu
1399 634 1568 661 contendere
1598 639 1700 668 potest,
1730 642 1829 661 vene-

1024 688 1089 707 num
1119 685 1215 708 contra
1242 680 1382 707 hominem
1408 680 1571 715 eiaculatur.
1602 680 1706 708 Adluec
1736 681 1829 707 facile

1024 726 1108 754 certis
1122 734 1257 754 annorum
1289 726 1420 761 periodis,
1455 726 1622 753 foraminum
1646 726 1758 757 attritu,
1782 726 1830 753 le-

1025 772 1147 799 beridem
1164 773 1250 800 exuit.
1263 771 1316 799 Per
1330 772 1461 799 saeculum
1476 777 1504 799 et
1517 772 1616 799 saecula
1633 773 1654 799 si
1671 773 1736 806 quis
1752 780 1827 799 con-

1027 818 1134 844 tinuum
1152 825 1248 844 eorum
1267 825 1328 852 quae
1351 821 1417 844 sunt
1441 821 1546 844 motum
1561 817 1715 852 intelligat,
1734 825 1825 852 quem

219 857 394 893 Serpentum.
419 858 466 893 qui
483 865 546 885 vera
567 863 632 886 sunt
648 859 805 894 viperarum
817 859 972 894 progenies
989 865 1010 893 Β
1024 871 1114 898 neque
1131 871 1184 890 nox
1201 871 1290 898 neque
1316 864 1375 891 dies
1387 863 1558 895 dimetiatur,
1576 871 1692 898 prorsus
1707 864 1733 891 ei
1752 864 1825 890 sub-

184 903 213 930 in
231 910 335 930 morem
351 902 458 937 Ophitte
481 903 508 930 hi
523 903 692 938 pullularunt
708 912 715 930 :
734 904 835 939 quippe
852 904 898 939 qui
916 904 976 931 ani-

186 948 320 975 mantium
349 948 473 975 omnium
505 949 623 976 maxime
651 949 856 982 detestandum,
893 954 975 984 atque

185 1003 286 1030 repens
301 995 394 1022 divino
408 995 486 1030 jussu
502 1002 585 1030 super
615 999 712 1030 pectus
726 999 754 1022 et
768 999 902 1028 ventrem,
914 994 974 1022 vel-

183 1046 213 1067 ut
229 1041 316 1067 insani
345 1040 503 1072 adorarent,
529 1044 557 1066 et
573 1039 752 1067 Hebraeorum
776 1040 862 1067 Deum
883 1039 974 1068 Jalda—

184 1087 267 1114 baoth
295 1087 419 1121 (nomine
444 1086 532 1114 sacris
550 1085 690 1122 incognito
708 1086 821 1121 litteris)
838 1085 973 1118 dicerent,

182 1141 264 1169 quem
272 1134 305 1160 ab
315 1132 517 1167 antiquioribus
524 1133 631 1160 saculis
641 1132 755 1160 Pronice
775 1137 862 1160 matre
879 1139 976 1168 proge-

184 1181 271 1208 nitum
286 1180 369 1215 impie
380 1179 578 1207 labularentur.
590 1180 659 1207 Tum
672 1179 772 1207 deinde
789 1184 893 1215 septem
907 1180 976 1207 ﬁlios

184 1226 218 1253 ab
231 1226 288 1260 ipsa
302 1224 469 1260 progenitos,
481 1224 527 1259 qui
538 1224 650 1251 totidem
662 1223 746 1251 caelos
761 1222 974 1255 construxerint,

186 1271 294 1299 tandem
315 1278 379 1298 vero
394 1270 532 1298 hominem
548 1270 581 1297 ad
588 1270 675 1305 patris
689 1269 731 1297 sui
741 1269 976 1296 .laldabaothima-

184 1320 275 1356 ginem
293 1320 468 1355 protulerint.
496 1318 590 1354 Neque
615 1317 666 1345 hac
688 1317 801 1353 quidem
818 1317 976 1344 vclitalione

184 1365 473 1398 contenti,hominem
499 1371 609 1398 quoque
639 1363 763 1398 reptilem
791 1362 885 1395 fuisse,
915 1369 977 1388 ver-

186 1413 238 1439 illis
251 1413 278 1439 in
311 1418 415 1438 morem
446 1414 592 1438 tussi-runt:
612 1414 767 1444 carteraque
797 1407 900 1440 omnia,
916 1415 977 1442 qua;

186 1458 323 1492 superiori
341 1458 465 1484 oratione
488 1456 672 1483 exaravimus.
688 1455 830 1483 Adversus
845 1462 906 1489 quae
919 1454 978 1481 haec

186 1511 199 1528 a
231 1501 310 1528 nobis
335 1500 430 1527 aﬁ‘erri
460 1504 575 1535 possunt
598 1508 606 1527 :
635 1499 714 1532 Quod
741 1499 873 1526 nimirum
900 1506 976 1526 sacra

188 1549 331 1583 Scriptura
344 1555 428 1574 unum
453 1547 551 1578 Deum,
569 1546 758 1576 universitatis
773 1542 862 1582 'hujus
879 1544 977 1572 condi-

187 1600 274 1620 torem
302 1593 395 1624 tradit,
421 1599 540 1627 eumque
565 1592 634 1619 adeo
661 1596 800 1618 carentem
828 1590 977 1625 principio,

187 1639 260 1666 haud
277 1638 412 1673 genitum,
430 1641 458 1664 et
472 1638 519 1672 qui
547 1644 600 1664 una
631 1644 695 1664 cum
725 1635 869 1671 unigenito
895 1636 976 1668 Filio,

187 1687 224 1721 Sp
238 1686 348 1720 rituque
379 1689 485 1716 sancto,
517 1683 615 1711 secula
638 1683 811 1718 produxerit,
829 1689 916 1717 caque
943 1682 976 1709 de

186 1740 269 1759 causa
282 1739 345 1758 cum
360 1730 457 1758 iisdem
471 1729 652 1764 gloriﬁcctur.
665 1729 800 1757 Pronicen
828 1736 894 1756 vero
922 1736 978 1756 una

187 1786 250 1805 cum
269 1783 373 1813 septem
401 1777 474 1810 ﬁliis,
495 1782 623 1812 tanquam
640 1783 732 1803 meras
750 1783 847 1811 nugas,
864 1775 897 1803 ad
915 1782 977 1802 cor-

191 1834 239 1852 vos
255 1826 428 1860 relegamus:
451 1824 681 1859 quemadmodum
709 1822 804 1856 etiam,
829 1823 902 1858 quod
927 1823 978 1850 ho-

192 1871 293 1897 minem
314 1871 405 1905 primo
418 1876 540 1896 vermem
570 1869 735 1904 productum
749 1868 833 1896 fuisse
855 1868 951 1896 dicunt
969 1877 977 1896 :

192 1917 290 1944 deinde
306 1916 425 1943 animam
451 1914 590 1949 accepisse
606 1913 760 1945 aPronice,
783 1919 866 1948 quam
887 1913 977 1940 Jaltla-

190 1963 282 1990 liaothi
297 1967 412 1990 matrem
430 1961 601 1996 conﬁngunt.
628 1961 676 1988 Dei
694 1961 778 1992 enim,
796 1960 845 1995 qui
869 1964 911 1987 est
930 1967 979 1986 su-

189 2020 238 2046 per
254 2010 358 2043 omnia,
380 2017 462 2037 manu
479 2013 655 2037 constructus
675 2012 703 2036 et
728 2008 862 2039 ﬁrmatus,
892 2006 980 2034 haud-

188 2065 325 2093 quaquam
354 2055 491 2091 serpentis
516 2055 631 2082 l‘ormam
654 2054 772 2089 accepit,
793 2053 839 2082 sed
869 2053 979 2089 qualem

194 2113 244 2132 nos
256 2104 388 2131 habemus
404 2103 450 2138 qui
467 2110 530 2130 cum
548 2101 595 2129 illo
615 2101 711 2129 formae
733 2105 760 2128 et
773 2105 878 2128 naturae
907 2100 981 2135 ejus-

189 2153 253 2178 dem
267 2150 419 2186 participes
431 2156 526 2177 sumus
540 2157 546 2175 :
560 2155 678 2182 cumque
689 2146 816 2182 spiritum
828 2147 977 2178 viventem,

1026 911 1190 938 scribemus.
1217 911 1458 944 Quemadmodum
1489 915 1518 938 et
1541 911 1604 946 quis
1636 919 1734 943 zonas,
1765 919 1819 946 pro

1026 965 1142 992 quarum
1159 958 1214 985 situ
1240 959 1362 986 errantia
1381 958 1472 986 sidera
1490 958 1620 986 inferiore
1637 959 1698 986 ﬁxis
1721 959 1823 986 ordine

1026 1004 1159 1039 disposita
1175 1010 1250 1036 sunt,
1264 1005 1378 1032 abusive
1404 1005 1538 1032 caelorum
1560 1005 1672 1032 nomine
1690 1005 1823 1040 designet

1027 1051 1068 1077 vel
1095 1050 1179 1078 etiam
1210 1050 1316 1077 zodiaci
1343 1050 1452 1082 circuli,
1484 1058 1565 1084 quem
1586 1057 1669 1078 curru
1694 1057 1746 1077 suo
1772 1050 1815 1076 sol

1026 1095 1253 1123 circumvehitur.
1265 1095 1343 1128 Quod
1361 1096 1383 1123 si
1396 1095 1463 1130 quid
1481 1100 1614 1131 praterea
1627 1096 1822 1130 obloquuntnr

1027 1141 1163 1173 haeretici,
1179 1149 1208 1169 et
1232 1141 1331 1169 saacula
1347 1142 1380 1169 iis
1395 1150 1456 1176 qua:
1473 1146 1538 1169 sunt
1561 1142 1652 1176 priora
1677 1142 1820 1176 antiquio-

1029 1193 1111 1221 raque
1121 1186 1290 1219 existiment,
1307 1194 1355 1214 eos
1373 1194 1426 1213 una
1441 1194 1504 1213 cum
1526 1186 1585 1212 suis
1599 1185 1707 1213 saeculis
1720 1185 1821 1220 explo~

1026 1231 1131 1259 dcudos
1147 1239 1302 1260 censemus.
1321 1232 1418 1260 Omnia
1433 1232 1506 1260 enim
1523 1232 1640 1259 visibilia
1668 1236 1696 1258 ct
1723 1231 1821 1258 invisi-

1027 1277 1096 1304 bilia
1121 1285 1137 1304 a
1166 1285 1258 1305 rerum
1282 1279 1405 1305 omnium
1427 1278 1569 1305 conditore
1596 1278 1652 1304 Deo
1676 1281 1762 1311 atque
1784 1278 1821 1303 ab

1027 1323 1170 1358 unigenito
1204 1323 1314 1354 Verbo.
1345 1322 1505 1358 Spirituque
1533 1322 1708 1350 sanctissimo
1725 1327 1821 1349 creata

1027 1376 1087 1396 esse
1101 1368 1270 1396 didicimus:
1290 1368 1372 1396 Verbo
1383 1369 1456 1396 enim
1478 1368 1591 1401 Domini,
1615 1372 1645 1395 ut
1668 1368 1821 1403 leopsal-

1029 1423 1090 1442 mus
1108 1415 1152 1442 ille
1170 1415 1288 1443 Davides
1305 1421 1402 1443 auctor
1424 1421 1477 1448 est,
1498 1415 1556 1442 celi
1568 1415 1671 1449 ﬁrmati
1692 1419 1767 1445 sunt,
1793 1418 1820 1439 et

1027 1462 1121 1496 spiritu
1139 1462 1192 1488 oris
1212 1463 1269 1497 ejus
1296 1464 1381 1490 omnis
1399 1463 1480 1490 virtus
1496 1470 1586 1488 eorum
1597 1462 1640 1488 ιδ’.
1656 1461 1727 1489 Ante
1743 1461 1821 1487 hunc

1029 1513 1121 1536 autem
1139 1508 1228 1535 Moses
1256 1508 1314 1543 ipse
1343 1510 1541 1544 prophetarum
1567 1507 1821 1535 excellentissimus

1029 1562 1090 1586 nos,
1117 1555 1228 1586 caelum,
1247 1558 1358 1588 terram,
1386 1559 1414 1582 et
1437 1559 1534 1581 caetera
1556 1554 1691 1581 elementa
1711 1553 1745 1579 ab
1769 1552 1820 1578 illo

1029 1598 1099 1626 facta
1116 1606 1177 1626 esse
1205 1599 1295 1629 docet.
1327 1599 1373 1634 qui
1399 1599 1488 1627 lucem
1515 1600 1542 1626 in
1571 1607 1663 1626 rerum
1688 1604 1817 1625 naturain

1029 1645 1201 1680 produxerit,
1217 1645 1263 1680 qui
1281 1646 1380 1673 coelum
1403 1646 1552 1678 sideribus,
1569 1650 1669 1672 terram
1688 1644 1818 1675 saltibus.

1029 1691 1124 1726 pratis,
1142 1696 1170 1719 et
1187 1691 1326 1726 segetibus
1350 1692 1500 1725 ornaverit,
1532 1692 1607 1718 varia
1635 1691 1818 1718 animantium

1029 1745 1130 1773 genera
1147 1738 1359 1773 deprompserit,
1394 1746 1486 1766 aerem
1519 1738 1691 1770 volucribus,
1717 1746 1818 1772 aquam

1029 1783 1161 1819 piscibus,
1179 1788 1279 1811 terram
1302 1784 1435 1820 jumentis
1450 1790 1477 1811 et
1497 1784 1563 1812 l'eris
1579 1783 1757 1811 habitandam
1771 1791 1820 1810 cx-

1030 1830 1175 1864 posuerit:
1195 1830 1242 1864 qui
1255 1829 1374 1864 denique
1396 1835 1523 1857 naturam
1542 1830 1690 1857 humanam
1716 1829 1820 1856 forma-

1006 1890 1009 1895 ·
1030 1876 1112 1904 verit.
1141 1876 1246 1910 Quibus
1260 1877 1426 1911 astipulatur
1454 1877 1537 1904 lsaias
1569 1877 1611 1904 his
1633 1876 1748 1904 verbis:
1768 1876 1819 1909 Qui

1030 1923 1090 1958 fecit
1100 1923 1193 1950 mlum
1211 1928 1235 1950 et
1248 1923 1365 1956 ﬁrmavit
1386 1923 1464 1956 illud,
1490 1924 1536 1959 qui
1556 1923 1626 1950 dedit
1654 1923 1818 1958 spiraculum

1030 1967 1126 2002 popula
1140 1967 1301 1995 inhabitanti
1313 1971 1423 2000 terram,
1440 1973 1465 1995 et
1475 1970 1596 2003 spiritu»:
1621 1968 1819 1996 ambulantibus

1030 2013 1100 2040 inea
1115 2013 1150 2041 ”.
1164 2012 1230 2040 ltem
1244 2021 1251 2040 :
1271 2012 1323 2046 Qui
1336 2014 1428 2047 statuit
1441 2014 1532 2040 caelum
1546 2015 1616 2040 sicut
1643 2013 1781 2048 fornicem.
1794 2019 1820 2041 et

1030 2059 1146 2086 extendit
1159 2058 1226 2085 illud
1238 2059 1305 2086 sicut
1322 2059 1522 2086 tabernaculum
1535 2059 1567 2085 “.
1579 2058 1641 2093 lpse
1653 2066 1735 2093 porro
1745 2058 1819 2086 Deus

1026 2112 1080 2139 per
1094 2104 1222 2131 eumdem
1246 2104 1408 2139 prophetam
1439 2104 1479 2132 sic
1505 2104 1565 2132 ait:
1584 2104 1698 2131 Extendi
1724 2104 1818 2131 mlum

1030 2150 1101 2177 solus
1119 2149 1152 2177 ".
1173 2149 1307 2178 Jeremias
1319 2157 1433 2185 quoque
1452 2150 1527 2177 hunc
1550 2150 1578 2177 in
1601 2150 1714 2177 modum
1729 2151 1820 2178 excla-

188 2205 271 2233 quem
287 2204 336 2223 nos
352 2196 470 2223 animam
487 2194 630 2222 intellectu
655 2193 816 2228 rationeque
833 2192 976 2227 praeditam

1032 2201 1088 2223 mat
1104 2204 1111 2222 :
1134 2195 1185 2228 Qui
1203 2196 1281 2223 mittit
1295 2196 1378 2223 lucem
1391 2201 1416 2222 et
1431 2196 1615 2230 proﬁciscitur,
1633 2197 1733 2223 vocavit
1748 2204 1817 2228 eam,

189 2243 318 2273 dicimus,
333 2241 368 2268 ab
384 2241 430 2268 illo
446 2240 608 2275 accepisset,
634 2239 780 2274 imperium
807 2238 847 2266 illi
877 2238 905 2264 in
933 2245 977 2265 res

190 2294 314 2315 terrenas
328 2287 422 2315 datum
435 2291 486 2314 est.
502 2285 591 2313 Simul
617 2291 699 2319 atque
728 2291 794 2311 vero
816 2283 920 2310 diaboli
937 2283 979 2310 iu-

192 2334 274 2366 vidia.
303 2333 481 2367 mulierisque
519 2331 616 2359 fraude
651 2330 821 2366 prohibitum
857 2329 978 2357 fructum

190 2380 315 2415 contigit,
329 2379 457 2414 paradiso
469 2378 633 2406 exturbatus
644 2381 696 2404 est.

228 2428 313 2456 Porro
329 2426 458 2460 σκώληκα
486 2432 535 2452 seu
553 2432 674 2451 vermem
702 2423 806 2450 scimus
827 2421 980 2450 animalcu-

190 2475 247 2502 lum
265 2481 336 2503 esse.
349 2472 423 2508 quod
434 2479 468 2499 ex
483 2471 563 2507 lignis
576 2469 749 2505 putrefactis.
774 2473 803 2495 ut
829 2468 979 2504 plurimum

191 2527 282 2548 autem
298 2528 332 2547 ex
348 2527 428 2547 caeno
441 2519 591 2546 enascitur.
609 2516 740 2550 Quamvis
754 2516 828 2544 enim
852 2523 901 2551 per
915 2523 980 2550 pro-

191 2571 301 2601 phetam
329 2565 461 2593 Dominus
485 2565 569 2596 dicat,
599 2563 664 2590 Noli
691 2563 794 2596 timere,
810 2563 905 2590 vermis
930 2561 981 2589 Ja-

191 2618 235 2640 caD
252 2614 285 2643 “.
304 2621 358 2639 non
378 2619 411 2639 eo
429 2616 520 2638 tamen
537 2609 665 2637 vaticinia
689 2609 785 2636 videns
806 2616 871 2636 usus
884 2613 936 2641 est,
952 2613 982 2636 ut

191 2660 326 2687 Adarium
350 2657 506 2692 huiusmodi
532 2656 619 2683 toi-ina
651 2655 686 2682 ab
711 2655 790 2683 initio
815 2660 863 2682 aut
885 2659 980 2690 postea

194 2706 337 2738 [ineditqu
369 2705 473 2735 luisse,
504 2703 558 2730 imo
583 2709 657 2734 vero,
686 2706 715 2728 ut
742 2701 924 2728 humilitatem
953 2705 982 2727 et

192 2752 375 2787 abjuctiouenl
391 2750 471 2777 Verbi
487 2748 665 2784 signiﬁcaret.
686 2747 850 2783 Serpentem
867 2755 977 2782 quoque

508 2808 530 2824 “
543 2808 593 2835 liii.
610 2815 663 2839 xLI,
677 2807 718 2834 l4.

513 2847 533 2858 “’
545 2845 612 2871 (Eun.
633 2852 686 2873 x.v,
702 2844 744 2871 ω.

229 2810 251 2824 ³³
267 2809 384 2842 Philipp.
402 2816 429 2838 ιι,
443 2809 468 2834 Ἰ.

194 2843 216 2860 ⁸⁸
234 2843 338 2871 υυτυυι-
358 2852 396 2872 ιιι,
428 2845 470 2870 35.

758 2808 790 2824 ⁸⁵·
805 2808 876 2835 Psal.
896 2816 979 2839 xxxii,
995 2807 1021 2835 6.

783 2844 805 2859 ⁵³
817 2845 886 2871 Gen.
920 2852 992 2874 xxiv.
1006 2845 1032 2871 2.

1029 2245 1054 2268 et
1066 2242 1156 2277 paruit
1171 2242 1195 2268 ei
1209 2250 1268 2268 cum
1283 2243 1377 2269 timore
1391 2243 1424 2270 ".
1441 2243 1502 2278 Ipse
1531 2250 1641 2277 qucque
1673 2242 1818 2270 Melchise-

1029 2287 1124 2320 decus,
1142 2288 1189 2322 qui
1210 2287 1279 2322 legis
1297 2292 1420 2322 tempora
1443 2289 1593 2323 princessit,
1608 2296 1671 2316 cum
1700 2289 1818 2316 benedi-

1028 2338 1104 2361 ceret
1128 2334 1293 2366 Abrahama,
1330 2334 1373 2361 his
1398 2335 1492 2363 verbis
1523 2343 1591 2363 usus
1618 2343 1680 2363 esse
1703 2336 1816 2362 lertur:

1028 2379 1183 2407 Benedictus
1199 2380 1366 2407 Abraliamus
1390 2381 1444 2408 Deo
1463 2382 1574 2415 excelso,
1593 2383 1640 2417 qui
1655 2384 1756 2409 enavit
1768 2390 1817 2409 cce-

1030 2424 1084 2452 lum
1098 2430 1123 2452 et
1135 2430 1237 2452 terram
1251 2426 1284 2453 ".

1063 2472 1153 2506 Atque
1167 2471 1341 2499 Abrahamus
1367 2471 1436 2508 ipse,
1456 2480 1521 2500 cum
1543 2473 1675 2501 [amulum
1703 2474 1737 2501 ad
1764 2476 1817 2503 Re-

1030 2517 1121 2544 becca:
1150 2517 1261 2552 nuptias
1283 2517 1434 2549 emitteret,
1463 2517 1547 2550 Pone.
1577 2518 1678 2553 inquit,
1708 2527 1817 2545 utan-ut

1030 2567 1104 2590 tuam
1116 2562 1205 2589 subter
1218 2562 1304 2597 femur
1320 2571 1418 2593 meum,
1444 2567 1472 2590 ut
1488 2563 1609 2599 adjurem
1624 2569 1649 2590 te
1661 2572 1708 2598 per
1727 2563 1817 2591 Domi}

1030 2618 1093 2637 num
1109 2610 1192 2637 Deum
1207 2610 1264 2637 caeli
1278 2617 1302 2636 et
1316 2616 1394 2637 terra:
1407 2610 1440 2638 '°.
1463 2611 1576 2645 Insuper
1598 2611 1687 2639 Jobus
1707 2612 1754 2638 ille
1778 2616 1818 2638 tot

1030 2655 1178 2692 generibus
1201 2655 1385 2683 certaminum
1406 2657 1582 2690 exercitatus,
1607 2656 1658 2688 Qui
1687 2659 1817 2689 extendit,

1030 2702 1129 2736 inquit,
1154 2701 1229 2728 celos
1254 2702 1338 2733 solus,
1353 2702 1398 2736 qui
1415 2703 1537 2736 graditur
1554 2710 1634 2738 super
1648 2704 1744 2738 ﬂuctus
1761 2711 1816 2730 ma-

1030 2750 1066 2776 ris
1082 2749 1104 2764 "
1120 2747 1209 2784 [sicut
1223 2755 1306 2783 super
1321 2747 1538 2785 pavimentum].

1061 2809 1082 2824 δ’
1098 2808 1150 2835 lsa.
1175 2816 1239 2841 XLII,
1261 2808 1288 2836 5.
1327 2808 1350 2822 ⁸⁸
1369 2808 1418 2835 lsa.
1438 2807 1538 2840 n,22.
1585 2808 1606 2824 "
1620 2809 1659 2836 Ita
1686 2818 1748 2837 xw:
1772 2808 1813 2835 Ἡ,

1071 2845 1092 2860 ⁸³
1103 2845 1154 2871 Job
1169 2852 1205 2872 Ix.
1216 2845 1242 2871 8.
