1949 3073
119 114 199 146 1265

759 117 960 148 THESAURI
982 118 1055 148 LIB.
1074 118 1121 149 IV.

1687 112 1754 144 1966

158 173 193 202 Ut
212 177 303 201 autem
328 174 412 202 Vetus
427 173 633 203 Testamentum
659 182 721 201 outn
748 174 825 203 Novo
849 182 915 201 con-
928 174 953 204 Α
966 180 1007 202 est
1026 184 1033 201 :
1053 174 1272 210 prudentiorque
1290 177 1350 209 post
1363 171 1522 202 consilium.
1551 174 1581 198 ut
1605 171 1641 198 ita
1654 170 1754 202 dicant,

107 220 238 251 sentire,
268 224 295 248 et
323 219 419 248 eadem
446 228 508 248 cum
536 221 583 248 illo
608 220 698 254 ellari,
729 225 812 254 atque
844 220 914 248 adeo

110 265 272 300 utriusque
287 266 391 293 rivulos
404 274 436 293 ex
452 266 549 293 eodem
567 267 643 294 fonte
657 267 792 294 scaturirc
809 267 915 300 perspi-

108 317 204 337 cuum
231 311 288 344 ﬁat,
329 312 474 340 audiamus
506 312 638 340 Joannem
673 313 790 340 tonitrus
817 313 912 345 ﬁliuni.

109 357 170 390 qui
188 359 279 385 omnia
307 359 397 386 Verbo
411 359 493 390 facta,
510 366 559 386 ttec
576 367 672 386 eorum
689 367 750 393 quae
775 359 825 386 sub
853 367 915 386 sen-

109 409 183 428 sum
195 401 307 433 cadunt.
323 407 351 430 et
368 411 428 437 qum
443 403 585 431 intellectu
609 403 809 438 percipiuntur.
835 403 915 438 quid—

109 455 204 482 quam
218 447 276 475 sine
295 456 327 476 eo
341 449 504 484 productum
529 449 639 476 asserit.
661 449 740 480 Nam.
762 449 824 476 Sine
846 450 913 484 ipso.

112 492 225 527 inquit.
243 494 343 527 factum
363 498 401 520 est
414 495 489 525 ηἰΙιίι,
504 494 572 528 quod
588 494 687 528 factum
702 499 739 521 est
758 495 791 520 ".

155 540 309 568 Audiamus
323 546 351 569 et
377 541 491 569 Paulum
509 541 711 569 exclamantem
729 542 780 568 :Iu
795 550 825 568 eo
842 542 913 577 facta

110 595 176 613 esse
193 588 293 618 omnia,
308 595 354 614 seu
367 588 480 615 uisibilia
495 588 558 619 sint,
572 596 618 615 seu
633 587 773 615 inuisibilia
788 588 820 614 ⁵⁸.
838 587 912 615 Idem

112 633 200 664 alibi,
228 633 280 659 Per
308 641 366 659 eum
396 633 478 660 Pater
503 634 561 668 fecit
582 634 691 661 amula.
707 634 781 661 Idem
797 642 860 661 cuttt
885 634 912 661 itt

113 679 265 713 Areopago
296 679 459 706 concionem
479 680 605 711 haberet.
639 680 712 707 hunc
742 680 768 706 in
800 675 912 707 modum

111 725 232 752 loculus
259 730 326 753 est:
360 726 439 757 Deus.
468 727 513 761 qui
531 727 590 759 fecit
611 726 748 758 mundum,
774 731 798 754 el
823 727 913 754 omnia

110 779 179 804 qua:
192 772 218 797 in
231 780 259 798 eo
274 775 345 804 sunt,
358 773 414 806 ipse
430 772 501 798 dedit
522 772 641 799 omnibus
657 773 737 799 vitam
756 778 780 800 et
799 775 914 808 inspira-

112 819 230 849 tionem,
244 825 268 844 et
294 819 405 846 omnia:
433 819 542 854 fecitque
558 827 590 845 ea:
611 828 663 846 uno
677 822 808 858 sanguine
831 830 913 855 genus

110 872 198 890 omne
209 863 345 891 hominum
370 864 519 892 inhabitare
541 873 619 899 super
644 867 792 893 univermm
819 867 912 901 [aciem

111 916 133 936 ι.
145 919 199 936 ννιε
219 910 253 937 σι.
269 910 347 943 Item,
366 910 428 938 Fide
443 911 619 948 intelligimus
636 917 729 948 aptata
742 921 796 941 esse
813 914 912 942 sarcula

114 955 201 983 Verbo
219 956 266 983 Dei
282 956 315 983 ".

156 1002 247 1037 Atque
263 1002 321 1031 haec
333 1002 445 1037 quidem
462 1003 497 1031 de
515 1005 594 1033 caelis
607 1009 634 1033 et
658 1005 776 1034 saeculis.
794 1006 872 1039 Quod
888 1007 913 1034 si

111 1047 182 1081 quis
200 1048 310 1075 tertium
338 1050 413 1077 Pauli
441 1050 540 1078 coelum
571 1051 597 1078 in
617 1051 738 1079 medium
763 1052 869 1085 aﬂ‘erat.
890 1054 912 1081 is

112 1103 185 1122 vero
201 1095 268 1122 sciat
296 1097 410 1123 unicttm
427 1097 539 1132 proprie
555 1105 569 1124 a
588 1105 664 1125 sacra
689 1098 830 1134 Scriptura
856 1108 911 1128 eoa—

113 1142 174 1168 lum
189 1142 311 1176 agnosci,
327 1143 450 1177 reliquos
466 1148 558 1171 autem
575 1144 645 1171 duos
676 1145 828 1180 improprie.
849 1148 910 1175 caeli

112 1187 229 1214 nomine
255 1187 402 1223 designari.
425 1189 515 1217 Unum
545 1191 656 1225 quidem
681 1192 755 1226 quod
789 1194 912 1222 secundo

113 1234 162 1261 die
190 1234 304 1267 factum,
333 1236 445 1270 proprie
477 1237 680 1266 ﬁrmamentum
711 1239 816 1269 dictum
840 1247 910 1269 est:

115 1280 234 1308 abusive
251 1287 343 1310 autent
359 1283 471 1310 cmlum.
506 1283 612 1312 Vocavil
630 1287 709 1317 enim.
738 1286 837 1322 inquit,
864 1289 910 1317 ﬁr-

113 1333 282 1354 mamentum
295 1328 389 1356 uelum
409 1330 443 1356 ⁸⁸.
470 1329 611 1365 Siquidem
641 1332 692 1359 hoc
709 1332 847 1360 diversum
868 1339 912 1361 est

113 1373 152 1399 ab
165 1380 208 1405 eo,
223 1374 296 1408 qttod
316 1375 406 1408 primo
422 1376 466 1403 die
483 1381 605 1403 creatum
618 1381 670 1410 est,
694 1378 776 1412 idque
789 1379 910 1406 nominis

113 1420 260 1452 sortitum,
279 1421 337 1449 sive
353 1423 416 1456 quia
428 1428 470 1449 est
486 1424 565 1458 aquis
579 1431 767 1460 compartum,
785 1432 812 1454 et
828 1427 911 1454 idcir-

113 1473 149 1491 co
163 1465 365 1494 iirtnamentum
382 1468 499 1500 dictant,
520 1470 577 1497 sive
592 1471 624 1497 ad
653 1479 799 1506 corporum
812 1473 910 1500 distin-

968 220 1064 247 evasit.
1090 221 1179 254 Atque
1194 221 1284 255 reipsa
1310 219 1418 251 didicit,
1433 218 1595 252 obsequium
1612 217 1754 244 rebellioni

968 266 1034 300 quid
1052 270 1170 300 pratstat.
1201 267 1290 299 Quare
1313 272 1429 300 serpens
1451 265 1572 292 scientize
1594 264 1675 291 dator
1702 271 1754 290 non

967 315 1037 343 erat,
1050 311 1097 339 sed
1114 313 1196 340 arbor
1210 312 1332 339 scienlim
1357 311 1423 338 boni
1443 314 1472 338 et.
1490 310 1554 337 mali
1578 309 1756 344 nuncupaba-

969 362 1024 385 tur.
1041 357 1068 384 Si
1084 357 1149 391 quid
1165 363 1256 385 autent
1274 357 1476 384 contrariorum
1501 356 1658 391 cognitione
1684 363 1754 390 prte-

968 403 1055 430 ditttm
1069 404 1114 435 sit,
1131 411 1185 430 non
1202 403 1294 430 statim
1311 404 1422 438 dignum
1450 407 1502 434 est,
1519 402 1591 437 quod
1610 402 1756 429 contrariis

967 454 1157 476 scccnseatur.
1173 449 1274 476 Eadem
1302 450 1375 476 enim
1401 449 1508 476 ratione
1527 449 1614 484 legem
1633 453 1756 475 contem-

968 495 1087 522 nendam
1112 495 1308 530 jndicahimus,
1329 503 1390 530 quae
1405 495 1543 522 contraria
1562 494 1710 523 discernat.
1727 497 1756 520 et

967 541 1082 568 alternis
1110 547 1224 576 utraque
1260 541 1406 576 expendat.
1438 540 1494 568 lmo
1527 548 1591 567 vero
1620 540 1754 567 Adamntn

966 589 1089 622 oportuit
1105 588 1251 616 observato
1271 591 1408 622 praecepto
1428 587 1460 614 ad
1483 588 1566 614 Deunt
1590 587 1754 621 quihusdam

966 634 1044 668 quasi
1061 634 1192 669 gradibus
1205 634 1365 666 ascendere.
1380 638 1406 661 et
1423 633 1506 661 veluti
1532 633 1648 667 quadam
1665 641 1679 660 e
1695 641 1757 667 spe-

965 679 1027 706 cula
1054 679 1162 706 arboris
1188 680 1309 707 scientiae
1337 680 1391 706 vim
1421 678 1615 713 contemplari,
1644 682 1756 712 tulitque

966 725 1076 753 detnum
1093 726 1153 760 ejus
1169 725 1345 760 perceptione
1361 733 1391 753 se
1408 726 1519 756 eil‘erre,
1532 732 1593 752 cum
1608 732 1656 759 per
1669 724 1755 751 Deunt

965 771 1100 805 licuisset,
1120 772 1315 807 perceptioque
1340 773 1398 806 ipsa
1419 772 1521 800 damno
1544 771 1688 802 caruisset.
1705 777 1757 797 nec

966 818 1001 845 ad
1017 818 1184 846 deteriorem
1217 822 1323 853 partem
1346 818 1518 846 inclinasset.
1535 817 1636 845 Contra
1651 821 1755 848 autem.

966 871 1029 891 cum
1047 869 1182 899 praecepta
1196 864 1222 890 itt
1234 864 1358 891 omnium
1373 863 1461 891 oculis
1475 868 1661 898 transgressus
1672 867 1757 893 esset.

965 917 1017 941 nec
1028 911 1171 946 auspicato
1188 909 1308 938 fruct-um
1324 910 1430 938 arboris
1443 910 1566 938 scientia:
1581 908 1646 936 boni
1658 913 1685 935 et
1699 912 1750 935 ma-

964 957 982 984 li
996 960 1144 992 gustasset,
1162 961 1236 984 totus
1246 956 1279 984 ad
1295 956 1433 984 contraria
1446 955 1582 991 ‘proclivis
1593 962 1622 982 se
1641 961 1754 981 convcr-

965 1003 1016 1029 tit:
1036 1011 1088 1030 nec
1116 1003 1204 1030 solani
1224 1011 1238 1029 a
1266 1003 1328 1030 vita:
1356 1003 1455 1030 arbore
1480 1003 1609 1030 exclusus
1632 1006 1684 1032 est.
1707 1002 1754 1030 sed

961 1049 1024 1083 jure
1037 1049 1119 1076 etiatn
1147 1057 1161 1075 a
1186 1049 1399 1077 conversatione
1425 1049 1471 1077 illa
1494 1055 1522 1076 et
1549 1053 1623 1076 statu
1642 1047 1754 1078 excidit.

964 1095 1067 1129 quibus
1091 1100 1171 1123 antea
1199 1095 1298 1130 dignus
1331 1095 1442 1122 habitus
1467 1095 1567 1122 fuerat.
1597 1095 1672 1122 Dicat
1689 1102 1756 1120 vero

963 1142 1045 1169 etiam
1068 1143 1204 1176 qufspiam
1219 1142 1353 1169 Adamutn
1379 1150 1439 1169 sese
1465 1141 1701 1176 speculationibus
1718 1141 1755 1168 ai~

964 1188 1084 1215 tioribus
1097 1196 1177 1223 quam
1195 1196 1244 1223 par
1270 1194 1353 1221 esset,
1371 1188 1520 1220 addixisse,
1547 1195 1663 1222 quaequa
1681 1188 1756 1222 inge-

963 1235 1002 1263 nii
1033 1236 1074 1262 sui
1107 1236 1287 1270 capacitatem
1315 1235 1480 1263 excederent
1505 1243 1512 1262 :
1540 1234 1603 1268 quia
1625 1234 1754 1261 nimirum

962 1282 1028 1310 boni
1058 1283 1177 1317 malique
1206 1282 1320 1310 scientia
1345 1282 1465 1317 prteditae
1489 1285 1593 1309 essent.
1615 1281 1694 1314 Quod
1728 1281 1754 1306 in

963 1336 1047 1357 causa
1073 1329 1169 1361 fuerit,
1188 1334 1243 1356 uta
1267 1330 1322 1357 Deo
1349 1330 1505 1365 cjiceretur.
1524 1327 1663 1363 Ejusmodi
1681 1327 1754 1354 enim

961 1382 1057 1402 eorum
1075 1376 1121 1410 qui
1150 1381 1215 1403 sunt
1240 1375 1486 1410 contemplationes
1512 1375 1607 1402 multis
1631 1373 1754 1409 praeeipi-

964 1423 1008 1450 tiis
1032 1428 1149 1453 scatent.
1165 1423 1321 1458 multosque
1337 1431 1355 1450 a
1375 1431 1440 1450 vera
1466 1422 1500 1450 de
1529 1422 1583 1450 Deo
1606 1420 1754 1449 sententia.

962 1469 1041 1504 quasi
1058 1470 1169 1497 obtorto
1181 1470 1262 1498 collo.
1278 1475 1450 1498 transversos
1468 1475 1562 1505 agunt.
1578 1469 1754 1504 quemadmo-

112 1509 246 1543 ctionem,
261 1519 322 1546 quae
347 1514 475 1548 superius
498 1520 525 1542 et
542 1516 656 1543 inferius
681 1518 809 1552 contigua
834 1523 908 1551 sunt,
922 1518 944 1550 C
961 1514 1037 1547 dum.
1052 1515 1126 1543 verbi
1139 1515 1373 1552 gratia,0phitas,
1387 1516 1421 1544 de
1432 1516 1533 1551 quibus
1550 1524 1621 1543 nunc
1637 1516 1754 1551 agitnuS.

114 1564 178 1590 qua:
196 1557 306 1591 quidem
323 1566 385 1585 cum
399 1560 491 1587 tenuia
510 1566 537 1588 et
551 1561 685 1596 pellunida
700 1563 765 1594 sint,
780 1564 831 1591 hoc
845 1565 910 1600 quia

115 1611 240 1631 crassum
257 1609 299 1631 est
317 1613 494 1640 corporeum.
513 1607 656 1643 στερέωμα
674 1617 722 1636 seu
753 1609 913 1639 ﬁrmamena

112 1653 172 1676 tum
190 1650 294 1677 dictum
307 1656 367 1683 est;
387 1654 497 1687 στερεὸν
521 1654 594 1681 enim
616 1663 630 1682 a
646 1658 793 1689 geometris
809 1665 910 1692 corpus

116 1695 172 1722 diei
189 1698 269 1727 solet.
293 1698 422 1732 quoniam
443 1703 498 1726 tres
524 1700 550 1727 in
572 1706 662 1735 partes
678 1701 830 1735 diducitur,
860 1712 911 1731 nec

115 1743 201 1769 tacttti
217 1743 301 1775 cedit,
315 1748 363 1771 aut
377 1744 550 1780 obsequitur.
563 1747 799 1780 Quemadmodth
816 1755 909 1778 autent

112 1788 315 1815 ﬁrmamentum
337 1789 399 1820 ltoc.
416 1791 490 1825 quod
512 1792 592 1826 primi
621 1794 686 1821 cadi
704 1794 792 1822 vicem
821 1797 909 1823 adittt~

111 1835 180 1868 plet,
193 1834 255 1861 coeli
270 1842 369 1862 nomen
388 1835 517 1871 adeptum
534 1842 587 1869 estl
600 1838 734 1867 itaetiam
748 1841 905 1875 proximum

112 1880 153 1908 illi
181 1881 361 1913 elementum,
390 1890 447 1914 aer.
473 1883 536 1917 quia
562 1884 711 1919 contiguus
742 1887 823 1915 nobis
854 1893 906 1922 est,

113 1933 234 1961 eumque
253 1927 342 1960 primo
356 1928 539 1962 attspicientes
553 1929 705 1963 intuemur.
724 1933 828 1966 majore
846 1942 908 1962 cum

111 1973 199 2006 abusa
219 1973 319 2000 cmlum
343 1973 455 2001 dicitur.
471 1974 529 2001 Erit
550 1975 638 2008 enim,
655 1977 908 2014 inquitSeriptnra,

112 2019 207 2046 caelum
223 2020 292 2055 quod
315 2028 396 2053 supra
422 2030 465 2048 vos
497 2028 546 2052 est,
564 2031 671 2049 aereum
699 2025 733 2051 ⁵⁷.
754 2026 788 2053 Ει
814 2026 909 2060 David,

117 2066 239 2094 ῐόιςιενεδ
245 2067 301 2094 (αιιί
309 2067 478 2095 “.Maximus
488 2069 572 2103 igitur
581 2069 680 2098 Paulus
687 2078 777 2099 aerem
787 2077 814 2100 et
821 2074 911 2102 iirma-

110 2116 232 2139 mentum
254 2116 452 2146 praetervectus
468 2113 495 2140 in
513 2114 572 2148 ipso
590 2115 678 2149 primo
697 2120 725 2142 et
735 2117 817 2144 tertio
829 2119 910 2154 coelo,

111 2158 216 2185 ratione
229 2159 335 2186 ordinis
352 2159 515 2187 inferiorum
534 2160 567 2187 ad
582 2162 737 2196 superiora.
757 2165 904 2199 requievit.

150 2202 188 2229 Eo
205 2203 282 2235 itetn,
296 2203 370 2237 quod
386 2203 491 2234 homini
522 2212 537 2231 a
567 2211 696 2239 serpente
719 2208 904 2242 cognitionem

111 2250 202 2276 datam
221 2257 281 2276 esse
314 2249 422 2283 dicunt,
455 2255 608 2278 extremam
634 2252 802 2287 impietatem
825 2256 905 2283 redo-

112 2295 178 2321 lent.
199 2294 316 2322 Mosaica
347 2295 421 2323 ettim
451 2296 565 2324 historia
596 2297 730 2325 Adamutn
756 2301 905 2330 animanti-

114 2341 163 2367 bus
178 2341 290 2368 nomina
316 2342 515 2377 intponentem,
543 2344 650 2379 hocque
680 2347 761 2374 modo
788 2350 822 2375 de
848 2350 903 2377 Eva

113 2386 287 2415 disserentem
304 2389 476 2418 introducit:
493 2391 548 2418 Hoc
576 2392 660 2427 igitur
690 2402 718 2420 os
743 2403 775 2421 ea:
804 2396 903 2424 ossibus

116 2435 188 2465 nmis,
203 2439 227 2460 et
241 2443 304 2462 cara
321 2444 352 2463 ea:
370 2445 450 2464 carne
475 2447 533 2466 mea
558 2439 592 2466 ⁸³,
618 2439 668 2472 Qui
701 2448 762 2468 cuin
793 2443 901 2471 Domini

114 2483 278 2514 praeceptum
294 2481 373 2508 nihili
398 2482 520 2515 fecisset.
534 2492 590 2518 quo
607 2485 757 2514 cavebatur
772 2494 801 2515 ut
820 2490 902 2516 arbo-

115 2532 155 2551 res
168 2533 276 2559 omnes,
308 2527 409 2561 quibus
439 2528 523 2556 Edem
543 2530 707 2558 immensunt
732 2533 899 2568 luxuriabat,

114 2575 305 2603 contrectaret.
340 2573 459 2608 indeque
486 2576 587 2603 victum
614 2577 667 2604 sibi
701 2585 822 2613 pararet,
867 2582 901 2609 ab

115 2618 191 2645 unica
213 2626 281 2645 vero
297 2619 422 2647 scientia:
437 2621 536 2648 arbore
551 2622 716 2656 abstineret,
732 2634 900 2662 causamque

113 2663 176 2690 adeo
191 2665 273 2699 hujus
287 2665 326 2693 rei
337 2671 506 2700 compertam
534 2667 686 2701 habuisset.
712 2671 766 2698 into
783 2680 901 2707 pnesens

113 2716 125 2735 a
139 2715 269 2743 prsesente
289 2711 404 2739 Domino
418 2712 534 2739 auribus
550 2715 713 2748 excepisset,
731 2725 784 2743 non
800 2718 900 2752 ittjttria

115 2757 154 2783 Dei
170 2757 246 2791 jusau
262 2758 406 2790 exsulavit,
423 2763 450 2786 et
465 2759 626 2788 deliciarum
641 2761 720 2789 horto
737 2765 899 2792 exturbatus

962 1562 1246 1597 philosophorumque
1272 1567 1397 1590 veterum
1423 1563 1566 1597 plurimos.
1583 1562 1755 1589 Democritus

961 1607 1034 1635 enim
1047 1615 1146 1643 aquam
1163 1609 1249 1636 Deum
1275 1616 1336 1636 esse
1360 1609 1438 1636 dixit.
1462 1608 1646 1636 Anaximenes
1662 1617 1753 1636 aerem

960 1653 1129 1688 principium
1160 1655 1282 1689 primum
1313 1659 1342 1682 et
1368 1662 1507 1682 summutn
1538 1662 1598 1682 esse
1623 1655 1751 1681 asseruit.

960 1699 1137 1734 Anaxagoram
1161 1700 1287 1728 idearum
1305 1700 1514 1735 particularium
1551 1699 1755 1734 tequalitatiluts

960 1746 1098 1778 attribuit,
1130 1754 1199 1781 quas
1226 1746 1421 1782 ὁμοιομερείας
1447 1746 1534 1774 Graeci
1553 1750 1660 1773 vocant.
1678 1746 1755 1773 Alius

960 1793 1234 1821 ccelouniversitatis
1261 1793 1344 1828 hujus
1373 1793 1641 1821 administrationem
1667 1793 1753 1823 ascri-

961 1840 1025 1873 psit.
1039 1839 1092 1865 Alii
1107 1839 1226 1873 denique
1237 1847 1300 1866 cum
1317 1839 1371 1866 alio
1395 1838 1475 1866 modo
1489 1839 1522 1866 ad
1539 1839 1641 1866 variant
1660 1847 1753 1866 rerum

960 1894 1030 1921 quas
1048 1887 1120 1914 Deus
1134 1887 1238 1914 creavit
1252 1887 1449 1922 cognitionem,
1475 1891 1604 1922 tanquam
1620 1887 1653 1916 ad
1670 1887 1752 1914 arbo—

961 1942 1019 1961 rem
1035 1933 1158 1961 scientize
1180 1933 1243 1960 boni
1266 1938 1294 1960 et
1317 1934 1391 1965 mali,
1418 1934 1539 1961 animant
1571 1934 1751 1968 appellerent,

961 1980 1065 2007 exitiali
1094 1987 1123 2007 se
1152 1979 1234 2006 morti
1260 1980 1463 2015 maneiparunt,
1485 1985 1591 2008 tantum
1607 1980 1707 2013 abFuit,
1724 1985 1751 2008 nl

961 2026 1069 2053 arboris
1083 2026 1146 2053 vitae
1160 2025 1309 2060 participes
1334 2031 1435 2053 essent.
1458 2025 1544 2053 Porro
1570 2025 1655 2053 Deum
1680 2026 1748 2053 Ada-

962 2080 1024 2100 mus
1048 2072 1152 2107 absque
1175 2071 1340 2099 intermedio
1369 2079 1423 2099 non
1451 2071 1536 2103 videt.
1566 2076 1613 2099 aut
1633 2076 1751 2099 stantem

961 2127 1054 2146 coram
1070 2118 1210 2149 obtuetur.
1229 2118 1276 2145 sed
1300 2119 1390 2146 solum
1418 2118 1445 2145 in
1462 2117 1589 2152 paradiso
1608 2118 1751 2153 prodeam-

963 2165 1102 2193 bulantem
1121 2164 1209 2194 audit.
1228 2168 1257 2191 ut
1272 2164 1305 2191 de
1317 2164 1359 2191 bis
1379 2172 1488 2199 quoque
1507 2164 1590 2191 verba
1605 2164 1748 2196 faciamus.

957 2212 1083 2246 quamvis
1104 2211 1138 2238 ab
1155 2210 1281 2238 instituto
1299 2215 1462 2246 argumento
1477 2210 1565 2238 aliena
1591 2210 1656 2238 sint.
1673 2210 1748 2243 Quo-

955 2259 1029 2285 niam
1046 2263 1100 2286 stat
1115 2259 1226 2294 qttidetn
1253 2259 1326 2286 Dens
1355 2259 1388 2286 iis
1415 2259 1461 2294 qtti
1493 2263 1577 2290 stant.
1596 2266 1748 2293 caventqne

955 2313 990 2333 ne
1010 2305 1045 2332 ab
1058 2306 1165 2332 honesti
1187 2305 1294 2332 actione
1309 2305 1448 2332 decidant.
1466 2305 1507 2332 Ab
1529 2305 1749 2333 inconstantibus

954 2356 1058 2383 autem,
1071 2357 1099 2378 et
1115 2351 1254 2385 obliqttatn
1274 2352 1309 2378 ah
1329 2351 1361 2378 iis
1376 2360 1437 2386 qua:
1462 2351 1574 2379 meliora
1598 2357 1662 2379 sunt
1676 2351 1747 2379 viam

954 2397 1136 2429 sectantibus,
1165 2397 1322 2424 dimovetur
1347 2405 1456 2432 quoque
1487 2398 1569 2429 Dotts.
1590 2402 1619 2425 et
1647 2397 1702 2424 alio
1716 2405 1748 2424 se

953 2443 1069 2475 confert,
1085 2451 1173 2478 eaque
1192 2443 1225 2470 de
1237 2451 1319 2470 causa
1339 2443 1411 2471 Deus
1427 2452 1551 2479 vespere.
1568 2449 1598 2470 ttt
1610 2444 1743 2472 arbitror.

953 2498 1006 2516 non
1024 2494 1115 2516 autem
1136 2498 1226 2522 tuane,
1252 2495 1281 2517 ut
1306 2491 1393 2524 prius,
1422 2490 1527 2517 Adamo
1545 2489 1691 2516 videndum
1716 2497 1745 2514 se

953 2536 1067 2571 pra-bet.
1085 2536 1149 2571 quia
1164 2537 1293 2563 nitnirttm
1307 2545 1390 2570 capax
1407 2537 1526 2571 amplius
1542 2543 1595 2562 non
1617 2540 1686 2564 erat.
1701 2535 1744 2561 ctti

953 2583 1111 2617 splendoris
1139 2583 1226 2610 divini
1249 2583 1346 2610 Oriens
1369 2583 1552 2613 illucesceret,
1582 2582 1683 2616 quippe
1701 2582 1743 2608 (‘ui

953 2634 1016 2664 post
1030 2630 1277 2664 transgressionem
1303 2629 1401 2656 obtusa
1420 2635 1550 2654 sensuttttt
1577 2635 1678 2661 organa
1696 2628 1746 2654 Ite--

954 2675 1110 2702 bescerent.
1126 2674 1214 2702 A-ntea
1229 2675 1303 2701 enitn
1320 2682 1374 2701 non
1394 2682 1426 2700 ex
1442 2671 1661 2700 intervallo‘cum
1689 2673 1744 2700 Dt‘o

951 2722 1172 2756 colloqucbatttr,
1189 2730 1278 2756 neque.
1299 2722 1344 2753 ita,
1359 2727 1388 2747 ιιι
1404 2728 1478 2747 nunc
1488 2720 1598 2755 quidem
1623 2719 1742 2748 adesset.

953 2775 1026 2793 tunc
1047 2775 1112 2795 vero
1123 2769 1230 2794 abesset
1245 2776 1251 2792 τ
1270 2767 1324 2793 ittto
1338 2774 1416 2793 mane
1434 2771 1461 2793 et
1483 2766 1608 2797 meridie,
1624 2766 1675 2793 huc
1691 2771 1744 2799 est,

145 2814 164 2858 "”
179 2814 256 2841 Joatt.
273 2823 292 2844 ι,
375 2815 514 2858 “ilioloss.
532 2825 549 2846 ι,
567 2817 608 2843 lii.
648 2818 669 2833 "‘
687 2819 736 2847 Ανῑ
762 2823 908 2850 ηιμεηδε

998 2824 1020 2840 ’³
1035 2824 1118 2851 ιικτιπ.
1135 2824 1206 2856 xt,5.
1247 2824 1269 2838 δ’
1281 2823 1350 2850 Gen.
1365 2830 1383 2853 ι,
1395 2823 1421 2848 8.
1461 2821 1483 2837 θ’
1500 2821 1577 2848 Deut.
1591 2829 1684 2854 xxvut.
1697 2821 1744 2853 23.

114 2848 133 2863 "
149 2850 218 2876 [ιιι.
238 2858 298 2882 \‘Ill,
316 2851 343 2878 9.
384 2851 406 2866 ’⁷
421 2851 490 2878 (lett.
506 2860 535 2884 tt,
549 2852 592 2878 ‘25.
