1949 3073
181 114 250 148 ιεστ
261 158 264 159 ν

817 118 965 149 NICET/E
989 120 1090 151 CHON
1098 121 1195 151 [ATER

1760 122 1850 154 1269

182 181 245 202 rum
259 173 399 201 intellectu
413 177 441 202 et
458 173 635 210 cogitatione,
649 174 770 210 denique
791 175 973 210 spiritualiter
987 177 1007 204 Α
1024 179 1088 206 tiem
1105 179 1235 206 nonnulla
1262 179 1407 213 praefatus.
1436 179 1493 207 lucc
1509 179 1639 215 subjicit:
1664 179 1848 208 Hiserrimi

182 225 245 249 cum
265 217 394 246 Creatore
423 226 473 246 suo
491 219 708 247 eom'ersabatur
735 224 763 247 et
791 220 970 254 colloqueba-

182 270 237 295 tur.
255 265 350 292 Postea
368 272 528 299 veroquam
545 273 559 292 a
585 266 676 300 seipse
689 266 774 294 divini
790 266 871 301 jubar
889 266 970 297 lumi-

182 311 225 337 nis
239 310 366 348 exclusit.
384 315 448 338 tunc
465 310 578 346 audivit,
597 316 626 341 ut
642 311 784 346 Scriptura
813 312 909 345 refert,
921 320 971 339 vo-

181 364 241 383 cem
274 357 384 383 Domini
415 357 670 391 prodeambulantis
701 358 728 385 in
755 359 882 392 paradiso
919 359 971 385 sub

181 410 335 435 vesperam.
349 407 376 429 et
391 403 511 430 ocwluit
529 411 567 435 sc.
581 404 644 438 quia
671 404 762 431 nudus
777 409 844 432 erat.
870 405 972 432 Praeter

181 456 212 474 ea
228 457 289 483 qum
303 449 358 484 jam
369 449 441 477 dicta
462 453 533 481 sunt.
553 449 660 484 Ophitze
678 450 729 479 hoc
749 457 859 485 quoque
876 455 972 477 contra

182 499 320 528 receptam
336 495 445 529 piorum
466 495 631 522 sententiam
650 501 776 523 astruunt
793 505 798 523 :
818 496 889 530 quod
917 496 972 523 sci-

183 541 249 568 Iicrt
276 541 409 569 Dominus
429 541 510 570 .lesus
539 543 653 570 formam
681 540 817 578 serpi-utis
838 543 970 575 induerit,

181 591 263 622 atque.
285 589 320 615 ita
344 588 464 623 Virginis
481 593 590 616 uterum
607 590 735 622 subierit,
752 589 824 624 quod
846 590 873 616 in
890 597 971 617 causa

181 634 244 668 fuit,
262 637 291 660 ut
307 635 456 674 Apostolus
470 635 652 668 exclamarit:
677 636 727 668 Qui
754 644 813 664 cum
836 636 863 674 in
886 637 973 671 [arma

183 679 230 706 Dei
247 685 324 711 esset,
340 689 392 707 non
408 674 538 715 rapinam‘
551 681 697 710 arbitratus
713 686 751 711 est
766 690 793 709 se
808 691 863 709 esse
882 691 972 718 a‘qua-

182 725 231 752 lem
250 725 313 757 Deo,
330 727 375 752 sed
400 726 544 754 exinaniril
572 730 751 762 semetipsum,
770 729 885 763 formam
907 731 974 756 servi

183 773 356 808 accipietis“.
371 773 436 806 Qua:
451 774 524 813 enim
543 774 600 803 Deo
623 782 686 808 cum
707 775 888 803 animantium
913 783 974 802 om-

182 819 258 846 nium
277 820 394 846 maxime
415 819 579 858 detestando
596 825 736 858 serpente.
765 821 811 855 qui
837 820 970 852 Adamum

183 867 414 898 circumvenerat,
436 866 652 902 communicatio
662 868 724 894 est?
751 868 804 895 Sed
829 868 877 896 Dei
906 868 972 896 Vcr-
993 850 1012 879 Β

185 913 262 943 bum,
289 920 352 939 cum
378 913 404 939 in
435 912 534 946 forma,
561 921 609 940 seu
641 913 793 942 substantia
814 915 862 942 Dei
892 919 976 947 esset.

184 965 235 985 nec
250 959 310 993 ejus
325 958 444 994 essentia
475 952 525 994 per
556 959 691 994 rapinam,
716 961 763 988 sed
784 966 908 988 naturam
926 969 976 995 po-

187 1005 250 1036 tius,
266 1012 385 1039 eamque
402 1004 472 1038 adeo
487 1005 635 1043 ejusmodi,
648 1014 708 1040 qua
724 1006 813 1034 amitti
828 1007 905 1034 nullo
916 1014 976 1034 mo-

189 1051 222 1078 Jo
237 1053 334 1086 possit,
348 1052 463 1086 aequalis
478 1052 533 1079 Deo
546 1057 635 1086 esset;
664 1054 784 1088 seipsum
813 1054 976 1088 exiuanivlt,

185 1097 298 1124 fortnam
314 1097 394 1130 srrvi,
411 1097 463 1125 hoc
475 1103 517 1126 est
529 1098 677 1126 humanam
691 1104 817 1127 naturam
827 1099 976 1134 accipiens,

187 1143 420 1177 quemadmodum
446 1149 474 1171 et
495 1144 523 1171 in
551 1145 732 1179 sequentibus
758 1145 888 1176 ostendit.
915 1153 977 1173 cum

186 1192 233 1222 ait,
250 1190 292 1216 Ad
303 1190 504 1217 similitudinem
519 1191 653 1217 hominum
669 1191 754 1225 factus
767 1191 799 1218 ⁶¹.
816 1191 904 1224 Quare
915 1199 977 1219 cum

188 1236 299 1263 Paulum
311 1236 417 1271 Ophitze
443 1237 470 1264 in
486 1237 606 1264 medium
633 1237 760 1270 alIcrant,
783 1243 813 1265 ut
832 1237 977 1265 Dominum

188 1285 275 1310 forma
289 1283 425 1317 serpentis
438 1287 578 1318 assumpta
594 1283 732 1316 Virginem
744 1283 862 1311 subiisse
876 1284 978 1312 conﬁr-

186 1334 273 1361 ment,
303 1337 318 1356 a
342 1330 428 1357 l‘aulo
458 1330 518 1365 ipso
546 1324 712 1364 ventriloqui
740 1331 885 1366 perspicue
902 1339 980 1358 coar-

187 1382 320 1409 guunlur.
335 1376 389 1402 imo
408 1376 462 1402 illis
476 1385 506 1403 os
538 1381 668 1411 tanquam
685 1372 840 1412 vaniloquis
858 1378 980 1405 obstrui~

189 1428 242 1448 tur.
259 1422 393 1449 Czl‘ierum
409 1424 456 1456 qui
477 1422 534 1450 fieri
548 1427 649 1458 potest,
666 1427 695 1450 ut
711 1423 825 1451 formam
843 1426 980 1459 serpentis

188 1469 321 1495 Dominus
351 1469 499 1503 acceperit,
523 1477 605 1504 quem
634 1469 669 1497 de
702 1470 793 1504 medio
822 1470 980 1498 sublaturus

1023 225 1097 252 enim
1130 225 1268 257 carnalem
1294 231 1321 252 et
1350 233 1498 253 venereum
1523 227 1705 254 concubitum
1739 226 1850 254 rebus

1021 272 1108 301 sacris
1121 276 1284 305 acccnseut,
1301 277 1326 299 et
1341 273 1376 299 ab
1395 281 1428 299 eo
1445 273 1497 300 sibi
1514 273 1541 300 in
1555 273 1602 303 Dei
1632 274 1745 309 regiam
1776 273 1849 301 adi-

1022 321 1080 344 tum
1103 317 1268 351 patefactum
1285 317 1318 344 iri
1339 322 1447 352 putant.
1476 317 1557 344 Certe
1581 318 1616 345 ad
1642 326 1732 353 ganea
1758 325 1848 344 con-

1023 363 1151 391 sectanda
1173 363 1318 390 fenestram
1346 364 1435 398 aperit
1458 364 1615 399 huiusmodi
1641 364 1844 392 communio.

1023 417 1174 444 eorumque
1199 409 1336 437 societatis
1359 410 1424 437 albo
1450 418 1514 440 sues
1538 416 1567 438 et
1594 410 1664 440 hirci
1697 411 1841 438 libente:

1023 456 1205 483 ascribautur.
1231 455 1271 483 Sit
1294 465 1360 484 vero
1382 456 1480 484 iisdem
1494 456 1630 492 pra‘cipua
1653 461 1681 484 et
1697 458 1844 484 maxima

1023 510 1085 537 spes
1101 503 1127 530 in
1148 503 1181 530 iis
1199 503 1390 530 meretricibus
1415 504 1552 538 reposita.
1582 511 1643 538 qua).
1658 504 1686 530 in
1711 503 1846 530 fornice

1024 553 1160 584 prostant,
1176 553 1204 576 et
1219 548 1286 575 citra
1302 548 1438 576 delectum
1450 548 1565 583 quosvis
1577 549 1712 575 accedere
1725 548 1845 574 volen-

1024 600 1065 622 tes
1083 595 1257 629 impudenter
1270 595 1429 622 admittunt.
1453 593 1521 621 Aliis
1541 601 1623 629 porro
1639 593 1668 620 in
1690 593 1842 623 eat-idem

1023 640 1186 671 sententiam
1203 640 1313 672 additis,
1332 641 1415 667 infert
1431 650 1438 667 :
1459 640 1521 667 l'ltcc
1539 645 1564 666 et
1578 639 1739 673 huiusmodi
1756 644 1842 665 sunt

1025 686 1234 713 Pronicensium
1250 686 1389 723 dogmata,
1406 685 1454 720 qui
1475 693 1503 713 se
1519 680 1664 713 GnosticOS
1686 684 1756 712 falso
1778 692 1842 710 n0-

992 758 994 760 τ
1024 733 1097 760 mine
1112 733 1252 760 dixerunt.

1177 799 1311 829 ΙΙιιντρδροδ
1333 799 1504 834 pra'cedrntis
1516 798 1671 833 ratifumtio.

1063 870 1090 898 Si
1106 869 1182 896 Plato
1202 867 1343 895 Platonico
1366 874 1442 895 more
1468 866 1578 893 locutus
1591 871 1650 897 est,
1669 872 1723 892 nec
1751 872 1835 899 prm-

1028 921 1104 944 teuto
1114 915 1319 951 lcgumlationis
1333 914 1446 946 cortice,
1464 912 1687 948 philosophicum
1707 917 1837 938 sensum

1028 962 1160 994 occuluit.
1178 961 1250 989 haud
1263 960 1347 988 dubie
1365 960 1443 987 Plato
1462 959 1573 997 indigna
1590 966 1619 986 se
1635 963 1693 985 tum
1708 957 1838 985 molitus

1028 1013 1087 1039 est,
1115 1015 1177 1035 cum
1205 1007 1316 1042 nuptias
1341 1013 1502 1033 communes
1529 1012 1589 1032 esse
1617 1004 1676 1031 suis
1704 1002 1836 1030 sancivit

1029 1055 1144 1090 legibus.
1162 1054 1229 1081 Nam
1244 1052 1390 1083 Prodicum
1410 1052 1482 1082 sino,
1499 1057 1524 1077 et
1541 1050 1587 1085 qui
1604 1049 1728 1077 Platonis
1744 1048 1836 1075 audi-

1030 1107 1104 1128 tores
1118 1098 1301 1128 dissentaneis
1314 1098 1423 1132 sibique
1440 1096 1621 1124 dissimilibus
1632 1095 1762 1130 magistri
1778 1092 1832 1121 sui

1028 1146 1227 1181 opinionibus,
1248 1151 1377 1180 tanquam
1408 1151 1510 1170 musca
1542 1141 1703 1172 ulceribus,
1731 1140 1829 1166 inﬂati

1029 1199 1102 1222 sunt.
1133 1193 1184 1226 Qui
1214 1192 1288 1219 enim
1315 1190 1521 1219 communitatis
1550 1188 1696 1216 mulierum
1723 1190 1833 1213 auctor

1029 1245 1080 1271 cst,
1096 1240 1119 1266 is
1134 1238 1201 1266 nihil
1224 1237 1311 1269 aliud,
1337 1245 1417 1272 quam
1434 1237 1576 1263 nationum
1593 1233 1730 1261 omnium.
1756 1231 1829 1258 toli-

1032 1295 1118 1322 usque
1130 1286 1240 1320 generis
1251 1284 1363 1312 humani
1376 1282 1568 1310 confusionem
1584 1278 1748 1306 introducit.
1769 1277 1828 1310 Qui

1030 1333 1103 1360 enim
1133 1331 1190 1358 fieri
1214 1334 1320 1364 potest.
1339 1333 1368 1356 ut
1388 1336 1421 1355 ex
1447 1325 1604 1362 huiusmodi
1630 1322 1829 1358 complexibus

1010 1380 1108 1415 pater
1135 1378 1207 1404 ullus
1233 1379 1423 1410 cognoscatur.
1447 1378 1475 1400 et
1505 1371 1596 1399 caeteri
1621 1368 1826 1404 consanguinei

1031 1422 1277 1453 demonstrentur‘i
1293 1423 1327 1448 At
1339 1425 1412 1447 certe
1429 1419 1500 1446 Deus
1517 1417 1585 1444 nihil
1608 1416 1722 1443 confuse
1741 1422 1824 1442 crea-

1030 1472 1080 1501 vit.
1095 1470 1142 1497 sed
1156 1469 1201 1496 ubi
1215 1468 1334 1500 primum
1348 1466 1490 1493 materiam
1507 1468 1625 1498 quatuor
1640 1461 1667 1488 in
1682 1461 1826 1487 elementa

188 1518 311 1545 venerat.
332 1518 460 1548 tauquam
485 1515 618 1550 dznmonis
635 1515 821 1548 emissarium,
835 1517 881 1551 qui
906 1516 978 1543 Ada-
992 1522 1013 1550 (ζ
1031 1517 1206 1552 digessissot,
1221 1522 1254 1541 ex
1271 1514 1324 1541 illis
1335 1513 1408 1539 hunc
1428 1519 1509 1547 quem
1525 1510 1669 1538 videmus.
1684 1506 1825 1533 mundum

188 1568 275 1592 mum.
292 1560 344 1586 hoc
365 1566 406 1586 cst
420 1569 549 1588 manuum
567 1570 678 1589 suarum
689 1570 768 1597 opus.
787 1562 978 1591 cireumvene-

188 1599 247 1632 rat?
261 1605 338 1639 Quod
354 1606 426 1633 enim
440 1606 502 1641 quis
517 1608 702 1642 expetendum
714 1609 829 1643 judical,
844 1610 869 1637 id
881 1618 978 1645 magna

189 1659 299 1686 quoque
314 1652 455 1687 diligentia
484 1654 671 1689 prosequitur,
702 1655 775 1690 quod
805 1663 871 1683 vero
894 1648 980 1684 nocu—

191 1699 324 1730 mentum,
339 1703 467 1733 tanquam
493 1699 545 1727 sibi
559 1701 739 1734 contrarium.
768 1701 868 1730 aﬂerre
893 1704 978 1735 novit,

190 1745 216 1772 id
237 1749 388 1777 aversatur,
405 1753 456 1772 nec
478 1746 534 1773 ulla
551 1754 665 1781 prorsus
679 1747 812 1777 aﬂinilate
840 1749 893 1776 sibi
914 1757 981 1778 cono.

187 1792 287 1828 jungit.

520 1863 595 1891 CAP.
613 1864 645 1892 Χ.

271 1919 380 1946 Decima
401 1920 516 1952 hair-esis,
536 1919 641 1947 Prodici
655 1924 680 1947 et
696 1921 893 1949 Adamitarum.

228 1975 396 2002 Platonicam
419 1974 551 2002 Prodicus
574 1975 748 2010 disciplinam
769 1983 832 2004 cum
866 1984 982 2012 percur-

192 2021 290 2053 risset,
321 2028 419 2048 eorum
448 2021 494 2056 qui
526 2021 658 2048 Adamitm
684 2022 814 2049 dicuntur
843 2023 982 2050 hareseos

191 2072 289 2097 auctor
319 2067 389 2099 fuit,
416 2067 611 2102 publicamque
638 2067 796 2096 libidinosa:
829 2069 982 2105 pruriginis

192 2113 331 2141 licentiam
361 2114 565 2148 Carpocraticis
583 2114 757 2149 dogmatibus
780 2115 898 2143 addidit.
913 2117 983 2149 illiu-

194 2161 273 2187 lieres
298 2159 372 2187 enim
399 2167 563 2188 communes
589 2167 649 2187 esse
673 2161 806 2193 sancivit,
834 2163 913 2197 cujus
942 2164 981 2189 rei

194 2205 279 2238 gratia
302 2212 354 2231 non
377 2209 483 2232 tantum
503 2204 622 2240 publicis
643 2205 670 2232 in
697 2206 841 2238 conviviis,
858 2194 982 2235 lucernis
998 2194 1021 2223 υ

193 2250 336 2277 confestim
353 2250 513 2284 exstinctis,
540 2251 568 2278 in
583 2259 778 2286 quamcunque
800 2252 890 2287 quivis
914 2253 982 2281 inci-

194 2295 289 2327 disset,
307 2303 366 2322 eam
390 2296 607 2330 cotnprimebat,
622 2297 670 2324 sed
691 2297 849 2332 huiusmodi
873 2306 983 2333 quoque

195 2341 393 2376 turpitudinem
408 2343 516 2378 mystici
532 2343 660 2375 sacriﬁcii
677 2344 738 2371 loco
750 2344 880 2373 habebat.
894 2346 984 2380 Atque

194 2389 275 2423 huius
294 2388 333 2416 rei
353 2381 451 2416 testem
473 2389 643 2417 Clementem
658 2409 665 2421 .
681 2390 727 2425 qui
759 2390 895 2418 Stromala
919 2400 986 2418 eou-

192 2436 303 2470 scripsit
317 2435 391 2471 (ιδγ,
407 2441 548 2463 auctorem
564 2437 665 2468 citabo,
677 2444 784 2464 sacrum
802 2437 901 2470 virum,
920 2439 996 2471 qui-'

193 2487 245 2514 quc
264 2487 357 2511 rerum
374 2480 524 2508 multarum
543 2481 640 2515 peritia
658 2487 772 2509 cwteros
786 2490 882 2509 omnes
895 2491 979 2510 essu-

194 2531 280 2559 peret,
299 2527 382 2562 cujus
405 2526 433 2554 in
461 2526 617 2554 Stromaton
643 2527 725 2555 tertio
752 2527 810 2555 haec
836 2529 985 2564 leguntur:

193 2570 263 2597 Sunt
275 2577 358 2605 porro
384 2571 430 2606 qui
453 2571 610 2606 publicam,
627 2575 655 2598 et
680 2572 810 2600 omnibus
833 2573 985 2608 expositam

196 2615 328 2643 Venerem
344 2617 466 2652 mysticae
485 2617 689 2654 communionis
701 2618 813 2645 nomine
827 2618 987 2654 dignentur,

195 2663 233 2687 rei
256 2671 341 2691 sacra:
365 2665 406 2692 vel
438 2665 551 2691 nomine
579 2664 638 2691 solo
666 2664 738 2692 haud
769 2665 852 2693 dubie
880 2665 985 2700 iujurii.

194 2709 299 2737 Deinde
311 2717 406 2739 contra
434 2711 560 2739 subidam
580 2711 665 2744 illam,
683 2713 860 2747 porcinamve
882 2715 987 2748 spurcir

233 2781 254 2795 ‘°
267 2781 369 2816 Philip.
402 2791 429 2815 ιι,
448 2784 473 2810 6.
515 2784 535 2798 ⁶¹
554 2782 621 2810 Ibid.
637 2782 662 2809 7.

213 2842 286 2881 ’(ιῖί)
300 2850 425 2879 (ἶιριιιθιιε
442 2853 466 2878 in
485 2854 630 2879 Stiomatis
644 2853 679 2879 lib
708 2860 747 2879 ιιι.

1031 1563 1184 1592 fabricavit.
1204 1560 1253 1588 liic
1267 1567 1334 1587 vero
1353 1559 1417 1586 dum
1442 1563 1617 1584 communem
1633 1553 1715 1581 nobis
1731 1552 1826 1579 Venee

1033 1618 1089 1637 rem
1106 1610 1163 1644 Iu-ge
1177 1607 1322 1643 permittit,
1336 1613 1387 1634 nec
1405 1612 1468 1633 cum
1479 1604 1587 1631 delectu
1603 1600 1712 1630 mulieri
1730 1599 1825 1626 adhae-

1032 1659 1147 1685 remlum
1164 1654 1262 1686 tradit,
1286 1658 1314 1680 et
1329 1657 1422 1688 patres
1437 1650 1517 1677 nobis
1530 1652 1640 1676 nostros
1661 1645 1776 1674 invidet,
1795 1649 1823 1670 et

1031 1712 1117 1739 genus
1140 1701 1300 1736 ambiguum
1330 1697 1574 1733 promiscuumquc
1588 1693 1684 1721 statuit
1702 1701 1708 1718 :
1734 1692 1773 1739 ita
1794 1695 1824 1717 ul

1031 1737 1074 1777 vix
1092 1750 1219 1783 cuiquam
1236 1747 1409 1774 innotescere
1424 1747 1518 1777 queat,
1534 1749 1569 1768 an
1581 1741 1626 1767 hic
1637 1745 1715 1774 patre
1727 1737 1825 1764 Graeco

1032 1802 1113 1824 natus
1132 1795 1224 1826 fuerit,
1254 1801 1288 1820 an
1308 1800 1373 1819 vero
1396 1790 1443 1817 ille
1458 1797 1491 1816 ex
1514 1786 1641 1815 barbaris
1663 1783 1827 1812 Amaxubiis

1032 1849 1059 1878 ιιι
1075 1840 1264 1878 Hippomulgis
1280 1842 1369 1866 ortum
1390 1835 1527 1863 habuerit.
1547 1834 1598 1861 Per
1615 1838 1640 1860 te
1660 1839 1727 1858 vero
1743 1830 1824 1878 mihi,

1032 1877 1143 1924 quasi).
1168 1886 1253 1921 patris
1269 1884 1381 1912 nomine
1401 1883 1452 1909 frui
1470 1882 1567 1911 liceat,
1589 1877 1824 1914 quemadmodum

1035 1943 1061 1964 tu
1078 1936 1105 1966 in
1125 1934 1287 1961 hodiernum
1311 1937 1398 1965 usque
1422 1929 1494 1955 dietn
1512 1927 1584 1955 ﬁlius
1600 1924 1739 1953 Aristonis
1754 1924 1828 1950 dice.

1035 1983 1081 2012 ris,
1095 1988 1148 2008 nec
1161 1979 1195 2007 ab
1210 1986 1239 2005 re
1253 1976 1449 2007 denomiuaris.
1467 1974 1522 2001 Nec
1531 1981 1563 2000 ea
1572 1977 1646 2000 certe
1660 1969 1826 1998 animantia.

1034 2028 1135 2064 quibus
1150 2025 1231 2052 insita
1243 2024 1313 2050 ratio
1322 2026 1375 2054 est,
1393 2019 1537 2055 quibusvis
1550 2018 1713 2046 mulieribus
1729 2023 1826 2042 semen

1034 2062 1210 2103 committere
1226 2072 1326 2101 solent,
1343 2069 1389 2096 scd
1403 2068 1446 2095 bis
1462 2074 1571 2102 quoque
1585 2065 1626 2091 vis
1641 2064 1766 2099 quaedam
1783 2062 1828 2088 in-

1035 2126 1087 2152 est,
1116 2126 1168 2154 qua
1196 2123 1317 2144 amorem
1344 2117 1476 2148 respuant
1496 2117 1525 2139 et
1541 2111 1677 2138 devitent.
1710 2108 1770 2135 Non
1788 2107 1826 2134 ita

1036 2167 1135 2197 Draco,
1154 2172 1207 2190 non
1236 2163 1272 2189 ita
1296 2162 1378 2188 Solon
1406 2159 1479 2186 cives
1494 2159 1532 2186 tui
1559 2164 1625 2184 suas
1647 2155 1826 2182 saueiverunt

1035 2212 1119 2246 leges.
1138 2209 1185 2236 sed
1207 2207 1294 2234 lectos
1313 2205 1520 2234 distinxerunt,
1545 2208 1641 2236 pugnas
1665 2199 1825 2246 raptoribus

1034 2243 1174 2291 virginum
1196 2254 1363 2288 irrogarunt,
1383 2249 1520 2285 supplicio
1537 2248 1600 2275 illos
1613 2249 1739 2273 extremo
1754 2243 1827 2270 mul-

1035 2306 1139 2334 tarunt,
1163 2300 1322 2336 quicunque
1338 2298 1394 2325 vim
1414 2295 1544 2324 thalamis
1562 2294 1696 2321 inferrent
1714 2290 1826 2319 alienis,

1033 2348 1125 2375 omnia
1140 2345 1260 2380 denique
1279 2345 1348 2371 bene
1364 2347 1391 2369 et
1404 2346 1480 2369 recto
1495 2340 1702 2375 disposuerunt.
1719 2336 1760 2362 ‘l‘u
1777 2343 1827 2361 au-

1034 2401 1100 2426 tem,
1120 2393 1166 2428 qui
1188 2400 1252 2420 vere
1267 2390 1498 2425 sapientissimus.
1515 2393 1544 2414 et
1558 2386 1658 2420 ubique
1676 2384 1827 2411 celeberri-

1036 2448 1096 2468 mus
1111 2439 1221 2466 habitus
1249 2445 1292 2469 es,
1318 2436 1382 2471 quid
1402 2435 1470 2465 tibi,
1487 2441 1597 2469 quaeso,
1622 2430 1735 2458 voluisti
1763 2437 1825 2456 cum

1038 2486 1101 2514 talia
1133 2484 1309 2520 promulgare
1331 2489 1414 2509 ausus
1437 2481 1488 2508 es?
1511 2483 1558 2507 aut
1576 2478 1659 2508 unde,
1683 2484 1715 2503 ex
1737 2482 1825 2509 quote

1039 2531 1163 2566 tripode,
1190 2538 1222 2557 ex
1253 2535 1371 2564 quorum
1390 2526 1510 2561 denique
1535 2521 1775 2559 philosophorum.
1799 2523 1828 2545 ut

1036 2578 1074 2606 ita
1101 2577 1207 2608 dicam,
1231 2573 1384 2603 eorollariis
1397 2577 1445 2600 aut
1469 2569 1646 2607 syllogisticis
1674 2565 1827 2594 rationibus

1037 2624 1069 2651 ad
1084 2624 1141 2650 hiec
1167 2622 1270 2649 tabulis
1294 2618 1472 2647 inscribenda
1493 2616 1630 2644 adductus
1646 2621 1692 2645 es,
1718 2619 1780 2645 qua:
1796 2618 1828 2638 ue

1037 2669 1074 2696 dii
1099 2668 1211 2703 quidem
1231 2667 1268 2694 toi
1298 2663 1506 2700 probaverunt?
1531 2660 1581 2693 Qui
1602 2664 1753 2686 luctatores
1775 2655 1827 2703 sibi

1038 2716 1104 2750 ipsis
1122 2715 1315 2749 prwfccetunl,
1346 2711 1508 2743 nobilesque
1525 2707 1593 2734 adeo
1618 2712 1714 2741 pmnas
1737 2703 1772 2730 ab
1795 2701 1827 2734 iis
