1949 3073
125 89 134 120 i
141 88 199 119 269

758 86 955 118 THESAURI
976 88 1048 119 LIB.
1073 88 1124 120 1V.

1685 87 1755 120 12Ἲο

122 149 357 181 rcpoposcerunt,
375 148 420 182 qui
446 146 473 174 in
500 147 589 175 aliena
611 147 725 183 cupidas
744 155 841 175 manus
857 146 919 181 inji-
933 149 953 177 Α
969 147 1108 175 vixerunt.
1126 147 1189 174 Haec
1205 151 1233 174 et
1257 145 1415 180 hujusmodi
1433 146 1568 181 professi,
1584 154 1645 182 qua:
1670 147 1756 182 pudo-

122 200 192 220 cere
210 193 350 223 auderent.
370 197 398 220 ut
413 200 446 220 ex
463 193 555 220 Ixione
576 193 705 228 conjicio,
730 193 855 228 quamvis
871 193 916 220 ille

121 238 246 265 Junonis
275 239 336 265 loco
362 239 489 265 nebulam
519 239 689 273 amplexatus
708 243 800 266 esset:
831 243 858 266 et
884 246 916 266 et

123 284 233 315 Marte,
249 292 329 318 quam
346 284 482 312 Vulcanus
505 284 538 311 iis
559 285 677 312 vinculis
703 285 916 317 constrinxerat,

123 338 191 364 quze
211 337 302 364 neque
332 329 438 365 frangi,
461 338 551 364 neque
577 331 645 357 solvi
677 334 810 365 possent:
836 336 917 365 atque

123 375 270 403 communi
287 375 435 403 multorum
450 375 570 402 ludibrio
590 376 726 403 elevatum
741 381 916 410 exposuerat,

124 421 258 456 quamvis
281 421 322 448 vel
341 421 468 456 iugerum
482 421 670 455 magnitudine
685 426 840 456 superaret.

167 467 220 494 Sed
248 467 310 501 quia
337 466 491 494 beneﬁcum
521 471 628 501 tempus
657 467 796 495 civitatem
820 467 917 503 ipsam,

124 513 256 546 quamvis
281 512 351 539 bene
369 516 503 539 muratam
534 513 673 543 deseruit,
705 513 918 548 hujusmodique

126 558 204 591 leges
220 557 287 585 solis
302 557 427 592 mandari
455 558 558 585 litteris
573 558 696 591 permisit
708 580 716 590 ,
740 567 791 586 nos
809 567 919 594 quoque

127 602 213 629 tinem
229 603 340 630 dicendi
355 603 499 635 faciemus,
514 612 548 631 ne
565 604 635 632 forte
653 605 686 631 iis
702 605 773 632 vires
792 605 919 632 restitua-

127 655 209 680 mus,
229 652 258 675 et
287 649 415 676 secunda;
442 649 561 684 quodam
594 650 675 677 modo
703 650 765 678 vitae
791 655 919 678 auctores

126 692 228 725 simus,
244 701 305 728 qua:
323 699 433 729 tempus
449 695 526 722 irrita
545 699 573 723 et
589 700 714 723 emortua
738 704 800 724 esse
822 696 917 724 voluit.

455 751 530 779 CAP.
550 751 595 779 XI.

310 796 452 824 Undecima
468 798 575 824 heresis
586 797 744 825 Cuiuarum.

164 853 242 880 Caini
268 853 300 880 ad
320 853 485 888 incnlpatam
509 854 588 881 tidem
610 859 731 881 nostram
758 853 921 882 accedentes

132 900 325 934 baptizantur,
353 900 436 935 impie
465 909 531 927 vero
562 901 770 928 universitatem
805 901 878 929 hanc
906 909 921 930 ιι

129 946 238 973 duabus
266 946 445 979 potestatibus
473 947 608 974 contineri
636 946 733 974 dicunt
762 955 769 974 :
804 955 920 982 quarum

131 992 218 1019 altera
235 992 389 1023 infirmior,
411 993 497 1019 altera
522 993 664 1027 potentior
689 993 815 1021 exsistat.
845 994 920 1021 Etcx

132 1038 166 1064 iis
184 1037 318 1064 Adamum
344 1038 483 1072 Evamque
501 1042 658 1073 prognatos.
688 1038 822 1066 Caeterum
843 1044 921 1073 pote-

131 1088 220 1110 states
243 1084 353 1111 easdem
379 1088 473 1118 postea
491 1085 554 1112 Eva;
568 1085 725 1112 adhaesisse.
753 1086 846 1120 Atque
859 1085 923 1112 Cai-

136 1138 202 1156 uum
217 1129 340 1164 quidem,
356 1130 467 1160 Esaum.
481 1134 508 1157 et
522 1130 630 1158 Coritas
647 1138 679 1158 ex
696 1131 859 1165 potentioris
874 1139 923 1165 po-

133 1176 240 1202 testatis
263 1176 378 1206 semine.
399 1176 511 1203 Abelem
529 1180 620 1203 autem
640 1184 673 1204 ex
701 1177 844 1204 debilioris
858 1185 921 1211 pro-

133 1221 260 1248 cessisse.
289 1221 431 1257 Magnifice
453 1230 563 1257 quoque
595 1230 624 1250 se
650 1223 786 1253 eﬂerunt.
808 1224 883 1257 quod
898 1225 921 1256 :a

134 1268 245 1302 proavis
271 1268 372 1300 Caino.
392 1268 558 1302 Sodomitis,
579 1270 650 1297 Esau
663 1291 670 1301 ,
688 1270 743 1297 imo
759 1278 826 1297 vero
839 1270 921 1297 etiam

134 1322 149 1342 a
166 1315 304 1348 proditore
315 1315 384 1342 Iuda
403 1315 608 1343 descenderint.
628 1316 748 1344 Proinde
760 1317 923 1351 opusculum

135 1361 272 1395 quoddam
307 1360 467 1395 proferunt,
491 1361 564 1395 quod
596 1361 700 1388 auctori
731 1361 808 1389 Iuda:
840 1361 925 1389 ascri-

137 1406 216 1432 bunt.
250 1407 415 1441 Angelorum
441 1414 525 1441 porro
552 1411 578 1434 et
601 1412 768 1441 potestatum
805 1409 926 1436 nomini—

141 1453 192 1479 bus
211 1452 351 1484 confictis,
371 1453 490 1486 ephoros
516 1460 581 1484 eos,
599 1453 651 1480 hoc
669 1457 712 1481 cst
727 1455 860 1489 praesides
875 1463 922 1483 seu

136 1497 282 1530 praefectos
314 1497 512 1531 appetitionum
543 1497 657 1524 rationis
682 1499 839 1532 expertium
863 1508 924 1528 esse

137 1542 242 1570 dicunt.
259 1542 297 1569 Ex
313 1550 367 1577 quo
380 1541 419 1574 ﬁt,
438 1547 466 1570 ut
478 1550 540 1570 cum
553 1543 580 1570 in
592 1545 761 1572 exsecranda
773 1552 799 1573 et
815 1545 924 1574 infanda

138 1593 248 1622 peccata
266 1589 427 1624 impingam;
444 1590 476 1617 ad
492 1598 589 1617 eorum
602 1591 746 1626 quodlibet
759 1593 924 1624 cxclament.

139 1634 161 1661 0
184 1639 223 1667 tu,
246 1635 352 1670 angcle,
373 1635 473 1663 abutor
493 1643 577 1670 opere
597 1641 654 1668 tuo,
680 1643 851 1665 mttncrctuo
879 1639 927 1666 de—

140 1681 246 1716 fungor.
270 1681 341 1714 Quin
362 1686 390 1709 et
410 1690 441 1709 ex
466 1683 543 1710 Pauli
578 1683 695 1717 apostoli
719 1685 832 1712 nomine
855 1694 926 1721 opu-

143 1728 248 1754 sculum
265 1727 338 1754 aliud
360 1728 434 1755 nulla
461 1736 516 1755 non
535 1729 715 1758 obscmnitate
731 1735 840 1758 scatens
862 1739 927 1759 ροη-

141 1773 293 1807 ﬁngentes,
327 1773 518 1806 ’Δγαὸατικὸνν
537 1774 590 1801 hoc
617 1780 677 1807 est,
702 1776 738 1803 De
765 1778 927 1805 ascensione

141 1817 216 1844 Pauli
231 1816 339 1844 vocant.
358 1817 427 1845 lliuc
456 1813 568 1853 arrepta.
581 1820 737 1853 occasione,
756 1822 831 1856 quod
853 1823 903 1858 Apr
915 1839 927 1843 -

142 1864 243 1891 stolum
273 1863 306 1890 ad
333 1863 445 1891 tertium
468 1872 555 1899 usque
579 1866 678 1893 coelum
702 1868 861 1896 ascendisse
887 1869 929 1896 di-

143 1913 223 1941 cant,
241 1913 324 1943 atque
356 1909 392 1936 ibi
422 1910 505 1937 verba
530 1918 585 1938 non
604 1912 751 1940 refercnda
777 1914 927 1947 audivisse.

142 1962 202 1988 quae
216 1962 269 1982 non
285 1954 324 1982 fas
337 1960 379 1982 est
390 1955 496 1983 homini
513 1956 586 1991 loqui
599 1964 607 1984 :
621 1958 721 1992 quibus
735 1966 790 1986 non
808 1960 930 1987 referet:-

144 2001 184 2029 dis
201 2001 292 2028 verbis
308 2001 391 2036 impia
410 2002 455 2029 illa
470 2010 520 2029 sua
532 2002 632 2038 ﬂagitia
646 2004 814 2040 intelligunt.

279 2057 412 2086 Hmreseos
427 2059 601 2094 praecedentia
618 2061 774 2096 confutatia.

177 2114 254 2141 Dicat
269 2122 334 2142 vero
364 2115 501 2150 quispiam
540 2116 676 2145 adversus
706 2118 776 2146 hanc
811 2119 930 2147 hazresin

970 200 1026 219 rem
1060 192 1217 219 hominibus
1251 192 1330 220 facile
1358 193 1509 223 incutiant,
1528 192 1581 219 sibi
1608 199 1697 219 tamen
1727 194 1753 219 in

969 238 1008 265 eis
1024 238 1149 273 placent,
1180 239 1359 273 animumque
1384 239 1416 265 ad
1444 246 1526 265 omne
1547 246 1634 271 genus
1661 239 1754 273 ﬂagitii

971 284 1121 318 appellunt.
1140 283 1245 311 Revera
1270 284 1379 310 illorum
1395 284 1480 318 gloria
1498 284 1524 311 in
1541 284 1650 311 illorum
1672 285 1740 311 dede

972 336 1036 356 core
1051 329 1177 356 consistit
1201 337 1207 355 :
1225 329 1272 364 qui
1288 337 1342 356 non
1359 330 1446 356 solum
1467 337 1616 363 corporeus
1627 330 1757 357 concubi—

971 379 1015 401 tus
1025 373 1170 402 ordinibus
1186 375 1301 402 materia
1316 375 1473 402 carentibus
1490 375 1659 406 attribuunt.
1675 379 1757 409 atque

969 419 1025 447 duo
1038 419 1171 455 principia
1188 420 1261 448 inter
1275 427 1304 448 se
1321 421 1457 448 contraria
1479 421 1600 449 tradunt.
1618 428 1678 455 qum
1695 421 1757 454 qui-

970 464 1032 493 dem
1047 472 1076 493 se
1090 470 1185 493 mutuo
1202 473 1316 500 prorsus
1331 466 1505 498 interimunt,
1531 471 1558 493 ut
1575 474 1636 501 quae
1650 474 1678 493 se
1695 474 1754 492 mu-

972 515 1019 537 tuo
1034 511 1088 545 pati
1101 515 1249 546 nequeant.
1263 511 1371 546 sibique
1387 519 1419 539 ex
1436 512 1571 539 diametro
1585 517 1756 547 repugnent:

970 556 1018 583 sed
1031 556 1113 584 etiam
1126 557 1308 591 aequioribus
1322 557 1480 585 hominibus
1493 557 1606 589 addicti,
1621 565 1656 584 ne
1669 557 1758 585 futura

971 602 1084 637 quidem
1104 602 1158 630 illis
1184 603 1319 637 supplicia
1346 603 1440 631 miseri
1461 611 1552 630 secum
1565 603 1759 638 quoquomodo

971 652 1116 682 reputant,
1134 649 1188 683 vel;
1202 650 1343 677 tantillum
1369 650 1479 684 quidem
1502 651 1697 677 subvcrcnlur.
1721 649 1761 676 Si-

971 694 1084 729 quidem
1098 694 1201 722 Cainus
1220 696 1332 723 meritas
1346 696 1430 724 caedis
1441 696 1569 723 fraterna:
1585 703 1681 730 poenas
1699 695 1759 726 luit=

972 740 1039 767 dum
1059 741 1145 775 gemit
1159 745 1186 768 et
1207 741 1336 775 trepidat,
1370 746 1452 776 atque
1468 750 1516 776 per
1534 747 1621 769 totum
1651 743 1760 768 miserta

971 787 1036 814 vita:
1053 786 1223 814 curriculum
1242 787 1374 815 comitiali
1390 788 1488 815 morbo
1512 789 1629 815 laborat.
1649 788 1760 815 Coranus

947 832 957 842 ’
972 839 1039 860 vero
1051 836 1079 859 et
1106 831 1210 859 Abiron
1236 837 1317 859 terrae
1343 833 1472 860 abscessu
1483 853 1491 865 ,
1511 838 1593 867 atque
1607 833 1639 860 ad
1656 833 1760 860 inferos

972 884 1035 904 cum
1050 877 1178 905 universa
1192 877 1292 905 familia
1306 877 1452 909 descensu,
1465 879 1639 905 condemnati
1658 883 1732 905 sunt.

1007 924 1094 951 Porro
1121 923 1269 952 Sodomita
1283 924 1348 959 igne
1363 924 1473 952 coalitus
1492 925 1518 952 in
1533 925 1694 959 Pentapolin
1710 925 1760 952 de-

973 970 1059 997 misso
1076 971 1236 1005 perierunt,
1258 978 1313 1004 quo
1328 970 1439 1005 quidem
1465 971 1483 998 ii
1495 972 1541 1006 qui
1560 971 1680 998 mascula
1698 971 1761 998 libi-

973 1016 1037 1043 dine
1065 1016 1212 1051 pruriunt,
1240 1017 1392 1046 etiamnum
1420 1017 1559 1044 fructuum
1588 1018 1762 1044 cincreornm

974 1062 1160 1097 perceptione,
1175 1067 1309 1097 ternaque
1327 1063 1470 1096 siccitate,
1483 1069 1511 1091 et
1521 1063 1692 1090 inhabitabili
1705 1063 1763 1090 solo

973 1107 1151 1135 erudiuntur.
1583 1112 1598 1124 ο

1008 1152 1094 1180 Judas
1108 1154 1228 1189 denique
1243 1155 1316 1182 ultro
1331 1155 1464 1190 seipsum,
1478 1155 1553 1182 nulla
1572 1162 1685 1190 prcrsus
1700 1162 1764 1189 per—

974 1204 1052 1233 cepta
1071 1200 1197 1228 mercede
1215 1201 1400 1235 strangulatus,
1415 1201 1499 1228 vitam
1526 1201 1625 1236 laqueo
1642 1201 1761 1235 abrupit.

974 1244 1060 1277 Quam
1075 1253 1139 1272 vero
1163 1247 1304 1281 appposite
1330 1246 1468 1274 daemonas
1481 1254 1590 1281 quoque
1615 1254 1671 1274 suae
1692 1246 1765 1281 ipso-

975 1300 1038 1318 rum
1056 1289 1179 1320 libidinis
1203 1297 1230 1319 et
1255 1292 1476 1327 intemperantia
1502 1292 1644 1327 praefectos
1661 1292 1766 1320 conﬁn-

975 1343 1042 1372 gunt
1052 1338 1064 1364 ?
1075 1338 1110 1365 At
1123 1346 1189 1365 vero
1202 1346 1260 1374 quia
1275 1340 1384 1366 societas
1400 1338 1451 1367 luci
1468 1339 1502 1366 ad
1516 1339 1636 1365 tenebras
1644 1339 1665 1354 θ’
1677 1339 1689 1365 ?
1699 1339 1763 1373 quid

975 1383 1051 1411 Judaa
1066 1389 1094 1411 et
1110 1385 1194 1412 Paulo
1216 1386 1385 1412 commune?
1413 1389 1441 1412 ut
1456 1385 1528 1412 illius
1547 1384 1657 1420 quidem
1673 1385 1764 1412 Evan-

977 1429 1077 1464 gelium
1092 1429 1265 1464 proferatur,
1282 1430 1330 1465 qui
1357 1438 1391 1457 ne
1407 1430 1521 1458 auribus
1537 1430 1648 1465 quidem
1674 1430 1767 1456 Domi-

938 1481 958 1510 ο
977 1482 1041 1501 num
1064 1482 1079 1501 a
1097 1474 1214 1501 mortuis
1233 1474 1396 1506 surrexisse,
1417 1479 1571 1511 gentesque
1590 1474 1670 1501 fidem
1686 1474 1767 1500 Chri-

977 1521 1092 1548 stianam
1105 1521 1218 1548 edoctas
1233 1528 1294 1548 esse
1309 1521 1449 1556 percepit,
1465 1520 1512 1555 qui
1533 1520 1654 1555 seipsum
1667 1520 1764 1546 eodem

979 1571 1101 1601 tempore
1118 1567 1308 1602 suspenderit,
1333 1574 1388 1602 quo
1407 1567 1552 1594 Dominum
1570 1566 1710 1601 prodidit;
1730 1566 1766 1593 ita

977 1618 1008 1640 ut
1026 1613 1136 1647 perire,
1160 1620 1242 1647 quam
1259 1612 1372 1640 sceleris
1393 1613 1528 1648 ptenitere
1547 1612 1695 1639 maluerit:
1716 1612 1769 1639 hu-

974 1659 1021 1693 jus
1034 1666 1100 1686 vero
1113 1658 1226 1686 libellus
1253 1658 1459 1686 commentitius
1481 1659 1554 1686 omni
1579 1658 1768 1685 obscaenitatis

978 1704 1071 1739 specie
1088 1704 1204 1731 refertus
1217 1704 1406 1739 contingatur,
1426 1711 1487 1730 cum
1503 1708 1595 1730 tamen
1611 1703 1703 1730 dicat:
1720 1702 1769 1731 Se-

978 1751 1088 1786 quimini
1095 1750 1309 1782 sanctimoniam,
1323 1750 1380 1777 sine
1388 1759 1441 1785 qua
1452 1758 1527 1777 nemo
1536 1750 1631 1779 uidebit
1642 1749 1725 1777 Deum
1735 1750 1768 1776 ⁸³.

977 1797 1056 1827 Item,
1073 1796 1178 1832 Castigo
1193 1792 1288 1831 corpu's
1304 1804 1400 1828 meum,
1415 1800 1440 1823 et
1460 1797 1486 1822 in
1502 1797 1652 1823 servitutem
1667 1797 1768 1831 redigo.

980 1850 1012 1869 ne
1026 1841 1093 1876 forte
1106 1850 1165 1868 cum
1181 1841 1241 1868 aliis
1262 1841 1477 1876 prwdicaverim.
1501 1842 1556 1876 ipse
1574 1841 1700 1876 reprobus
1716 1841 1770 1876 eni-

979 1889 1035 1915 ciar
1047 1888 1082 1915 “.
1103 1888 1170 1917 Item
1187 1888 1214 1915 in
1234 1887 1356 1923 Epistola
1373 1887 1407 1914 ad
1425 1887 1595 1920 Corinthios,
1617 1887 1651 1915 de
1671 1895 1704 1915 eo
1721 1887 1769 1922 qui

979 1942 1042 1962 cum
1055 1942 1173 1961 noverca
1187 1942 1215 1962 se
1231 1934 1379 1969 polluerat,
1393 1934 1469 1961 hunc
1481 1934 1508 1961 in
1527 1933 1638 1961 modum
1654 1934 1769 1962 scribit:

981 1980 1037 2015 Ego
1051 1980 1155 2016 quidem
1175 1980 1266 2007 absens
1296 1988 1422 2015 corpore,
1448 1981 1508 2015 jam
1537 1988 1652 2015 prwsens
1681 1988 1770 2006 autem

980 2027 1077 2061 spiritu
1091 2025 1222 2061 judicavi,
1240 2031 1267 2052 ut
1294 2034 1409 2062 prrrsena
1429 2035 1504 2059 eum,
1522 2027 1567 2061 qui
1595 2027 1631 2053 sic
1648 2031 1771 2061 operatus

981 2076 1036 2102 est.
1064 2073 1090 2099 in
1107 2072 1214 2099 nomine
1232 2072 1337 2099 Domini
1358 2074 1441 2099 nostri
1454 2072 1517 2099 Iesu
1532 2073 1646 2106 Christi,
1667 2072 1771 2099 tradere

982 2118 1135 2153 Iiujusmodi
1151 2117 1276 2150 Satanae,
1301 2119 1329 2145 in
1345 2119 1481 2145 interitum
1496 2119 1582 2145 carnis
1593 2139 1600 2150 ,
1615 2122 1643 2145 ut
1663 2119 1772 2153 spiritus

144 2161 329 2188 contendens:
345 2162 469 2190 inaudita
493 2163 598 2194 audivi.
622 2172 709 2199 caque
733 2165 802 2194 adeo
815 2173 929 2201 percur-
943 2157 1069 2191 Dsalvus
1093 2164 1126 2190 ait
1147 2165 1175 2191 in
1201 2164 1242 2190 die
1268 2163 1374 2191 Domini
1395 2164 1458 2191 Jesu
1474 2163 1507 2191 ⁸⁵.
1533 2164 1567 2191 Et
1587 2164 1668 2198 paulo
1691 2168 1771 2198 post:

144 2213 203 2233 rere
220 2207 287 2234 mihi
303 2208 432 2244 contigit,
461 2216 522 2243 quae
536 2209 675 2238 oblivione
693 2212 832 2246 profecto,
853 2218 930 2241 tene-

142 2252 252 2288 brisque
266 2254 346 2289 digna
365 2259 439 2282 sunt.
458 2255 526 2283 Cum
546 2257 619 2284 enim
634 2256 729 2285 Caiani
744 2258 802 2286 duo
826 2260 931 2294 princi-

145 2302 186 2335 pia
199 2301 359 2336 praedicant,
377 2302 479 2337 quibus
505 2311 599 2332 rerum
622 2304 788 2332 universitas
804 2311 930 2334 constet:

145 2355 258 2381 quorum
276 2348 392 2376 alterum
409 2349 541 2382 debilius,
571 2351 686 2377 alterum
709 2351 808 2378 fortius
825 2352 876 2383 sit,
900 2360 932 2379 cx

145 2393 314 2422 duabusillis
344 2396 530 2430 potestatibus
554 2396 659 2431 primos
677 2403 806 2432 parentes
820 2406 931 2433 proces-

145 2440 212 2465 shsc
228 2440 315 2468 aiunt.
346 2441 451 2470 Deinde
482 2450 547 2470 vero
571 2443 653 2470 ambo
678 2443 742 2471 Eva:
770 2443 930 2475 adhaasissc.

146 2489 226 2519 atque
248 2493 281 2512 ex
296 2486 429 2514 debiliore
450 2492 585 2522 potestate
613 2489 725 2516 Abclem
756 2494 928 2524 prognatum,

146 2537 314 2565 czeterosque
340 2539 448 2566 omnes,
476 2534 524 2568 qui
545 2534 624 2561 illum
652 2534 739 2562 secuti
761 2535 865 2562 cultum
882 2536 930 2562 Dei

145 2576 287 2610 amplexati
304 2583 388 2604 sunt:
416 2585 448 2604 ex
464 2579 551 2606 altera
567 2587 643 2612 vero,
662 2588 724 2615 quae
739 2580 879 2616 potentior
896 2581 929 2608 ab

147 2621 198 2648 illis
216 2622 328 2654 dicitur,
348 2623 479 2656 Cainum,
494 2624 631 2657 Cormum,
648 2632 675 2654 et
701 2627 848 2654 Abironem
869 2635 932 2661 pro-

147 2667 272 2699 cessisse.
286 2672 367 2703 atque
378 2670 447 2697 adeo
461 2671 632 2699 Sodomitas:
649 2678 677 2700 et
693 2674 852 2708 quicunque
870 2674 930 2701 illos

149 2713 243 2745 secuti,
283 2714 404 2748 luxuque
430 2715 598 2748 dillluentcs,
621 2717 741 2745 molliter
764 2723 792 2745 et
813 2718 931 2745 delicate

185 2806 207 2822 ⁸¹
223 2806 244 2834 ll
257 2807 370 2839 Cor.vt,
391 2809 430 2837 Li.
470 2809 492 2824 θ’
510 2810 592 2838 Hebr.
611 2818 658 2844 xu,
680 2810 719 2838 Η.

760 2812 780 2826 ⁸⁸
802 2812 884 2839 ΗΖοΓ.
900 2819 937 2844 Ix,
951 2812 995 2839 ‘27.

981 2209 1069 2242 Quare
1083 2219 1134 2236 non
1149 2211 1232 2245 magis
1250 2211 1380 2245 injuriam
1401 2211 1522 2245 accipitis
1535 2211 1546 2237 ἶ)
1558 2218 1640 2245 quare
1654 2218 1706 2239 non
1717 2219 1772 2237 ma—

982 2257 1020 2292 gis
1047 2257 1168 2291 fraudem
1185 2257 1330 2290 patimini?
1354 2257 1399 2283 sed
1423 2265 1466 2284 vos
1494 2257 1624 2291 injuriam
1647 2257 1734 2291 facitis
1750 2263 1773 2283 et

982 2304 1135 2338 fraudatis.
1157 2309 1180 2330 ct
1196 2305 1244 2331 hoc
1270 2305 1407 2339 fratribus.
1433 2304 1473 2331 Au
1490 2305 1594 2331 nescitis
1612 2305 1675 2339 quia
1692 2304 1774 2339 iniqui

984 2357 1094 2384 regnum
1111 2349 1158 2376 Dei
1180 2358 1231 2376 non
1248 2350 1418 2385 possidebunt
1433 2351 1445 2376 .7
1463 2350 1551 2377 Nolite
1564 2358 1655 2377 errare
1670 2359 1678 2377 :
1693 2358 1774 2384 neque

982 2396 1132 2429 fornicarii.
1147 2404 1230 2432 neque
1260 2396 1337 2424 idolis
1361 2399 1518 2428 servientes,
1547 2405 1629 2431 neque
1645 2395 1773 2424 adulteri.

982 2449 1065 2476 neque
1082 2441 1189 2473 molles,
1217 2450 1300 2477 neque
1317 2443 1497 2469 masculorum
1522 2442 1710 2473 concubitores,
1730 2449 1775 2466 ne-

981 2495 1031 2521 que
1055 2487 1125 2521 fures
1136 2508 1142 2520 ,
1160 2496 1242 2522 neque
1258 2489 1345 2520 avari,
1364 2497 1446 2524 neque
1460 2489 1554 2515 ebriosi
1566 2508 1573 2521 ,
1593 2495 1675 2520 neque
1693 2487 1775 2513 malc-

981 2533 1042 2565 dici,
1066 2541 1149 2568 neque
1163 2542 1284 2568 rapaces,
1300 2543 1409 2569 regnum
1431 2534 1477 2571 Dei
1491 2533 1657 2568 possidebunt
1671 2533 1704 2560 ⁸⁸.

1020 2579 1108 2606 Verba
1136 2584 1226 2607 autem
1245 2580 1291 2607 illa
1320 2588 1374 2607 non
1403 2579 1568 2610 referenda,
1588 2587 1649 2612 qua:
1675 2578 1776 2605 Paulus

985 2626 1099 2653 auribus
1119 2626 1230 2658 hausit,
1258 2634 1319 2662 quae
1334 2627 1411 2653 nefas
1427 2629 1468 2653 est
1486 2625 1591 2652 homini
1608 2624 1702 2659 loqui,
1732 2625 1774 2651 vel

986 2681 1046 2708 quve
1059 2674 1092 2700 ad
1108 2674 1189 2701 fidem
1205 2682 1258 2700 non
1274 2673 1419 2704 :cdiﬁcant,
1434 2677 1546 2708 propter
1578 2673 1698 2706 ipsorum
1726 2680 1775 2699 no-

988 2719 1111 2752 vitatem,
1129 2725 1156 2747 et
1174 2724 1278 2746 naturae
1296 2720 1424 2746 humana:
1443 2719 1640 2750 inﬁrmitatem,
1659 2727 1711 2752 qua
1733 2718 1770 2750 fit,

1038 2814 1058 2828 "
1078 2813 1085 2838 Ι
1102 2814 1167 2840 (iur.
1199 2821 1224 2845 γ,
1244 2814 1260 2839 ὖ

1290 2821 1366 2847 seqq.
1408 2814 1451 2840 πει
1469 2812 1573 2845 Convi,
1594 2811 1609 2839 7
1624 2819 1700 2847 seqq.
