1949 3073
191 92 258 124 ῙΞΤῙ

816 94 962 124 ΝΙΕΕΤιΕ
989 95 1087 125 CHON
1095 94 1190 124 iA’I‘.‘E

1750 97 1855 129 1272

190 154 220 174 ut
238 155 291 175 non
307 148 385 176 facile
402 149 557 177 auditiones
570 149 726 184 huiusmodi
750 149 894 185 percipiat,
913 158 973 185 qua:
987 151 1009 180 Α
1027 151 1093 178 Deus
1108 152 1199 178 celum
1215 157 1240 179 et
1256 157 1355 180 terram
1369 153 1402 180 τ’.
1428 153 1530 182 Deinde
1543 152 1714 190 quibusdam
1736 162 1857 188 expo-

189 194 330 221 divinitate
345 199 460 222 caeteras
477 196 651 223 antecedunt.

224 239 284 272 Quo
299 240 380 267 etiam
399 240 494 268 referri
510 242 695 276 evangelicam
710 242 780 269 hanc
792 242 973 269 assertionem

189 286 337 312 existimo:
354 287 445 312 Adnue
461 287 543 312 multa
564 287 647 313 habeo
661 288 729 314 vobis
747 288 843 319 dicere,
863 289 908 314 sed
922 296 973 314 non

190 332 296 366 potestis
313 337 420 365 portare
435 332 511 358 modo
521 332 554 358 ⁸⁷.
584 333 650 359 Item
667 342 672 359 :
689 332 755 359 Sunt
773 338 859 359 autem
882 338 905 359 et
919 333 974 360 alia

189 375 291 407 multa,
314 385 371 410 qua
387 377 445 411 [crit
467 377 544 404 Jews
573 379 600 404 in
625 384 762 413 conspectu
785 378 974 412 discipulorum

188 430 390 455 suorum:qnw
411 424 433 449 si
455 425 604 450 scribantur
619 433 666 458 per
686 424 806 459 singula.
828 433 875 451 nec
889 425 974 458 ipsum

190 468 304 494 atbitror
317 469 444 499 mundum
454 477 547 504 capere
556 478 631 504 posse
644 478 686 496 eos
696 471 747 504 'qni
763 470 890 497 scribendi
902 474 973 501 sunt,

191 514 270 540 libros
287 514 320 540 °‘.
348 515 396 541 Vel
409 515 474 548 quia
490 515 556 545 vita,
578 523 638 549 qua!
654 515 807 542 secundum
832 515 972 543 Christum

190 565 247 589 ρει.
265 564 347 594 atque
362 560 431 587 adeo
456 568 568 595 regnum
596 560 747 592 caelorum,
772 560 974 595 quodammodo

190 605 272 637 latet,
292 613 342 632 nec
359 606 472 632 omnino
486 606 537 633 sub
554 611 692 640 aspectum
708 606 790 634 cadit.
806 607 861 633 Hoc
880 614 973 639 sensu,

191 658 245 677 non
263 651 351 678 solum
375 653 443 678 bona
459 651 544 686 ipsius
567 652 694 679 humanis
709 653 864 680 rationibus
881 652 973 687 pervia

192 704 246 722 non
259 701 338 727 sunt.
355 697 402 723 sed
420 705 454 724 ne
469 698 599 733 mysteria
614 698 725 733 quidem
744 698 866 732 ejusdem
882 698 974 724 doceri

190 746 217 768 et
237 742 339 777 percipi
355 748 479 776 possunt.
502 744 570 770 Illud
584 751 712 778 quoque.
735 745 840 770 Audiuit
874 752 974 770 arcana

191 789 287 820 verba,
305 797 364 820 ante
389 798 439 816 non
467 790 529 817 iicel
554 791 653 817 homini
680 790 751 825 loqui
770 791 801 822 ",
828 791 864 818 ita
889 787 974 824 accipi

1025 198 1097 228 sitis.
1114 197 1209 225 Adami
1233 204 1259 226 rt
1277 199 1338 226 Evte
1353 200 1558 232 generationem
1586 200 1723 228 ediSserit
1742 209 1752 226 :
1786 207 1854 228 θος

1026 243 1150 271 rumdem
1168 245 1273 279 lapsum
1287 249 1368 278 atque
1384 253 1399 271 e
1416 244 1544 278 paradiso
1567 245 1694 272 exsilium
1731 245 1850 280 subji-

1026 289 1112 316 ciens.
1137 289 1233 316 Postea
1260 296 1326 315 vero
1355 289 1396 317 sic
1414 289 1471 315 ait:
1497 290 1583 316 Adam
1607 298 1667 323 vero
1691 291 1849 324 cognovit

1025 342 1133 360 urorrm
1148 342 1223 360 suam
1236 333 1327 363 Evam.
1344 342 1402 368 quis
1419 335 1533 368 concepit
1547 339 1572 360 et
1582 336 1682 369 peperit
1695 334 1783 370 Cain
1801 335 1844 361 “.

1025 378 1110 405 Paulo
1140 383 1200 413 post
1226 378 1318 405 Abt-lis
1345 386 1453 413 quoque
1477 379 1646 407 nativitatem
1667 380 1844 410 deseriltit,

1026 419 1079 450 non
1099 424 1157 450 sine
1174 425 1274 451 artium
1291 425 1516 456 enumeratione,
1533 425 1560 452 in
1573 426 1674 460 quibus
1689 433 1723 452 se
1747 430 1845 460 uter-

1026 477 1079 504 quc
1090 469 1244 496 exercebat.

1063 515 1199 542 Virtutum
1215 514 1298 550 porro
1309 536 1315 547 ,
1332 523 1392 550 qnze
1416 515 1538 543 materici
1561 523 1674 550 prorsus
1685 522 1843 543 exsortes

1026 561 1112 588 Deum
1129 561 1320 593 circumstant,
1342 561 1444 587 nullam
1462 561 1548 588 MOSI‘S
1565 569 1652 595 neque
1667 561 1696 588 in
1711 561 1839 589 Genesi

1026 613 1115 640 neque
1131 606 1157 632 in
1182 606 1277 632 Exodo
1301 606 1466 633 mentionem
1498 607 1572 639 fecit,
1598 608 1649 634 nisi
1674 608 1773 634 semel
1805 609 1836 634 in

1026 650 1149 682 Cantica,
1159 650 1201 677 his
1216 650 1306 677 verbis
1325 659 1333 678 :

1061 695 1202 722 Constituit
1229 695 1353 722 terminos
1379 696 1534 731 populorum
1561 697 1639 732 juxta
1670 705 1835 723 nttnrernm

1027 744 1180 775 angetnrum
1201 741 1301 775 ejus".
1316 740 1396 768 Iesus
1407 750 1488 775 porro
1503 742 1576 769 Nave
1593 744 1712 769 noctein
1735 750 1833 769 excr-

1027 787 1084 813 citu
1102 786 1260 814 Michaclem
1280 788 1427 815 Dominica.
1439 787 1544 815 militiae
1561 788 1714 822 principem
1726 807 1736 818 .
1755 796 1830 815 cum

191 839 280 867 potest
298 844 304 861 :
326 835 430 869 Raptus
443 836 543 862 Paulus
560 837 605 863 ilia
626 820 737 863 minime
755 820 856 867 lingua:
881 820 975 867 cuius-
993 820 1014 846 Β
1028 831 1152 858 districto
1164 832 1255 868 gladio
1275 833 1353 860 vidit.
1375 832 1509 860 Caterum
1531 820 1613 859 iu‘iis
1623 820 1830 865 generationi-

190 888 271 914 qnam
291 881 473 915 explicatione
502 882 642 917 percepit.
660 882 709 909 sed
734 882 771 908 illi
793 882 876 908 animi
901 882 971 916 parti

190 933 250 958 qua;
269 925 382 952 rationis
409 931 451 953 est
463 927 611 962 particeps,
625 928 724 954 tacitus
738 926 886 961 impressit.
903 926 973 953 Deus

189 971 262 996 enim
278 979 449 1006 nequaquam
461 980 527 1000 voce
540 973 718 1007 colloquitur,
740 980 894 1007 arcanaque
909 980 972 1012 sug-

189 1017 277 1050 gerit.
296 1018 343 1044 sed
371 1018 414 1044 illa
435 1026 530 1045 eorum
556 1019 655 1046 nuituis
674 1019 780 1049 inserit.
806 1026 876 1053 quos
889 1018 975 1045 collo—

190 1062 254 1096 quio
268 1063 405 1097 dignatur.
434 1064 540 1096 Quibus
563 1065 645 1100 igitur
661 1064 769 1092 arcanis
784 1064 859 1091 nullo
875 1065 974 1099 linguae

190 1107 343 1136 ministerio
359 1109 493 1137 'initiatus
507 1115 567 1142 cst,
591 1118 623 1137 ea
643 1111 724 1138 etiam
756 1118 789 1139 ne
804 1110 896 1145 lingua
911 1111 974 1146 qui-

190 1153 253 1180 dem
270 1154 408 1188 explicare
423 1155 522 1182 voluit.

504 1222 579 1250 CAP.
598 1222 656 1250 XII.

240 1269 247 1278 '
262 1266 421 1294 Duodecimn
437 1270 552 1300 luci-esis,
568 1269 764 1299 Setltt'anorum.
791 1270 828 1297 Ei
839 1271 924 1305 bopti:

530 1308 636 1332 zantur.

227 1361 350 1388 Sethiani
375 1361 409 1388 ab
434 1361 537 1396 angelis
555 1367 653 1389 cuncta
675 1365 766 1388 ortum
795 1362 896 1390 ducere
919 1367 975 1390 tra-

192 1407 279 1433 dunt:
301 1411 382 1441 atque
399 1406 469 1442 duos
495 1407 521 1434 in
538 1407 635 1442 primis
652 1407 798 1440 homines,
817 1407 932 1436 Cainum
947 1413 974 1435 et

191 1452 313 1478 Ahelem.
339 1452 376 1478 De
390 1451 491 1486 quibus
511 1458 573 1479 cum
588 1452 735 1486 aliquando
749 1453 819 1480 inter
832 1461 860 1480 se
885 1452 972 1487 angeli

191 1495 391 1522 eontentiosius
415 1495 642 1530 digladiarentur,
670 1497 781 1525 Abelem
808 1497 911 1524 Cainus
924 1505 973 1524 an-

192 1541 315 1574 griorum
333 1540 478 1568 fortiorum
495 1542 599 1569 auxilio
616 1543 763 1570 interfecit.
793 1541 853 1574 Quo
865 1543 975 1578 cognito

192 1587 318 1620 superior
330 1586 379 1619 illa
397 1587 484 1614 virtus
496 1608 503 1619 .
517 1595 598 1626 quam
627 1593 741 1617 matrem
762 1588 846 1615 etiam
864 1594 974 1620 vocant,

193 1638 262 1665 puro
276 1632 380 1659 semine
396 1637 534 1667 suscepto.
553 1632 667 1660 Sethum
682 1634 715 1661 ad
735 1634 849 1670 justitia‘e
870 1634 977 1662 stabili-

193 1681 327 1710 mentum,
340 1678 510 1714 seminisque
525 1679 660 1715 delectum
677 1679 790 1707 eilinxit.
811 1679 975 1714 Temporum

194 1729 276 1756 porro
287 1731 417 1757 successu
440 1732 540 1758 genera
554 1725 598 1759 illa
613 1724 678 1756 duo,
694 1724 797 1758 Abelis,
810 1717 934 1760 inquam,
948 1729 976 1752 et

192 1766 281 1799 Caini,
296 1770 441 1807 rontmista
456 1775 529 1801 sunt.
557 1769 713 1803 Quinetiam
737 1770 841 1808 angeli,
855 1771 900 1806 qui
917 1770 977 1797 Cai-

194 1822 258 1840 nmn
274 1807 424 1844 etAbelem’
436 1815 630 1854 formaverunt,
649 1824 710 1844 cum
728 1816 852 1843 viderent
867 1816 976 1850 illorum

193 1860 274 1893 ﬁlias,
292 1861 365 1895 quod
383 1853 508 1896 pulchrae
525 1866 635 1893 essent,
654 1869 709 1889 rem
724 1869 785 1891 cum
806 1861 860 1894 illis
875 1861 978 1889 habue—

194 1912 271 1934 runt.
290 1907 367 1940 Quod
383 1915 445 1934 cum
465 1908 592 1942 superior
608 1912 695 1935 mater
711 1908 755 1935 illa
769 1907 890 1939 vidisset,
906 1907 977 1934 dilu-

194 1953 268 1978 vium
294 1953 428 1986 immisit,
446 1957 474 1980 et
492 1957 638 1989 utrumque
665 1961 752 1988 geritis
780 1953 977 1994 pessumdedit,

193 2006 226 2024 eo
243 1998 302 2024 solo
322 2006 421 2033 genere
438 1999 586 2033 superstite
600 2019 606 2030 ,
634 1999 706 2034 qucd
723 2007 738 2026 a
763 1998 846 2026 Sctho
865 1999 978 2029 descen-

194 2046 283 2072 derat.
299 2045 433 2073 Czcterum
445 2047 473 2073 hi
486 2046 620 2078 Scthiaui,
636 2046 670 2074 ad
686 2046 852 2081 nugasquod
867 2047 977 2082 attinet.

194 2099 263 2125 quas
278 2090 311 2118 de
328 2092 430 2127 angelis
445 2097 472 2120 et
488 2092 670 2127 potestatibus
680 2092 889 2124 circumferunt,
909 2093 977 2120 mire

194 2144 255 2163 cum
266 2136 375 2173 Caianis
389 2138 565 2166 conveniunt.

324 2196 331 2203 '
346 2193 480 2229 [Ia‘reseos
497 2195 665 2229 prwredcntis
681 2195 836 2229 confutatio.

231 2249 354 2276 Scthiani
377 2257 410 2276 eo
427 2250 492 2277 dicti
511 2256 585 2283 sunt,
608 2250 681 2285 quod
699 2250 784 2278 Setho
808 2250 976 2290 adhaereant.

195 2295 308 2328 e;usque
325 2295 386 2323 vita:
409 2295 564 2322 institutqu
578 2296 720 2330 magniﬁce
737 2296 861 2323 ederunt.
875 2295 980 2329 Quem-

195 2340 342 2368 admodum
359 2345 387 2368 et
409 2340 514 2373 Caiani,
532 2341 604 2375 quod
631 2341 707 2372 Caiui
739 2341 835 2375 placita
856 2349 911 2376 prae
926 2350 978 2369 cat-

196 2387 265 2413 teris
282 2386 335 2413 sibi
353 2391 554 2420 proponerent,
571 2395 657 2421 caque
673 2392 865 2420 sequerentur.
894 2387 979 2414 Porro

194 2431 426 2466 quemadmodum
443 2431 590 2462 Cainornm
622 2431 748 2466 dogmata
767 2436 877 2465 propter
894 2432 977 2458 {cudi-

196 2484 279 2505 tutem
307 2478 468 2508 detestanda
495 2482 574 2508 sunt,
603 2478 637 2504 ita
662 2477 801 2505 Scthianis
813 2476 980 2504 orthodoxo-

196 2533 255 2551 rum
271 2530 357 2552 cmtus
373 2524 488 2551 omnino
501 2522 708 2550 intrrdiceudus
730 2526 773 2549 est
784 2543 790 2554 ,
810 2522 980 2556 quandoqui-

195 2573 258 2598 dem
272 2570 381 2597 illorum
400 2570 564 2599 traditiones
577 2567 688 2596 veritati
704 2575 759 2594 non
785 2571 848 2594 sunt
861 2574 981 2594 consen-

197 2623 302 2648 lanea),
322 2616 376 2643 imo
394 2623 409 2643 a
434 2615 554 2646 Mosaica
574 2613 718 2646 disciplina
743 2620 856 2647 prorsus
872 2612 979 2640 alienat.

195 2664 263 2689 tium
281 2662 354 2689 enim
369 2662 456 2689 Moses
471 2661 506 2690 de.
527 2661 610 2695 hujus
637 2659 756 2686 universi
782 2658 980 2685 constitutione

196 2708 288 2734 dicere
316 2707 512 2742 proposuisset.
543 2705 715 2741 lttprittcipio
729 2725 736 2737 ,
763 2704 869 2739 inquit,
887 2705 982 2733 creavit

234 2766 256 2780 ⁸⁷
274 2765 349 2791 lnan.
365 2773 420 2791 xvt.
443 2765 482 2791 l2.

204 2800 225 2814 ⁷⁸
242 2800 309 2826 Gen.
332 2808 366 2830 γι,
388 2800 415 2826 ‘2.

521 2764 626 2797 “ina”.
645 2770 700 2792 Χκι,
716 2762 761 2788 9.5.
802 2762 823 2776 "
837 2761 857 2788 ll
879 2761 939 2787 Cur.
957 2769 970 2786 κ

1029 2761 1045 2787 ι.
1085 2762 1106 2776 το
1122 2761 1188 2786 ﬁcu.
1207 2769 1224 2792 I,
1248 2762 1271 2786 Ι.
1310 2761 1329 2775 τ’
1344 2760 1410 2787 Cen.
1429 2768 1464 2790 ιι.
1481 2760 1502 2786 1.

1025 875 1088 908 bus,
1099 883 1159 910 quae
1169 880 1292 911 tempora
1306 877 1349 905 illa
1364 878 1518 904 subsecutae
1538 881 1612 908 sunt,
1624 885 1639 904 a
1659 877 1829 912 iudicibus,

1025 921 1177 956 prophetis,
1199 922 1314 957 aliisque
1336 923 1442 958 justitia
1456 922 1612 950 Celebribus
1637 924 1706 950 viris
1718 931 1828 950 coram

1027 967 1077 999 visi
1090 972 1155 995 sunt
1164 968 1264 1005 angeli,
1279 969 1325 1003 qui
1338 969 1405 996 nihil
1420 969 1494 996 aliud
1506 977 1565 996 esse
1578 969 1719 1000 videntur,
1731 979 1827 1004 quam

1025 1018 1130 1050 natura!
1141 1013 1265 1047 quaedam
1279 1015 1427 1049 simplices.
1443 1023 1503 1050 quae
1517 1015 1595 1042 nullo
1607 1017 1689 1042 modo
1705 1021 1756 1042 aut
1775 1017 1825 1043 vix

1025 1059 1053 1086 in
1082 1059 1191 1095 pejores
1221 1064 1313 1094 partes
1334 1065 1497 1094 transversae
1526 1061 1691 1096 rapiuntur:
1714 1062 1826 1088 divina.-

1024 1106 1132 1141 quidem
1154 1106 1289 1134 claritatis
1306 1115 1429 1142 capaces,
1446 1115 1461 1134 a
1477 1111 1598 1138 nostrate
1613 1116 1678 1135 vero
1690 1115 1822 1134 concre-

1025 1154 1099 1181 tione
1111 1153 1243 1181 materiali
1260 1161 1374 1188 prorsus
1388 1154 1535 1183 immunes.

1058 1199 1194 1226 Caeterum
1212 1199 1240 1226 hi
1265 1199 1398 1232 Sethiani,
1423 1200 1496 1228 nulla
1520 1201 1676 1228 divinorum
1702 1209 1823 1229 eorum-

1024 1244 1143 1284 demque
1173 1245 1353 1272 Mosaicorum
1383 1246 1546 1280 seriptorttm
1576 1247 1668 1274 habita
1693 1248 1818 1277 ratione.

1024 1291 1078 1324 hoc
1107 1291 1229 1318 universi
1246 1298 1346 1326 corpus
1365 1291 1399 1318 ab
1414 1292 1519 1326 angelis
1541 1293 1722 1320 constitutum
1739 1301 1819 1320 asse—

1025 1341 1089 1371 runt
1102 1343 1117 1365 a
1129 1335 1231 1370 quibus
1246 1336 1347 1364 Cainus
1365 1340 1394 1364 et
1411 1337 1477 1364 Abel
1496 1337 1575 1372 primi
1590 1338 1674 1365 creati
1695 1338 1814 1368 iuerint.

1024 1382 1179 1417 suppressis
1200 1386 1357 1419 parentum,
1380 1382 1476 1410 Adami
1502 1383 1607 1410 scilicet
1628 1383 1746 1418 Evmque
1764 1392 1813 1410 no-

1024 1429 1156 1461 minibus.
1179 1429 1282 1456 Deindc
1298 1429 1408 1456 Abclem
1432 1436 1447 1455 a
1467 1427 1554 1456 Caino
1577 1430 1737 1464 angelorum
1757 1431 1814 1458 ior-

986 1486 1007 1513 α
1026 1475 1124 1503 tiorum
1140 1482 1191 1510 ope
1211 1474 1382 1505 interiectum
1400 1475 1519 1502 tradunt.
1541 1476 1573 1503 Et
1590 1475 1663 1510 quod
1693 1477 1811 1503 maxime

1025 1522 1176 1555 absurdum
1195 1526 1247 1552 est.
1267 1529 1300 1548 ex
1316 1521 1409 1548 divina
1423 1521 1540 1555 quadam
1556 1523 1669 1554 virtute,
1681 1522 1722 1549 sic
1736 1523 1811 1549 enim

1025 1571 1134 1599 vocant,
1153 1574 1214 1601 quae
1233 1574 1247 1595 a
1263 1566 1341 1595 Patre
1353 1567 1457 1601 ctelesti
1470 1574 1563 1594 semen
1578 1573 1751 1602 conceperat,
1764 1568 1811 1594 Sc-

1027 1613 1103 1640 tbutu
1130 1617 1224 1640 natum
1244 1612 1409 1640 fabulantur.
1432 1612 1517 1646 Impia
1543 1620 1626 1647 porro
1643 1614 1725 1640 verba
1754 1614 1809 1640 Ιιειιρ

1026 1659 1171 1694 praestigiis
1188 1659 1274 1694 magis
1291 1658 1381 1693 impiis
1409 1658 1582 1689 cumulantes
1593 1679 1600 1690 ,
1624 1659 1734 1693 angelos
1747 1667 1807 1685 (‘lltlt

1026 1705 1190 1732 mulieribus
1208 1711 1368 1738 congressos
1394 1704 1530 1738 intrepide
1554 1708 1690 1735 asserunt,
1710 1712 1769 1738 quae
1793 1714 1807 1730 υ

1026 1751 1152 1785 Caino_et
1169 1751 1252 1786 Abele
1266 1750 1482 1777 descenderant:
1500 1756 1528 1778 et
1551 1756 1683 1785 quantum
1716 1751 1803 1785 conje-

1027 1796 1258 1830 cturisassequor,
1275 1795 1375 1823 auditis
1391 1795 1433 1822 his
1450 1796 1554 1823 Mosms
1566 1797 1675 1824 verbis:
1693 1795 1806 1823 Videam

1026 1842 1076 1875 ﬁlii
1102 1841 1150 1868 Dei
1163 1841 1235 1874 ﬁlias
1249 1841 1400 1872 hominum,
1427 1842 1495 1876 quod
1513 1841 1629 1875 pulo/mu
1645 1846 1745 1872 essent,
1762 1851 1806 1869 ac-

1027 1890 1149 1922 ceperunt
1162 1887 1211 1914 sibi
1236 1894 1331 1914 uxore:
1350 1887 1390 1918 ",
1413 1886 1480 1913 ﬁlios
1495 1886 1541 1914 Dci
1554 1887 1629 1913 nullo
1643 1887 1746 1922 judicio
1758 1894 1805 1914 an-

1027 1934 1102 1970 gelos
1120 1932 1315 1963 nominarunt.
1341 1939 1394 1966 qua
1415 1932 1442 1959 in
1459 1939 1488 1958 re
1512 1939 1541 1959 se
1560 1939 1703 1966 perversos
1724 1939 1804 1960 sacrm

1028 1978 1176 2013 Scriptura;
1199 1977 1374 2012 interpretes,
1401 1982 1495 2012 atque,
1515 1981 1544 2005 ut
1569 1978 1605 2004 ita
1621 1977 1721 2008 dicant.
1750 1978 1802 2004 suis

1028 2023 1306 2058 ipsorum‘seatentiis
1323 2028 1417 2058 aperte
1428 2029 1613 2059 repugnantes
1620 2023 1799 2050 ostenderunt.

1027 2069 1144 2105 Angelos
1155 2069 1242 2101 enim,
1261 2077 1274 2096 a
1291 2069 1392 2103 quibus
1405 2076 1496 2096 rerum
1516 2069 1722 2096 universitatem
1743 2075 1799 2103 pro-

1028 2117 1138 2143 ductam
1153 2115 1238 2142 fuisse
1248 2115 1354 2146 volunt,
1370 2121 1401 2141 ac
1419 2114 1440 2141 si
1452 2114 1614 2148 corporibus
1626 2106 1801 2151 membrisque

1019 2155 1155 2189 ivirilibus
1171 2167 1224 2186 non
1237 2163 1365 2189 careant.
1383 2159 1453 2186 male
1468 2165 1494 2186 et
1512 2159 1594 2194 impie
1611 2159 1734 2186 muliebri
1747 2160 1800 2193 pul-

1027 2205 1183 2234 chritudine
1200 2208 1295 2238 captos
1309 2211 1369 2231 esse
1384 2208 1520 2233 asserunt.
1535 2211 1649 2238 eamque
1665 2211 1716 2230 non
1731 2211 1801 2230 secus

1028 2251 1122 2278 venari
1140 2257 1190 2277 suo
1209 2249 1346 2284 ﬁgmento.
1362 2252 1442 2284 atque
1458 2257 1508 2275 nos
1522 2249 1602 2276 hamo
1624 2250 1742 2275 natatilia
1762 2258 1801 2275 so-

1029 2297 1126 2324 lemus.
1146 2295 1247 2322 Atnou
1274 2295 1310 2321 ita
1326 2302 1355 2321 se
1372 2302 1415 2321 res
1440 2295 1542 2321 habet:
1568 2295 1616 2321 sed
1644 2295 1711 2322 deos
1737 2295 1801 2322 Stri-

1031 2348 1110 2378 plura
1129 2342 1197 2369 solet
1211 2349 1259 2368 eos
1278 2340 1428 2375 appellare,
1455 2341 1502 2375 qui
1519 2341 1620 2368 virtute
1644 2341 1742 2374 Deique
1758 2348 1800 2367 ro-

1027 2387 1148 2422 gnitione
1163 2386 1268 2413 caeteris
1281 2386 1358 2412 facile
1372 2391 1522 2420 pnestaut:
1537 2387 1625 2420 qualis
1641 2393 1655 2412 a
1675 2386 1744 2413 Mose
1757 2385 1799 2412 Se-

1028 2434 1092 2460 thus
1116 2431 1298 2462 describitur,
1328 2431 1458 2457 nimirum
1495 2431 1540 2458 Dei
1565 2438 1658 2458 amore
1684 2431 1798 2461 celebris.

1028 2479 1193 2513 piorumque
1214 2476 1306 2504 Abelis
1332 2484 1438 2503 morum
1462 2476 1583 2503 imitator
1600 2476 1798 2502 exactissimus:

1028 2523 1258 2557 quemadmodum
1273 2525 1301 2548 et
1320 2521 1440 2547 vaticinii
1459 2522 1520 2556 ejus
1539 2521 1682 2547 character
1697 2520 1731 2546 ita
1749 2520 1792 2547 sibi

1032 2572 1148 2598 constat.
1166 2572 1195 2594 ut
1211 2566 1327 2594 evariari
1344 2573 1397 2592 non
1425 2568 1520 2600 possit.
1536 2565 1639 2593 idcirco
1659 2565 1729 2592 enim
1741 2565 1799 2591 inter

1033 2613 1158 2640 homines
1181 2613 1215 2640 de
1239 2611 1402 2646 corporibus
1425 2612 1582 2639 etelestibus
1606 2610 1798 2646 philosophatus

1033 2663 1084 2691 est,
1098 2658 1281 2692 futuramque
1298 2658 1441 2685 mundanae
1456 2658 1538 2684 totius
1563 2657 1696 2684 machina:
1719 2664 1798 2683 corrn.

1035 2704 1153 2739 ptionem
1171 2711 1219 2738 per
1233 2705 1349 2731 alterum
1369 2711 1403 2730 ex
1414 2701 1672 2730 duobusclementis
1687 2705 1792 2736 prastat»

1557 2761 1577 2774 ”
1617 2759 1694 2785 Deut.
1709 2766 1760 2785 κη,
