1949 3073
104 158 175 188 iii—.3

102 266 171 290 :t'it't)
202 266 336 293 columnis
361 267 467 294 duabus
491 267 646 301 inscripsit.
673 271 843 300 quaeutane
862 264 889 290 ίη

104 312 165 338 creti
181 312 281 340 tabulis
303 318 381 340 antea
404 314 515 348 legerat.
531 313 727 341 Columnarum
745 311 829 338 altera
857 317 891 336 ex

104 357 189 384 latere
205 359 294 385 coctili
320 364 488 393 pneparata,
515 360 601 386 altera
627 358 718 392 lapide
745 356 887 390 exsculpta

105 408 174 434 erat,
199 408 228 430 ut
250 404 272 430 si
300 406 409 438 quando
430 405 492 439 igne
516 405 729 432 absumerentur
753 403 890 434 homines,

106 448 223 475 lateritia
254 449 443 484 inconsumpta
472 454 638 484 superesset,
671 450 693 476 si
718 456 783 476 vero
821 454 890 482 aqua

106 494 221 528 perituri
239 500 349 526 essent,
376 495 481 530 lapidea
508 500 728 522 conservaretur.
756 493 891 520 Caeterum

107 539 170 566 tilize
185 539 326 578 hominum
344 539 394 566 illac
414 545 477 566 sunt
488 559 496 571 ,
512 548 572 574 quae
591 547 606 566 a
623 539 699 566 (Iaini
715 545 814 573 genere
829 546 892 572 pro-

108 589 254 610 venerunt.
279 583 340 610 lerc
356 583 427 610 enim
442 593 505 616 vox,
524 585 605 611 homo
620 605 626 616 ,
646 585 667 611 si
689 584 748 611 sine
763 584 892 619 adjuncto

109 629 282 664 proferatur,
298 639 348 657 nec
368 631 566 665 synecdochice
583 631 774 662 subaudiatur,
794 630 892 657 malam

111 676 137 701 in
153 681 267 710 partem,
282 681 311 703 ut
325 677 471 711 plurimum
493 677 577 704 sacris
596 677 621 703 in
633 676 794 710 Scripturis,
812 681 839 704 et
853 676 894 702 in-

112 721 195 755 telligi
219 726 246 748 et
270 723 355 757 accipi
384 723 471 750 solet:
497 730 551 757 quo
578 722 603 749 in
631 722 784 757 signiﬁcatu
811 722 906 748 etiam‘

110 768 181 802 apud
203 767 332 795 Davidem
358 769 458 796 dicitur
475 777 482 795 :
500 768 563 795 Filii
578 769 712 795 hominum
725 790 731 800 ,
759 776 894 803 usquequo

110 817 185 849 gravi
204 818 282 843 corde
299 817 344 844 “.9
357 818 440 844 Item:
460 817 524 845 Filii
538 818 683 848 hominum,
700 816 790 843 dentes
805 824 893 843 eorum

110 870 187 888 arma
213 866 236 888 et
257 863 405 896 sagittae”.
418 862 504 890 Item:
522 862 581 889 Nun
605 862 698 890 timebo
723 861 788 896 quid
813 861 894 895 faciat

112 907 174 933 mihi
192 908 267 933 homo
281 907 313 935 ⁷⁸.

148 951 208 978 Filii
226 957 316 986 autem
333 952 391 984 Dei,
406 952 451 987 qui
474 960 488 979 a
504 951 590 979 Sctho
609 952 653 986 pio
666 952 725 978 viro
739 958 825 986 genus
841 949 892 976 du-

113 998 222 1030 cebam,
240 999 312 1033 apud
341 999 512 1033 tempestatis
532 999 607 1025 illius
628 999 753 1025 homines
778 997 899 1025 oblecta-

113 1045 222 1074 bantur.
251 1044 481 1078 quemadmodum
505 1044 592 1071 Moses
611 1045 653 1071 his
672 1043 763 1070 verbis
781 1043 898 1070 obscure

114 1089 299 1116 subindicavit
316 1098 322 1116 :
342 1088 511 1116 Etuidernnt
526 1089 578 1122 ﬁlii
597 1089 643 1116 Dei
664 1088 736 1122 ﬁlias
751 1088 898 1118 hominum,

113 1135 182 1168 quod
195 1135 312 1170 patrima
327 1140 421 1166 essent,
433 1140 457 1161 et
469 1138 626 1169 acceperunt
639 1143 684 1161 eas
693 1135 720 1161 in
731 1134 852 1169 conjuge:
863 1133 898 1159 ".

116 1181 231 1208 Davides
246 1186 336 1208 autem
352 1182 474 1216 apertius
488 1182 513 1208 id
530 1181 686 1216 prolatavit,
708 1170 900 1207 dum'chordi-

117 1226 172 1253 toni
191 1226 312 1260 psalterii
334 1226 447 1254 chordis
464 1222 613 1261 personans
634 1226 708 1253 hunc
735 1225 763 1252 in
790 1225 900 1252 modum

115 1272 242 1306 psalleret
257 1281 264 1298 :
281 1272 336 1306 Ego
352 1273 416 1302 dixi,
429 1271 473 1299 Dii
485 1273 556 1304 estis,
569 1276 593 1298 et
602 1271 788 1308 ﬁlriAttissimi
799 1278 899 1298 omnes.

120 1318 170 1344 Vos
187 1323 274 1345 autem
291 1322 320 1345 ut
345 1319 462 1345 homines
492 1318 650 1347 moriemini.
666 1322 690 1344 et
714 1321 742 1344 ut
762 1315 902 1352 ἀρχόντων

115 1374 160 1394 seu
175 1366 371 1400 principatum»
392 1374 458 1393 unus
473 1366 571 1392 cadetis
583 1365 617 1391 ⁷⁸.

428 1422 503 1450 CAI’.
526 1423 594 1450 XIII.

137 1472 224 1499 Tertia
242 1472 341 1498 decima
357 1471 474 1501 ha’rcsis,
498 1470 711 1497 Archontirorum
725 1478 771 1497 seu
781 1469 885 1496 Princi-

316 1511 437 1541 palnnm.
461 1505 493 1531 Ili
512 1506 692 1539 baptisantur.

732 158 930 189 TIlESAUIII
955 161 1032 193 LIB.
1052 162 1102 192 ΙΨ.

103 218 220 244 tioribus
232 239 238 248 .
264 227 348 254 aqua,
368 221 478 255 inquam
489 242 495 250 .
508 226 536 248 et
553 220 631 256 igne,
648 219 792 254 praedixit:
809 223 891 252 atque
907 220 927 246 Α

1661 157 1729 193 1274

1100 220 1232 247 Ilwrcscos
1246 220 1412 255 prwcedenlis
1425 221 1580 255 confatalia.

981 277 1170 304 Tenebrarum
1189 277 1323 312 principis
1341 285 1436 305 revera
1452 277 1578 312 discipuli
1605 281 1667 303 sunt
1687 284 1730 303 ar—

946 322 1068 349 chontici
1100 330 1148 349 seu
1173 323 1378 358 principatuum
1408 324 1532 355 ﬁctores,
1560 323 1602 351 vel
1629 323 1730 357 princi-

947 368 1030 402 pales.
1045 367 1126 395 Vanis
1145 368 1219 396 enim
1238 376 1330 396 rerum
1350 370 1492 397 vocabulis
1504 370 1532 396 in
1549 366 1670 396 animum
1689 369 1729 394 in-

946 414 1037 440 ductis
1053 421 1145 445 suum,
1163 414 1352 442 hebdomadas
1363 419 1390 442 et
1405 414 1551 450 ogdoadas,
1570 422 1617 441 seu
1639 419 1731 448 septe-

946 459 1037 485 narios
1049 463 1076 485 et
1088 459 1245 487 octonarios
1259 467 1389 487 numeros
1401 460 1532 487 cwlorum
1546 460 1730 489 conﬁxeruut,

947 504 1036 538 iisque
1049 505 1187 540 principes
1200 505 1392 540 praefecerunt.
1404 513 1458 532 non
1472 505 1567 540 quales
1580 504 1666 531 Moses
1681 505 1730 534 ait,

949 550 1091 578 Constituit
1108 552 1231 578 terminos
1247 551 1414 586 populorum,
1429 552 1508 586 juxta
1526 559 1665 577 numerum
1680 559 1731 576 an-

947 597 1067 632 gelantur
1078 598 1135 632 ejus
1146 598 1179 630 7',
1189 597 1236 624 sed
1248 597 1396 631 unicuique
1412 597 1473 624 cmli
1487 597 1731 631 subprazi‘ecturam

952 651 1007 669 non
1024 650 1105 670 secus
1121 643 1323 678 adjudicarunt,
1340 647 1422 677 atque
1437 643 1460 669 si
1479 642 1546 669 nulli
1567 641 1731 676 principatui

950 688 1079 716 subditus
1090 693 1173 715 esset.
1203 689 1259 716 Iloc
1283 697 1347 715 vero
1362 688 1426 722 quid
1448 688 1533 719 aliud,
1555 695 1656 721 qumso,
1679 692 1732 718 est,

949 742 1030 769 quam
1046 735 1207 770 multiplicis
1221 734 1419 762 dominationis
1435 734 1616 765 introductio,
1630 733 1733 766 Deique

949 785 1134 815 contemptus,
1160 780 1206 815 qui
1230 781 1302 808 hanc
1330 788 1422 808 rerum
1441 780 1647 807 universitatem
1672 786 1734 812 υνυς

950 827 1032 854 tulit?
1047 826 1125 860 Quod
1147 827 1229 854 etiam
1253 827 1450 861 propemodum
1476 825 1652 860 proﬁtentur,
1670 824 1735 850 dum

949 872 1083 907 φωτεινὴν
1094 879 1141 899 seu
1155 872 1274 900 lucidam
1284 871 1429 906 quamdam
1440 870 1628 902 introducunt,
1637 869 1733 896 diabo-

948 919 1061 952 lumque
1081 918 1203 952 septimae
1221 918 1367 952 potestatis
1389 917 1473 944 tilium
1497 924 1558 943 esse
1575 918 1730 945 autumant,

948 968 1030 998 atque
1046 971 1110 991 eum
1122 971 1182 991 esse
1198 963 1315 990 Sabaoth
1331 963 1417 990 Deum
1437 962 1614 989 Hebraeorum
1637 961 1730 996 impu—

950 1009 1049 1041 denter
1064 1009 1278 1043 proloquuntur,
1304 1012 1336 1036 ut
1351 1007 1397 1043 qui
1423 1008 1478 1035 Deo
1505 1006 1639 1034 contrarii
1667 1005 1733 1032 sint.

949 1055 1076 1090 Quaaque
1094 1055 1258 1090 supradictis
1271 1055 1357 1090 magis
1372 1055 1455 1088 impia
1473 1058 1501 1081 et
1514 1053 1632 1081 ridicula
1647 1053 1735 1083 dicas,

951 1100 1013 1128 Erae
1028 1108 1090 1128 cum
1105 1101 1229 1128 dmmone
1245 1101 1436 1132 concubitum,
1452 1104 1479 1126 et
1497 1107 1530 1127 ex
1549 1107 1645 1126 eorum
1669 1106 1736 1125 cou-

951 1154 1044 1182 gressu
1061 1146 1176 1173 Cainum
1196 1150 1224 1173 et
1238 1146 1350 1173 Abelcm
1367 1151 1515 1180 conceptos
1540 1152 1600 1172 esse
1627 1143 1734 1171 contin-

950 1197 1026 1228 gunt
1043 1192 1065 1220 0
1079 1192 1169 1226 qualia
1183 1199 1247 1219 vasa
1261 1192 1395 1227 malignus
1417 1191 1472 1222 ille,
1495 1190 1685 1225 mendaciique
1702 1189 1737 1216 ab

953 1237 1032 1265 initio
1050 1243 1128 1273 pater
1142 1237 1269 1265 efﬂuxit?
1285 1245 1346 1272 quae
1366 1236 1495 1264 nimirum
1523 1236 1660 1272 spurcitiae
1681 1244 1737 1263 sum

953 1284 1064 1319 capacia
1088 1284 1153 1316 sint,
1180 1283 1276 1318 quales
1299 1282 1406 1317 linguas
1432 1282 1487 1309 illis
1512 1282 1583 1309 intra
1609 1281 1734 1309 dentium

953 1335 1028 1365 septa
1041 1329 1184 1360 conclusit,
1200 1337 1287 1362 usque
1301 1329 1369 1356 adeo
1389 1327 1539 1354 mendaciis
1560 1335 1641 1354 omne
1654 1334 1739 1361 genus

953 1376 1097 1405 exercitas.
1113 1379 1141 1402 ut
1155 1375 1196 1402 vel
1214 1374 1302 1410 ipsum
1316 1373 1407 1400 verbis
1426 1377 1551 1407 tanquam
1577 1370 1675 1406 jaculis
1689 1369 1740 1396 im-

957 1425 1064 1455 petant,
1079 1420 1143 1446 dum
1159 1427 1221 1446 eum
1237 1418 1284 1454 qui
1311 1419 1432 1446 materia:
1456 1422 1552 1444 natura
1568 1423 1668 1450 expers
1685 1419 1739 1441 cst.

955 1474 1017 1495 cum
1033 1464 1197 1499 corporibus
1211 1464 1340 1492 humanis
1353 1470 1528 1498 congressum
1541 1470 1600 1489 esse
1618 1461 1738 1488 tradunt.

955 1513 988 1540 Ili
1005 1517 1080 1539 certe
1101 1511 1222 1538 animum
1243 1517 1298 1537 non
1325 1516 1405 1536 secus
1421 1513 1502 1543 atque
1522 1508 1684 1537 daemonem,
1712 1511 1740 1532 nt

153 1565 256 1591 Nomen
284 1563 326 1589 his
351 1571 365 1590 a
391 1562 566 1596 dogmatibus
583 1561 739 1596 impositum
762 1565 815 1588 est.
830 1560 899 1589 Cum
915 1574 937 1604 ο
953 1567 1002 1594 par
1017 1562 1069 1589 est,
1094 1557 1210 1586 materia
1222 1560 1349 1584 constare
1361 1555 1424 1587 rati,
1448 1562 1480 1582 ea
1503 1554 1579 1581 illum
1603 1554 1635 1580 de
1658 1560 1741 1580 causa

117 1611 190 1637 enim
211 1609 343 1637 cwlorum
360 1607 559 1639 hebdomadam
572 1612 654 1642 atque
671 1607 830 1642 ogdoadcm,
848 1607 901 1634 hoc

117 1661 161 1683 est
179 1655 365 1690 scptcnarium
381 1658 408 1685 et
422 1654 593 1681 octonarium
615 1661 761 1683 numerum
781 1661 841 1681 esse
857 1653 901 1680 di-

121 1706 198 1734 cant,
228 1701 326 1728 borum
359 1699 509 1735 unicuique
540 1699 681 1736 proprium
708 1700 826 1734 ἄρχοντα.
853 1706 903 1727 seu

120 1747 272 1781 principem
294 1746 482 1780 pra‘stitubnt.
502 1746 529 1773 In
546 1751 643 1773 octavo
671 1750 763 1773 autem
787 1749 903 1773 matrem

119 1792 265 1826 φωτεινὴν,
282 1791 334 1818 hoc
349 1796 391 1818 est
404 1791 534 1823 lucidam,
551 1799 612 1818 esse
628 1791 715 1818 aiunt.
731 1791 821 1823 Atque
844 1791 904 1818 dia-

121 1837 211 1863 bolum
228 1837 349 1870 septima:
364 1836 599 1870 potestatistilium
610 1836 758 1868 affirmant,
772 1835 902 1862 nimirum

119 1882 238 1910 Sabaoth
257 1890 263 1908 :
283 1881 328 1916 qui
346 1881 382 1908 sit
400 1881 577 1907 Hebrreorttn‘.
601 1881 683 1912 Deus,
708 1889 770 1908 cum
793 1880 903 1915 Evaque

118 1935 283 1963 congressus
307 1927 398 1958 fuerit,
431 1931 461 1959 ut
489 1927 605 1954 maritus
624 1918 686 1955 cum
713 1933 797 1953 uxore
823 1926 904 1957 solet,

120 1980 200 2008 atque
217 1981 250 2000 eo
273 1981 304 2000 cx
321 1980 468 2007 congressu
490 1972 602 2005 Cainum
626 1977 653 1998 et
674 1972 786 2004 Alit-lem
810 1979 905 1999 susce—

123 2022 204 2055 perit.
219 2020 349 2054 Quicum
369 2027 526 2054 germanam
557 2026 678 2046 S'DI‘DI‘CIII
703 2018 784 2050 ambo
808 2018 907 2045 rivali-3

124 2068 295 2101 dcpcrirent,
314 2066 416 2093 invidia
433 2073 549 2100 crepans
579 2065 681 2092 Cainus
698 2064 810 2091 Abelem
825 2064 908 2091 inlcr-

126 2113 234 2140 fecerit.
252 2112 411 2147 Itnprobant
423 2120 488 2138 vero
503 2116 675 2138 mortuorum
691 2117 800 2144 quoque
814 2117 908 2137 resur-

122 2159 284 2190 rectionem,
304 2163 385 2193 atque
401 2158 486 2186 solam
510 2158 626 2184 animam
646 2164 798 2190 resurgere,
824 2163 855 2183 ac
881 2155 908 2183 in

122 2205 214 2231 cibum
227 2203 427 2239 principatibus
438 2208 462 2230 ct
476 2202 605 2238 potentiis
616 2202 712 2229 ccdcre
726 2201 906 2228 contendunt.

956 1605 1010 1633 cibi
1024 1605 1086 1632 loco
1108 1602 1208 1638 apponi
1226 1602 1285 1629 suis
1297 1601 1392 1636 quales
1412 1600 1478 1632 sint,
1492 1598 1701 1634 principatibus,
1715 1601 1743 1623 et

954 1650 1086 1686 potentiis
1098 1646 1296 1676 dementissimi
1311 1646 1434 1674 omnium
1447 1644 1638 1679 pronuntiant.

989 1695 1083 1730 Neque
1092 1700 1157 1721 vero
1167 1693 1228 1720 novi
1244 1691 1392 1727 quidquam
1405 1693 1458 1721 est,
1473 1689 1545 1723 quod
1561 1687 1686 1715 divinant
1699 1686 1740 1713 la-

954 1749 1065 1769 vacrum
1095 1739 1260 1775 improbant,
1289 1737 1457 1770 Scthumque
1477 1740 1584 1769 raptum
1611 1741 1673 1760 esse
1690 1740 1737 1759 nu

954 1793 1063 1823 gantur,
1080 1791 1160 1820 atque
1176 1785 1245 1812 adeo
1270 1787 1442 1811 mortuorum
1467 1780 1695 1808 resurrectionem
1713 1778 1744 1805 li-

955 1834 1054 1862 liornm
1084 1831 1275 1867 procreatione
1304 1829 1362 1856 tieri
1388 1832 1512 1858 censent,
1531 1826 1558 1852 in
1582 1825 1709 1852 omnibus
1728 1833 1742 1851 a

955 1879 1047 1911 Veteri
1081 1878 1212 1912 Novoque
1244 1875 1419 1903 Testamento
1457 1872 1661 1903 dissentientes,
1687 1870 1742 1897 imo

958 1925 1008 1961 ipsi
1021 1925 1076 1951 Deo
1098 1922 1261 1957 obstrepcri,
1280 1928 1387 1949 necnon
1417 1926 1477 1946 sors
1499 1918 1648 1954 portioque
1679 1915 1743 1942 mali

957 1970 1089 1999 daemonis
1101 1969 1224 1998 omnium
1239 1966 1407 2003 gratissima.

1266 2033 1342 2061 CAP.
1362 2031 1435 2062 XIV.

960 2096 1062 2129 Quarta
1081 2095 1180 2120 riu-ima
1201 2093 1319 2129 hrcrresis,
1336 2090 1463 2129 Centenis
1486 2087 1682 2129 et‘Marcionis.
1710 2086 1746 2113 Ili

1013 2131 1047 2157 ad
1061 2130 1139 2164 ﬁdem
1153 2128 1326 2156 orthodoxam
1346 2125 1498 2153 accedentes
1511 2124 1691 2158 baptizantur.

998 2196 1176 2231 Blaspbemiai
1194 2195 1313 2223 Simonis
1327 2193 1370 2221 his
1395 2200 1506 2228 quoque
1533 2191 1641 2218 initium
1660 2190 1745 2217 dede-

124 2249 206 2276 lidcm
227 2236 399 2283 baptismum
416 2236 604 2278 exsecrantur,
623 2247 836 2281 divinorumque
852 2255 907 2281 my
927 2243 947 2270 Ι)
964 2249 1038 2271 runt.
1057 2244 1118 2271 Fuit
1132 2246 1223 2269 autent
1238 2240 1328 2273 Cerdo
1342 2239 1492 2274 antiquior.
1504 2238 1551 2272 qui
1577 2237 1648 2265 duos
1663 2236 1746 2264 etiam

122 2295 268 2323 stcriorum
299 2294 503 2330 perceptionem
524 2293 683 2331 explodunt,
699 2293 799 2327 quippe
811 2301 870 2326 quze
885 2293 910 2319 in

124 2341 253 2367 Sabaothi
276 2340 389 2367 nomine
415 2339 580 2367 celebretur.
605 2339 645 2365 Ab
661 2338 764 2365 Adarno
779 2343 910 2372 praeterea

123 2386 230 2420 cognita
246 2386 353 2413 tandem
370 2385 424 2413 Eva
442 2385 555 2412 Sethutn
578 2384 744 2418 processisse
761 2388 908 2417 nugantur,

124 2439 205 2464 quem
233 2439 351 2466 superna
376 2436 498 2465 potestas
520 2438 551 2457 ex
577 2430 727 2456 continenti
750 2435 909 2463 correptum

123 2476 193 2510 apud
211 2483 240 2504 se
262 2476 433 2506 cnutriverit.
447 2483 505 2511 post
529 2477 668 2510 multaque
693 2481 846 2510 temporum
873 2476 911 2502 in-

126 2522 240 2548 tervalla
270 2521 297 2548 in
325 2525 425 2548 ternm
452 2522 591 2553 detulerit,
614 2522 861 2557 utprincipatuum
884 2527 912 2548 et

125 2567 311 2604 potentiarum
343 2568 473 2602 mysteria
499 2567 627 2595 disceret.
656 2568 704 2595 lIis
733 2576 814 2603 porro
848 2572 913 2594 sunt

124 2613 376 2650 psemlopropltetze
403 2613 514 2647 quidam
537 2613 684 2641 Marsiades
708 2613 913 2645 ctlilarsianus,

124 2667 242 2694 quorum
274 2658 453 2693 posteriorem
482 2658 507 2684 in
527 2658 626 2685 cmlum
642 2667 751 2694 quoque
767 2659 910 2693 abreptum

124 2706 218 2734 fuisse.
234 2710 261 2730 et
274 2711 323 2738 per
340 2708 396 2729 tres
411 2703 531 2730 indidem
553 2703 610 2730 dies
626 2705 801 2736 descendisse
814 2705 901 2734 aiunt.

126 2751 267 2776 Postiemo
286 2749 518 2776 resurrectiom-m
539 2753 709 2777 mortuorum
727 2751 857 2778 cotitinuu
881 2751 909 2777 ﬁ-

126 2798 224 2823 Ilorttrtl
241 2803 273 2822 ex
292 2795 416 2829 patribus
431 2796 606 2829 petieralionc
622 2797 673 2829 iam
689 2797 746 2823 Iicri
766 2797 871 2824 dicunt.

160 2854 181 2868 "
195 2853 264 2880 ι’δτλι.
284 2861 316 2879 Iv.
336 2852 361 2876 ἦς
401 2853 422 2866 ""
440 2853 457 2879 I‘
475 2854 497 2879 al
526 2862 578 2883 rvi,
594 2854 618 2880 ii.

657 2855 678 2869 ”
701 2855 758 2880 Psril
791 2863 870 2885 cxvzl,
890 2855 898 2881 ἱ

127 2889 153 2919 8.
190 2889 213 2903 '°
234 2887 329 2914 Matth.
347 2895 372 2918 γ,
386 2886 430 2913 56.

951 2856 971 2870 ⁷⁷
988 2854 1055 2881 Cen.
1077 2851 1150 2881 “,2.

962 2289 1028 2317 dum
1048 2295 1107 2315 esse
1118 2286 1268 2317 asserebat,
1288 2292 1371 2312 unum
1386 2285 1432 2318 qui
1449 2284 1475 2310 in
1488 2283 1546 2316 lege
1562 2286 1589 2309 et
1603 2281 1747 2316 prophetis

961 2337 1070 2363 locutus
1089 2339 1262 2367 csset,qucm
1278 2332 1360 2360 etiam
1377 2331 1502 2364 impurus
1515 2329 1559 2355 hic
1574 2333 1601 2356 ct
1615 2328 1749 2355 scelestus

965 2384 1047 2410 homo
1061 2385 1211 2408 creatorem
1229 2378 1328 2406 malum
1350 2381 1500 2411 notumque
1527 2374 1652 2406 vocabat,
1681 2373 1747 2399 alte-

963 2437 1023 2458 rum
1039 2435 1105 2454 vero
1119 2426 1201 2453 deum
1218 2424 1320 2451 bonum
1338 2427 1363 2449 ct
1379 2423 1502 2457 ignotum
1526 2420 1656 2448 onmibus
1675 2418 1747 2446 θωτ-

962 2475 1052 2502 mabat
1070 2483 1076 2500 :
1094 2479 1176 2507 quem
1194 2470 1297 2501 Christi
1311 2476 1420 2504 quoque
1437 2473 1543 2502 patrem
1558 2465 1678 2495 diccbat,
1697 2464 1744 2498 qui

961 2521 1068 2548 venisse
1082 2518 1193 2554 quidem
1209 2525 1243 2544 ex
1257 2516 1340 2544 Maria
1356 2515 1571 2542 existimaretur.
1595 2511 1628 2538 ad
1648 2518 1678 2537 ea
1696 2517 1745 2536 an—

961 2565 1102 2601 tiquanda,
1120 2571 1182 2599 qum
1197 2571 1211 2590 a
1228 2561 1323 2589 mundi
1341 2561 1438 2596 opiﬁce
1451 2561 1516 2592 deo,
1533 2558 1603 2585 malo
1620 2557 1746 2591 inquam,

962 2612 1008 2639 ilio
1025 2615 1052 2638 ct
1068 2613 1145 2642 noto,
1162 2607 1266 2636 sancita
1282 2611 1385 2637 essent,
1400 2613 1428 2632 re
1444 2612 1534 2631 autem
1549 2611 1612 2629 vera
1626 2609 1682 2628 non
1698 2610 1745 2628 ve-

963 2658 1058 2684 uisset.
1075 2657 1222 2690 Propterea
1238 2654 1320 2680 ctiam
1340 2657 1459 2678 veterem
1483 2657 1497 2676 a
1524 2647 1635 2675 Christo
1657 2648 1745 2681 Iege-n

964 2703 990 2730 in
1004 2700 1156 2736 Evangeliis
1167 2698 1315 2733 antiquari,
1333 2696 1379 2730 qui
1389 2695 1461 2722 dicat
1475 2694 1583 2720 Dantem
1597 2699 1645 2727 pro
1658 2691 1746 2722 dente,

964 2753 987 2776 ct
1000 2748 1103 2775 oculum
1119 2754 1166 2781 pro
1183 2744 1300 2775 oculo",
1325 2747 1454 2776 tanquam
1481 2739 1526 2766 dei
1548 2737 1612 2765 mali
1636 2737 1749 2764 institu—

966 2802 1077 2822 Ilt'IlClli.

1191 2849 1213 2864 “
1229 2846 1299 2874 Psal.
1317 2852 1409 2876 mm,
1423 2843 1448 2875 ϐ,
1463 2844 1488 2869 ’1.
1529 2843 1550 2857 ⁷⁵
1571 2841 1649 2868 Deut.
1665 2847 1726 2866 xm
1745 2859 1750 2869 ,
