1949 3073
179 94 248 128 125

809 96 829 124 Ν
838 95 955 125 iCE'i‘E
982 95 1186 126 CHONlATzE

1728 91 1800 124 1276

212 148 347 177 Ca‘ternm
373 150 492 177 Marcion
519 149 691 184 Sinopensis.
714 151 775 185 eius
796 151 841 185 qui
865 159 915 185 per
930 158 961 178 ea

1027 152 1108 180 nedio
1121 158 1204 188 atque
1215 153 1268 180 ﬁne
1286 153 1369 188 hujus
1378 151 1514 188 Evangelii
1527 150 1705 178 detraxerunt
1718 158 1725 176 :
1743 149 1807 176 alia-

179 200 301 229 tccvpora
325 196 452 223 Ecclesia:
474 196 615 223 catholica:
639 196 785 231 episcopus
813 201 882 227 erat,
911 196 963 223 viri

177 241 288 274 quidem
309 242 445 276 religione
460 242 619 276 pietateque
638 242 783 269 clarissimi
796 242 867 269 ﬁlivs
879 242 964 269 fuisse

182 286 280 318 fertur,
291 286 411 320 quicum
426 286 558 322 virginem
570 287 715 321 quamdam
727 287 964 318 circumvenisset.

183 335 211 357 et
240 336 457 365 constuprasset.
484 332 590 366 ejectns
614 339 628 358 a
656 336 745 366 patre.
769 337 851 365 atque
867 332 964 358 eodem

179 380 361 410 persequente
381 376 489 411 fugatus
501 383 552 404 est.
565 376 633 404 Cum
647 383 711 411 ergo
733 376 845 403 Romam
872 384 966 411 perve-

180 422 276 452 nisset,
292 422 385 456 ibique
400 423 488 457 qualis
505 428 565 450 erat
579 422 756 455 innotuisset,
782 430 832 449 nec
857 430 872 449 a
897 430 966 457 quo-

178 475 259 501 quam
276 468 310 494 ad
329 467 444 503 synaxin
461 468 664 500 admitteretur,
679 467 814 495 Cet-donis
835 468 966 502 imposto—

179 513 217 540 ris
237 514 354 541 hacresin
381 514 425 541 vel
453 521 515 541 cum
543 513 732 541 additamenta
756 513 899 547 amplexus
912 517 964 540 est.

179 559 226 586 itio
242 560 316 586 enim
334 559 403 586 duos
428 559 495 586 deos
513 563 664 591 asserente,
688 558 735 586 hic
763 563 817 586 tres
840 558 965 586 introdu-

182 604 272 633 cebat.
300 612 386 631 unum
430 605 542 639 quidem
579 612 741 639 supernum,
781 605 966 640 eamdemque

179 649 415 683 innoininahiiem,
433 650 599 678 invisihiiem
612 655 640 678 et
656 650 768 682 bonum,
781 650 885 685 quique
898 650 966 677 nihil

185 696 211 721 in
229 695 331 722 mundo
345 701 488 724 creasset:
508 696 624 724 alterum
642 704 708 723 vero
722 695 871 728 visibilem,
889 703 966 724 crea-

180 746 249 773 tum,
279 745 307 768 et
335 741 428 768 mundi
456 741 605 776 opiﬁcem;
630 742 743 769 tertium
773 741 892 776 denique
920 743 968 777 qui

181 788 252 814 inter
267 787 317 814 hos
331 787 412 819 duos,
430 788 608 819 invisihiiem,
622 788 744 823 inquam.
768 792 794 815 et
818 788 966 820 visibilem.

181 833 290 861 medius
323 838 406 866 esset.
436 841 536 868 nempe
565 834 717 861 diabolum.
751 834 825 861 idem
856 834 970 868 insuper

182 880 321 907 Christum
342 880 376 907 ab
390 880 532 911 invisibili,
546 880 749 913 innominabiii,
762 884 790 907 et
805 880 878 907 bono
891 884 968 914 patre

185 924 361 960 processisse,
381 931 462 961 atque
478 926 606 954 eutndem
620 926 654 954 ad
678 927 781 954 inferos
794 926 969 954 descendisse

181 972 298 1002 dicebat,
328 979 381 999 non
406 971 529 1006 quidem,
560 976 589 998 ut
612 971 722 999 Judaeos
748 975 886 1002 servaret,
921 970 969 1006 qui

183 1018 266 1044 Deum
297 1022 441 1049 noverant,
465 1023 495 1045 ut
520 1017 644 1049 Abeiem,
665 1018 820 1049 Enociium,
845 1018 970 1048 Noa‘um.

181 1064 378 1092 Ahraimmum.
405 1064 544 1095 lsaacum,
574 1064 686 1095 Mosem,
711 1064 851 1093 Davidem.
882 1064 971 1099 iisque

183 1111 342 1137 (onsitnilcs
359 1119 366 1137 :
385 1111 432 1137 sed
455 1110 570 1138 Cainum
593 1110 695 1145 potius,
711 1110 849 1141 Corazum,
866 1110 970 1137 Datha-

182 1164 257 1186 ncm.
270 1157 430 1188 Abironem,
445 1156 556 1190 Esaum,
570 1157 632 1184 etsi
647 1157 709 1191 quis
725 1156 858 1192 ejusmodi
872 1164 970 1191 snper-

181 1209 263 1234 cs.~ct,
289 1209 439 1238 gentesque
464 1204 543 1236 adeo,
565 1211 625 1238 quxe
641 1203 725 1230 Deum
751 1211 804 1230 non
826 1208 969 1231 noverant.

183 1249 247 1275 Inde
265 1250 346 1276 etiam
370 1250 469 1276 diebus
494 1249 676 1276 Salinatorum
706 1250 885 1284 jejunandnm
912 1257 972 1276 esse

182 1296 362 1329 przedicaiiat,
382 1296 516 1330 nngisque
542 1295 600 1322 suis
614 1295 734 1330 quietem
761 1295 872 1323 Sabbati
891 1303 905 1323 a
922 1296 971 1323 Ju-

181 1340 302 1368 daeornxn
325 1342 379 1368 Deo
400 1341 554 1368 institutam
563 1348 623 1368 esse
636 1341 832 1373 mentiebatur,
845 1341 973 1376 quocirca

183 1388 360 1421 ieiunandum
374 1387 453 1414 nobis
462 1395 533 1419 esse,
547 1395 602 1422 quo
619 1387 692 1414 illius
704 1387 804 1422 placita
819 1394 972 1414 servemus.

183 1433 282 1462 Adiunc
297 1434 368 1461 idem
386 1442 440 1461 non
464 1435 558 1466 semei,
580 1434 627 1462 sed
645 1434 797 1473 iterato,yet
813 1434 911 1469 saepius
927 1434 974 1461 ba-t

1016 206 1070 233 que
1091 199 1194 233 scripta
1213 198 1367 226 adulterina
1390 198 1620 225 interseruerunt.
1637 195 1677 223 Ex
1689 195 1809 230 apostoli

1016 244 1134 279 denique
1151 244 1225 272 Pauli
1238 244 1368 279 Epistolis
1381 243 1526 271 nonnullas
1537 242 1698 270 admittunt.

1166 312 1301 340 [hereseos
1316 311 1487 347 prwcedentio
1502 310 1657 345 confutatio.

1053 379 1160 407 Cerdon
1175 380 1289 415 ejusque
1303 384 1454 415 praeceptor
1474 379 1593 407 Marcion
1610 386 1640 405 os
1662 378 1689 405 in
1703 378 1810 405 cceium

1019 431 1154 462 ponentes
1165 427 1235 455 duos
1253 428 1320 455 deos
1336 427 1512 461 proﬁtentur.
1539 433 1625 452 unum
1642 425 1757 460 quidem
1780 425 1810 452 in

1017 475 1075 509 iege
1089 479 1117 501 et
1133 473 1274 508 prophetis
1298 473 1432 504 locutum.
1463 479 1545 507 quem
1571 476 1599 499 et
1626 472 1728 498 malum
1749 479 1810 500 esse

1018 519 1122 551 dicuntI
1139 519 1297 553 quicunque
1321 518 1444 545 omnium
1460 516 1674 551 impurissimam
1690 520 1718 543 et
1745 523 1810 549 pes-

1018 566 1115 593 simam
1131 565 1242 592 vivendi
1258 565 1393 591 rationcm
1411 567 1570 591 sectantur:
1601 562 1716 589 alterum
1743 569 1812 588 vero

1019 611 1120 637 bonum
1135 613 1163 637 et
1189 609 1322 644 ignotum,
1349 616 1431 642 quem
1454 613 1482 635 et
1499 606 1605 634 Domini
1632 606 1720 633 nostri
1743 606 1811 633 .iesu

1020 655 1125 684 Christi
1152 655 1261 683 Patrem
1277 659 1385 681 vocant.
1413 653 1460 680 Dei
1489 653 1602 683 Filium,
1626 651 1756 686 quamvis
1782 651 1811 677 in

1019 705 1108 728 terras
1122 700 1230 728 venisse
1244 705 1415 731 censeretur,
1432 707 1462 726 ΓΕ
1478 703 1568 726 tamen
1590 705 1654 724 vera
1678 704 1733 726 tmn
1764 703 1814 722 VC-

1020 748 1094 775 nisse
1109 747 1222 774 tradunt
1237 755 1243 773 :
1258 746 1342 782 idque
1366 751 1394 772 ut
1418 744 1565 772 Mosaicam
1582 744 1670 778 legem
1699 751 1713 769 a
1739 742 1814 770 maio

1023 793 1075 820 deo
1091 793 1180 819 datam
1204 792 1372 826 antiquaret.
1392 790 1514 819 Ulterius
1539 788 1678 824 progressi
1698 787 1811 814 tertium

986 826 1006 853 Β
1021 840 1102 866 deum
1119 839 1271 868 diabolum.
1297 843 1325 865 et
1352 845 1414 864 eum
1431 844 1464 864 eo
1482 840 1612 871 quartum
1638 834 1738 870 Hylen,
1761 841 1810 860 seu

1023 887 1165 914 materiam
1182 885 1330 913 commenti
1346 889 1421 911 sunt.

1057 932 1144 960 Pcrro
1164 932 1219 959 illis
1235 931 1348 967 quidem
1373 935 1457 962 certe
1469 937 1518 965 per
1536 937 1581 956 me
1606 927 1703 962 nugari
1717 927 1813 956 liccat.

1021 977 1076 1005 Nos
1087 984 1179 1005 autem
1197 986 1282 1005 unum
1301 978 1385 1004 Deum
1405 977 1533 1003 novimus
1549 979 1577 1002 et
1591 974 1744 1003 credimus.
1763 972 1814 1007 qui

1027 1024 1171 1056 materiam
1182 1032 1214 1051 ex
1232 1024 1318 1051 nihilo
1334 1022 1504 1058 produxerit.
1517 1029 1550 1048 ex
1565 1027 1652 1054 eaque
1668 1019 1771 1046 coelum
1787 1023 1816 1044 et

1023 1075 1123 1099 terram
1142 1070 1312 1101 formaverit,
1328 1074 1412 1103 atque
1429 1068 1521 1095 omnia
1545 1075 1605 1102 qua;
1631 1067 1659 1093 in
1685 1067 1727 1093 eis
1749 1069 1816 1091 sunt

1023 1117 1191 1147 condiderit,
1207 1116 1254 1150 qui
1273 1115 1391 1149 primum
1419 1114 1530 1148 quidem
1549 1121 1597 1148 per
1610 1112 1712 1139 Mosem
1726 1111 1815 1138 Israc-

1022 1162 1078 1190 litis
1092 1162 1222 1197 optimam
1237 1162 1314 1196 juxm
1340 1165 1367 1187 et
1391 1159 1562 1187 salutiferam
1589 1158 1675 1193 legem
1693 1157 1815 1184 dederit.

1022 1216 1137 1243 quaeque
1148 1207 1222 1235 omni
1237 1206 1405 1234 detestandm
1416 1205 1517 1233 actioni
1529 1205 1698 1231 adversetur.
1710 1203 1817 1230 Deinde

1022 1262 1088 1282 vero
1106 1262 1155 1289 per
1172 1252 1307 1288 unigeniti
1321 1252 1382 1280 Filii
1397 1251 1505 1279 Domini
1526 1250 1590 1279 Iesu
1610 1249 1713 1278 Christi
1735 1249 1815 1282 lega-

1024 1289 1126 1328 llOl‘lCﬂl
1142 1305 1237 1335 gCﬂU‘S
1253 1305 1284 1326 ut
1301 1303 1539 1327 converterentur.
1555 1297 1697 1330 Deumque
1710 1303 1817 1330 cogno-

1024 1349 1144 1377 scerent,
1165 1345 1302 1372 invitavit.
1313 1344 1441 1371 Christus
1455 1347 1546 1370 autem
1563 1350 1617 1369 non
1631 1349 1665 1368 eo
1680 1341 1767 1370 venit.
1786 1345 1817 1366 ul.

1024 1392 1110 1427 legem
1129 1391 1259 1421 solveret,
1273 1390 1345 1425 quod
1360 1390 1398 1416 illi
1413 1389 1519 1420 volunt,
1533 1388 1580 1415 sed
1593 1391 1622 1413 ut
1638 1386 1816 1420 adimplerel.

1025 1437 1166 1472 Siquidem
1185 1438 1211 1464 in
1229 1437 1289 1472 iege
1311 1437 1443 1471 scriptum
1471 1439 1522 1466 est,
1549 1434 1628 1465 Audi,
1643 1431 1740 1461 Israel.
1764 1431 1816 1458 Do—

183 1479 313 1514 ptizahat.
341 1481 477 1508 Interdum
506 1488 571 1507 vero
597 1485 727 1516 quartum
744 1489 854 1516 quoque
868 1481 969 1512 Deum,
987 1499 1007 1526 ϐ
1031 1485 1118 1511 minus
1146 1483 1215 1510 Dens
1239 1487 1307 1513 uuis,
1328 1482 1457 1509 Dominus
1473 1489 1539 1507 unus
1555 1479 1632 1506 est“.
1651 1479 1718 1505 itcm
1733 1487 1739 1504 :
1757 1477 1816 1503 Non

183 1533 281 1560 nempe
302 1526 398 1561 liyicn.
424 1533 471 1552 seu
498 1527 651 1559 materiam,
676 1526 877 1559 introducebat,
899 1534 973 1553 eam-

183 1579 236 1605 que
251 1572 285 1598 ah
301 1571 469 1606 ipsmnnndi
486 1573 585 1607 opiiice
601 1573 657 1599 Deo
673 1578 838 1607 assumptam
855 1581 914 1600 esse
930 1573 972 1600 di-

184 1618 274 1650 ccbat,
295 1627 327 1645 ex
341 1627 393 1653 qua
415 1619 459 1646 ille
478 1627 569 1646 rerum
594 1619 802 1647 universitatem
827 1620 972 1654 produxis-

185 1671 226 1692 set
243 1674 249 1692 Ζ
271 1673 302 1692 ex
317 1665 462 1700 purissima
479 1666 608 1692 nimirum
626 1667 685 1701 ejus
706 1671 783 1701 parte
807 1666 919 1698 coelum,
942 1674 975 1693 cx

186 1711 298 1745 reliquis
318 1711 452 1738 elementa
478 1716 607 1746 quatuor,
633 1720 667 1738 ex
693 1712 746 1738 ima
772 1720 837 1739 vero
864 1711 921 1739 fece
948 1718 976 1740 et

186 1757 341 1784 scdixnento
356 1757 496 1784 infernum
515 1762 596 1792 atque
609 1758 766 1785 Tartarum.
783 1758 862 1789 item,
880 1759 975 1786 Puris-

185 1805 265 1835 .sima.
284 1805 373 1840 inquit
387 1805 443 1837 ille,
461 1811 540 1832 terra:
554 1811 629 1839 parte
642 1806 806 1832 transcoiata
820 1806 974 1840 paradisum

185 1849 309 1876 condidit
324 1850 405 1883 Deus,
428 1858 460 1877 ex
474 1858 529 1884 quo
545 1851 621 1885 gleba
639 1850 721 1877 unica
748 1856 875 1885 correpta
903 1852 974 1879 Ada-

186 1903 260 1922 mum
276 1897 404 1924 formavit
422 1901 526 1932 :atque
545 1897 582 1923 illi
598 1898 717 1923 animam
731 1898 839 1932 propria
859 1905 891 1925 ex
907 1899 975 1925 sub-

186 1942 285 1969 stantia
308 1942 424 1977 largitus
441 1948 503 1970 est:
526 1943 682 1978 exindeque
709 1945 779 1971 adeo
799 1945 924 1978 corporis
947 1949 975 1972 et

187 1987 286 2014 anima:
314 1996 431 2022 pugnata
459 1988 525 2015 oriri
544 1994 659 2029 lcenset,
685 1997 746 2016 cum
773 1990 838 2016 hinc
864 1990 975 2024 quidem

187 2033 278 2060 anilna
294 2041 395 2069 corpus
406 2034 437 2061 ad
450 2034 545 2061 mundi
557 2034 681 2069 opiﬁcem
693 2035 831 2063 attrahere
842 2042 976 2064 conetur:

189 2080 264 2106 iiiinc
285 2088 349 2106 vero
364 2082 597 2114 corpuseamdem
610 2081 682 2107 lucta
694 2081 829 2108 devictam
839 2082 917 2116 hylas.
929 2091 975 2109 seu

190 2126 323 2157 malerim.
351 2135 383 2153 ex
413 2134 465 2160 qua
486 2126 615 2152 nimirum
633 2126 748 2153 formata
770 2128 815 2156 sit.
840 2129 976 2155 ascribere

189 2172 350 2199 contendat.
369 2172 441 2199 idem
454 2178 610 2206 serpentem
621 2172 719 2207 opiﬁce
729 2173 824 2200 mundi
838 2174 976 2201 meliorem

189 2225 249 2243 esse
268 2218 434 2252 uagabatur,
454 2218 517 2252 quia
540 2218 646 2244 scilicet
669 2217 714 2244 hic
734 2218 846 2253 quidem
873 2219 980 2246 arboris

189 2263 311 2290 scientia:
328 2263 534 2298 perceptionem
548 2263 738 2297 prohibuerat,
757 2264 803 2290 ille
827 2272 892 2291 vero
907 2273 981 2291 cam-

190 2310 251 2336 dem
267 2310 426 2344 permiserat
446 2315 473 2338 et
488 2311 638 2338 invexerat.
655 2310 745 2344 Quare
770 2311 816 2345 qui
835 2311 982 2339 Marcionis

191 2357 308 2383 inrresin
334 2358 511 2391 proiitentur,
544 2365 650 2384 aeneum
688 2362 843 2391 serpentem
877 2358 980 2389 colunt,

190 2411 310 2437 eumque
327 2403 352 2429 in
370 2403 490 2436 capsulis
506 2408 657 2430 asservaut.
673 2403 856 2430 liiarcionista:
873 2403 983 2438 insuper

195 2449 378 2484 virginitatem
397 2449 526 2484 professi,
543 2448 708 2475 mulieribus
720 2457 831 2483 quoque
843 2447 875 2474 ad
895 2448 985 2483 bapti-

194 2494 311 2522 aandum
331 2495 463 2522 accudere
478 2494 653 2528 permittunt,
676 2497 761 2527 atque
788 2493 815 2520 in
845 2493 983 2528 mysteriis

194 2548 264 2575 aqua
279 2541 337 2568 sola
360 2545 487 2571 utuntur,
513 2544 540 2566 et
566 2539 678 2566 unicum
704 2539 785 2566 Luca:
812 2540 984 2574 evangelium

193 2587 348 2621 approbant
373 2586 497 2613 abscisso
533 2584 680 2619 principio,
713 2584 802 2619 iisque
843 2585 980 2617 omnibus,

194 2634 294 2668 quibus
315 2634 375 2667 eius
395 2632 603 2667 conceptionem
626 2636 654 2659 et
679 2623 897 2658 incarnationem
918 2638 982 2666 per-

193 2681 278 2707 currit
290 2689 296 2707 :
310 2686 390 2714 atque
403 2679 464 2706 inde
475 2679 601 2705 inchoata
616 2678 782 2709 narratione,
795 2677 871 2704 Anno
882 2678 981 2704 decimo

194 2728 284 2760 quinto
305 2727 409 2761 imperii
429 2726 524 2753 ΤίΙιιτι-ἰὶ
538 2724 694 2755 timoris“,
715 2723 846 2758 pleraque
864 2723 947 2749 etiam
963 2731 978 2750 e

486 2783 508 2798 ⁶¹
529 2783 611 2809 Deut.
636 2790 670 2811 κ’),
693 2782 718 2807 εί.
777 2780 893 2806 ’⁷⁸Ιλῖκιιι1.
910 2788 954 2808 xv,

681 2818 702 2830 "“
725 2816 849 2846 “il-1.1”,
873 2816 914 2840 £7.

228 2785 250 2799 ει
267 2784 332 2812 Luc.
351 2794 390 2815 tu,
411 2785 433 2811 i.

197 2827 289 2850 ιιι-ιιι,
306 2821 345 2848 19,
384 2821 405 2833 ⁵⁷
423 2819 517 2846 Matth.
543 2827 568 2848 ι,
587 2819 620 2842 ὖῖς

995 2166 1016 2192 ll

982 2780 996 2787 ~

982 2790 1006 2806 ἦ.

1025 1534 1100 1556 erunt
1114 1530 1158 1556 tibi
1171 1529 1207 1556 dii
1223 1529 1279 1558 alii.
1292 1532 1388 1563 prmter
1403 1527 1482 1554 me“.
1497 1526 1562 1553 item
1578 1533 1585 1552 :
1602 1525 1660 1551 Non
1675 1525 1754 1555 {acies
1770 1523 1818 1550 tibi

1024 1576 1135 1606 idolum,
1163 1583 1213 1601 non
1227 1575 1336 1609 accipies
1359 1582 1453 1600 nomen
1478 1573 1583 1600 Domini
1606 1572 1653 1599 Dei
1672 1572 1709 1597 tni
1726 1571 1753 1596 in
1770 1579 1817 1596 ra-

1026 1621 1130 1649 num".
1162 1622 1253 1656 Atque
1279 1621 1337 1648 inec
1363 1620 1475 1656 quidem
1503 1619 1586 1646 verba
1615 1617 1750 1647 cilicium,
1782 1624 1817 1642 ne

1025 1669 1120 1703 plures
1143 1676 1203 1695 esse
1235 1669 1302 1695 deos
1330 1668 1544 1694 existimemus:
1568 1667 1713 1699 ipsumque
1732 1672 1817 1690 unum

1026 1719 1052 1740 et
1065 1714 1154 1740 solum
1171 1721 1364 1749 agnoscamus,
1388 1713 1433 1747 qui
1453 1717 1551 1739 natura
1576 1711 1647 1738 Deus
1661 1713 1714 1736 est.
1732 1709 1818 1734 Porro

1026 1759 1099 1786 Deus
1112 1767 1171 1786 cum
1188 1759 1357 1789 hominibus,
1374 1759 1425 1786 hoc
1440 1762 1478 1785 est
1497 1757 1652 1785 nobiscum,
1673 1754 1751 1787 quasi
1771 1761 1820 1787 per

1027 1805 1116 1832 velum
1135 1805 1239 1837 carnis,
1255 1809 1444 1834 conversatus,
1458 1803 1650 1838 perfectiorem
1666 1800 1712 1827 Dci
1725 1799 1804 1833 cegui

1029 1850 1130 1877 tionem
1147 1858 1174 1877 tn
1192 1851 1324 1878 mundum
1345 1850 1458 1880 invexit,
1476 1848 1523 1883 qui
1539 1847 1646 1874 Patrem
1661 1846 1696 1872 ita
1716 1852 1820 1879 cogno-

1027 1896 1171 1927 scendum,
1194 1901 1222 1924 ut
1238 1897 1284 1931 qui
1301 1896 1437 1932 principio
1450 1901 1586 1928 causaque
1600 1897 1702 1922 careat,
1721 1891 1820 1918 Fiiium

1028 1950 1093 1969 vero
1107 1942 1134 1968 in
1150 1942 1286 1976 principio
1302 1941 1412 1976 quidem
1431 1949 1445 1967 a
1459 1941 1541 1968 i‘atrc
1559 1939 1693 1974 genitum,
1718 1936 1823 1969 princi-

1028 1988 1073 2022 pio
1088 1992 1176 2015 tamen
1193 1993 1342 2020 carentem,
1362 1987 1450 2021 utqui
1467 1991 1620 2013 comternus
1638 1984 1675 2011 illi
1691 1984 1727 2010 sit
1741 1991 1748 2014 ;
1763 1982 1824 2013 Spi-

1029 2034 1112 2063 ritum
1134 2034 1252 2069 denique
1278 2034 1312 2061 ab
1337 2033 1384 2060 illo
1403 2033 1563 2067 procedere.
1588 2030 1716 2057 docuerit
1736 2038 1743 2056 :
1772 2029 1820 2062 qui

1029 2081 1084 2107 duo
1097 2081 1192 2107 eodem
1218 2088 1273 2116 quo
1298 2081 1377 2108 Pater
1402 2080 1530 2114 imperio,
1559 2078 1654 2104 ea'iem
1683 2076 1822 2110 potentia,

1029 2126 1126 2153 eodem
1145 2127 1260 2155 honore.
1274 2126 1368 2153 eadem
1385 2125 1502 2153 essontia
1517 2123 1653 2160 gaudeant
1670 2132 1676 2148 :
1693 2127 1723 2148 ut
1736 2130 1768 2148 ex
1780 2121 1826 2148 liis

1029 2173 1152 2206 ejusdem
1185 2173 1218 2199 ad
1253 2172 1447 2199 Samaritidem
1482 2170 1572 2197 verbis
1600 2169 1729 2203 colligere
1762 2172 1824 2197 cst.

1031 2217 1114 2245 Crede
1129 2218 1201 2247 mihi.
1216 2218 1322 2249 mulier.
1341 2218 1466 2252 quoniam
1483 2217 1553 2244 vcnit
1570 2216 1635 2242 hora
1650 2214 1759 2250 quando
1777 2222 1824 2239 ne-

1031 2273 1079 2300 quc
1093 2266 1119 2291 in
1147 2269 1234 2291 monte
1262 2267 1319 2295 hoc,
1350 2272 1432 2298 neque
1460 2261 1648 2297 Hierosolymis
1676 2261 1826 2287 adornéflis

1034 2311 1153 2338 Patrcm.
1180 2310 1228 2337 Vas
1243 2310 1361 2336 adorolis
1380 2309 1450 2344 quod
1473 2309 1587 2338 nescitis,
1605 2315 1652 2334 nos
1680 2307 1826 2332 adoramus

1034 2357 1103 2391 quod
1118 2357 1224 2385 scimus,
1240 2355 1303 2390 quia
1327 2354 1399 2381 solus
1426 2363 1457 2380 ex
1481 2354 1580 2380 Judwis
1604 2357 1654 2379 est.
1672 2352 1725 2378 Sed
1754 2352 1824 2378 venit

1034 2403 1111 2432 liora,
1128 2407 1150 2427 et
1168 2409 1239 2427 nunc
1256 2405 1293 2427 est
1308 2400 1413 2435 quando
1429 2400 1483 2426 veri
1501 2399 1658 2425 αιτιοι-(λιστεδ
1675 2396 1826 2423 adorabunt

1034 2447 1142 2474 Patrem
1158 2448 1183 2474 in
1205 2448 1300 2482 spiritu
1318 2450 1342 2473 et
1364 2448 1474 2473 veritate
1483 2446 1516 2471 ⁸⁵.
1537 2445 1645 2472 Etenim.
1662 2443 1730 2470 tales
1748 2443 1828 2469 Pater

1033 2495 1133 2528 qumrit
1149 2494 1319 2520 adoratores.
1338 2492 1405 2519 Item
1418 2491 1463 2518 ilia
1481 2491 1563 2518 etiam
1578 2497 1638 2532 qua:
1655 2494 1718 2523 post
1736 2496 1830 2515 resur-

1035 2539 1188 2566 rectionem
1213 2537 1358 2572 discipulis
1384 2537 1454 2563 dixit
1473 2545 1478 2563 :
1495 2535 1597 2562 Euntes
1623 2533 1712 2560 docete
1741 2541 1829 2559 omnes

1037 2589 1136 2620 gentes,
1155 2585 1319 2618 baptizantca
1341 2591 1384 2610 eos
1400 2583 1426 2609 in
1443 2582 1548 2609 nomine
1563 2580 1665 2609 Patris.
1678 2585 1702 2606 et
1722 2578 1793 2609 Filii,
1808 2582 1830 2603 ct

1037 2630 1152 2665 Spiritus
1177 2630 1306 2658 sancti".
1332 2629 1421 2656 item:
1441 2628 1495 2654 Lex
1511 2626 1622 2662 quidem
1649 2626 1697 2656 ait,
1720 2624 1830 2650 Dantem

1036 2686 1085 2712 pro
1099 2678 1185 2709 dente,
1201 2682 1223 2703 et
1236 2675 1343 2703 oculum
1358 2683 1405 2710 pro
1418 2673 1493 2700 oculo
1502 2674 1535 2700 ³⁷.
1551 2673 1618 2699 item
1636 2671 1709 2698 :Non
1721 2672 1830 2697 ortidu.

1036 2724 1093 2751 Non
1111 2722 1321 2750 mtrclmlicris".
1336 2721 1464 2749 Christus
1477 2724 1569 2747 autem
1588 2727 1594 2744 :
1611 2717 1767 2751 Quicunque
1786 2716 1827 2742 in-

1047 2782 1067 2795 ⁸³
1086 2781 1152 2807 Ιιιιιὲ.
1173 2781 1194 2807 ι,
1221 2780 1245 2805 7,
1304 2779 1326 2793 ⁸⁵
1353 2777 1431 2806 .Ioan.
1451 2783 1487 2807 iv,
1514 2775 1543 2800 *Zi
1567 2781 1644 2807 seqq.
1695 2769 1828 2798 “Matth.
