1949 3073
131 119 200 151 ῙΞῙἿ

768 120 969 150 TlIESAURI
992 122 1068 153 LlB.
1089 123 1138 153 IV.

1692 123 1762 155 1278

129 177 218 210 [enses
257 177 334 211 fuerit
361 178 440 212 fratri
466 181 580 210 temere,
610 185 669 204 reus
696 178 744 204 erit
776 177 919 212 judicio”.
935 176 957 207 Α
971 179 1127 214 exinauivit,
1140 180 1255 215 formam
1265 181 1473 216 scrviaccipicns
1483 179 1656 212 ".Proindc,
1671 180 1759 209 venit.

129 222 198 248 ltem
216 230 222 247 :
242 222 391 254 Quividerit
404 223 540 250 mulierem
554 223 588 250 ad
598 223 833 257 concupiscendum
850 231 920 254 eam,

126 269 187 303 jam
206 270 348 296 matchatus
364 273 401 296 est
413 277 471 296 cum
483 269 531 296 illa
551 269 579 296 in
595 269 673 296 corde
687 269 779 296 suo“.

169 315 231 342 Jam
253 322 319 342 vero
341 315 368 341 in
381 315 541 350 hujusmodi
558 315 799 342 exhortationibus
818 315 923 342 consti-

130 361 203 388 tutio
231 360 299 395 legis
327 360 540 396 haudquaquam
573 361 709 392 consistit.
740 361 787 388 sed
814 361 922 388 honesti

132 406 258 433 custodia
275 412 302 434 et
320 407 494 434 conservatio
511 408 670 442 perfectior.
688 407 774 436 Vetus
787 408 861 435 enim
880 407 923 434 lex

129 453 266 479 Scelerum
284 452 352 480 fines
368 457 522 485 aversatur.
547 462 649 489 eosque
672 454 761 489 punit,
785 463 799 481 a
823 455 923 489 quibus

131 498 177 525 illa
193 499 337 526 commissa
365 499 480 531 fuerint.
502 508 564 535 quae
589 501 680 528 minus
705 501 819 529 honesta
835 506 920 528 sunt:

129 544 258 572 Christus
272 553 338 572 vero
351 546 391 573 vel
409 547 494 580 prima
510 547 634 582 germina
649 547 779 575 radicitus
790 548 922 582 exstirpat

131 598 285 625 eorumque
298 593 410 619 nomine
433 600 528 627 poenas
540 593 673 628 exposcit.
692 593 833 621 Mulierem
846 594 919 620 enim

129 636 163 662 ad
176 636 426 672 concupiscendum
443 638 556 671 vidisse,
568 645 616 667 aut
627 639 758 667 iracunda
770 640 921 667 commina-

130 682 204 709 tione
231 684 513 720 eontumeliosiusque
541 686 567 712 in
598 686 711 713 fratrem
739 686 921 714 insurrexisse

128 727 215 761 (quod
230 736 263 755 ne
281 729 335 760 fiat,
353 737 458 757 summa
474 738 540 757 cura
553 731 706 758 cavendum
720 739 778 758 esse
794 731 922 759 Christus

127 772 285 807 admonet),
297 775 508 810 haudquaquam
521 777 660 803 actionum
679 776 739 804 linis
754 781 781 804 et
795 785 922 804 consum-

127 819 212 846 matio
226 824 278 850 est,
292 828 374 855 quam
384 821 500 849 Mosaica
508 821 551 849 lex
563 827 714 855 avnrsatur,
726 823 773 849 sed
784 823 921 858 appetitus

977 230 1007 252 ιιι
1031 233 1120 260 genus
1143 226 1292 253 humanum
1319 231 1452 258 SCI‘VZI‘CI.
1480 226 1559 262 cuius
1583 227 1696 252 formam
1720 233 1762 251 35-

975 277 1139 306 sumpserat,
1153 277 1236 307 atque
1252 273 1321 300 adeo
1335 273 1466 300 subdolus
1480 272 1614 299 dmmonis
1629 277 1703 299 artes
1724 271 1761 298 ir-

975 316 1042 344 ritas
1056 317 1167 349 faceret,
1186 325 1266 352 quem
1285 319 1392 352 profani
1409 318 1536 345 homines
1548 318 1634 345 Deum
1649 322 1761 349 vocant,

975 362 1100 397 quamvis
1113 363 1234 398 angelica
1259 363 1424 391 claritudine
1451 371 1504 390 una
1521 371 1582 390 cum
1598 363 1759 389 rebellionis

975 409 1084 442 agmine
1115 408 1261 440 deciderit,
1291 410 1475 444 tenebrasque
1501 417 1563 436 cum
1595 408 1682 444 gloria
1715 408 1759 435 illa

974 455 1197 487 commutaverit,
1216 463 1268 490 qua
1294 460 1367 482 totus
1382 456 1443 482 lure
1471 455 1580 481 lucebat
1603 455 1738 482 matutina
1755 462 1762 481 :

975 501 1076 535 otiique
1092 508 1178 535 pauca
1194 501 1330 535 quaedam,
1349 509 1398 528 nec
1414 501 1503 535 magni
1522 500 1664 531 momenti,
1680 507 1761 534 posse

973 546 1068 573 datum
1081 551 1134 578 est,
1153 547 1179 574 in
1201 547 1242 574 sui
1262 547 1413 574 ludibrium
1440 547 1542 582 potius.
1568 547 1762 581 justorumque

973 598 1112 620 certamen
1134 597 1161 620 et
1179 593 1350 625 exercitium,
1373 601 1453 628 quam
1472 593 1505 620 ad
1522 593 1622 620 virium
1646 593 1761 620 demou-

972 640 1143 666 strationem.
1173 638 1229 666 Nec
1251 639 1325 666 cnim
1343 639 1394 666 alia
1410 640 1469 674 lege
1484 643 1635 666 coronatur
1648 638 1760 668 athleta,

972 685 1151 719 victoriaeque
1179 685 1322 719 prmconiis
1352 685 1478 714 cﬂcrtur,
1511 692 1592 719 quam
1623 684 1645 711 si
1672 692 1762 720 pugno

973 731 1164 758 adversarium
1180 730 1357 765 percusserit,
1371 735 1418 756 aut
1434 731 1493 764 eius
1507 730 1609 757 viscera
1624 729 1760 763 catapulta

974 775 1207 803 lrausverberarit
1223 783 1229 802 :
1258 779 1306 802 aut
1330 775 1358 801 in
1374 780 1469 810 guttur
1491 775 1630 802 acinacem
1647 774 1757 801 distrin-

973 822 1054 853 xerit,
1069 825 1151 856 atque
1166 820 1203 847 ita
1218 819 1318 847 virium
1334 827 1445 846 suarum
1460 819 1685 853 dexteritatisque
1698 827 1760 853 spe-

127 864 240 898 quidam
259 870 287 892 et
306 871 408 898 motus,
423 867 468 902 qui
495 875 527 897 ca
556 868 701 903 parturiat,
726 877 787 903 qua:
806 869 918 896 minimc
935 864 954 891 Β
973 867 1062 894 cimen
1076 873 1167 892 coram
1184 865 1359 899 agouotheta,
1377 872 1424 890 seu
1442 864 1602 891 certaminis
1620 863 1759 897 praefecto,

125 910 305 942 conveniunt,
321 915 401 945 atque
417 911 450 939 ad
470 912 550 939 linem
565 913 646 940 etiam
659 913 787 941 deducat.

165 954 193 987 lu
212 959 331 988 utroque
348 955 431 990 igitur
447 955 474 982 hi
491 955 627 983 Cerdonis
651 961 678 983 et
704 957 850 984 Marcionis
875 965 919 985 as~

131 1001 212 1027 secla‘.
226 1009 258 1027 ex
272 1001 408 1027 diametro
433 1001 466 1028 ab
490 1001 642 1028 orthodoxa
660 1002 713 1029 lide
728 1003 895 1030 dissentiunt
911 1012 918 1030 :

127 1051 155 1074 et
174 1048 236 1081 quia
255 1048 341 1082 legem
355 1047 498 1075 Mosaieam
514 1049 612 1075 malam
641 1057 701 1077 esse
731 1050 920 1084 pronuntiant,

128 1098 156 1120 et
168 1094 231 1128 quia
248 1093 388 1121 Christum
404 1093 467 1121 ideo
485 1095 595 1126 venisse
609 1094 787 1126 contendunt,
803 1099 832 1122 ut
847 1095 919 1122 illam

128 1140 258 1169 solveret.

164 1186 242 1220 Quod
255 1194 321 1213 vero
335 1187 492 1222 phantasia,
502 1195 549 1214 seu
563 1187 746 1219 simulatione,
760 1195 813 1215 non
830 1193 920 1215 autem

128 1238 224 1259 revera
242 1231 381 1259 Christum
405 1232 432 1259 in
461 1232 544 1260 terris
560 1233 723 1267 apparuisse
747 1233 854 1262 dicunt.
872 1242 922 1261 nec

129 1281 333 1310 purcuaturam
357 1278 504 1305 humanam
521 1279 716 1314 assumpsisse,
735 1279 833 1313 dignos
849 1280 921 1306 ultro

128 1331 189 1351 sese
203 1324 334 1358 produnt,
352 1324 398 1358 qui
415 1325 441 1352 iu
454 1325 545 1352 Chaos
560 1330 588 1352 et
610 1325 731 1352 Erebum
755 1332 849 1360 pmnas
873 1326 906 1353 da

129 1368 182 1397 turi
200 1369 407 1403 protrudautur.
424 1369 475 1402 Qui
507 1371 581 1398 enim
599 1370 656 1398 ﬁeri
675 1375 774 1405 potest,
791 1376 820 1396 ut
834 1371 922 1404 phan-

133 1414 203 1442 tasia
221 1414 340 1445 dicatur.
360 1415 434 1449 quod
457 1423 489 1443 ex
502 1415 608 1450 virgine
629 1411 709 1442 natus
728 1415 773 1445 sit,
790 1416 862 1450 quod
881 1424 923 1442 sa-

128 1460 244 1496 pientia,
259 1465 349 1493 aetate,
364 1466 393 1488 et
407 1462 493 1496 gratia
508 1461 668 1496 profecerit,
691 1461 766 1496 quod
785 1461 922 1495 rrucilixo

130 1506 202 1533 latus
217 1506 311 1533 lancea
332 1506 487 1542 perfossum
512 1507 605 1539 fuerit,
623 1508 696 1542 quod
722 1508 814 1535 statim
841 1515 854 1534 a
881 1515 924 1536 re-

130 1553 304 1579 smrectione
326 1553 471 1580 cicatrices
496 1553 648 1585 clavorum,
666 1554 816 1589 laterisque
837 1554 915 1580 didu.

130 1598 248 1629 ctionem
274 1599 436 1632 ostenderit,
461 1599 533 1634 quod
564 1599 715 1634 discipulus
742 1601 775 1628 dc
803 1601 836 1627 iis
853 1601 919 1635 ipsis

130 1644 264 1671 curiosius
280 1645 445 1673 addubitans
458 1653 489 1673 ea
507 1647 601 1680 procul
619 1646 703 1674 dubio
719 1647 758 1674 sic
773 1654 802 1674 sc
817 1647 918 1674 habere.

130 1691 343 1725 (lt-prehenderit
355 1692 366 1717 ?
380 1691 446 1724 Quae
462 1693 573 1727 quidem
589 1694 679 1720 omnia
694 1693 794 1720 divium
808 1693 904 1728 dispen

130 1737 245 1764 sationis
260 1738 421 1772 pra-scripto
445 1739 506 1765 ideo
524 1745 685 1766 conservata
709 1745 782 1770 sunt.
804 1745 833 1766 ut
855 1747 916 1765 eum

132 1783 220 1816 ipsum
232 1790 292 1809 esse
308 1784 493 1814 crederemus,
510 1784 556 1818 qui
573 1788 749 1818 apparuerat,
774 1785 821 1818 qui
837 1785 918 1810 tertio

131 1833 192 1856 ante
204 1828 247 1855 die
259 1836 355 1863 passus
370 1833 428 1856 erat
446 1829 472 1858 in
490 1837 583 1859 carne,
598 1838 651 1857 non
668 1836 759 1857 autem
777 1835 916 1864 spcctr-um

131 1875 303 1909 spiritumve,
320 1876 365 1910 qui
381 1877 467 1903 oculis
481 1877 556 1903 cerni
573 1883 674 1911 posset.

167 1921 244 1954 Quod
260 1926 350 1948 autent
368 1923 440 1948 Deus
457 1931 527 1949 unus
540 1929 581 1949 est
599 1923 689 1952 Pater,
715 1932 840 1958 nutuque
864 1925 917 1950 Do-

132 1967 223 1994 minus
250 1968 379 1995 Servator
405 1973 499 1995 noster
524 1969 672 1996 Christus:
702 1970 774 2004 quod
801 1970 917 2004 denique

134 2015 251 2042 Verhum
267 2022 332 2042 caro
347 2014 448 2042 factum
471 2015 517 2044 sit.
538 2015 563 2042 id
584 2016 655 2042 lilius
679 2016 722 2043 ille
739 2018 857 2044 tonitth
877 2018 919 2044 his

131 2060 223 2087 verbis
236 2065 398 2088 attestatur:
418 2061 450 2087 ιὶι
463 2061 571 2088 Verbum
590 2070 652 2087 mro
666 2062 764 2095 factum
779 2064 857 2089 est".
874 2064 906 2089 At

133 2110 247 2133 testatur
271 2110 296 2131 et
321 2106 442 2140 gentium
465 2106 562 2132 doctor
586 2106 696 2136 Paulus,
717 2106 762 2140 qui
783 2107 920 2141 pleri-sur

132 2151 286 2178 divinarum
303 2151 489 2186 Epistolarum
513 2152 539 2178 in
556 2151 626 2178 locis
641 2160 672 2178 ea
694 2152 775 2178 latius
802 2152 919 2186 explicat

970 912 1099 940 ediderit.
1114 910 1267 944 Quomodo,
1279 916 1381 944 quasso,
1395 909 1474 936 nobis
1488 908 1585 943 pietas,
1600 913 1647 934 aut
1660 911 1762 946 marty-

976 966 1037 985 rum
1069 965 1119 992 pro
1147 957 1249 984 Christi
1266 956 1377 983 nomine
1390 954 1556 986 constantia,
1574 953 1761 988 optimumque

981 1008 1144 1031 caelerorum
1159 1006 1320 1029 sanctorum
1336 1001 1506 1035 propositum
1521 999 1694 1030 innotuisset,
1707 997 1760 1024 nisi

973 1050 1078 1076 daunou
1091 1049 1189 1076 Jobum
1211 1044 1361 1080 petivisset,
1382 1050 1409 1074 et
1424 1045 1589 1073 obtinuisset
1601 1065 1608 1075 ,
1626 1043 1677 1070 nisi
1693 1050 1761 1077 prte-

974 1101 1046 1124 lcrea
1059 1100 1187 1130 tyrannos
1204 1094 1337 1121 adversus
1354 1097 1489 1127 martyras
1506 1089 1705 1118 subornasset?

1008 1142 1143 1169 Caztcrum
1162 1140 1260 1175 llylen,
1278 1147 1327 1167 seu
1341 1138 1495 1170 materiam,
1508 1144 1598 1171 neque
1613 1135 1671 1162 sine
1686 1134 1763 1169 prin-

974 1187 1046 1223 cipio
1058 1194 1129 1219 esse,
1147 1193 1235 1220 neque
1258 1185 1392 1220 principio
1415 1192 1477 1211 cum
1493 1183 1549 1210 Deo
1572 1188 1666 1209 carere
1692 1179 1761 1207 dici-

974 1241 1045 1264 mus,
1068 1240 1157 1267 neque
1185 1232 1267 1258 etiam
1291 1229 1515 1264 imaginationem
1545 1234 1618 1257 esse,
1638 1233 1699 1261 qua:
1726 1225 1763 1251 sit

975 1280 1124 1306 formarum
1161 1278 1391 1312 receptaculum:
1419 1274 1546 1310 quamvis
1582 1277 1760 1300 externorum

974 1325 1113 1353 nonnullis
1131 1324 1157 1351 id
1170 1324 1258 1351 visum
1278 1323 1361 1350 fuerit
1391 1327 1419 1349 et
1447 1321 1591 1355 placuerit.
1614 1318 1681 1346 Nam
1700 1324 1762 1343 cum

974 1372 1047 1399 Deus
1069 1370 1202 1397 mundum
1218 1370 1370 1404 producere
1384 1369 1410 1394 in
1426 1367 1518 1393 animo
1531 1368 1662 1393 versaret,
1689 1363 1763 1396 Cogi-

975 1418 1042 1445 tatio
1058 1417 1103 1444 illa
1121 1424 1191 1450 opus
1206 1419 1231 1442 et
1258 1414 1330 1441 actio
1351 1418 1420 1444 erat,
1444 1411 1588 1447 llyleuque
1609 1418 1657 1437 seu
1677 1413 1763 1436 man--

976 1462 1043 1489 riam
1062 1461 1149 1489 forma
1168 1458 1398 1492 subsequebatur,
1426 1461 1454 1484 et
1482 1456 1564 1484 simul
1590 1453 1759 1489 emergebat.

974 1508 1027 1542 Qui
1042 1515 1108 1534 vero
1124 1506 1224 1533 Mosen)
1245 1505 1281 1532 ita
1297 1504 1435 1531 dicentem
1460 1502 1588 1532 audiunt,
1610 1502 1690 1528 Terra
1713 1507 1761 1524 nu-

975 1560 1025 1581 tem
1041 1558 1098 1580 erat
1112 1552 1200 1579 inani:
1217 1556 1242 1577 et
1254 1558 1349 1582 uacua,
1366 1553 1390 1575 et
1403 1549 1515 1575 tenebrae
1531 1551 1607 1574 erant
1627 1553 1706 1580 super
1723 1545 1762 1579 {u-

970 1601 1035 1627 ciem
1051 1599 1136 1634 abyssi
1152 1598 1186 1628 ",
1205 1602 1287 1631 atque
1312 1596 1377 1623 hinc
1400 1600 1511 1628 arrepta
1529 1593 1674 1621 occasione
1692 1591 1763 1617 div:-

970 1655 1032 1674 nam
1060 1644 1307 1680 sempiternitatem
1332 1642 1454 1669 materiae
1471 1641 1645 1674 tenebrisque
1667 1643 1761 1665 contra

971 1692 1055 1719 imum
1081 1691 1264 1718 sedimeutum
1277 1689 1415 1718 tribuunt,
1434 1690 1488 1714 tota
1511 1690 1606 1713 errant
1630 1685 1684 1715 via,
1702 1688 1762 1709 tau-

970 1746 1051 1773 quam
1079 1738 1199 1771 cxlcges.
1228 1736 1409 1768 Posteaquam
1446 1733 1522 1759 cnim‘
1549 1730 1643 1765 paucis
1670 1728 1763 1755 verbis

970 1784 1108 1814 mlissurit,
1116 1782 1146 1809 In
1156 1781 1284 1816 principio
1294 1780 1391 1807 creavit
1407 1779 1472 1805 Deus
1482 1778 1575 1804 calum
1587 1781 1611 1803 et
1619 1780 1718 1802 terram
1728 1774 1748 1789 ν’
1757 1793 1763 1803 .

972 1836 1028 1857 tum
1047 1828 1145 1856 deinde
1162 1835 1222 1862 quze
1248 1827 1318 1853 facta
1342 1825 1460 1856 fuerint,
1478 1829 1505 1851 et
1525 1832 1579 1859 qua
1596 1823 1682 1850 forma
1697 1829 1761 1856 pro-

972 1876 1053 1902 ducta
1070 1875 1124 1901 sint
1141 1873 1279 1908 exposuit,
1294 1876 1322 1899 et
1337 1872 1411 1898 hunc
1430 1871 1457 1898 in
1477 1871 1589 1897 modum
1610 1868 1761 1904 subjunxit,

973 1924 1056 1951 Terra
1079 1927 1166 1949 autem
1183 1925 1240 1947 erat
1262 1921 1348 1947 iuunis
1367 1923 1391 1946 et
1410 1927 1503 1947 vacua.
1519 1922 1544 1944 et
1559 1917 1672 1944 tenebra:
1685 1921 1763 1942 erant

971 1977 1050 2004 super
1070 1969 1164 2002 facient
1181 1966 1279 2001 abyssi.
1303 1966 1371 1993 Cum
1392 1965 1465 1991 enim
1481 1963 1581 1990 etelum
1613 1961 1640 1988 iu
1665 1961 1759 1988 orbem

972 2016 1215 2048 circumageretur,
1233 2017 1261 2038 et
1285 2011 1402 2038 necdum
1426 2009 1576 2037 luminaria
1600 2008 1644 2035 illa
1662 2015 1760 2041 magna

972 2062 1118 2094 sideraque
1149 2059 1274 2085 ordinem
1309 2065 1389 2084 suum
1416 2056 1443 2083 iu
1471 2055 1645 2082 ﬁrmamento
1665 2052 1761 2080 sortita

971 2111 1071 2134 essent,
1083 2105 1181 2132 merito
1191 2104 1312 2132 tenebrat
1326 2103 1564 2133 dill'uutlebantur;
1582 2100 1628 2127 ubi
1639 2100 1757 2134 primum

974 2161 1041 2180 vero
1058 2153 1103 2179 lux
1118 2152 1242 2182 emersit,
1263 2151 1404 2185 stellmquc
1430 2149 1570 2183 productae
1588 2151 1663 2179 sunt,
1686 2151 1764 2174 tene-

132 2205 192 2232 qute
205 2197 239 2224 de
252 2197 361 2224 Christo
378 2197 480 2231 scripta
505 2203 578 2223 sunt.
604 2197 695 2230 luqttit
710 2196 794 2227 enim,
809 2196 918 2223 (iratius
940 2207 959 2233 ῃ
976 2201 1030 2226 l:r:u
1047 2198 1157 2233 quidem
1172 2198 1269 2225 eadem
1285 2205 1370 2231 opera
1390 2195 1533 2225 discussae,
1557 2198 1584 2221 ct
1603 2194 1636 2221 ad
1646 2193 1762 2221 nihilum

132 2244 233 2278 agimus
250 2243 329 2269 Patri
341 2243 385 2278 qui
403 2251 449 2269 nos
466 2242 569 2269 idoneos
584 2243 696 2268 reddidit
708 2243 734 2268 in
746 2247 847 2275 partem
864 2244 916 2269 lia.L

131 2290 250 2317 redilatia
279 2294 443 2318 sanctarum,
462 2290 489 2315 in
516 2289 624 2318 lumine,
653 2290 697 2320 qui
731 2278 848 2315 liberat-it
870 2297 916 2314 uos

130 2339 282 2369 apotestute
305 2335 483 2365 tenebrarum,
512 2339 535 2360 et
552 2335 688 2361 trarittulit
711 2335 737 2361 in
763 2339 917 2368 potestatem

131 2381 189 2408 Filii
215 2381 359 2408 dilectionis
387 2389 451 2411 sua'.
471 2381 516 2415 qui
538 2385 576 2406 es!
616 2381 703 2416 imago
728 2380 774 2407 liti
792 2381 926 2407 invisibilis

132 2428 318 2463 primogenita;
338 2429 422 2454 omnis
438 2428 611 2454 creatum".
629 2428 662 2454 Et
676 2432 768 2462 postea
784 2436 789 2453 ε
811 2427 880 2460 Quia
897 2429 922 2454 iu

130 2475 185 2509 ipso
200 2473 356 2508 complacuit
377 2482 480 2500 onmem
501 2474 650 2501 inhabitare
676 2473 876 2508 plenitudinem.
899 2479 922 2500 et

130 2528 176 2555 per
189 2519 276 2553 ipsum
301 2518 470 2546 reconciliare
493 2520 581 2546 omnia
600 2520 627 2545 in
652 2520 748 2554 ipsum,
775 2519 921 2553 paciﬁcans

129 2574 176 2600 per
188 2566 346 2601 sanguinem
364 2566 448 2592 crucis
474 2566 540 2599 ejus,
557 2567 610 2593 sive
624 2574 682 2601 qua:
698 2566 724 2592 iu
747 2567 824 2598 terris
845 2572 919 2597 sunt,

129 2613 179 2640 sive
192 2620 250 2646 quae
272 2613 299 2638 iu
319 2611 389 2638 cwlis
404 2612 508 2638 sunt“.
524 2612 591 2638 ltem
610 2621 616 2638 :
631 2613 706 2639 Nunc
722 2617 810 2640 autem
825 2621 918 2639 recon—

131 2657 211 2684 riliuli
233 2665 324 2685 simius
356 2657 421 2689 Deo,
446 2665 493 2692 per
521 2662 629 2684 mortt'm
648 2658 712 2685 Filii
728 2659 783 2693 ejus
793 2658 825 2686 ³⁸.
847 2659 914 2686 Item

130 2704 214 2730 alibi:
242 2703 292 2737 Qui
317 2714 375 2731 cum
395 2707 421 2732 in
435 2706 521 2740 forma
540 2706 586 2732 Dei
611 2712 686 2739 esset,
714 2716 765 2733 non
791 2708 915 2742 rapinam

132 2749 273 2776 arbitratus
298 2755 345 2780 est,
365 2759 392 2778 xc
416 2760 471 2778 esse
491 2752 617 2786 aqualem
646 2753 718 2780 Deo:
740 2754 784 2780 Μ·ιί
799 2755 911 2788 sripsum

161 2807 184 2821 "
206 2807 258 2834 Mat
274 2808 300 2833 lt.
319 2816 343 2834 ν.
356 2809 400 2834 ‘22.
450 2809 471 2822 9"
488 2809 556 2835 Ibid.
585 2809 619 2834 ‘28
679 2811 700 2826 “
714 2811 790 2837 Joatt.
809 2819 826 2837 t.
847 2811 876 2836 li

132 2842 152 2860 θ’
169 2842 268 2876 Philip.
287 2851 314 2875 It,
333 2846 358 2869 t’j.
397 2845 405 2858 τ’
437 2844 534 2871 (ἱειιρδ.
554 2846 611 2875 1,2.
652 2846 672 2860 (³⁷
689 2846 786 2871 (imos.
805 2855 823 2876 ι,
842 2848 861 2872 t.

914 2812 935 2826 "’
952 2811 1010 2838 (Tol.
1029 2820 1047 2842 l,
1066 2812 1095 2837 l2
1110 2819 1187 2846 seqq.

977 2246 1094 2273 redacta:
1111 2249 1174 2272 sunt
1192 2253 1199 2271 :
1219 2243 1283 2279 quia
1310 2243 1441 2270 nimirum
1467 2248 1514 2276 per
1541 2248 1581 2272 se,
1607 2247 1712 2274 suaque
1737 2239 1762 2264 vi

976 2292 1127 2319 subsistere
1142 2299 1195 2318 non
1214 2294 1353 2325 poterant.
1373 2289 1466 2315 lumen
1481 2293 1572 2314 autem
1590 2286 1644 2313 dici
1663 2286 1764 2319 ubique

978 2337 1147 2372 resplenduit
1172 2345 1178 2364 :
1205 2341 1235 2363 ut
1256 2335 1331 2363 verbi
1360 2334 1446 2369 gratia
1466 2334 1491 2360 in
1511 2333 1639 2359 arborum
1660 2332 1765 2358 umbris

976 2384 1069 2410 videre.
1093 2388 1145 2410 est.
1172 2383 1235 2409 Sole
1260 2382 1333 2409 eniut
1366 2386 1537 2411 transeunte,
1563 2380 1627 2414 ipsw
1655 2387 1764 2413 quoque

975 2430 1097 2456 cullt‘t'tlte
1129 2429 1256 2456 adducta:
1288 2428 1522 2456 circumferuntur
1556 2432 1585 2454 et
1612 2426 1762 2452 dissiliunt.

973 2477 1092 2503 Emenso
1115 2475 1210 2502 itidem
1236 2474 1414 2501 tabernaculo
1438 2473 1481 2500 vel
1510 2473 1646 2508 papilione
1670 2472 1762 2498 lumen

973 2521 1028 2549 diei
1046 2522 1169 2556 quodam
1187 2520 1266 2555 quasi
1286 2525 1364 2555 septo
1383 2519 1560 2556 disjungitur,
1588 2518 1764 2551 tenebrazque

973 2568 1087 2596 liberius
1112 2568 1315 2599 ditl'uuduutur,
1338 2568 1434 2595 eodem
1452 2574 1550 2594 everso
1566 2570 1593 2593 et
1610 2565 1766 2603 destructo.

971 2614 1029 2642 ltazc
1045 2622 1154 2649 quoque
1172 2615 1204 2643 ad
1219 2615 1336 2642 nihilum
1351 2614 1461 2641 redacta
1480 2611 1761 2640 evanescurit.verttiin

970 2661 1111 2688 euiun’ero
1137 2669 1240 2691 rerutn,
1265 2669 1335 2695 quas
1364 2661 1436 2687 Deus
1467 2659 1584 2691 creavit,
1601 2658 1675 2685 nulla
1706 2663 1758 2686 est.

971 2715 1031 2742 qua:
1045 2715 1077 2734 ex
1094 2707 1186 2734 divina
1199 2708 1259 2743 ejus
1276 2707 1396 2735 essentia
1408 2710 1526 2736 constet,
1553 2710 1582 2731 at
1607 2705 1759 2732 humanum

968 2754 1080 2788 quidem
1111 2762 1212 2789 corpus
1239 2755 1296 2781 luto
1321 2758 1494 2788 compactum
1510 2757 1567 2782 est.
1588 2751 1679 2778 anima
1696 2758 1760 2776 γίτιι

1227 2813 1247 2826 νη
1260 2812 1318 2838 (Iul.
1331 2820 1348 2841 ι,
1367 2812 1395 2837 ις]
1415 2819 1489 2845 srqq.
1538 2810 1558 2825 ε¹⁴
1571 2810 1649 2836 Rom.
1666 2818 1691 2842 γ,
1716 2809 1755 2836 ll).
