1949 3073
208 119 276 149 1279

835 124 983 155 NICETzE
1011 127 1214 160 CHONIATE

1758 139 1837 171 1280

203 170 378 198 extrinsecus
410 172 555 205 insumata,
581 175 761 205 substantiam
788 185 820 205 ex
850 179 989 214 spiraculo
1005 182 1027 211 Δ
1041 183 1126 210 monii
1144 184 1277 214 beneflcio
1297 187 1415 216 mundus
1437 188 1470 217 ab
1485 189 1533 218 illo
1550 196 1625 220 recte
1649 193 1830 223 administra~

204 216 252 243 illo
268 218 405 252 concepit,
421 227 476 253 quo
492 220 562 247 Deus
577 220 650 248 illam
669 223 695 249 in
712 224 829 257 primum
846 225 986 254 hominem

203 262 347 296 inspiravit
359 272 366 289 :
378 267 407 290 ut
419 272 478 299 qua:
494 267 609 294 rationis
620 268 830 304 intellectusque
839 271 985 306 particeps,

204 306 270 333 nulli
299 309 420 336 materia:
444 315 490 337 aut
517 311 608 345 ﬁgura:
633 313 761 344 obnoxia.
783 315 829 342 Dei
855 320 935 351 typus
959 321 987 344 et

202 353 291 388 imago
307 354 342 380 sit
359 364 365 380 :
383 362 414 382 ea
430 360 520 383 tamen
539 357 608 392 lege,
622 362 652 384 ut
663 359 721 393 ejus
738 360 909 392 substantiae.
924 371 987 397 qua:

192 406 282 438 \causa
301 404 385 429 caret.
399 403 488 435 partio
502 410 556 429 non
573 404 608 431 sit
623 411 655 430 ex
673 410 902 450 qua‘caeterorum
917 416 985 443 quo-

193 451 254 476 .que
272 444 408 477 omnium,
426 453 487 480 quae
513 446 539 473 in
570 454 661 474 rerum
687 444 784 477 natura
802 455 876 484 sunt,
901 455 985 487 atque

198 489 296 515 animre
309 490 391 517 etiam
411 491 497 525 ipsius
510 492 664 520 substantia
680 494 826 528 dependet.

233 534 300 561 Novi
316 543 398 569 porro
413 537 481 564 nihil
496 542 548 570 est,
573 539 645 573 quod
669 541 714 574 qui
741 540 866 575 dogmata
885 542 984 577 hujus-

199 579 273 606 modi
305 581 486 615 proﬁtentur,
515 583 654 611 diabolum
678 593 787 620 quoque
818 587 982 616 beneﬁcium

199 626 354 658 nominant,
375 628 481 662 ipsique
506 637 598 656 rerum
615 631 707 665 opiﬁci
725 632 780 660 Deo
808 633 980 667 prteferunt:

198 675 281 706 atque
297 673 369 700 hunc
383 675 494 709 quidem
513 684 569 711 pra:
586 676 690 704 invidia
705 680 867 713 parentibus
879 681 982 709 nostris

199 717 305 744 arboris
329 718 402 745 illius
420 719 510 747 fructu
524 721 710 756 interdixisse,
726 724 768 751 cui
787 724 851 752 boni
874 729 902 753 et
918 727 981 754 mali

198 763 313 790 scientia
331 765 432 798 inerat,
457 766 597 796 diabolum
613 778 679 798 vero
698 776 727 799 ut
746 772 866 800 fructum
884 773 980 801 decer-

197 816 293 844 perent
304 812 375 840 ultro
389 815 547 848 permisisse
558 817 653 845 dicunt
668 828 674 846 :
691 819 783 847 minus
796 820 979 854 advertentes,

198 864 284 891 usque
311 859 379 886 adeo
405 860 553 896 desipiunt,
570 863 611 890 vel
626 864 687 891 data
706 872 788 900 opera
803 866 958 894 exorbitant
973 887 981 898 ,

196 907 311 929 mortem
325 905 456 939 auspiciis
471 907 572 935 diaboli
588 908 772 938 introductam
798 912 933 947 irrupisse
951 913 978 941 in

196 950 339 982 mundum,
363 957 445 986 atque
469 955 572 987 primos
596 956 680 983 nostri
707 957 815 992 generis
840 964 977 992 auctores,

195 993 260 1019 dum
277 993 313 1020 illi
328 995 529 1031 obsequuntur.
546 1000 660 1027 exitium
676 1001 728 1028 sibi
744 1010 853 1037 parasse
869 1005 979 1038 paradi-

195 1045 281 1072 suqne
298 1039 385 1067 nudos
399 1042 503 1076 ejectos
515 1050 586 1071 esse.
606 1044 720 1080 Insuper
733 1055 766 1074 ex
782 1051 977 1084 consequentia

195 1091 311 1117 prorsus
325 1086 416 1114 evenit
430 1107 437 1119 ,
456 1093 485 1116 ut
513 1097 683 1126 quaecunque
706 1093 741 1120 ab
765 1094 799 1121 iis
820 1096 866 1130 qui
883 1101 978 1124 contra

194 1129 278 1158 Deum
300 1132 363 1160 talia
379 1133 564 1169 deblaterant,
580 1145 613 1164 ex
628 1129 849 1168 Christianorum
874 1142 976 1170 rituum

194 1178 351 1212 praescripto
361 1179 440 1212 ﬁunt,
455 1188 486 1208 ea
502 1190 555 1209 non
571 1184 630 1210 sine
645 1184 760 1213 crimine
777 1186 852 1218 fiant,
874 1192 903 1214 ut
915 1196 976 1215 cum

193 1231 264 1258 sepe
278 1231 326 1252 eos
341 1225 491 1261 haptizent,
505 1229 546 1256 vel
563 1229 723 1266 demergunt
742 1233 845 1267 potius,
863 1235 910 1269 qui
924 1235 978 1263 lm-

193 1270 265 1296 resin
282 1278 377 1298 eorum
395 1274 610 1308 amplectuntur.

228 1315 293 1342 Item
318 1324 378 1344 cum
398 1319 454 1346 suis
478 1320 504 1346 in
531 1321 668 1356 mysteriis
687 1330 763 1358 aqua
775 1325 831 1354 sola
850 1330 976 1361 utuntur,

193 1359 248 1387 imo
263 1361 344 1388 etiam
359 1363 540 1392 ministerium
567 1366 695 1401 baptismi
721 1369 830 1398 feminis
862 1374 978 1407 permit-

194 1411 264 1433 Iunt.
283 1408 371 1443 Atque
391 1416 510 1445 quatuor
538 1420 570 1440 ex
592 1414 748 1449 Evangeliis
773 1417 839 1444 illud
871 1424 976 1447 tantum

190 1454 343 1486 approbant
371 1458 444 1491 quod
471 1466 485 1485 a
517 1458 590 1488 Luca
618 1462 803 1496 conscriptum
840 1468 891 1496 est,
927 1473 977 1494 nec

191 1497 218 1523 isi
254 1504 345 1527 tamen
374 1501 509 1538 integrum
542 1511 570 1533 et
608 1507 677 1534 citra
708 1513 854 1535 contextus
880 1518 975 1538 corru-

192 1541 324 1574 ltiouem.

226 1588 359 1616 (heterum
379 1591 562 1622 Theodoritus
576 1595 721 1629 quemdam
741 1598 823 1634 hujus
838 1599 974 1628 hmreseus

190 1631 359 1668 decrepitum
389 1644 417 1663 se
446 1638 547 1666 vidisse
577 1645 702 1673 testatur,
724 1643 771 1676 qui
801 1651 862 1671 cum
894 1652 973 1672 mane

189 1680 369 1713 surrexisset,
414 1683 506 1711 salivae
544 1691 719 1715 excremento
762 1688 860 1716 faciem
893 1697 973 1721 suam

188 1725 324 1758 ablueret,
342 1736 507 1764 causamque
539 1737 650 1767 rogatus
681 1741 710 1761 se
738 1741 834 1762 cavere
856 1744 971 1770 respon-

188 1771 280 1803 deret,
310 1781 343 1800 ne
370 1782 462 1802 rerum
484 1783 499 1805 a
523 1778 616 1804 mundi
635 1779 732 1813 opitiee
751 1780 805 1809 Deo
820 1788 973 1811 creatarum

191 1817 243 1844 ulla
260 1818 405 1853 indigeret,
421 1825 502 1856 atque
524 1822 626 1850 idcirco
651 1832 684 1851 ne
704 1833 774 1860 aqua
793 1827 904 1861 quidem
921 1829 971 1861 uti,

189 1871 249 1896 qua!
264 1864 393 1892 nimirum
409 1867 443 1893 ab
460 1867 507 1894 illo
531 1875 624 1897 creata
648 1875 731 1901 esset.
750 1871 799 1898 Cui
815 1881 877 1900 cum
894 1873 972 1908 objeé

188 1910 270 1936 cisset
291 1910 358 1944 ipse,
378 1912 430 1945 Qui
450 1913 478 1940 tit
494 1922 570 1948 ergo,
591 1920 620 1942 ut
635 1924 731 1950 putem
751 1918 861 1951 oﬁeras,
876 1919 971 1947 vinum

188 1959 215 1980 et
242 1963 339 1989 aquam
363 1957 450 1991 bibas,
475 1959 606 1991 dormias.
623 1963 751 1996 mysteria
776 1963 895 1998 denique
922 1965 970 1992 tibi

187 2001 344 2036 praescripta
361 2003 500 2031 celebres?
515 2006 630 2040 subjecit
646 2007 701 2037 ille,
721 2007 777 2035 lizec
794 2016 809 2035 a
833 2017 862 2036 se
878 2018 971 2038 neces-

187 2046 259 2074 sario
281 2048 337 2074 fieri
358 2057 364 2076 :
382 2050 444 2083 quia
469 2042 597 2078 nimirum
615 2053 636 2079 si
650 2061 733 2083 ,sccus
756 2055 840 2086 luxit,
863 2056 968 2090 vivere,

187 2093 369 2127 mystcriaque
393 2095 532 2122 celebrare
556 2102 683 2133 nequeat.
710 2099 800 2134 Atque
824 2101 862 2126 ita
887 2101 970 2128 miser

186 2136 230 2162 ille
247 2138 342 2165 volens
360 2140 457 2166 nolens
472 2148 500 2167 se
516 2149 606 2168 rerum
624 2150 638 2170 a
664 2143 716 2170 Deo
735 2148 890 2172 creatarum
909 2150 970 2172 tan-

1041 232 1130 257 retur.

1180 286 1317 316 Harenas
1337 291 1507 325 prwcedentis
1527 294 1683 329 confatalia.

1074 351 1250 389 Quaecunque
1273 356 1306 384 ad
1332 357 1466 387 Cerdonis
1490 365 1518 387 et
1545 361 1691 390 Marcionis
1708 363 1831 393 hteresin

1040 397 1231 427 infirmandam
1258 401 1445 433 adduximus.
1467 413 1499 432 ea
1521 406 1740 435 Lucianistarnm
1757 418 1831 443 ψω-

1039 450 1092 477 que
1107 443 1286 479 blasphemiis
1300 449 1458 477 evertendis
1474 451 1627 484 sufﬁciunt,
1647 462 1734 488 usque
1753 456 1830 482 adeo

1038 489 1111 517 inter
1123 490 1184 519 illos
1199 493 1326 521 omnibus
1337 495 1365 522 in
1378 495 1534 531 dogmatum
1544 500 1669 527 articulis
1683 503 1827 533 convenit,

1038 541 1066 563 et
1083 537 1206 564 eamdem
1223 546 1329 572 revera,
1347 546 1376 568 ut
1402 542 1438 568 ita
1463 542 1562 575 dicam,
1581 544 1698 577 figlinum
1717 554 1828 573 summe

1038 581 1113 616 impii
1128 583 1253 612 homines
1265 591 1405 614 exercent.
1419 587 1478 615 Jam
1492 596 1557 616 vero
1572 597 1633 616 cum
1654 592 1764 625 nuptias
1781 592 1828 620 hic

1038 626 1065 654 in
1081 627 1241 657 universum
1258 630 1382 666 abroget,
1402 632 1428 659 in
1445 641 1478 660 eo
1495 633 1686 662 fornicationis
1701 638 1826 669 patroci~

1036 673 1111 700 nium
1129 675 1245 710 suscipit
1257 685 1264 703 :
1277 681 1358 711 atque
1374 678 1410 705 ita
1427 678 1483 706 Deo
1495 680 1667 713 adversatur,
1679 681 1826 710 hominum

1036 722 1172 753 quotquot
1193 725 1258 748 sunt
1287 721 1370 749 homo
1396 722 1614 757 impurissimus,
1643 726 1826 760 exiegemque

1036 765 1232 792 seortationem
1249 766 1425 795 immaculato
1440 775 1468 796 et
1483 770 1606 805 legitimo
1622 776 1683 799 toro
1698 773 1822 806 praefert.

1035 807 1112 841 Quod
1129 809 1152 836 si
1168 817 1220 837 una
1235 815 1263 838 et
1278 812 1373 839 eadem
1387 820 1469 848 opera
1487 815 1682 843 scortationem
1700 824 1729 844 se
1747 819 1824 844 anti~

999 858 1020 885 Β
1034 858 1145 887 quatam
1159 855 1229 882 velle
1248 858 1408 889 contendat.
1425 860 1500 887 nullo
1523 860 1608 895 igitur
1626 862 1706 888 modo
1725 863 1777 889 viri
1796 867 1824 890 et

1033 898 1142 927 feminae
1157 908 1332 936 congressum
1349 905 1493 938 approbat,
1507 910 1537 932 ut
1552 906 1603 933 hac
1617 911 1676 934 arte
1692 915 1822 942 magnum

1026 944 1097 972 illud
1112 946 1159 973 Dei
1177 948 1316 981 opiﬁcium
1341 949 1422 977 homo
1438 951 1595 983 intercidat,
1617 956 1645 980 et
1672 960 1823 982 evanescat

1032 990 1151 1025 (dignus,
1167 993 1214 1027 qui
1229 999 1281 1020 tam
1294 995 1400 1022 tristem
1425 997 1511 1025 aleam
1530 998 1635 1032 primus
1649 1000 1821 1033 experiatur;

1030 1040 1111 1070 atque
1135 1039 1171 1066 ita
1195 1040 1261 1068 solis
1278 1041 1465 1070 animantibus
1492 1044 1581 1071 brutis
1608 1044 1696 1072 bruta:
1712 1046 1823 1074 telluris

1030 1081 1168 1111 habitatio
1181 1085 1270 1114 cedat.
1283 1087 1361 1115 Unde
1374 1089 1442 1116 satis
1460 1095 1584 1124 apparet,
1611 1098 1693 1124 quam
1721 1092 1821 1126 ignavo

1030 1129 1115 1156 miser
1144 1131 1189 1159 ille
1214 1140 1352 1168 quamque
1382 1135 1533 1163 inhumano
1551 1141 1661 1170 pectore
1689 1138 1735 1169 sit,
1764 1137 1820 1164 imo

1028 1183 1094 1203 vero
1106 1177 1220 1206 rationis
1233 1179 1333 1212 minus,
1348 1188 1428 1215 quam
1445 1182 1502 1217 ipsa
1518 1182 1611 1215 bruta,
1626 1188 1655 1210 ut
1665 1183 1701 1212 ita
1715 1183 1819 1217 dicam,

1030 1223 1177 1258 particeps.

1339 1283 1414 1311 CAP.
1435 1282 1505 1312 XVI.

1029 1342 1108 1369 δείϊιιι
1120 1344 1219 1371 decima
1230 1346 1343 1382 Inprimis,
1352 1347 1462 1380 Apellis.
1473 1348 1507 1374 Hi
1514 1357 1615 1382 quoque
1626 1350 1661 1376 ad
1671 1349 1818 1379 Ecclesium

1140 1388 1142 1390 ’
1170 1381 1329 1408 catholicum
1344 1383 1482 1410 redeuntes
1497 1381 1678 1418 baptismum.

1065 1446 1177 1474 Luciani
1196 1449 1307 1481 quidem
1326 1451 1543 1486 condiscipulus,
1560 1453 1706 1481 Marcionis
1722 1459 1815 1482 autem

1030 1493 1183 1526 discipulus
1197 1495 1306 1528 Apelles
1324 1504 1338 1523 a
1357 1502 1526 1531 praeceptore
1551 1498 1578 1525 in
1600 1500 1738 1534 plcriSque
1755 1501 1814 1527 dis-

989 1529 1010 1557 c
1027 1539 1148 1566 sentiens
1165 1539 1376 1576 haudquaquam
1391 1541 1452 1575 tria,
1465 1548 1493 1570 ut
1506 1543 1561 1575 ille,
1572 1549 1723 1579 quatuorve
1739 1546 1817 1580 prin—

1025 1584 1108 1618 cipia.
1120 1587 1165 1612 sed
1178 1594 1261 1613 unum
1274 1588 1449 1622 principium.
1464 1597 1543 1616 unam
1554 1592 1703 1625 petentium
1715 1600 1813 1618 tinum-

1023 1637 1076 1663 que
1105 1627 1189 1657 Deum
1221 1632 1447 1660 innominabilem
1473 1636 1601 1666 asseruit.
1617 1644 1632 1663 ει
1658 1645 1714 1671 quo
1742 1638 1813 1665 Deus

1023 1675 1093 1702 alter
1109 1675 1194 1704 factus
1220 1677 1314 1710 fuerit,
1331 1679 1411 1713 cujus
1430 1687 1512 1714 opera
1530 1681 1640 1714 coelum,
1656 1687 1758 1709 terrain
1785 1689 1813 1710 et

1022 1722 1113 1749 omnia
1132 1731 1191 1757 qua!
1207 1724 1234 1750 in
1247 1724 1287 1751 eis
1304 1730 1379 1758 sunt,
1392 1728 1539 1758 creaverit,
1562 1728 1634 1755 hunc
1659 1733 1747 1755 tamen
1766 1737 1815 1763 po-

1022 1767 1164 1794 steriorem
1184 1777 1358 1804 nequaquam
1385 1771 1487 1799 bonum
1515 1774 1645 1803 evasisse,
1670 1782 1760 1808 neque
1780 1783 1812 1802 ea

1022 1820 1082 1846 qua:
1096 1812 1159 1840 fecit
1174 1813 1242 1841 bene
1259 1815 1367 1848 fecisse,
1393 1817 1440 1844 sed
1458 1825 1506 1851 pro
1531 1819 1606 1852 pravi
1633 1820 1674 1846 sui
1694 1819 1811 1847 aﬁ'cctus

1022 1858 1148 1890 libidine,
1161 1861 1288 1893 subjecit.
1300 1862 1378 1894 Quod
1393 1863 1418 1889 in
1436 1871 1517 1890 causa
1533 1864 1595 1897 fuit,
1610 1869 1639 1891 ut
1651 1866 1811 1893 novissimis

1023 1904 1050 1930 in
1069 1903 1169 1931 diebus
1184 1905 1312 1933 Christus
1329 1908 1374 1934 Dei
1392 1909 1516 1942 superni,
1534 1910 1715 1946 ejusdemque
1732 1912 1810 1944 boni,

1023 1948 1108 1975 Filius
1127 1949 1152 1976 in
1171 1954 1271 1977 terram
1288 1953 1404 1985 venerit,
1423 1961 1590 1988 carnemque
1611 1963 1686 1988 vere,
1703 1964 1757 1982 non
1777 1964 1811 1984 ex

1022 1994 1103 2022 Maria
1119 1996 1233 2031 virgine,
1250 1998 1298 2025 sed
1312 2007 1345 2025 ex
1362 2000 1457 2027 mundi
1472 2001 1637 2033 substantia,
1651 2010 1810 2037 assumpse-

1022 2039 1066 2071 rit,
1085 2040 1132 2074 qui
1149 2042 1248 2069 deinde
1270 2044 1419 2071 crucifixus
1433 2050 1461 2072 et
1478 2046 1602 2080 sepultus
1627 2048 1810 2073 resnrrexcrit

1021 2081 1220 2121 discipulisque
1233 2096 1310 2115 suam
1326 2089 1412 2124 ipsius
1426 2098 1537 2118 carnem
1551 2092 1715 2124 ostenderit,
1728 2098 1809 2126 atque

1022 2132 1130 2159 tandem
1144 2133 1171 2159 in
1182 2141 1215 2163 ea
1228 2134 1320 2162 denuo
1332 2137 1480 2168 resolutus,
1495 2145 1529 2164 ex
1541 2137 1642 2172 quibus
1653 2139 1808 2170 constabat,

185 2191 266 2216 quam
290 2184 421 2212 bonarum
439 2187 598 2221 participem
616 2195 675 2215 esss
693 2189 840 2222 fatebatur,
865 2191 968 2225 quibus

1029 2184 1103 2204 suum
1128 2179 1228 2213 cuique
1252 2180 1400 2214 elemento,
1427 2183 1545 2209 calidum
1579 2183 1684 2210 scilicet
1707 2184 1808 2214 calido,

185 2233 266 2255 antea
283 2230 435 2264 refragatus
449 2236 476 2258 et
491 2232 638 2260 oblocutus
653 2241 724 2261 erat.

498 2313 572 2340 CAP.
593 2313 649 2340 XV.

233 2367 333 2400 Quinta
353 2369 453 2396 decima
473 2371 589 2408 [im-esis,
613 2371 729 2398 Luc-iani.
746 2372 921 2408 Baptizantur

423 2409 448 2431 et
467 2406 504 2439 lii,
523 2407 545 2432 si
566 2408 728 2441 resipiscam.

219 2460 357 2488 Lucianus
373 2461 499 2496 dogmata
525 2462 673 2490 Marcionis
685 2468 796 2491 secutus
811 2470 853 2491 est
865 2484 873 2497 ,
889 2469 969 2500 atque

185 2512 213 2533 ut
234 2508 340 2535 cmteris
365 2508 391 2535 in
414 2509 497 2535 rebus
515 2509 675 2543 praeceptori
691 2511 872 2542 consentiret,
890 2517 966 2538 certe

184 2554 321 2588 legitimas
337 2555 448 2590 nuptias
471 2555 655 2590 improbabat,
675 2561 702 2583 et
727 2556 760 2583 ad
778 2557 966 2591 virginitatem

183 2600 361 2635 hortabatur,
382 2610 436 2629 non
464 2610 497 2630 eo
529 2610 596 2630 sane
623 2603 695 2638 quod
720 2605 852 2638 optimam
881 2605 966 2637 illam,

183 2647 295 2682 Deoque
317 2653 433 2682 gratam,
457 2648 605 2684 iudicaret,
621 2650 667 2677 sed
685 2654 714 2677 ut
740 2651 786 2678 Dei
810 2658 894 2686 opera
922 2660 966 2679 ca-

182 2693 376 2724 lumniaretur.
393 2694 536 2729 legemque
551 2695 685 2722 scelestus
701 2695 746 2722 ille
763 2695 859 2726 ferret,
887 2704 967 2723 cave-

183 2744 278 2773 rctque
304 2748 337 2768 ne
362 2741 423 2775 quis
454 2741 561 2768 femina:
583 2742 806 2777 conjungeretur,
824 2741 907 2775 idque
934 2749 966 2769 eo

185 2789 290 2812 tantum
317 2786 453 2817 consilio,
484 2791 513 2813 ut
543 2795 634 2814 rerum
669 2787 793 2814 omnium
824 2787 914 2821 opifici
939 2794 967 2814 et

184 2833 299 2858 creatori
325 2832 378 2859 Deo
402 2834 594 2867 refragaretur,
613 2833 786 2867 efﬁceretque
811 2841 844 2860 ne
871 2833 966 2860 matri-

1021 2224 1151 2259 frigidum
1169 2225 1279 2261 frigido,
1297 2228 1400 2256 siccum
1415 2229 1499 2260 sicco.
1522 2230 1663 2256 humidum
1688 2230 1809 2265 denique

1020 2269 1136 2298 humido
1165 2272 1340 2307 reddiderit,
1373 2278 1455 2309 atque
1487 2275 1523 2302 ita
1549 2283 1581 2303 ea
1611 2283 1693 2303 carne
1728 2284 1808 2309 quam

1020 2323 1220 2352 assumpserat,
1241 2320 1391 2355 liberatus,
1411 2322 1502 2349 carnis
1530 2330 1629 2357 expers
1654 2323 1681 2350 in
1708 2325 1808 2353 cmlum

1019 2362 1185 2390 ascenderit.

1174 2429 1196 2456 Η
1201 2439 1311 2459 (rreseos
1327 2432 1496 2466 pra'cedentis
1510 2433 1667 2468 confutatia.

1055 2511 1176 2545 Apellem
1193 2511 1269 2537 illum
1286 2511 1421 2545 optimum
1449 2511 1632 2538 humanarum
1655 2511 1807 2538 formarum

1019 2555 1256 2592 depingendarum
1282 2556 1414 2583 artificem
1437 2556 1547 2591 Apelles
1563 2557 1608 2584 hic
1626 2557 1652 2583 in
1669 2557 1809 2591 opinioni-

1019 2603 1071 2630 bus
1086 2603 1144 2629 suis
1156 2602 1259 2629 de.Deo
1271 2603 1491 2629 commentandis
1506 2609 1680 2637 nequaquam
1695 2610 1724 2629 se
1740 2610 1808 2637 pnu-

1020 2648 1101 2681 stitit,
1118 2649 1174 2675 imo
1186 2647 1278 2682 potius
1293 2647 1470 2682 obliquorum
1488 2648 1645 2682 dogmatum
1663 2647 1806 2680 conﬁt-tor,

1019 2700 1046 2723 et
1056 2695 1142 2723 veluti
1158 2695 1270 2729 quidam
1284 2695 1383 2729 ﬁgulus
1397 2695 1540 2730 imperitus
1549 2694 1738 2729 deprehensus
1753 2699 1806 2722 est.

1019 2741 1084 2775 Quae
1100 2740 1211 2775 quidem
1233 2741 1359 2775 dogmata
1382 2740 1457 2775 virga
1483 2740 1583 2772 ferrea,
1602 2740 1654 2767 hoc
1671 2745 1714 2766 est
1732 2746 1808 2767 recta

1020 2785 1084 2812 ﬁdei
1108 2785 1200 2820 regula
1222 2784 1330 2811 tandem
1355 2783 1496 2811 confracta
1513 2788 1540 2811 ct
1558 2785 1701 2818 antiquata
1713 2789 1781 2810 sunt
1798 2792 1804 2808 :

1020 2838 1103 2867 atque
1137 2831 1255 2860 validius
1277 2832 1372 2863 etiam,
1396 2839 1478 2867 quam
1507 2832 1596 2860 fusilis
1628 2831 1673 2859 illa
1701 2836 1805 2866 statua,
