1949 3073
110 177 174 211 1281

737 173 936 205 THESAURI
957 175 1030 205 LIB.
1057 175 1108 206 iV.

1669 173 1738 204 12³ὶῖ

103 244 186 273 quam
202 235 311 263 taurino
323 235 413 271 capite
437 235 580 263 ellinxerat
597 234 727 264 ebrietas.
743 235 769 260 in
786 233 891 260 minuta
907 239 929 265 Α
944 233 1128 261 deliramenta
1139 232 1304 261 Severianus
1320 233 1477 268 expiscatus
1497 237 1549 263 est,
1561 231 1660 259 deinde
1678 232 1736 266 ipse

103 283 256 317 fragmenta
270 282 411 309 confracta
424 287 451 308 et
468 281 585 316 protrita
604 281 698 308 fuerit.

139 328 391 355 lutroducitautem
402 328 569 363 principium
582 336 666 354 unum
678 327 893 359 introminatum,

103 381 117 401 a
132 382 186 408 quo
201 374 286 401 Deum
303 374 386 400 alium
405 374 574 408 processisse
598 373 706 405 subdit,
733 373 779 406 qui
801 372 894 399 omnia

103 418 240 446 creaverit
265 429 270 445 :
299 418 381 452 ique
406 426 460 445 non
487 423 571 449 recte,
604 419 651 445 sed
678 418 747 444 male
766 423 790 444 et
811 421 895 452 prout

102 469 239 498 corrupt-.e
256 465 357 491 mentis
374 470 433 491 erat
455 464 549 490 lumen
565 464 631 490 illud
653 463 726 499 quod
747 463 801 490 diei
825 472 895 498 pra:-

104 511 188 542 lucet,
215 515 262 538 aut
288 519 381 538 aerem
406 519 487 545 quem
515 511 652 545 spiramus
680 511 892 545 haudquaquam

104 559 219 588 veritus,
236 565 291 584 nou
309 558 388 593 panis
408 565 463 591 quo
485 557 597 590 alimur,
614 565 669 584 non
692 565 770 591 aquae
786 565 840 592 qua
865 557 893 583 in

105 609 171 639 p0tu
188 604 303 634 utimur,
325 612 380 631 non
408 609 572 630 caeternrum
590 605 772 639 cujusquam,
792 603 894 638 quibus

104 650 241 682 homines,
255 655 285 676 ut
297 654 395 677 caetera
412 650 546 684 spirantia
561 650 742 684 perfruimur,
757 650 893 677 rationem

105 697 187 723 ullam
203 696 318 723 habens.
349 696 377 723 in
404 696 506 731 quibus
523 696 677 730 praesertim
698 696 790 723 minus
807 700 893 727 recte,

104 749 155 769 nec
172 746 202 768 ut
213 746 356 769 creaturas
376 741 455 768 decet
470 742 552 768 verba
575 741 609 768 de
632 750 665 768 eo
682 741 778 769 fecisse
795 742 895 777 depre-

104 787 246 819 henditur,
260 795 274 813 a
293 795 348 822 quo
371 787 423 813 illae
449 787 476 814 in
494 795 584 814 rerum
610 792 735 814 naturam
753 789 894 822 producta:

103 839 175 860 sunt.
195 833 228 861 Ut
251 839 325 861 certe
339 833 480 861 Christum
501 835 614 866 superni
629 836 808 871 ejusdemque
829 836 894 864 boui

103 880 152 907 Dei
167 879 266 907 Filium
283 881 410 914 fateatur,
424 881 470 915 qui
491 888 587 908 revera
611 889 722 908 carnem
742 883 892 910 humanam

104 927 236 958 Induerit,
249 934 346 962 passus
357 928 403 958 sit,
415 933 443 955 et
458 929 650 961 resarrexerit,
661 929 788 955 eumdem
801 933 892 956 tamen
909 925 928 951 Β

103 980 166 998 cum
187 974 213 999 in
230 973 313 999 iazies
330 973 464 1005 ascendit,
482 981 595 1000 carnem
612 974 785 1008 deposuisse,
804 975 896 1009 priva-

105 1023 218 1053 tumque
247 1027 364 1053 corpore
382 1020 541 1047 ascendisse
557 1021 711 1048 contendit.
728 1021 786 1054 Qua
806 1023 834 1049 in
865 1029 895 1049 re

103 1066 204 1100 partim
228 1065 358 1098 Cerdoui,
376 1067 475 1101 partim
494 1067 625 1094 Mareioui
651 1068 775 1100 coliudit,
794 1069 893 1103 partim

103 1112 210 1139 Car-teris
233 1113 371 1139 haereticis
399 1111 576 1148 astipulatur,
591 1122 764 1149 erroneaque
787 1120 814 1142 ct
844 1115 894 1142 im-

104 1158 245 1192 probanda
260 1166 323 1186 cum
340 1159 395 1186 illis
409 1162 537 1194 dogmata
556 1160 631 1187 velut
646 1159 821 1188 hmreditario
831 1162 893 1196 jure

102 1205 229 1232 Sortitur.

140 1250 213 1278 Idem
228 1252 308 1278 aliam
322 1259 431 1287 quoque
444 1251 569 1280 hieresim
583 1252 707 1287 innovat,
720 1254 786 1281 dum
811 1255 894 1283 Chri-

108 1303 181 1325 stum
198 1299 250 1325 sibi
265 1304 384 1333 quatuor
397 1308 429 1326 ex
444 1300 600 1331 elementis,
612 1308 666 1327 non
676 1309 766 1329 autem
781 1310 814 1329 cx
832 1303 893 1330 Vir-

105 1345 177 1379 ginis
204 1346 386 1381 sanguiuibus
413 1355 525 1374 carnem
557 1350 728 1383 compegisse
755 1351 856 1378 asserit
885 1359 892 1377 :

105 1393 288 1426 canitiemque
304 1393 395 1419 denuo
416 1394 442 1420 in
466 1393 510 1420 illa
539 1394 708 1427 dissolviSse,
738 1404 769 1422 ex
793 1384 894 1431 quibus

104 1440 255 1472 composita
273 1440 373 1472 fuerat,
390 1440 464 1474 quod
482 1441 593 1474 quidem
616 1441 720 1469 Christi
744 1444 829 1478 glstis
844 1444 893 1470 ad-

101 1489 238 1510 versatur.
256 1484 324 1510 lVain
347 1486 368 1511 si
394 1493 504 1511 carnem
532 1486 640 1512 cmlitus
667 1487 823 1521 attulisset,
839 1496 894 1523 quo

105 1535 228 1564 tempore
241 1530 374 1564 Angelum
389 1531 591 1566 Evangelistam
608 1533 634 1559 in
653 1533 793 1562 civitatem
807 1535 894 1563 Naza-

103 1578 209 1603 retham
226 1578 338 1604 miserat
355 1587 361 1604 :
380 1579 413 1605 ad
428 1578 506 1613 quid,
523 1588 633 1614 quasso.
648 1589 717 1616 opus
740 1583 765 1610 ei
789 1583 889 1615 fuerat,

104 1627 134 1649 ut
151 1623 185 1649 ad
209 1628 316 1658 tempus
344 1625 371 1651 in
396 1630 475 1653 utero
502 1625 621 1662 Virginis
646 1628 832 1663 formaretur,
857 1639 890 1659 ex

103 1669 257 1704 eodemque
274 1679 336 1698 cum
352 1673 537 1701 crassitudine
553 1675 677 1710 corporis
693 1677 803 1705 eviret‘!

412 1729 478 1757 CAP
499 1730 578 1758 XVII.

99 1761 217 1796 Septima
234 1763 468 1804 deciziialiazresis,
498 1766 713 1804 Swrriaiiorum.
732 1767 768 1796 lli
789 1777 891 1804 quoque

294 1800 328 1826 ad
336 1802 494 1834 baptismum
506 1803 694 1830 admittuntur.

136 1843 343 1878 Principatibus
359 1846 403 1871 hic
417 1853 527 1880 quoque
550 1847 794 1884 Potestatibusque
816 1851 890 1877 illam

99 1896 193 1917 rerum
218 1891 386 1918 creationem
409 1899 490 1926 quam
520 1893 659 1922 credimus
688 1897 889 1924 accommodat.

98 1937 201 1971 Aitque
220 1946 304 1965 unum
320 1946 380 1966 esse
396 1939 482 1966 Deum
498 1940 601 1968 bonum
618 1941 646 1968 in
665 1950 795 1977 supremo
820 1945 891 1971 caelo

98 1990 127 2011 et
152 1984 266 2012 sieculo.
283 1985 428 2012 Diabolum
444 1991 537 2014 autem
560 1995 593 2014 ex
617 1988 678 2023 ejus
695 1989 801 2016 femore
827 1998 890 2024 pru-

96 2030 234 2061 cessisse,
260 2031 307 2065 qui
333 2035 503 2065 potestatum
531 2032 622 2059 ordini
649 2039 748 2068 praeest
773 2043 780 2061 :
806 2043 890 2070 quem

97 2076 182 2103 etiam
199 2075 410 2104 .Ialdabaothum
429 2081 518 2104 vocat.
534 2077 677 2106 Diabolum
693 2079 767 2107 hunc
781 2100 789 2112 ,
805 2081 889 2108 simul

95 2126 181 2156 atque
195 2122 223 2149 in
235 2123 324 2149 lucem
337 2124 429 2151 editus
440 2127 489 2156 est,
504 2129 660 2158 serpentem
674 2125 888 2160 deprehensum,

96 2172 124 2194 et
139 2169 246 2196 idcirco
268 2170 295 2196 in
319 2174 420 2197 terram
446 2171 597 2205 dejectum.
616 2173 740 2207 Cumque
762 2174 889 2202 venereis

98 2215 220 2242 stimulis
236 2223 416 2250 pungeretur.
441 2224 503 2243 cum
528 2222 601 2244 terra
629 2225 683 2245 non
703 2226 783 2246 secus
806 2224 889 2254 atque

947 286 1056 313 quoque
1070 279 1186 306 aliarum
1224 284 1322 306 auctor
1347 279 1487 306 haereseon
1500 299 1507 311 ,
1531 284 1659 313 tanquam
1677 279 1735 306 bia-

945 324 1078 359 sphemiis
1102 325 1278 360 blasphemas
1305 332 1435 359 superare
1461 325 1622 356 contendat,
1646 332 1660 351 a
1678 324 1734 351 vini

945 378 996 397 usu
1013 378 1126 404 prorsus
1141 371 1337 398 abstinendum
1353 378 1414 398 esse
1428 371 1519 397 docet.
1535 370 1735 405 Diabolumqne

945 422 1007 441 cum
1020 421 1091 441 terra
1104 422 1293 450 congressum,
1307 423 1333 443 et
1346 416 1445 443 eximie
1455 416 1536 443 vitem
1552 423 1613 442 mox
1626 420 1733 442 enatam

945 468 1070 488 asserere
1089 469 1143 488 nou
1158 467 1269 489 veretur
1284 471 1291 490 :
1308 463 1343 489 ita
1370 468 1400 489 ut.
1422 462 1505 489 vilem
1523 462 1586 488 mali
1604 461 1736 488 daemonis

947 507 1049 534 malum
1066 515 1136 542 opus
1154 507 1270 535 allirmet
1291 510 1357 543 :ign
1379 516 1441 535 rans
1466 507 1558 534 omnia
1581 516 1640 542 quae
1664 507 1737 534 Deus

947 555 1051 580 ereavit
1064 562 1124 581 esse
1142 554 1225 585 bona,
1241 559 1322 588 prout
1338 554 1461 589 ejusdem
1477 554 1570 581 divina
1594 561 1645 580 vox
1664 558 1736 580 alte-

946 604 1046 627 statur.
1062 600 1161 627 Malunt
1176 601 1287 636 quidem
1307 605 1349 627 est
1361 600 1493 632 ebrietas,
1505 605 1531 627 et
1548 608 1641 627 rerum
1657 608 1737 626 crea—

946 649 1033 672 tarum
1046 646 1168 679 abusus;
1195 654 1257 673 nam
1280 647 1320 673 sol
1344 654 1457 681 quoque
1485 646 1611 681 caliginis
1639 651 1736 673 auctor

945 697 987 718 est
1003 692 1048 723 iis,
1070 693 1117 726 qui
1143 692 1170 719 in
1187 693 1247 727 ejus
1264 692 1358 719 orbem
1384 697 1458 719 recta
1482 693 1624 718 oculorum
1649 692 1736 718 aciem

946 737 1069 772 dirigunt
1088 745 1161 764 :non
1180 743 1270 765 tamen
1282 746 1314 765 ea
1328 739 1362 765 de
1373 746 1454 765 causa
1470 738 1671 764 lucidissimum
1686 738 1736 763 hoc

947 783 1001 810 dici
1018 784 1110 811 lumen
1130 784 1332 818 aspernandum
1360 789 1412 811 est.
1441 785 1517 818 Aqua
1544 785 1627 810 vitam
1655 784 1737 810 rebus

946 831 1064 857 admotis
1081 830 1198 864 largitur
1214 838 1221 856 :
1237 831 1333 857 eadem
1358 831 1493 857 suffocare
1517 838 1628 865 quoque
1656 831 1735 856 solet.

948 877 1018 912 Ignis
1033 877 1126 903 itidem
1143 876 1268 904 calefacit
1288 882 1371 911 atque
1389 877 1456 903 urit.
1473 876 1586 903 Gladius
1604 876 1696 902 multis
1711 883 1736 901 ιιι

947 924 1029 951 rebus
1043 923 1227 950 conducibilis
1246 927 1288 950 cst
1306 931 1313 950 :
1330 928 1357 950 at
1380 923 1452 949 idem
1470 922 1617 949 homicidia
1641 929 1737 955 perpe-

947 975 1012 997 trat.
1037 971 1083 997 Sic
1099 978 1129 997 se
1146 971 1250 997 habent
1265 974 1364 997 caetera
1380 978 1490 1005 quoque
1506 969 1608 1000 omnia,
1634 969 1737 1003 quibzs

946 1015 1065 1043 humana
1081 1017 1136 1044 vita
1153 1021 1271 1043 constat.
1288 1016 1360 1049 Quin
1376 1024 1472 1044 earum
1497 1016 1580 1043 etiam
1596 1015 1733 1042 virtutum

945 1070 1004 1097 quae
1021 1063 1123 1097 reginae
1135 1063 1268 1090 dicuntur
1285 1083 1292 1095 ,
1312 1070 1378 1090 usus
1393 1063 1451 1096 ipse
1467 1063 1558 1089 medio
1573 1062 1734 1096 neutiquam

945 1113 1031 1135 caret.
1051 1109 1078 1135 Si
1096 1109 1159 1143 quis
1183 1117 1249 1144 ergo
1275 1116 1319 1136 res
1344 1109 1502 1144 hujusmodi
1531 1116 1564 1135 ex
1593 1108 1735 1134 hominum

945 1162 996 1181 usu
1009 1155 1126 1187 auferat,
1139 1155 1197 1182 solo
1209 1156 1416 1183 contrarietatis
1427 1163 1565 1182 ceneursu
1582 1160 1735 1189 permouh,

945 1201 968 1228 is
985 1202 1096 1234 eiiiciet,
1115 1207 1143 1229 ut
1162 1210 1257 1230 earum
1272 1210 1365 1229 rerum
1384 1203 1443 1230 sine
1457 1203 1560 1238 quibus
1573 1203 1626 1229 vita
1643 1207 1736 1228 nostra

945 1249 1051 1282 ingrata
1091 1254 1119 1276 et
1147 1251 1248 1276 acerba
1277 1249 1369 1276 futura
1396 1250 1441 1279 sit.
1469 1250 1552 1276 nullae
1582 1248 1733 1283 θυμω-πίω.

946 1294 1037 1321 Multis
1056 1303 1120 1321 vero
1135 1295 1216 1321 etiam
1239 1295 1279 1322 vel
1298 1296 1366 1322 mica
1385 1296 1461 1329 panis
1485 1299 1602 1321 mortem
1630 1295 1732 1320 altum.

945 1341 977 1368 At
994 1343 1053 1369 fieri
1069 1348 1159 1369 tamen
1184 1343 1259 1370 milio
1283 1344 1364 1370 modo
1385 1347 1486 1378 potest,
1507 1346 1535 1369 ut
1551 1349 1620 1376 pane
1636 1349 1735 1368 carea-

947 1395 1016 1418 mus.
1044 1389 1091 1422 qui
1116 1394 1245 1423 tanquam
1271 1397 1315 1416 res
1337 1390 1459 1416 omnium
1488 1387 1666 1419 solidissima,
1689 1395 1738 1414 cor

946 1433 1068 1460 hominis
1083 1435 1244 1465 confirmat,
1262 1434 1494 1469 quemadmodum
1517 1439 1545 1461 et
1571 1434 1665 1460 viuum
1680 1453 1687 1465 ,
1712 1433 1736 1459 si

945 1486 1101 1514 opportune
1116 1481 1315 1515 moderateque
1330 1481 1451 1513 bibatur,
1471 1488 1522 1507 nec
1536 1480 1613 1507 illum
1630 1488 1738 1514 σωφρο-

947 1526 1029 1562 σύνης
1049 1534 1097 1554 seu
1115 1528 1303 1562 temperantiae
1320 1532 1454 1555 craterem
1467 1527 1612 1558 transiliat,
1626 1531 1673 1553 alit
1692 1535 1738 1553 sc-

945 1573 1067 1600 cundum
1084 1575 1178 1601 saltem
1193 1583 1248 1601 non
1274 1576 1398 1608 excedat,
1414 1577 1532 1610 ace;sz
1546 1584 1589 1607 ατ,
1602 1583 1649 1602 seu
1661 1575 1738 1602 sutil-

944 1621 1051 1647 cientiee
1074 1621 1154 1656 vulgo
1180 1621 1278 1653 fertur,
1306 1629 1361 1656 quo
1389 1621 1500 1656 quidem
1527 1621 1599 1648 bona
1623 1621 1734 1656 corpori

943 1666 1072 1694 valetudo
1095 1667 1203 1694 accedit
1237 1668 1378 1702 animique
1403 1675 1467 1702 pars
1494 1667 1635 1695 rationalis
1661 1673 1734 1694 sarta

945 1716 1015 1740 tecta
1043 1707 1161 1740 fovetur.
1190 1713 1325 1748 Quodque
1352 1721 1385 1741 eo
1411 1715 1498 1748 majus
1523 1717 1584 1744 est,
1612 1715 1733 1748 seipsum

943 1758 1071 1788 Christus
1087 1760 1134 1787 viti
1147 1760 1353 1795 discipulosque
1371 1760 1530 1795 palmitibus
1546 1760 1733 1793 comparavit:

944 1805 1019 1833 Patri
1041 1806 1162 1840 denique
1182 1813 1284 1832 nomen
1300 1805 1426 1840 agricola:
1442 1804 1553 1831 indidit.
1571 1804 1642 1837 Quin
1662 1811 1689 1831 et
1708 1813 1734 1831 In

945 1855 1024 1878 nocte
1040 1851 1095 1883 illa,
1117 1858 1170 1885 qua
1189 1850 1360 1882 tradebatur,
1377 1850 1517 1884 aecipiens
1534 1858 1631 1884 panem
1651 1851 1736 1876 refcr-

945 1901 1058 1931 tumque
1083 1897 1147 1923 vino
1176 1897 1310 1930 calicem,
1336 1901 1364 1924 et
1392 1903 1539 1931 utrumque
1558 1897 1733 1930 benedicens,

943 1943 1050 1971 Novum
1070 1943 1151 1970 nobis
1165 1943 1373 1971 Tesramentum
1391 1944 1520 1975 tradidit,
1538 1953 1608 1979 pane
1623 1944 1735 1979 quidem

944 1990 971 2016 in
987 1997 1067 2016 suum
1084 1997 1195 2024 corpus,
1217 1990 1282 2016 vino
1308 1996 1400 2017 autem
1422 1991 1449 2017 in
1475 1991 1636 2026 sanguinem
1662 1999 1736 2018 COIH-

943 2041 1059 2062 ruutato.
1084 2035 1188 2071 Hisque
1210 2036 1280 2063 adeo
1300 2037 1436 2064 ambobus
1454 2038 1533 2064 nobis
1551 2038 1734 2071 cunjunctus,

942 2083 988 2117 qui
1004 2082 1038 2110 ab
1055 2082 1101 2110 illo
1117 2090 1212 2110 sumus
1226 2082 1438 2117 appellationem
1451 2084 1552 2116 sortiti,
1568 2085 1627 2110 dies
1639 2091 1734 2111 omnes

942 2128 1085 2155 nobiscum
1112 2133 1262 2161 versatur,
1287 2129 1521 2163 quemadmodum
1554 2129 1637 2156 etiam
1671 2137 1734 2164 prn-

942 2175 1028 2202 misit.
1045 2175 1137 2210 Atque
1158 2176 1195 2203 ita
1214 2176 1317 2203 nostris
1337 2176 1451 2211 quidem
1475 2175 1517 2202 vel
1533 2175 1560 2202 in
1576 2175 1734 2209 hujusmodi

943 2221 1081 2256 mysteriis
1104 2221 1214 2248 arcanis
1234 2221 1291 2248 vini
1313 2229 1380 2248 usus
1403 2221 1479 2248 utilis
1500 2225 1528 2249 et
1544 2221 1668 2248 salutifer
1686 2222 1733 2247 de-

96 2269 159 2288 rum
184 2262 299 2289 muliere
317 2270 374 2289 rem
393 2261 533 2295 habuisse,
552 2264 694 2298 vitemque
708 2265 767 2300 ejus
782 2273 796 2292 e
810 2273 888 2300 sper-
907 2274 928 2302 ο
945 2267 1139 2302 prehenditur.

96 2313 170 2336 mate
184 2309 484 2344 prognatam.Proinde
497 2318 511 2336 a
529 2311 593 2337 vino
610 2311 807 2339 abstinendum
828 2320 888 2340 esse

95 2354 223 2389 dicebat,
242 2356 317 2390 quod
332 2356 444 2391 quidem
464 2364 539 2383 nunc
558 2357 584 2383 in
602 2357 747 2390 furorem,
764 2366 838 2386 nunc
858 2359 885 2385 in

98 2398 168 2427 iram
181 2408 337 2429 exacueret.
353 2402 493 2430 Feminam
508 2407 640 2437 prieterea
656 2403 740 2431 miser
751 2405 796 2431 ille
810 2413 825 2432 a
841 2405 889 2432 Sa-

98 2451 161 2474 tana
186 2447 285 2475 factam
298 2469 306 2481 ,
331 2457 433 2484 eosque
449 2449 494 2484 qui
509 2457 572 2476 cum
587 2450 688 2477 femina
721 2451 888 2478 concumbe-

99 2498 174 2524 rent,
191 2493 299 2520 Satana:
323 2501 394 2528 opus
414 2487 568 2530 adimplere
586 2495 775 2523 fabulabatur.
798 2497 889 2532 Atque

99 2545 132 2565 ea
158 2539 192 2566 de
216 2546 299 2566 causa
324 2541 434 2573 nuptias
459 2541 649 2569 dissuadebat.
683 2541 800 2577 insuper
826 2551 887 2570 eam

99 2593 210 2620 quoque
226 2586 347 2613 hominis
364 2591 481 2620 partem,
499 2596 561 2622 qua:
574 2589 703 2623 superior
726 2596 810 2621 esset,
829 2599 889 2617 um-

101 2631 241 2668 biiicoque
271 2638 353 2660 tenus
370 2633 595 2667 protenderetur,
609 2637 758 2668 potestatis
783 2637 887 2664 Christi

97 2685 252 2708 creaturam
262 2689 268 2707 :
278 2685 436 2715 quaeuutem
452 2687 688 2716 consequerentur
715 2683 887 2716 umbilicum,

98 2733 130 2752 ea
147 2727 219 2754 idem
245 2728 322 2754 mala:
347 2727 493 2761 potestatis
514 2735 585 2762 opus
605 2736 667 2755 esse
691 2731 887 2758 contendebat.

100 2770 183 2800 Vetus
202 2773 321 2807 denique
337 2773 558 2806 Testamentum,
589 2781 642 2801 una
668 2783 730 2801 cum
759 2784 887 2804 resurre-

97 2819 188 2846 ctione
203 2825 374 2847 mortuorum
388 2820 570 2848 iniiciabatur.

246 2867 380 2895 ereseas
395 2868 566 2902 prwccdentis
578 2869 736 2903 confatalia.

136 2911 173 2940 Ex
197 2913 337 2950 plerisque
366 2914 559 2943 haresiarchis
589 2922 622 2942 ea
647 2923 708 2950 qua:
735 2915 889 2944 arriseruut

980 2313 1147 2341 Severianus
1177 2318 1267 2340 autem
1289 2312 1342 2348 qui
1363 2312 1457 2339 vinum
1473 2315 1501 2338 et
1518 2311 1629 2345 nuptias
1654 2318 1734 2338 exsc-

944 2365 1046 2393 cratur,
1061 2361 1205 2395 indignum
1217 2367 1246 2387 se
1255 2359 1357 2394 prodit,
1370 2359 1452 2393 etqui
1465 2365 1584 2392 unquam
1599 2357 1625 2384 in
1643 2357 1731 2384 lucem

945 2406 1097 2441 productus
1105 2407 1149 2438 sit,
1161 2411 1190 2433 et
1201 2406 1247 2440 qui
1259 2405 1372 2433 calicem
1389 2405 1495 2432 Domini
1511 2404 1734 2438 sumat.Utraque

943 2454 1017 2480 enim
1032 2453 1161 2481 Christus
1183 2452 1333 2484 benedixit,
1352 2451 1462 2486 nuptias
1487 2450 1598 2486 quidem
1615 2458 1734 2485 praesen-

944 2500 992 2531 tia,
1011 2499 1103 2526 vinum
1117 2504 1209 2526 autem
1226 2507 1258 2526 ex
1273 2506 1344 2533 aqua
1360 2505 1432 2526 novo
1455 2501 1484 2525 et
1508 2498 1632 2525 inaudito
1647 2497 1732 2523 mira-

943 2546 1005 2573 culo
1018 2546 1132 2575 factum.
1146 2545 1206 2572 Jam
1220 2553 1286 2573 vero
1298 2544 1364 2580 quid
1381 2552 1527 2572 commune
1541 2543 1594 2570 luci
1610 2548 1637 2569 et
1652 2546 1731 2569 tene-

945 2592 1019 2620 bris?
1032 2592 1156 2627 ltemqne
1171 2592 1227 2619 Deo
1244 2596 1273 2619 et
1292 2591 1410 2618 diemoni
1438 2595 1467 2617 ut
1497 2597 1560 2617 eum
1583 2589 1732 2616 creatiouis

943 2642 1098 2673 compotem
1114 2638 1217 2665 faciat?
1233 2638 1282 2665 llic
1294 2638 1368 2665 enim
1385 2637 1506 2664 universi
1529 2641 1639 2663 creator
1651 2655 1658 2666 ,
1686 2635 1732 2663 ille

945 2692 1009 2712 vero
1024 2690 1151 2711 creatura
1163 2689 1303 2716 censetur,
1326 2691 1415 2719 eaque
1438 2683 1508 2710 adeo
1520 2703 1526 2715 ,
1544 2691 1605 2718 qum
1623 2683 1687 2717 quia
1705 2690 1731 2709 m

944 2731 978 2758 iis
993 2739 1054 2766 qua:
1067 2737 1222 2766 acceperat,
1240 2731 1352 2757 minime
1374 2734 1597 2765 perseverasset,
1623 2730 1677 2756 imo
1695 2734 1731 2756 tv.-

943 2778 1072 2805 merariis
1092 2778 1120 2804 in
1136 2783 1290 2805 creatorem
1307 2785 1380 2804 ausis
1405 2777 1612 2809 insurrexisset,
1630 2777 1734 2803 idcirm

944 2825 1024 2851 etiam
1037 2832 1070 2851 ex
1083 2825 1139 2851 alto
1152 2832 1273 2859 praeceps
1289 2824 1434 2852 deturbata
1447 2828 1498 2857 est,
1512 2825 1602 2851 omnis
1613 2823 1733 2859 denique

945 2871 1074 2905 nequitia:
1086 2875 1168 2906 caput
1186 2877 1214 2899 et
1232 2877 1372 2898 auctorem
1391 2879 1419 2899 sc
1435 2871 1574 2906 pra-stitit.

980 2918 1065 2946 Filius
1081 2926 1147 2952 ergo
1166 2918 1331 2953 perditionis
1348 2925 1375 2947 et
1391 2919 1525 2947 malorum
1542 2918 1664 2947 auctoris
1690 2917 1734 2945 ilic
