1927 3085
228 166 299 198 I283

227 221 319 256 proles
335 224 387 250 est.
405 220 564 254 quicunque
579 219 635 246 Deo
648 223 675 246 et
689 218 806 245 daunoni
822 219 921 249 nostri,
938 217 1017 252 quasi
1033 223 1054 249 Λ

227 267 366 295 communi
378 258 496 302 quodam
512 265 674 299 dividundo,
687 265 855 293 creationem
884 265 1016 300 impertit,

226 314 364 348 marisque
377 313 446 340 adeo
460 320 521 340 cum
534 312 636 339 femina
648 319 838 346 congressum,
854 319 925 346 opus
941 310 1019 337 Sata-

226 361 318 388 nicum
334 359 455 394 appellat
469 366 475 384 :
489 358 581 393 qualis
595 357 789 393 ﬁgmentorum
802 357 960 391 hujustnodi
970 364 1019 383 au-

225 410 286 433 ctor
304 405 474 434 Severianus
488 404 626 439 arguitur.

527 471 604 500 CAP.
624 471 717 499 XVIII.

251 517 349 546 Octava
364 517 465 544 decima
484 518 601 550 Itwresis,
614 517 731 544 Tatiani.
749 516 786 544 Hi
810 517 990 553 baptizantur.

260 573 367 602 Tatiani
376 573 493 600 hiereses
502 581 516 600 a
526 573 663 601 Valentini
673 573 873 608 Marcionisque
884 573 1018 608 dogmati-

227 619 278 646 bus
300 619 397 646 alienae
414 624 489 647 sunt.
500 619 557 646 lino
565 619 828 654 hicillositnpietate
839 620 866 646 in
879 620 1020 655 plerisque

224 675 356 702 superare
369 667 550 699 contendens,
565 667 742 702 Evangelium
756 666 933 701 conscripsit,
947 666 1019 700 quod

224 715 269 741 διὰ,
285 714 436 748 τεσσάρων,
453 714 506 740 hoc
523 717 565 740 est
584 720 616 740 ex
628 717 746 748 quatuor
757 712 940 747 Evangelistis
954 719 1019 738 con-

225 760 331 791 ﬂatum,
352 760 431 794 vulgo
450 760 605 794 appellatur
624 767 631 788 :
649 759 814 794 genealogiis
837 759 946 790 accisis,
964 766 1019 785 non

225 806 342 838 caeteris,
359 813 530 840 quaecunque
549 805 695 832 Dominum
720 813 753 833 ex
778 806 883 833 semine
908 805 1019 832 Davidis

225 851 380 879 secundum
406 859 517 878 carnem
548 852 717 886 processisse
734 856 963 879 commonstrant.
986 851 1018 877 Et

225 898 299 933 quod
323 898 356 924 ad
373 898 537 924 saeculorum
554 898 665 932 quidem
686 897 868 924 deliramenta
887 902 1016 931 pertinet,
1035 903 1054 930 ι)

223 944 319 971 eadem
338 943 384 971 ille
401 952 463 971 cum
491 944 637 972 Valentino
660 944 806 971 sentiebat.
826 943 904 976 Quod
925 948 1015 970 autent

225 990 336 1026 nuptias
352 996 557 1024 exsecraretur,
574 996 602 1018 et
619 999 633 1018 a
649 992 732 1018 rebus
752 991 882 1018 animatis
896 991 1017 1024 vinoque

223 1038 387 1069 abstineret,
417 1045 481 1065 cum
509 1038 662 1065 Saturnino
685 1042 714 1065 et
732 1037 885 1065 Severiano
913 1037 1018 1064 sentire

223 1082 493 1118 deprehendebatur.
512 1083 588 1110 Unde
609 1084 692 1111 etiam
717 1090 814 1111 eorum
840 1082 888 1117 qui
916 1082 1019 1109 Encra-

225 1131 291 1162 titae,
311 1135 338 1158 et
352 1131 464 1166 Aquarii
483 1130 550 1157 dicti
581 1134 656 1162 sunt,
686 1131 741 1157 dux
768 1134 797 1157 et
829 1132 925 1156 auctor
950 1127 1014 1154 fuit.

224 1177 292 1205 Cum
309 1177 381 1204 enim
411 1183 583 1204 sacramenta
598 1177 631 1203 ad
650 1181 751 1204 sanctae
767 1176 897 1204 Ecclesia:
929 1175 1019 1202 imita-

226 1224 329 1250 tionem
347 1227 502 1258 perageret,
525 1228 607 1257 alque
634 1223 670 1250 ita
690 1223 888 1250 continentiam
907 1221 1020 1256 proﬁte-

226 1268 348 1301 retur,in
358 1269 540 1296 sacramentis
563 1269 674 1303 quidem
698 1276 767 1303 aqua
794 1268 851 1295 sola
879 1267 1019 1294 utebatur.

225 1314 359 1340 Czeterum
384 1314 489 1348 nuptiis
506 1314 625 1348 injurius
641 1313 715 1340 nulla
727 1313 787 1340 illas
802 1314 829 1340 in
847 1320 876 1340 re
900 1320 914 1338 a
931 1311 1019 1338 forni-

225 1359 333 1386 catione
360 1359 472 1386 dill‘erre
494 1359 614 1387 dicebat.
637 1359 772 1386 Adamum
791 1359 911 1394 denique
928 1359 1017 1392 ipsum

225 1403 330 1430 salvum
346 1411 406 1431 esse
423 1404 614 1432 inliciabatur.

377 1471 513 1499 lla’reseos
529 1472 696 1508 praecedentis
709 1472 864 1507 confutatio.

261 1528 401 1555 Adversus
415 1528 582 1555 Marcionem
613 1533 641 1556 et
670 1529 747 1555 illum
775 1529 940 1556 subsecutus
966 1529 1022 1556 bte-

227 1574 326 1601 rcticos
356 1573 492 1606 scribens,
510 1575 604 1601 eadetn
629 1581 739 1609 quoque
769 1575 797 1601 in
825 1575 922 1601 haeresi
955 1582 1017 1602 cum
1034 1580 1056 1611 ρ

225 1621 279 1648 illis
303 1620 449 1647 Tatianutn
477 1621 561 1648 fuisse
590 1620 656 1648 dixi.
691 1620 793 1647 Eadem
829 1626 920 1648 autem
955 1622 1021 1648 sub-

224 1665 289 1692 inde
314 1665 431 1700 repetita
452 1665 576 1692 narratio
589 1665 730 1693 fastidium
746 1665 819 1692 haud
833 1666 917 1693 dubie
928 1667 1018 1701 parit:

223 1719 275 1739 nec
302 1712 394 1739 minus
418 1711 532 1738 auribus
551 1711 617 1746 ipsas
633 1713 749 1739 molesta
772 1717 825 1740 εει.
842 1712 936 1747 Neque
954 1720 1020 1739 vero

224 1767 238 1785 a
254 1758 369 1793 reliquis
385 1757 577 1792 impietatibus
594 1758 702 1785 Tatiani
723 1757 846 1785 alienum
871 1762 923 1789 est,
945 1758 1018 1792 quod

224 1807 251 1832 in
266 1805 389 1840 mysticis
414 1804 499 1832 sacris
520 1813 591 1840 aqua
626 1809 751 1832 uteretur
770 1815 776 1832 :
795 1813 857 1833 cum
887 1805 1020 1833 Dominus

225 1852 426 1879 institutionem
453 1859 530 1879 suam
557 1851 636 1886 panis
662 1856 690 1879 et
718 1852 776 1879 vini
794 1851 933 1879 oblatione
950 1852 1018 1879 deli-

223 1898 307 1925 nicrit
321 1918 328 1930 ,
344 1902 373 1925 ct
386 1906 419 1925 ex
437 1898 561 1933 ejusdem
583 1899 671 1925 latere
687 1906 742 1925 non
759 1906 830 1934 aqua
848 1900 936 1926 solum
949 1920 955 1932 ,
971 1899 1019 1926 sed

223 1945 334 1979 sanguis
352 1945 436 1972 etiam
454 1945 491 1972 ita
512 1944 670 1978 deﬂuxerit,
699 1951 728 1973 ut
755 1946 840 1972 Deum
860 1946 1018 1973 nullatenus

223 1991 393 2023 dedecuerit,
413 1997 593 2026 posteaquam
612 1991 638 2017 in
655 1991 705 2019 Dei
732 1992 822 2019 Patris
843 1999 940 2020 manus
955 1993 1010 2027 spi-

224 2037 306 2063 ritum
331 2036 544 2064 commendavit.

536 2105 611 2132 CAI'.
634 2105 702 2133 ΧῙΧ.

258 2151 335 2180 Nona
347 2153 449 2180 decima
465 2152 580 2182 litt-rasis.
598 2152 802 2179 Encratitarum
820 2171 828 2184 ,
843 2160 888 2179 seu
910 2152 981 2179 Cott-

418 2188 568 2214 Iinentium.
589 2188 623 2214 lli
640 2188 820 2222 baptizantur.

256 2247 459 2273 Eneratitarum
475 2253 596 2280 quoque,
606 2253 653 2273 seu
667 2246 876 2274 Continentium
890 2246 1012 2278 htercsis,
1032 2256 1052 2283 ο

223 2293 359 2319 luereseos
385 2293 493 2319 'latiani
525 2293 712 2327 fragmentum
748 2298 801 2320 est.
834 2293 894 2320 Duo
921 2299 1015 2320 autem

222 2338 358 2372 principia
376 2338 450 2365 bono
466 2338 521 2365 Deo
539 2339 664 2373 opposita
682 2343 853 2373 proponunt,
869 2337 1015 2372 eidemque

221 2384 362 2412 diabolum
388 2383 528 2411 adversari
554 2383 651 2410 dicunt
673 2391 680 2410 :
704 2392 759 2411 non
773 2384 837 2418 quia
852 2392 867 2410 a
885 2384 957 2411 bono
982 2383 1015 2410 ad

222 2431 322 2457 malum
341 2429 489 2458 deﬂexerat
504 2430 576 2465 (qum
593 2430 735 2457 catholica:
749 2430 860 2465 quidem
878 2429 1009 2456 Ecclesiae

220 2476 359 2505 sententia
374 2481 440 2512 est),
457 2476 504 2504 scd
521 2476 586 2511 quia
603 2476 687 2503 tantis
708 2476 816 2503 viribus
842 2476 967 2510 polleret,
987 2479 1017 2502 ut

220 2532 272 2552 suo
291 2524 354 2559 jure
380 2523 514 2559 quidquid
538 2523 720 2555 collibuissct,
745 2523 772 2550 id
798 2527 901 2558 ageret,
925 2529 1015 2556 neque

222 2571 278 2599 Deo
292 2571 421 2599 subditus
435 2571 645 2606 obsequeretur.
656 2570 808 2605 Scripturis
824 2576 915 2598 autem
931 2575 1014 2597 ututi-

222 2623 277 2651 tur,
296 2626 366 2653 quas
391 2617 526 2648 Andreaz.
543 2617 657 2645 Joannis
674 2623 702 2645 et
716 2617 829 2645 Thema:
845 2617 912 2645 Acta
934 2614 1015 2651 vulgo

223 2670 323 2693 vocant
339 2674 345 2692 :
358 2672 466 2692 necnon
483 2664 648 2700 quibusdam
660 2664 722 2692 aliis
737 2663 912 2699 apocryphis,
927 2663 1016 2695 iisque

222 2711 332 2739 Veteris
350 2711 522 2739 Testatnenti
537 2711 671 2746 locis.qui
685 2711 861 2746 potissimum
877 2709 1015 2737 arrident.

221 2758 358 2787 Castorum
377 2758 489 2792 nuptias
515 2763 609 2793 aperte
638 2758 750 2785 diabolo
774 2757 917 2784 ascribunt
933 2761 1015 2790 atque

223 2805 257 2831 ab
275 2812 397 2831 omnium
417 2810 601 2831 animatorum
618 2812 665 2832 esu
683 2803 835 2836 abstinent,
853 2810 907 2829 non
925 2801 1015 2828 conti-

261 2894 283 2909 "
305 2893 389 2921 Matth
417 2903 456 2929 χι,
468 2895 494 2924 8.
534 2896 555 2910 "9
570 2895 591 2921 ll
605 2894 683 2923 Joan.
700 2902 735 2928 tv,
753 2894 780 2921 2.

865 166 888 194 Ν
896 164 1014 193 ιΟΕΤίΕ
1042 165 1061 193 C

822 2894 863 2921 ‘ll
881 2893 946 2921 Cor.
965 2902 994 2926 n,
1017 2893 1057 2926 l5,
1085 2893 1125 2920 l-l.

1066 164 1244 194 ΙΙΟΝΙΑΤΑΞ
1794 166 1873 198 12H

1071 218 1170 244 nentize
1183 217 1281 252 gratia,
1302 223 1331 244 ut
1349 218 1436 250 aiunt,
1454 218 1500 245 sed
1517 219 1580 253 quia
1615 225 1752 253 metuunt,
1771 229 1809 248 ne
1836 223 1873 249 ob

1070 264 1254 290 animatorum
1265 271 1342 291 esum
1352 265 1584 292 condemnentur.
1603 264 1700 293 Vinum
1711 274 1797 301 porro
1813 276 1871 295 non

1070 309 1226 343 approbant
1238 318 1245 335 :
1262 309 1351 344 ipsutn
1365 317 1474 344 quoque
1483 309 1650 337 diabolicum
1661 318 1722 338 esse
1737 312 1851 339 causali
1865 322 1871 338 :

1071 360 1154 390 atque
1171 355 1232 383 illos
1245 356 1292 390 qui
1307 363 1340 382 eo
1359 361 1485 387 utuntur,
1510 356 1620 391 iniquos
1649 362 1677 384 et
1703 363 1873 392 peceatores

1070 402 1201 429 vocitant.
1220 402 1250 429 In
1277 403 1456 430 sacramentis
1479 402 1598 437 denique
1615 403 1673 430 sola
1688 412 1760 439 aqua
1779 409 1871 432 utun~

1073 453 1129 474 tur.

1213 504 1348 531 Hmreseos
1370 503 1540 538 prwcedentis
1564 499 1720 539 confatalia.

1109 561 1256 588 Encratitze
1272 569 1382 596 quoque
1399 569 1447 588 seu
1469 561 1665 596 Continentcs,
1681 564 1753 591 sicut
1775 572 1869 599 equus

1072 613 1100 635 et
1115 608 1207 635 mulus
1222 607 1323 642 quibus
1337 615 1392 634 non
1409 612 1451 636 est
1466 608 1633 641 intellectus,
1647 609 1871 645 intemperanter

1073 655 1099 681 in
1123 654 1209 681 Deum
1228 655 1415 689 insurgentes,
1439 654 1494 681 illis
1525 656 1654 690 tanquam
1682 656 1710 682 in
1735 664 1820 684 canto
1845 662 1872 684 et

1072 701 1150 728 l‘reno
1176 701 1415 735 constringentur,
1431 708 1491 735 quae
1517 701 1650 728 adversus
1675 701 1817 729 Valentini
1846 709 1872 729 et

1072 746 1230 778 Marcionis,
1252 754 1359 773 necnon
1383 746 1486 780 Apellis
1510 751 1537 774 et
1565 747 1670 774 Tatiani
1705 747 1832 776 haereses
1852 757 1867 774 a

1072 794 1151 820 nobis
1168 793 1284 820 adducta
1300 797 1375 819 sunt.

1390 850 1465 878 CAP.
1485 850 1545 877 XX.

1076 906 1208 944 Vicasimq
1223 908 1342 939 hazresis,
1353 906 1624 944 Catapltrygttmlgui
1641 913 1666 935 et
1681 909 1868 942 Montanium,

1150 947 1173 969 et
1188 943 1383 977 Tascodrugilw
1400 948 1537 970 vocantur.
1559 943 1593 971 lli
1609 944 1792 978 baptizantur.

1105 999 1308 1035 Cataphrygum
1323 999 1434 1027 haeresis
1449 994 1594 1035 Phrygiam
1612 1000 1786 1035 potissimum
1799 1009 1868 1036 per-

1070 1051 1167 1081 vagata
1183 1051 1237 1074 est.
1253 1046 1338 1074 Vetus
1351 1051 1442 1074 autem
1461 1047 1624 1081 Novumque
1648 1048 1863 1075 Testamentum

1070 1092 1231 1120 admittunt.
1281 1093 1370 1127 Atque
1406 1092 1585 1120 'mortuorum
1633 1094 1866 1122 resurrectionem

1071 1141 1249 1167 conﬁtentur.
1279 1140 1415 1167 Czeterum
1454 1140 1583 1167 Montano
1621 1140 1866 1175 pseudopropheta

1072 1186 1191 1221 quodam
1215 1191 1384 1221 prteccptore
1398 1186 1571 1221 gloriantur:
1585 1187 1632 1221 qui
1657 1186 1692 1214 de
1709 1188 1801 1222 seipso
1826 1187 1864 1213 ita

1072 1233 1222 1268 praedicare
1250 1233 1380 1260 solebat:
1399 1233 1455 1268 Ego
1477 1241 1538 1261 sum
1567 1233 1742 1268 omnipotens
1769 1233 1862 1261 Pater.

1072 1280 1139 1308 Item
1156 1289 1163 1306 :
1185 1280 1246 1308 Non
1261 1289 1320 1308 sum
1338 1281 1462 1316 angelus,
1476 1288 1565 1316 neque
1583 1281 1699 1317 legatus,
1721 1280 1768 1308 sed
1790 1281 1864 1308 Deus

1071 1334 1131 1360 ego,
1150 1325 1278 1360 idemque
1294 1326 1375 1354 Pater
1386 1327 1448 1353 veni
1464 1325 1595 1353 mundum
1615 1330 1785 1354 servaturos.
1797 1326 1865 1354 Pro-

1071 1373 1207 1408 phetissas
1221 1380 1303 1408 porro
1313 1373 1392 1405 duas,
1402 1373 1553 1401 Priscillam
1565 1376 1593 1401 et.
1603 1373 1776 1401 Maximillam
1794 1374 1866 1401 asci-

1071 1425 1169 1448 scunt:
1183 1429 1300 1454 quarum
1329 1420 1474 1448 Maximilla
1502 1421 1545 1448 bis
1574 1421 1615 1448 uti
1632 1421 1726 1449 verbis
1743 1428 1863 1449 consue-

1071 1472 1164 1494 verat:
1181 1466 1246 1494 Post
1265 1474 1307 1494 me
1322 1467 1455 1502 propheta
1474 1475 1530 1494 non
1546 1467 1610 1500 erit,
1623 1467 1671 1495 sed
1686 1475 1864 1495 consumam-

1073 1513 1122 1540 tio.
1136 1514 1238 1541 Adhaec
1254 1514 1395 1541 desertum
1423 1513 1547 1548 Phrygia:
1567 1514 1669 1546 locum,
1688 1514 1732 1541 cui
1755 1514 1863 1548 Pepuza

1073 1567 1171 1586 nomen
1189 1564 1241 1592 est,
1256 1559 1284 1586 in
1299 1559 1405 1586 honore
1421 1558 1609 1594 liabenttquo
1634 1560 1660 1586 in
1680 1559 1742 1587 loco
1765 1559 1864 1586 ciritas

1073 1606 1222 1641 aliquando
1244 1605 1374 1640 luit,qu:e
1390 1613 1463 1632 nunc
1473 1605 1560 1633 deleta
1574 1610 1615 1633 est
1628 1614 1634 1633 :
1647 1613 1728 1640 quem
1744 1605 1864 1633 ctelestis

1073 1652 1243 1680 Hierusalem
1258 1653 1376 1686 speciem
1393 1651 1497 1679 referre
1512 1651 1643 1685 dicentes,
1659 1652 1686 1679 in
1712 1659 1746 1679 eo
1762 1657 1865 1688 myste-

1073 1698 1113 1725 ria
1130 1706 1180 1726 sua
1201 1703 1345 1733 peragunt.
1364 1697 1462 1724 Iisdem
1488 1705 1571 1732 porro
1598 1697 1861 1733 Tascodrugitarum

1073 1744 1124 1771 hac
1139 1744 1173 1772 de
1189 1751 1271 1772 causa
1295 1751 1395 1771 nomen
1413 1743 1530 1771 inditum
1544 1748 1606 1771 est:
1624 1743 1726 1775 τάσκος
1745 1744 1864 1779 Phrygio

1073 1790 1202 1818 idiomate
1230 1790 1361 1825 paxillus,
1385 1788 1499 1824 δροῦκος
1526 1793 1618 1816 autem
1641 1797 1725 1816 nasus
1750 1789 1862 1818 dicitur.

1072 1837 1205 1865 Solebant
1219 1843 1310 1864 autem
1331 1844 1386 1872 quo
1412 1840 1536 1871 tempore
1555 1835 1641 1863 Deum
1666 1837 1860 1870 precabantur,

1072 1890 1139 1910 naso
1155 1882 1246 1910 medio
1266 1889 1421 1917 supponere
1435 1882 1561 1916 digitum,
1576 1882 1627 1909 hoc
1638 1882 1767 1908 nimirum
1784 1882 1862 1917 signo

1071 1937 1101 1956 se
1117 1929 1149 1955 ad
1165 1928 1298 1963 justitiam
1316 1929 1388 1955 ultro
1403 1927 1610 1963 amplexandam
1628 1934 1739 1963 paratos
1752 1936 1812 1956 esse
1825 1928 1863 1956 si-

1071 1975 1244 2007 gnilicantes.

1222 2019 1357 2047 Hu'reseos
1373 2020 1542 2055 prt‘rcedentia
1558 2019 1714 2055 ton/utatio.

1105 2065 1173 2092 Cum
1191 2065 1325 2092 Dominus
1345 2070 1373 2092 et
1391 2066 1519 2093 Servalor
1533 2071 1627 2094 noster
1641 2065 1721 2094 Iesus
1734 2065 1858 2094 Christus

1071 2112 1097 2138 in
1108 2111 1262 2146 Evangeliis
1277 2111 1388 2139 dixerit:
1402 2111 1452 2139 Vos
1465 2115 1552 2138 autem
1564 2111 1646 2138 nolite
1657 2113 1744 2139 vocari
1760 2112 1856 2139 Rabbi:

1070 2165 1137 2184 unus
1151 2161 1188 2184 est
1199 2157 1269 2184 enim
1286 2158 1412 2192 magister
1422 2161 1506 2184 uester
1518 2157 1637 2185 Christus
1650 2157 1690 2184 “z
1704 2165 1765 2185 cum
1776 2158 1854 2185 etiam

1068 2209 1101 2228 ex
1119 2201 1249 2237 apostolis
1263 2202 1348 2229 Paulo
1370 2206 1398 2229 et
1422 2201 1537 2234 Joanne,
1556 2202 1602 2229 hic
1625 2202 1738 2237 quidem
1764 2209 1855 2238 aperte

1067 2248 1149 2281 dicat,
1166 2247 1259 2274 Omnis
1273 2248 1393 2282 spiritus,
1413 2248 1459 2283 qui
1480 2256 1532 2275 non
1556 2249 1696 2283 confitetur
1717 2249 1856 2276 Dominum

1065 2294 1155 2321 Jrsum
1169 2294 1306 2322 Christum
1320 2295 1347 2322 in
1360 2303 1441 2322 carne
1456 2296 1564 2328 venisse,
1581 2303 1613 2322 es:
1629 2295 1685 2322 Deo
1704 2303 1755 2322 non
1771 2301 1807 2322 est
1817 2296 1856 2322 ":

1063 2341 1110 2368 ille
1135 2344 1227 2368 autem
1246 2335 1543 2375 pseudoapostolorum
1568 2341 1728 2377 vaniloquia
1746 2349 1857 2370 averse-

1064 2394 1120 2419 tur,
1136 2392 1162 2415 et
1176 2388 1287 2422 pietatis
1307 2388 1434 2416 alumnos
1452 2389 1536 2416 veluti
1561 2388 1717 2420 conﬁrmet.
1732 2396 1768 2416 ne
1784 2389 1859 2424 ipso—

1065 2442 1126 2460 rum
1148 2434 1284 2461 doctrinis
1306 2434 1499 2461 distrahantur
1520 2437 1602 2469 atque
1617 2434 1654 2461 ita
1666 2435 1829 2469 pratnuntiet
1847 2444 1854 2461 :

1063 2481 1133 2508 Nam
1149 2481 1278 2515 ejusmodi
1295 2481 1510 2516 pseudoapostoli
1529 2485 1590 2508 sunt
1607 2482 1723 2516 operarii
1744 2481 1857 2512 subdoli,

1070 2525 1292 2560 transﬁgurantes
1308 2534 1336 2552 se
1356 2527 1383 2552 in
1404 2525 1536 2561 apostolos
1555 2525 1665 2552 Christi.
1683 2525 1717 2551 Et
1738 2534 1791 2552 non
1809 2528 1857 2554 mi-

1069 2580 1138 2598 rum.
1159 2571 1219 2607 Ipse
1236 2572 1306 2598 enim
1322 2571 1441 2598 Satanas
1460 2571 1637 2607 transﬁgurat
1650 2580 1677 2599 se
1689 2573 1717 2598 in
1733 2573 1857 2608 angelum

1069 2618 1135 2645 lucis
1147 2619 1166 2645 ¹.
1182 2619 1303 2653 Itemque
1318 2618 1372 2644 alio
1389 2618 1450 2645 loco
1470 2618 1623 2653 praecipiat,
1639 2618 1855 2646 immutationem

1065 2665 1200 2692 doctrinae
1216 2668 1243 2691 et
1259 2663 1322 2691 tidei
1338 2672 1392 2691 non
1408 2671 1470 2692 esse
1486 2663 1685 2692 admittendam
1705 2674 1711 2691 :
1731 2665 1785 2692 Sed
1800 2665 1856 2692 licet

1067 2719 1125 2742 nos,
1142 2715 1189 2737 aut
1204 2710 1314 2746 angelus
1330 2710 1362 2737 de
1376 2710 1440 2737 calo
1470 2710 1631 2745 evangelise!
1661 2711 1732 2737 vobis
1746 2716 1856 2746 pra-ter-

1066 2765 1146 2792 quam
1171 2757 1239 2791 quod
1263 2756 1474 2790 euangelizamtts
1501 2756 1583 2788 vobis,
1610 2756 1754 2783 anathema
1779 2758 1811 2783 sit
1836 2760 1855 2784 '.

1078 2804 1154 2836 Quis,
1173 2811 1275 2837 quaeso,
1301 2803 1402 2837 pietate
1435 2808 1490 2830 tam
1515 2802 1647 2830 imbecilli
1672 2808 1722 2835 est,
1750 2809 1857 2838 tamque

1166 2894 1175 2908 '
1188 2893 1246 2921 Gal.
1268 2902 1286 2925 I,
1300 2894 1327 2920 8.
