1927 3085
108 159 179 192 1285

745 161 865 192 ΤΙΙΕξὶΑ
874 163 942 192 [ΗΠ
964 163 1038 192 LIB.
1061 163 1109 194 IV.

1668 163 1736 194 1235

106 217 197 246 facilis
212 218 245 245 ad
259 219 426 246 credendum
439 219 513 245 omni
534 219 628 249 verbo.
652 223 680 246 ut
699 220 735 246 'ea
757 220 807 246 sibi
830 228 892 248 vera
909 225 928 252 Α
945 220 1034 246 locum
1054 219 1206 254 proferunt,
1218 219 1263 246 ubi
1281 219 1319 246 sic
1334 219 1468 246 habetur:
1483 219 1578 246 Omnes
1603 220 1673 246 enim
1685 220 1736 254 [itit

105 270 167 290 esse
184 264 357 297 persuadeat,
370 271 430 298 quae
444 264 595 291 aMontano
607 264 760 291 docentur?
772 266 894 300 Denique

105 316 168 335 cum
184 309 312 336 Christus
328 309 449 337 Hebraeis
460 310 572 342 dixerit,
589 309 778 337 Testimonium
806 320 893 339 meum

106 359 210 381 nonest
227 363 324 386 meum,
347 356 391 382 sed
412 355 495 382 Pater
512 361 561 387 est,
584 357 629 391 qui
651 356 827 383 testimonium
844 357 894 391 fert

105 401 138 427 de
154 409 195 427 me
208 401 229 434 ',
245 409 279 428 ne
303 402 366 436 quis
383 402 505 428 omnium
530 402 688 429 Montanum
717 410 780 430 vera
803 403 894 431 dicere

105 452 240 479 autumet,
255 449 301 482 qui
318 448 352 474 de
375 449 465 483 seipso
490 449 678 476 testimonium
694 449 764 476 {erat
782 459 788 476 :
811 450 894 485 idque

103 492 253 527 ejusmodi,
271 497 300 519 ut
317 501 372 520 non
390 494 425 520 de
446 494 530 522 rebus
554 495 719 529 quibusdam
743 495 892 523 mediocri—

104 538 157 566 bus
174 539 362 566 narrationem
377 539 515 572 instituat,
529 540 577 567 sed
593 541 671 568 illum
688 541 796 568 Patrem
805 542 893 569 omni-

103 589 245 619 potentem
267 584 498 620 Servatoremque
515 587 687 620 pronuntiet.

141 629 189 658 Hic
202 630 286 657 dubio
307 631 400 665 procul
427 631 542 659 interest
569 633 687 667 maligno
708 634 804 667 spiritu
824 642 893 669 prte-

105 675 248 708 tumidns,
276 677 322 710 qui
350 677 431 711 paulo
458 682 520 712 post
538 682 652 705 'vacuus
684 679 811 706 inventus
839 684 891 711 est,

104 723 336 757 quemadmodum
360 723 444 750 etiam
472 724 532 750 dua:
561 724 682 758 ejusdem
700 725 889 759 prophetissae.

105 769 172 796 Cum
184 769 257 797 enim
271 770 377 796 nullum
402 775 462 804 post
478 778 507 797 sc
532 770 692 804 prophetam
729 776 889 804 venturum,

103 815 194 841 scdin
224 816 330 843 foribus
357 823 417 843 esse
442 816 705 843 consummationem
727 818 888 852 priedicant,

103 860 170 887 falsa
191 866 218 887 et
235 869 283 895 per
318 869 346 888 se
365 862 573 896 reprehensioni
590 863 707 889 obnoxia
729 870 799 894 sese,
824 863 888 890 dum

102 905 233 933 Montano
261 906 414 940 adhaerent,
437 915 485 935 ore
508 908 620 942 proprio
643 909 805 936 vaticinatus
829 917 891 937 esse

103 951 295 986 prodiderunt.
313 953 367 980 Illa:
381 954 455 980 enim
467 954 631 989 jampridem
644 954 788 986 obierunt.
805 960 890 990 atque

101 997 252 1024 inl'erorum
278 992 422 1026 tormentis
437 1000 566 1033 expositm
583 1004 657 1032 sunt;
691 999 810 1027 mundus
841 1008 888 1027 au-

102 1047 156 1071 tettt
174 1043 253 1071 durat
265 1050 293 1072 et
309 1045 458 1072 etiamnum
479 1045 597 1080 propria:
613 1045 672 1077 Dei,
687 1047 733 1081 qui
748 1051 790 1073 est
808 1049 892 1081 super

99 1091 205 1123 omnia,
229 1092 356 1128 potestati
369 1091 500 1127 subjacet.

411 1158 488 1186 CAP.
504 1158 574 1186 XXI.

108 1202 237 1229 Vicesima
268 1212 353 1238 prima
387 1205 504 1237 Izu'resis,
521 1204 758 1237 Quintilianorum,
781 1205 888 1233 Priscil-

136 1239 279 1278 Iittnorum,
294 1239 483 1270 Pepuzitarunt
503 1244 527 1265 et
550 1241 769 1276 Artotyriturttm.
793 1242 829 1268 Hi
845 1243 891 1269 ba-

135 1279 283 1308 pttzantur.

134 1330 297 1363 Quintiliani
326 1332 354 1358 hi
386 1332 718 1368 pseudoprophetissam,
745 1342 798 1361 una
823 1343 886 1362 curti

99 1376 224 1404 Priscilla
240 1377 377 1405 limrcseos
392 1386 448 1405 sua:
475 1379 572 1406 ducetn
586 1380 701 1415 jac-tant.
733 1380 819 1408 Aiunt
836 1389 886 1408 au-

101 1427 155 1449 tent
172 1422 290 1456 ipsarum
308 1431 389 1450 unatn
404 1425 430 1451 in
462 1425 535 1457 loco,
564 1426 611 1459 qui
637 1426 743 1460 Pepnsa
771 1426 884 1460 dicitur,

100 1468 246 1501 dormisse,
267 1469 463 1504 Christumque
491 1471 518 1497 Ill
547 1471 652 1498 somnis
683 1472 796 1504 vidisse,
826 1481 887 1499 mu-

98 1514 179 1541 liebri
194 1514 300 1548 habitu,
319 1516 388 1543 stola
403 1516 546 1550 splendida
567 1517 704 1550 indutum,
720 1525 775 1545 una
789 1526 884 1546 secum

99 1565 237 1588 versatum
252 1569 323 1594 esse,
337 1567 366 1589 et
378 1570 504 1589 somnum
523 1562 638 1597 cepisse,
663 1563 825 1599 sapientiam
837 1566 886 1593 de-
899 1566 921 1596 C

98 1607 182 1641 nique
192 1607 244 1634 sibi
256 1607 418 1642 inspirasse;
436 1613 518 1643 atque
535 1609 671 1636 revelasse
685 1617 767 1644 quam
776 1615 887 1638 sanctus

97 1651 142 1679 ille
155 1652 231 1679 locus
239 1658 322 1680 esset.
331 1654 466 1680 Caeterum
484 1653 574 1680 Veteri
586 1659 612 1680 et
621 1653 696 1681 Novo
710 1655 887 1684 Testamento

98 1704 222 1730 utuntur,
241 1704 468 1733 rnortuorumque
483 1701 714 1727 resurrectionem
724 1702 883 1729 admittunt.

98 1743 225 1770 Mulieres
247 1751 339 1771 autem
372 1752 398 1771 ιιι
428 1745 575 1780 episcopos
599 1751 627 1772 et
653 1747 828 1782 presbyteros
851 1749 885 1776 ab

97 1789 151 1816 illis
168 1790 416 1824 eliguntur.Ainnt
446 1792 532 1824 enim,
547 1791 575 1818 in
601 1793 714 1819 Christo
739 1794 802 1821 .Iesu
834 1803 885 1822 nec

96 1837 259 1869 masculum,
289 1845 339 1864 nec
366 1837 495 1865 feminam
523 1845 594 1866 esse.
623 1839 779 1874 Artotyritaa
801 1848 884 1875 porro

99 1886 242 1913 vocantur,
275 1882 338 1916 quia
368 1890 467 1917 panem
491 1888 519 1910 et
544 1891 654 1910 caseum
677 1892 735 1911 surs
761 1885 883 1920 ipsorum

95 1928 274 1954 sacramentis
291 1928 442 1955 adhibent:
463 1929 544 1964 ἄρτος
572 1931 646 1956 enim
675 1929 777 1958 ercis
805 1933 883 1966 patris

95 1977 148 2004 est,
161 1979 187 1999 et
202 1974 281 2008 τυρός
297 1981 403 2001 caseus.
419 1974 518 2002 Fertur
531 1975 646 2010 insuper
659 1976 789 2010 quiddam
808 1978 882 2005 aliud

95 2018 180 2052 magis
201 2019 315 2053 impium
330 2020 403 2054 apud
420 2020 482 2047 illos
498 2021 569 2048 lieri.
587 2022 711 2049 Puerum
740 2025 814 2050 enim
830 2031 881 2059 ap-

95 2064 316 2100 pritnejtn’cnem
333 2067 451 2101 quodam
473 2067 518 2095 die
534 2068 604 2096 festo
616 2076 666 2103 per
697 2077 794 2097 omnes
821 2078 882 2098 cor—

95 2111 168 2145 poris
183 2117 273 2146 partes
285 2113 392 2139 subulis
418 2119 554 2148 pungunt,
571 2120 630 2141 tum
656 2116 716 2150 ejus
747 2118 880 2152 sanguine

94 2156 207 2183 farinam
227 2158 340 2192 pinsunt
355 2163 384 2185 et
399 2159 543 2194 subigunt,
559 2161 726 2196 tandemque
737 2163 880 2192 oblatione

93 2203 156 2230 inde
174 2203 245 2230 facta
259 2205 478 2231 communicant.

234 2271 368 2298 Ilwreseos
390 2271 562 2307 prwcedentis
582 2273 737 2307 confutatio.

129 2327 258 2363 Figuliua:
273 2328 395 2363 ejusdem
409 2336 470 2355 cum
492 2329 715 2364 praecedentibus
729 2331 754 2358 hi
768 2339 878 2367 quoque

92 2379 169 2407 sunt,
184 2375 239 2402 imo
256 2383 320 2403 vero
337 2383 472 2410 perversa:
486 2376 560 2403 illius
580 2377 763 2411 sataniczeque
777 2379 880 2406 doctri-

92 2428 132 2447 na:
147 2428 179 2447 ac
195 2421 358 2448 traditionis.
384 2422 454 2455 Quia
471 2430 537 2449 vero
556 2430 648 2449 rerum
676 2423 834 2452 immutatio
848 2431 878 2453 et

92 2465 231 2493 innovatio
245 2473 383 2501 nunquam
399 2474 453 2494 non
478 2467 615 2495 haereticis
630 2469 745 2502 arridet,
763 2478 874 2497 eorum-

91 2519 142 2546 que
155 2512 234 2543 adeo,
262 2519 323 2546 qua:
334 2512 474 2540 deteriora
485 2519 562 2546 sunt,
581 2515 688 2549 copiam
706 2516 871 2545 insolentius

91 2558 142 2584 sibi
173 2557 324 2588 vindicant,
351 2557 394 2585 his
425 2566 534 2593 quoque
558 2560 681 2595 vestigiis
708 2561 874 2590 inhaerentes

89 2603 243 2638 Artotyritze
254 2603 368 2630 feminas
379 2603 459 2630 etiam
488 2605 521 2630 ad
541 2606 735 2640 episcoporum
763 2608 874 2642 presby-

91 2656 263 2683 terorumquc
296 2649 441 2676 cathedras
467 2649 597 2681 evehunt,
625 2656 707 2686 atque
737 2653 790 2680 illis
809 2661 871 2687 per-

90 2697 210 2728 mittunt,
227 2701 255 2722 ut
276 2703 336 2730 qua:
357 2696 430 2730 apud
455 2704 504 2723 eos
526 2697 701 2724 celebrantur
727 2700 869 2734 mysteria,

89 2742 214 2770 manibus
229 2747 386 2769 attrectent.
405 2741 435 2768 In
449 2741 528 2777 cujus
542 2742 580 2769 rei
595 2744 774 2772 assertionem
791 2745 868 2773 Pauli

123 2812 261 2844 'Juan.v,
283 2811 328 2844 5|,
348 2811 392 2838 32.
432 2813 442 2827 ⁸
459 2811 517 2840 Gal.
541 2819 584 2845 ιιι,
598 2813 632 2840 26
647 2821 724 2848 seqq.

122 2885 176 2916 (-46)
192 2883 291 2913 Euseb.
305 2883 370 2911 hist.
386 2882 435 2911 lib.
452 2891 479 2917 ν,
496 2891 521 2911 c.
537 2883 583 2910 23.
597 2883 680 2911 Exod.
702 2893 750 2913 aut.

764 2816 795 2842 ⁵1
811 2816 876 2844 Cor.
893 2825 947 2850 ιη’,
965 2818 1009 2845 53.

947 263 995 290 Dei
1010 265 1071 290 estis
1091 272 1137 299 per
1149 263 1229 298 ﬁdem
1246 265 1272 290 iu
1286 264 1389 291 Christo
1409 264 1482 290 Jesu.
1496 263 1650 298 Quicunque
1666 272 1736 291 εηιοη

945 309 1086 336 inChristo
1114 311 1332 346 baptizalicstis,
1353 311 1486 337 Christum
1514 311 1646 337 induislis.
1675 310 1736 336 Non

946 355 1208 390 est.)udwus.neque
1231 356 1354 383 Graecus:
1377 364 1429 382 non
1458 361 1497 382 est
1519 364 1621 388 servus,
1653 364 1737 390 neque

946 400 1021 433 liber,
1045 409 1097 428 non
1113 406 1150 428 est
1167 402 1309 434 masculus,
1328 410 1410 437 neque
1423 402 1532 436 femina.
1554 401 1651 429 Omnes
1667 403 1735 429 enim

947 454 990 473 vos
1004 455 1086 474 unum
1096 449 1157 474 estis
1173 449 1201 474 in
1215 447 1319 475 Christo
1327 448 1402 475 Iesu.
1416 447 1446 475 Si
1465 453 1554 475 autem
1568 456 1612 475 eos
1626 448 1735 480 Christi,

944 500 1005 527 ergo
1021 502 1108 520 semen
1136 494 1250 521 Abrahae
1274 495 1344 527 estis,
1369 495 1510 522 secundum
1536 495 1735 530 promissionem

944 539 1058 566 hmradts
1072 541 1092 567 ‘.
1108 541 1141 567 At
1167 541 1232 567 falsi:
1247 541 1359 567 Paulum
1376 541 1460 568 citare
1473 546 1669 576 coarguuntur,
1688 540 1735 575 qui

945 583 988 610 his
1003 584 1094 612 verbis
1108 593 1282 620 nequaquam
1310 586 1472 613 mulieribus
1500 594 1531 613 ea
1559 592 1731 621 pertrectare

945 630 1091 664 permittit,
1111 639 1172 665 qua:
1186 632 1255 658 viris
1275 632 1461 658 conveniunt:
1475 636 1502 658 ct
1532 639 1562 657 ea
1588 632 1696 665 imprum
1711 639 1734 662 ς,

944 684 1004 710 quae
1017 677 1155 712 mysteriis
1185 681 1290 705 scatent
1315 678 1459 707 vivamque
1485 676 1610 704 docentis
1639 685 1733 703 vocem

944 723 1114 757 requirunt:
1147 724 1202 751 imo
1240 732 1305 751 vero
1343 732 1393 751 nos
1426 732 1480 750 non
1514 723 1633 757 amplius
1682 725 1733 749 sub

942 770 1011 806 lege,
1030 776 1160 806 tanquam
1175 772 1322 807 paedagogo
1334 780 1405 802 esse,
1429 772 1476 799 sed
1497 780 1529 798 ex
1557 772 1608 798 lide
1631 771 1733 807 διιδίὶιέ-

941 819 1009 850 cari,
1026 818 1127 852 Deique
1142 818 1210 845 ﬁlios
1228 823 1282 844 tam
1307 826 1395 844 mares
1410 826 1493 852 quant
1525 818 1641 844 feminas
1672 824 1731 843 esse

942 861 1022 888 docet
1047 867 1127 896 atque
1140 861 1289 896 przedicat,
1307 861 1521 895 universurnqnc
1549 862 1617 887 adeo
1643 868 1730 896 genus

908 899 927 926 Β
942 904 1105 944 humanum,
1121 905 1270 933 dummodo
1289 903 1430 933 Christum
1446 905 1556 932 lavacro
1583 905 1731 939 bﬂpllsma-

942 950 977 978 tis
989 951 1118 984 induerit,
1143 951 1276 986 imprimis
1289 946 1460 978 autenfcum
1485 951 1526 978 sic
1542 951 1596 978 alio
1611 951 1730 985 quodam

941 997 1002 1024 loco
1015 997 1198 1024 exhortatur:
1216 997 1371 1024 Mulierith
1393 997 1485 1023 docere
1507 1005 1559 1023 non
1585 997 1728 1031 permitto:

940 1041 986 1066 sed
1000 1041 1072 1067 domi
1083 1042 1150 1068 viros
1167 1049 1227 1068 suos
1240 1042 1415 1075 interrogent,
1431 1041 1454 1067 si
1467 1049 1519 1075 qua
1532 1049 1558 1067 re
1579 1041 1611 1067 sit
1627 1049 1691 1074 opus
1709 1041 1730 1067 ⁵.

942 1086 1019 1117 Item,
1044 1086 1154 1122 l’osipsi
1174 1086 1303 1121 judicate.
1321 1086 1398 1113 Decet
1419 1086 1555 1112 mulierem
1585 1094 1635 1113 non
1658 1086 1730 1113 relu-

942 1138 1084 1160 tumorare
1101 1133 1183 1160 Deum
1205 1134 1236 1159 °?
1250 1133 1309 1160 Jam
1338 1133 1358 1160 si
1384 1132 1461 1160 nullo
1488 1133 1570 1159 ntodo
1587 1133 1729 1165 convenit,

941 1183 1101 1213 naturzeqne
1126 1178 1233 1213 legibus
1249 1179 1423 1210 adversatur,
1440 1184 1470 1206 ut
1495 1177 1597 1205 femina
1627 1183 1732 1205 retecto

941 1224 1029 1258 capite
1043 1229 1102 1251 oret
1120 1224 1172 1260 (vir
1182 1225 1258 1251 enim
1274 1225 1298 1251 si
1313 1232 1420 1251 cornatn
1441 1225 1556 1256 nutriat,
1580 1224 1731 1259 ignominia

938 1274 980 1294 est
997 1268 1046 1299 illi,
1065 1269 1162 1295 mulier
1181 1274 1271 1296 autem
1288 1268 1309 1295 si
1330 1276 1436 1295 comam
1455 1271 1570 1300 nutriat,
1585 1269 1672 1303 gloria
1687 1273 1730 1295 est

940 1313 991 1348 illi)
1009 1322 1139 1349 quoniam
1154 1322 1232 1341 coma
1249 1315 1287 1341 illi
1307 1314 1453 1342 velamenti
1469 1315 1529 1341 loco
1546 1314 1608 1341 data
1633 1320 1684 1345 est.
1707 1315 1729 1341 si

939 1361 1068 1395 mysteria
1085 1361 1327 1396 tractet,denique
1357 1361 1390 1388 ad
1424 1360 1511 1388 altare
1538 1361 1585 1388 Dei
1615 1362 1731 1396 propius

938 1407 1061 1440 accedat,
1075 1413 1210 1442 quantum
1229 1407 1318 1434 scelus
1343 1407 1480 1435 molitur?

973 1453 1129 1488 Artotyrita:
1154 1459 1248 1481 autem
1263 1459 1289 1480 et
1311 1454 1409 1486 Deum,
1444 1459 1472 1482 et
1500 1455 1640 1482 salutifera
1669 1455 1730 1490 ejus

939 1505 1074 1533 praecepta
1087 1499 1413 1534 ignorantes,Christum
1429 1504 1457 1527 et
1483 1500 1598 1527 Paulum
1625 1501 1730 1528 calum-

938 1546 1066 1572 niantur:
1082 1545 1159 1572 illum
1172 1546 1294 1581 quidem,
1322 1548 1386 1582 quia
1418 1547 1548 1575 muliebri
1581 1547 1676 1576 habitu
1694 1554 1728 1575 au

939 1598 1049 1618 suarum
1067 1591 1304 1627 prophetissarum
1319 1601 1401 1620 unam
1428 1594 1589 1626 accessisse.
1617 1602 1678 1622 cum
1695 1603 1728 1622 ca

939 1636 1112 1669 dormivisse,
1127 1637 1290 1672 sapientiam
1304 1637 1424 1673 denique
1439 1643 1468 1666 et
1480 1639 1640 1666 futurorum
1658 1648 1727 1675 pra:-

939 1683 1079 1711 notionem
1095 1684 1118 1712 ei
1137 1685 1286 1713 instillasse
1303 1686 1410 1713 dicunt.
1425 1686 1502 1713 Ilunc
1513 1695 1587 1718 vero,
1601 1688 1651 1721 qui
1669 1696 1726 1714 ma-

936 1738 1007 1765 gnus
1026 1731 1101 1758 orbis
1116 1739 1204 1766 praeco
1218 1732 1278 1767 jure
1295 1737 1435 1764 censetur,
1454 1733 1518 1767 quia
1530 1733 1653 1767 perversi
1681 1734 1724 1761 di-

938 1778 1065 1803 vinorum
1080 1777 1140 1812 ejus
1156 1777 1314 1812 dogntatum
1335 1778 1515 1814 interpretes,
1544 1779 1654 1807 l‘eminis
1669 1787 1725 1806 neu

937 1830 1016 1850 secus
1028 1831 1110 1858 atque
1127 1825 1192 1851 viris
1227 1832 1302 1852 sacra
1334 1826 1538 1853 contrectanda
1563 1827 1725 1860 permisis~e

936 1868 1107 1896 mentiuntur
1124 1870 1308 1904 impudenter.

970 1913 1047 1947 Quod
1065 1914 1099 1941 ad
1120 1916 1291 1950 προσφορὰν,
1311 1916 1364 1944 ltoc
1381 1920 1422 1944 est
1433 1917 1574 1952 mysticam
1598 1917 1725 1945 sacriﬁcii

935 1961 1104 1989 oblationem
1131 1962 1261 1996 pertinet,
1291 1970 1374 1997 quam
1398 1963 1438 1989 illi
1467 1963 1630 1996 celebrant,
1660 1972 1722 1992 eam

935 2008 1022 2043 ipsam
1039 2015 1101 2036 esse
1116 2013 1193 2043 puto,
1208 2016 1290 2043 quam
1315 2009 1357 2036 vel
1382 2010 1443 2044 ejus
1465 2014 1573 2042 auctor,
1600 2015 1628 2037 et
1646 2011 1722 2044 impii

933 2057 1004 2083 sacri
1017 2055 1117 2090 praesul
1133 2055 1268 2088 diabolus,
1287 2060 1417 2092 tanquam
1435 2057 1554 2084 maxime
1579 2056 1726 2090 nefariam,-

933 2102 1098 2130 dc'esletur.

1236 2147 1312 2177 CAP.
1329 2147 1412 2174 XXII.

935 2194 1062 2222 Viresima
1085 2195 1202 2222 secunda
1219 2195 1326 2222 haeresis
1344 2194 1660 2222 Tessaresdecntistarum
1676 2203 1723 2221 sm

987 2231 1299 2264 Quartodecimanorum.
1311 2230 1345 2258 lli
1356 2233 1486 2266 unguento
1496 2231 1668 2265 inunguatur.

969 2287 1094 2322 Reliquis
1105 2287 1132 2314 in
1148 2287 1232 2315 rebus
1253 2287 1496 2320 Quartodecimant
1515 2294 1600 2321 prope
1614 2286 1726 2316 Iidelcs;

932 2334 959 2360 in
979 2335 1088 2361 Pascha:
1103 2335 1173 2362 festo
1187 2335 1331 2369 judaizant
1347 2334 1415 2369 (i6).
1433 2334 1488 2361 Nec
1500 2334 1573 2360 attint
1593 2333 1659 2360 illud
1674 2333 1725 2360 die

930 2379 1073 2407 Dominico
1088 2381 1241 2411 celebrant,
1257 2381 1306 2408 sed
1318 2387 1486 2415 quocunque
1511 2379 1717 2414 decimaquarta

928 2425 1072 2452 lunaedies
1087 2426 1227 2458 inciderit,
1240 2426 1292 2454 hoc
1318 2427 1387 2461 legis
1402 2426 1514 2454 oraculo
1539 2425 1613 2457 freti,
1633 2425 1718 2452 Malc—

927 2471 1017 2498 dictus
1029 2471 1129 2504 omnis,
1147 2472 1195 2506 qui
1223 2480 1277 2498 non
1310 2473 1393 2500 faciet
1411 2472 1515 2500 Pascha
1535 2472 1580 2499 die
1612 2471 1717 2498 decima

925 2523 1024 2552 quarta
1038 2517 1152 2549 mensis,
1170 2517 1350 2552 dicentesque
1363 2518 1496 2546 Joannem
1513 2518 1669 2554 apostolum
1686 2525 1714 2543 t‘t

923 2564 1119 2597 evangelistam
1136 2567 1278 2590 auctorem
1290 2563 1385 2594 fuisse.
1408 2569 1437 2591 ut
1467 2565 1571 2592 Pascha
1583 2564 1627 2592 die
1642 2564 1714 2591 luna:

924 2607 1030 2636 decittta
1044 2614 1142 2644 quarta
1156 2610 1324 2636 celebretur.
1365 2610 1483 2644 Insuper
1521 2611 1714 2645 apostolorum

925 2655 1039 2682 Actibus
1057 2660 1195 2688 ,utuntur,
1226 2656 1271 2690 qui
1303 2660 1412 2682 erronei
1443 2656 1524 2690 vulgo
1551 2660 1713 2683 eerisentur.

925 2702 1041 2736 aliisque
1054 2708 1188 2736 praeterea
1218 2702 1297 2729 libris
1316 2702 1478 2738 illegitimis,
1513 2710 1583 2737 qttos
1599 2710 1714 2738 apocry-

926 2747 994 2782 phos
1014 2748 1109 2783 vulgus
1126 2753 1214 2776 vocat.

1049 2820 1057 2834 ⁸
1074 2819 1156 2846 lCor.
1177 2828 1213 2851 xt,
1233 2820 1274 2846 l5.
