1927 3085
173 144 237 174 ["337

330 198 468 226 Theodori
482 197 643 225 Scutariotac
666 197 802 224 ερξιυιηιιι.

211 245 357 272 Honestum
365 253 466 280 quoque
481 249 553 279 puto,
568 245 590 271 si
619 243 854 276 Quartodecinmni
869 242 956 276 ὺλιριί-

173 294 274 317 :enlur.
292 289 512 324 Quandoquidem
526 297 556 315 ne
574 289 753 324 presbyterum
779 288 883 322 quidem
909 288 941 313 Ita

175 338 244 365 [ἐπι.
276 335 320 369 qui
345 334 468 369 baptismi
500 339 696 361 sacramentum
711 333 896 363 administret,
917 333 959 358 ubi

172 379 244 404 enim
263 379 301 405 vel
314 380 418 405 nomine
428 378 484 405 solo
502 379 634 413 cpiscopus
645 380 657 404 .7
673 377 828 410 Quinetiam
853 376 961 403 illorum

173 424 334 456 sacerdotes,
363 425 409 459 qui
419 425 520 458 generis
531 423 636 450 Iudaici
652 428 726 456 sunt,
742 431 787 449 nec
799 422 961 454 sacriﬁcium

177 477 223 495 nec
238 477 341 496 onmem
358 468 534 502 Scripturam,
553 476 599 495 nec
614 468 702 494 omnia
719 468 899 502 Itagiogruplm
912 466 961 492 ud-

176 514 297 539 miltunt.
331 511 444 538 Joannis
468 511 581 546 apostoli
613 511 786 546 Evangelia";
815 515 838 536 et
863 510 962 537 intelli-

175 561 279 591 gentes‘
296 561 324 583 ut
336 565 425 584 omnes
436 564 515 591 porro
528 560 679 582 sanctorum
691 556 795 582 nomine
809 555 962 589 dignantur.

178 602 265 636 Opera
284 603 417 636 reﬁciunt.
440 601 598 628 Sanctorum
622 602 831 628 communionem
863 600 964 626 nullan

179 646 531 681 noverunt.Bogomilorum
555 646 749 680 improbitatem
775 649 964 676 exsequuntur,

179 697 204 717 et
216 693 240 718 in
259 692 399 726 ejusdem.)
416 691 446 718 Si
462 690 719 718 Tessarcsdecatisla:
738 691 818 717 iidem
839 692 891 717 sint
907 699 965 716 cum

180 737 242 768 illis,
259 738 303 771 qui
313 735 454 762 Telraditw
469 745 515 762 seu
526 736 700 768 Quoternarii
719 736 854 767 dicuntur,
865 740 892 761 ut
904 736 965 761 aliis

181 779 382 815 placet,multn,
401 788 416 806 ο
433 780 536 810 Niceta,
555 784 579 806 te
601 780 710 806 illorum
725 780 852 807 haereseos
870 779 966 813 capita

181 826 263 853 latent
278 834 286 852 :
303 827 523 861 quemadmodum
535 828 589 862 ipse
601 831 655 853 tum
667 827 796 861 perspexi,
806 834 865 852 cum
875 826 902 852 in
919 827 967 852 lto-

805 137 952 169 ΝΈΩΕΤΈ
978 135 1180 167 CIIONIATJE

977 197 995 222 Α
1014 192 1182 226 pragmatica
1194 194 1241 216 Seu
1275 189 1314 215 rei
1341 193 1423 223 gestu:
1448 187 1703 219 commemoratit‘a,
1723 193 1838 221 teque

1731 131 1837 167 1238

1013 239 1133 272 polleant
1149 237 1216 272 (illic
1231 237 1303 264 cnim
1321 241 1349 263 et
1362 236 1406 262 hic
1418 241 1519 269 corpus
1536 239 1561 261 et
1583 234 1697 269 sanguis
1721 233 1838 261 Chri-

1010 284 1044 311 sti
1065 291 1127 311 vere
1144 284 1239 316 inest),
1256 281 1364 316 proprie
1384 285 1474 307 tamen
1494 279 1604 307 Pascha;
1631 279 1735 307 festum
1751 278 1838 306 dici

1013 329 1159 357 Dominicre
1184 327 1396 355 resurrectionis
1424 325 1618 361 adjudicatur:
1641 326 1728 360 eique
1753 333 1834 359 po-

1014 376 1078 405 tius.
1092 382 1173 409 quam
1189 381 1309 408 vesperae
1325 373 1428 407 quinta:
1439 373 1513 399 feriae
1528 379 1628 399 nomen
1642 369 1836 406 hujusmodi

1016 422 1156 451 convenit.
1176 425 1204 447 cl.
1224 425 1351 454 tauquam
1370 426 1466 446 mutuo
1491 418 1626 445 succedit.
1650 417 1831 446 Cancrum.

1015 474 1044 494 ut
1058 468 1180 499 apertius
1194 466 1340 500 explicem,
1352 473 1436 492 unum
1451 469 1479 491 et
1507 464 1636 491 eumdem
1658 463 1785 490 Christu
1795 469 1831 488 ιη

1017 512 1211 547 ιπωευιιψιὶνε
1234 516 1261 538 et
1277 510 1520 538 commemorative
1537 513 1677 536 mortuum
1699 517 1766 536 esse
1794 513 1837 534 ct

1016 558 1208 589 resurrexisse.
1246 556 1439 592 prmsumptive
1473 555 1584 589 quidem
1614 554 1666 581 sub
1701 554 1835 588 quintzt:

1016 605 1089 631 feria:
1115 611 1279 637 vesperam,
1301 609 1363 628 cum
1401 601 1493 627 divina
1521 600 1651 636 mysteria
1680 599 1834 626 instituta

1016 654 1092 681 sunt,
1110 648 1354 676 commemorative
1383 651 1474 674 autem
1510 645 1555 673 die
1590 646 1834 673 resurrectionis

1017 696 1140 730 ejusdem
1158 702 1219 729 qua:
1247 694 1329 721 tertio
1348 697 1409 727 post
1437 691 1483 719 die
1514 692 1584 719 facta
1603 696 1656 723 est,
1685 691 1831 724 exempli

1017 741 1101 777 gratia
1120 741 1147 767 iu
1166 739 1286 766 medium
1303 739 1442 773 proferam
1460 738 1515 770 illa,
1529 745 1589 772 qum
1612 737 1639 764 in
1657 737 1830 772 baptisma—-

1019 787 1053 813 tis
1074 783 1374 821 regenerationeliunt.
1392 784 1430 810 Ibi
1450 784 1524 810 enim
1541 783 1587 818 qui
1605 782 1833 817 redemptionis

1019 839 1089 866 aqua
1106 832 1271 863 lustrantur,
1289 837 1353 856 vere
1381 829 1555 863 Sepeliuntur
1570 834 1692 862 vereque
1715 835 1831 854 resur-

182 881 241 899 ium
271 873 397 899 librorum
428 874 564 900 lectionem
593 873 716 906 frequens
733 873 892 903 incidissem,
915 880 967 907 quo
983 862 1004 890 Β
1020 881 1099 912 gum.
1122 875 1160 903 Εο
1174 877 1246 902 enim
1262 875 1335 910 quod
1348 879 1391 902 ter
1401 862 1471 909 aqua
1491 874 1652 906 lustramur,
1678 880 1734 900 una
1746 880 1782 899 cu
1790 868 1828 897 ιῖι

182 924 297 953 tempore
315 919 385 953 apud
409 918 647 953 Hellespontiacam
661 916 837 952 Lampsacum
859 915 967 943 exsula-

182 966 253 996 lrum,
271 964 334 998 quia
352 963 453 990 scilicet
471 963 652 997 apostolorum
666 962 830 997 Petrumque
842 962 967 988 tradilio-

183 1010 258 1036 nibus
272 1010 373 1044 primas
388 1009 527 1043 deferrem,
545 1013 569 1035 et
586 1016 617 1035 eo:
632 1008 739 1034 illorum
759 1007 912 1043 praescripto
927 1015 968 1034 res

184 1056 381 1082 ecclesiasticos
399 1055 591 1089 componendas
613 1059 636 1080 ct
650 1055 823 1081 restituendas
839 1061 893 1080 esse
905 1054 972 1080 dice-

184 1110 249 1134 rem,
271 1102 356 1136 potius
376 1110 454 1136 quam
473 1109 521 1136 pro
533 1101 663 1128 hwretico:
690 1100 789 1127 alaxia:
810 1107 855 1126 seu
880 1100 971 1135 confu-

183 1148 265 1174 sionis
282 1148 401 1174 libidine.

330 1213 465 1241 Ilwreseos
488 1213 659 1249 prandentis
674 1212 831 1248 confutatio.

224 1281 337 1309 Mosaica
346 1281 523 1317 quidemilege
530 1286 642 1309 cavetur
650 1285 679 1308 ut
688 1281 739 1308 sub
749 1281 882 1308 decimam
891 1288 974 1316 quar-

189 1333 242 1353 tam
257 1327 328 1354 tuine
346 1327 418 1353 dicm
437 1327 540 1354 Pascha
559 1327 701 1354 celebrent
718 1327 747 1359 ii,
762 1327 809 1362 qui
826 1327 860 1354 ab
884 1326 972 1353 Abra-

191 1373 271 1398 Itﬂmo
281 1379 367 1406 genus
382 1372 498 1398 ducunt.
514 1372 583 1398 Illud
601 1366 694 1399 autem
704 1373 766 1407 agni
780 1372 883 1399 occisio
897 1376 967 1404 erat,

191 1417 365 1451 pustiuuiquc
385 1425 417 1443 ex
434 1417 557 1450 ejusdem
575 1417 706 1450 sanguine
720 1416 874 1451 peruuctio,
893 1421 974 1450 atque

190 1470 284 1496 urvum
300 1470 359 1496 qua:
374 1470 451 1489 mane
471 1470 533 1490 cum
548 1463 662 1489 lactucis
671 1462 835 1489 edebantur.
852 1463 885 1489 Et
898 1466 972 1489 stau-

193 1512 234 1532 lcs
251 1507 362 1540 quidem
396 1507 463 1533 recti
480 1514 542 1534 cum
565 1507 671 1534 baculis
687 1501 803 1539 ’omncs,
821 1511 849 1534 et
869 1507 976 1534 calceos

192 1553 261 1578 adeo
272 1551 412 1578 coriaceos
428 1551 529 1584 induti,
543 1552 586 1579 his
601 1552 683 1579 rebus
703 1552 786 1580 SIIllllI
802 1560 900 1588 magna
915 1561 978 1579 cum
993 1542 1014 1570 α

195 1596 338 1631 diligentia
355 1597 512 1625 utebantur.
529 1597 565 1624 Ut
583 1598 680 1624 merito
708 1598 871 1625 maledictus
895 1598 980 1625 habe-

195 1649 271 1671 retur
283 1650 310 1671 et
324 1644 435 1679 impius,
449 1645 495 1679 qui
507 1645 578 1672 hanc
593 1645 794 1672 institutionem
807 1646 976 1680 antiquaret.

194 1691 249 1718 Nos
266 1696 359 1718 autem
375 1699 428 1718 non
445 1699 544 1726 agnum
574 1692 737 1724 occidimus,
751 1691 800 1719 sed
827 1692 856 1719 in
877 1692 980 1720 Christi

193 1738 487 1765 commemorationem
513 1738 658 1773 nostrique
685 1738 930 1766 sanetilicationem
954 1743 982 1765 cl.

195 1784 508 1819 purgationem.corpus
524 1788 552 1811 et
577 1785 742 1819 sanguinem
767 1784 871 1812 Christi
885 1785 981 1812 oll‘eri-

196 1838 269 1861 mus,
294 1829 458 1857 sacriﬁciqu
475 1830 649 1857 incruentum
673 1834 833 1857 tractantes.
859 1831 982 1858 Pascha-

198 1884 252 1911 que
268 1882 390 1903 nostrum
409 1884 442 1903 eo
454 1875 515 1910 ipso
533 1876 580 1902 dic
598 1883 752 1910 praeparare
765 1875 909 1908 debemus,
927 1884 983 1911 quo

196 1923 325 1950 Christus
347 1930 362 1949 ε
390 1922 580 1949 subterraneis
608 1923 759 1949 inferorum
785 1923 898 1950 latebris
925 1928 985 1950 tan-

201 1975 284 2004 quam
301 1975 418 2003 sponsus
429 1969 463 1996 de
481 1968 602 1995 thalamo
627 1976 677 1995 suo
692 1969 810 1996 exsiliit:
827 1976 883 2003 quo
903 1969 986 1996 etiam

201 2020 326 2049 tempore
336 2022 366 2042 ex
379 2015 496 2050 Aigypto
508 2022 602 2042 revera
616 2015 800 2050 prolugimus,
813 2021 987 2050 armatosque

200 2060 333 2088 satellites
343 2066 425 2095 atque
437 2060 552 2088 infestos
565 2061 703 2088 daemonas
713 2061 802 2095 capite
814 2060 946 2092 minutos.
961 2065 989 2088 et

201 2108 306 2134 viribus
317 2107 475 2134 debilitatos
486 2107 632 2135 evanuisse
651 2107 781 2135 vidimus.
791 2108 859 2135 Nam
873 2108 896 2136 si
906 2116 990 2143 appe-

203 2158 276 2181 teutc
287 2161 402 2188 vespera
414 2154 514 2188 quinta:
523 2154 599 2181 feriae
610 2154 698 2188 pridie
710 2162 790 2188 quam
797 2153 923 2182 Christus
937 2155 991 2182 Ini-

1022 922 1132 949 Cln'isto
1148 921 1309 956 sepeliatur,
1323 919 1470 954 denuoque
1488 927 1550 946 cum
1564 919 1675 946 Christo
1706 917 1823 945 iisdem

1023 967 1235 996 lustrationibus
1250 966 1432 1000 resurgimus,
1458 965 1493 992 ab
1510 965 1556 992 illa
1573 957 1659 991 veteri
1688 963 1829 990 mortali-

1023 1018 1078 1041 tate
1092 1013 1212 1045 liberati,
1228 1020 1310 1046 quam
1322 1019 1355 1039 ea
1370 1011 1467 1039 Adami
1479 1011 1557 1045 lapsu
1566 1015 1821 1037 coutraxeramus.

1024 1059 1185 1096 lIujusmodi
1205 1066 1287 1094 porro
1308 1057 1483 1085 mortiﬁcatio
1496 1061 1524 1084 et
1543 1056 1711 1083 resurrectio
1727 1055 1829 1082 haut}—

1025 1114 1159 1142 quaquam
1171 1104 1350 1140 pragmatica,
1362 1103 1410 1131 sed
1441 1103 1554 1138 mystica
1570 1107 1622 1129 est.
1640 1102 1826 1136 Pragmatica

1026 1153 1101 1179 enim
1115 1150 1291 1179 tnortilicatio
1309 1155 1374 1177 tunc
1393 1150 1421 1175 in
1438 1148 1518 1176 nobis
1533 1152 1586 1180 est.
1607 1155 1668 1175 cum
1687 1147 1788 1174 anima
1803 1155 1825 1174 a

1025 1204 1140 1232 corpore
1155 1195 1294 1231 separatio
1311 1195 1352 1222 ﬁt.
1371 1193 1540 1230 Pragmatica
1557 1193 1621 1220 item
1648 1193 1826 1220 resurrectio

1027 1249 1093 1270 tunc
1107 1243 1153 1270 lict.
1169 1249 1231 1269 cum
1247 1242 1312 1269 tuba
1324 1248 1426 1268 canens
1451 1239 1565 1274 angelus
1587 1245 1711 1266 mortuos
1729 1247 1744 1266 e
1756 1247 1825 1265 mo-

1028 1288 1166 1315 numentis
1182 1286 1325 1315 excitabit.
1337 1285 1430 1313 Nihilo
1444 1286 1535 1313 ritilius
1549 1285 1662 1321 mystica
1681 1285 1727 1312 illa
1753 1292 1826 1319 quae

1035 1333 1137 1369 triplici
1152 1332 1320 1360 lustratione
1335 1332 1373 1363 ﬁt,
1389 1331 1576 1364 mortiﬁcatio,
1607 1338 1724 1366 quaeque
1741 1331 1824 1357 illam

1028 1378 1216 1413 subsequitur,
1230 1378 1409 1409 resurrectio,
1427 1385 1442 1404 a
1457 1377 1535 1404 uobis
1549 1384 1613 1404 vera
1630 1376 1823 1406 existimatur.

1028 1429 1055 1452 et
1069 1425 1208 1456 creditur;
1222 1423 1303 1458 vique
1317 1423 1432 1458 praedita
1450 1427 1502 1455 est,
1534 1422 1568 1449 ab
1595 1423 1629 1449 iis
1648 1429 1708 1456 quae
1726 1421 1823 1448 oculis

1030 1471 1198 1505 objiciuntur
1211 1470 1331 1502 diversa,
1344 1469 1577 1504 quemadmodum
1587 1468 1688 1495 Paulus
1712 1467 1740 1494 in
1751 1467 1824 1502 Epi-

1030 1518 1100 1545 stola
1113 1516 1146 1544 ad
1166 1521 1364 1544 conterraneos
1383 1522 1460 1543 meos
1476 1513 1706 1542 Colossenseshis
1723 1513 1824 1540 verbis

1032 1563 1186 1598 theologice
1200 1562 1426 1598 philosophatur:
1441 1562 1473 1589 In
1489 1569 1539 1596 qua
1554 1565 1577 1587 et
1591 1560 1736 1587 circumcisi
1746 1560 1824 1592 estis,

1030 1608 1227 1636 circumcisione
1239 1615 1291 1634 non
1307 1606 1471 1641 manufucta,
1491 1606 1518 1632 in
1542 1605 1734 1640 exspoliatione
1760 1612 1826 1630 cor-

1032 1656 1102 1689 poris
1130 1647 1229 1686 carnis,
1258 1654 1285 1680 in
1314 1653 1510 1680 circumcisione
1539 1651 1645 1684 Christi,
1672 1650 1825 1686 consepulti

1032 1700 1055 1727 ei
1070 1701 1097 1727 in
1122 1700 1268 1735 baptismo:
1287 1700 1312 1726 iu
1337 1707 1387 1733 quo
1413 1702 1437 1724 et
1461 1697 1639 1725 rosuri-existis
1666 1705 1714 1732 per
1736 1696 1822 1730 ﬁdem

1034 1746 1193 1780 operationis
1209 1745 1255 1771 Dei
1270 1746 1315 1779 qui
1328 1745 1463 1771 suscitavit
1480 1743 1555 1771 illum
1569 1752 1585 1770 a
1603 1743 1713 1770 mortuis
1727 1743 1749 1768 ".

1065 1784 1187 1819 'Proinde
1200 1798 1290 1825 neque
1306 1789 1406 1817 festum
1422 1798 1484 1818 cum
1496 1789 1598 1818 Iudaeis
1612 1788 1824 1819 celebrandum.

1036 1846 1088 1866 nec
1101 1838 1134 1864 ad
1150 1837 1244 1864 lunam
1259 1836 1393 1863 decimam
1409 1841 1537 1870 quartam
1549 1835 1702 1862 studiosius
1731 1839 1828 1861 atten-

1037 1884 1156 1912 dendum
1171 1886 1225 1914 est,
1243 1881 1290 1909 sed
1305 1885 1362 1908 tum
1374 1880 1485 1908 demum
1503 1881 1605 1908 Pascha
1622 1880 1823 1908 celebrandum

1037 1936 1088 1964 est,
1103 1937 1166 1957 cum
1182 1928 1337 1956 Servatoris
1347 1927 1435 1955 nostri
1453 1927 1513 1954 dies
1529 1927 1623 1954 instat.

1072 1976 1107 2004 At
1121 1979 1186 2002 vero
1198 1973 1465 2004 Tessaresdechtitaa,
1487 1980 1534 2000 seu
1547 1971 1823 2005 Quattndecimanni,

1039 2029 1127 2051 arcos
1142 2021 1228 2048 duces
1239 2018 1338 2050 secuti,
1356 2018 1498 2052 Actusque‘
1527 2018 1707 2052 apostolicos,
1726 2019 1774 2052 qui
1790 2018 1825 2044 ab

1041 2069 1108 2104 Ipsis
1121 2066 1286 2102 probantur,
1301 2072 1356 2092 non
1373 2063 1473 2098 injuria
1504 2063 1531 2090 in
1556 2063 1722 2098 perditionis
1745 2063 1825 2090 bara—

1043 2114 1134 2140 thrum
1161 2110 1331 2141 ceciderunt,
1347 2108 1448 2144 quippe
1465 2109 1512 2143 qui
1529 2109 1656 2136 tenebras
1675 2116 1738 2136 cum
1753 2108 1825 2138 luce.

1044 2159 1095 2185 hoc
1110 2160 1152 2184 est
1160 2163 1222 2183 cum
1233 2154 1390 2190 apostolicis
1407 2153 1551 2188 dogmatis.
1563 2153 1706 2180 catholicis
1715 2161 1761 2187 tuo
1772 2157 1828 2179 tra-

202 2206 255 2233 que
269 2198 296 2226 in
315 2199 390 2233 ligno
400 2199 624 2233 suspenderetur,
640 2204 810 2226 sacramenta
826 2199 949 2227 instituta
964 2206 991 2228 et
1008 2207 1029 2234 D
1045 2201 1199 2230 ditionibus
1212 2204 1293 2233 atque
1304 2197 1373 2225 adeo
1384 2197 1471 2232 ipsius
1485 2196 1585 2224 Christi
1600 2197 1755 2231 praeceptis,
1766 2201 1828 2230 qua:

204 2249 329 2279 perceptu
339 2248 489 2277 sunt,certe
497 2245 691 2279 προληπῖιχόν,
699 2252 747 2272 seu
757 2245 992 2280 praesumptivum,

205 2298 260 2316 non
270 2296 361 2317 autem
379 2291 580 2325 πραγματικόν,
593 2298 640 2318 seu
657 2291 695 2318 rei
704 2296 787 2325 gestae
795 2298 992 2318 commemora-

207 2337 295 2362 tivuut
324 2335 482 2371 hujusmodi
510 2336 674 2363 sacriﬁcium
693 2336 994 2370 tuit.Pra:sumptivum

205 2382 527 2416 quidcm,mysterioque
549 2386 668 2412 scatens,
685 2382 711 2408 id
733 2389 813 2414 voco,
839 2381 913 2416 quod
937 2381 989 2408 sub

207 2428 310 2462 quinta-3
332 2427 408 2454 feria:
436 2435 577 2461 vesperam
610 2432 751 2462 peractum
780 2431 842 2454 est:
867 2426 990 2453 nondum

206 2474 280 2501 enim
309 2481 405 2501 revera
425 2478 551 2500 mortuus
567 2478 636 2505 erat,
665 2477 889 2501 rcsurrexeratve
913 2473 992 2500 Chri-

208 2526 277 2548 stus.
289 2520 491 2554 Pragmaticum
509 2528 576 2547 vero
595 2528 643 2547 seu
669 2520 708 2547 rei
725 2524 789 2547 ante
806 2523 889 2555 gestae
915 2526 990 2546 com-

209 2566 430 2599 iuemoralivum,
445 2566 518 2601 quod
546 2570 609 2600 post
631 2565 797 2600 passionem,
824 2565 992 2600 sepulturam

208 2618 233 2641 cl
254 2613 484 2640 resurrectionem
509 2611 681 2639 celebratum
704 2615 757 2638 est.
775 2610 842 2638 Vere
869 2609 943 2637 enim
966 2615 994 2637 ct

209 2667 239 2685 re
255 2659 312 2694 ipsa
326 2663 384 2685 tum
403 2663 539 2688 mortuus,
566 2665 629 2684 vere
657 2661 684 2684 et
707 2664 737 2683 re
764 2657 822 2691 ipsa
840 2656 958 2683 surrexit
979 2662 994 2682 a

212 2705 327 2732 mortuis
354 2704 492 2731 Christus.
503 2703 633 2737 Quamvis
658 2710 724 2738 ergo
753 2707 869 2736 utraque
899 2708 994 2736 perce-

211 2751 279 2785 ptio,
305 2750 437 2777 nimirum
464 2750 628 2785 proleptica,
656 2757 703 2775 sou
732 2747 935 2782 praesumptiva,
967 2751 995 2774 et

249 2842 257 2857 ⁷
276 2841 323 2869 Col
354 2851 383 2876 ιι,
399 2843 426 2874 9,
444 2842 488 2872 Il.
512 2844 553 2869 l‘l.

1044 2254 1146 2277 terram
1158 2252 1277 2277 omnem,
1297 2251 1378 2278 quam
1389 2243 1492 2270 lumine
1510 2250 1559 2269 suo
1570 2243 1610 2269 sol
1626 2243 1746 2269 illustrat
1764 2249 1828 2275 pen

1043 2298 1139 2328 vagata
1153 2294 1217 2319 sunt
1232 2296 1363 2317 erroneus
1377 2288 1436 2315 illas
1447 2287 1610 2315 traditiones
1621 2287 1826 2319 commutariut,

1043 2346 1110 2373 quas
1125 2336 1177 2372 ipsi
1190 2333 1346 2370 apocrypha
1361 2336 1471 2359 vocant.

1337 2399 1357 2428 C
1361 2399 1415 2426 AP.
1430 2399 1525 2426 XXIII.

1041 2462 1171 2491 l’icesima
1187 2459 1267 2486 tertia
1287 2457 1391 2484 Itwresis
1414 2455 1569 2490 Alogorum.
1588 2463 1634 2482 seu
1651 2454 1700 2481 Dei
1718 2454 1828 2482 Verbum

1252 2492 1417 2528 negantium.
1435 2491 1469 2518 Hi
1486 2495 1631 2524 unguntur.

1077 2560 1191 2590 Joannis
1205 2557 1386 2592 Evangelium
1412 2564 1467 2583 non
1491 2555 1641 2583 admittunt
1666 2555 1755 2590 Alogi.
1776 2555 1829 2581 imo

1043 2615 1094 2635 nec
1106 2604 1291 2641 Apocalypsin
1305 2602 1430 2637 quidem,
1443 2601 1491 2629 sed
1505 2609 1536 2629 ea
1550 2601 1679 2629 Cerinthi
1709 2600 1828 2627 ιηετειὶεἰ

1047 2656 1203 2681 commenta
1220 2649 1377 2680 esseaiuul,
1390 2648 1549 2675 dubitantes
1565 2652 1593 2674 et
1606 2648 1731 2674 dicentes
1745 2646 1825 2673 Chri-

1049 2704 1121 2727 stum
1139 2699 1167 2725 in
1191 2697 1339 2732 Ingyptum
1369 2693 1481 2729 quidem
1515 2694 1670 2729 profugisse
1685 2713 1692 2726 ,
1718 2698 1800 2728 atque
1817 2699 1831 2719 a

1049 2746 1110 2780 fuga
1128 2741 1299 2779 postliminio
1328 2746 1466 2767 reversum
1496 2740 1656 2767 Nazarcthze
1686 2738 1831 2770 habitasse,
