1927 3085
82 134 154 186 128‘.)

720 146 797 176 TlIE
806 145 871 175 SAL]
880 144 920 174 [il
942 143 1017 172 LlB.
1039 141 1084 171 lV.

1639 135 1706 166 125))

79 213 186 240 deinde
203 211 383 246 baptizatum.
414 214 442 236 et
467 209 493 235 in
523 206 699 235 solitudinem
726 213 740 231 a
768 203 867 238 spiritu
882 200 962 233 ASlll
981 199 1149 226 sublimitate
1173 195 1308 223 sermonis
1331 194 1356 221 in
1376 194 1498 246 medium
1522 193 1625 246 idtireo
1648 201 1710 228 pro-

77 260 232 287 abductum
245 258 344 284 fuisse:
359 255 479 290 indeque
497 260 637 281 reversum
650 251 799 287 praedicare
813 257 869 276 co:-

78 306 168 340 pisse,
183 308 252 330 utex
264 303 379 330 aliorum
395 301 622 335 evangelistarum
632 298 740 332 scriptis
754 300 869 322 t~on>tat.

81 349 247 385 llujusmodi
258 354 348 375 autem
364 348 432 374 nihil
441 347 556 375 Joannis
564 343 712 379 Evangelia
721 341 868 370 contineri.

226 417 361 444 Ila’rrsros
380 415 551 450 pra'cedenlis
577 412 734 447 confatalia.

123 485 242 513 Demens
255 492 360 514 revera.
377 489 403 510 ct
417 490 514 517 expers
530 481 644 508 rationis
659 484 699 506 est
715 479 873 514 Alogorum,

84 531 123 558 de
139 531 239 566 quibus
256 530 300 557 hic
311 530 411 564 agitur.
431 529 552 559 literesis.
567 535 616 554 nec
629 527 720 553 minus
731 533 798 553 vana
809 532 872 552 eum

83 579 145 610 ipsa
161 576 329 603 dubitatione
343 573 526 601 dubitationis
544 573 670 602 occasio;
689 579 739 597 nec
752 570 826 596 enim
846 570 873 597 in

83 623 217 649 omnibus
243 626 362 656 quatuor
385 619 561 654 evangelista}
593 625 715 644 consumi
746 616 818 643 inter
847 623 876 642 se

85 669 245 704 proferunt,
258 668 305 694 sed
322 674 352 693 ea
368 666 480 700 quidem
503 673 564 699 quae
579 672 627 698 pro
654 668 776 697 tempore
801 667 877 697 gesta

84 719 154 743 smt
171 721 285 749 qumque
300 712 402 740 Christi
418 712 451 738 ad
467 719 517 737 nos
529 709 660 737 adventui
679 709 829 739 coluerent,
842 709 877 736 ab

85 761 219 788 omnibus
233 760 300 786 citra
315 758 399 785 ullum
411 757 469 784 falsi
486 757 630 790 vestigium
647 755 876 786 conscribuntur,

85 806 163 842 quod
180 807 309 832 nimirum
329 805 375 831 Dei
390 803 485 835 Filius,
501 803 537 829 ita
550 803 660 829 volente
677 802 724 836 qui
741 807 784 828 est
795 809 879 836 super

86 852 185 879 omnia
212 852 302 882 Patre,
329 855 479 884 sanctoque
498 848 603 883 Spiritu
631 854 818 882 cooperante,
851 849 878 876 iu

89 905 196 926 terram
215 897 405 924 descenderit:
421 895 465 922 ubi
481 903 564 922 carne
581 895 703 930 Virginis
734 903 749 922 e
767 895 880 929 sangui-

88 944 176 971 lllbli)
190 949 286 969 mutuo
300 946 422 976 accepta,
438 948 533 976 passus
554 942 580 967 in
618 949 712 973 cruce,
742 942 881 976 sepultus-

88 990 205 1024 quesit.
221 994 248 1015 ct
265 987 458 1019 restnrexerit,
483 987 576 1014 denuo
599 987 717 1022 denique
744 987 770 1014 in
797 987 882 1014 cwlos

89 1034 265 1063 ascenderit.

131 1083 170 1109 Ad
191 1080 384 1108 miraculorum
410 1087 492 1114 porro
515 1079 724 1114 explicationem
746 1078 819 1113 quod
842 1082 884 1105 al-

93 1130 182 1159 tinct,
207 1126 332 1161 quamvis
363 1127 459 1152 eodem
489 1125 562 1151 illam
588 1132 682 1152 omnes
718 1123 800 1150 modo
829 1131 884 1150 non

94 1174 292 1205 traetaveriut,
314 1173 387 1207 quod
416 1177 507 1199 tamen
533 1172 568 1200 ab
592 1171 646 1198 alio
671 1170 885 1206 praetermissum

92 1225 149 1252 est,
167 1220 191 1246 id
213 1218 313 1246 litteris
335 1218 405 1245 alius
432 1218 566 1251 exaravit,
593 1217 722 1252 quodque
746 1217 817 1244 idem
844 1216 887 1243 hic

94 1266 209 1293 silentio
234 1265 397 1300 suppressit,
422 1265 447 1291 id
470 1265 504 1291 ab
531 1272 564 1291 eo
586 1265 631 1298 qui
658 1263 822 1290 subsecutus
846 1267 888 1289 est

96 1312 310 1347 haudquaquam
329 1312 472 1342 ottiissutu,
489 1311 534 1338 sed
549 1318 709 1345 expressum
726 1314 753 1336 et
768 1309 888 1336 historia:

96 1360 234 1385 in:ertutn
247 1364 298 1384 est.
314 1358 391 1390 Quod
405 1358 516 1392 quidem
539 1357 639 1383 dtvina:
665 1355 843 1390 providentia:
861 1360 889 1381 et

97 1404 347 1430 administrationis
366 1412 434 1437 opus
447 1403 520 1429 haud
536 1403 618 1430 dubie
634 1402 889 1437 praestantissimum

97 1454 152 1476 ιδι.
175 1450 200 1475 Si
224 1450 296 1476 enim
318 1455 435 1483 quatuor
454 1449 628 1483 evangelista:
646 1449 672 1475 in
700 1448 827 1474 omnibus
850 1447 892 1473 iii-

99 1502 143 1522 ter
167 1503 196 1522 se
224 1495 446 1527 consensissent,
474 1495 492 1521 ii
516 1495 563 1528 qui
589 1494 623 1521 ad
651 1493 774 1521 veritatis
798 1494 891 1520 lumen

925 246 1035 280 posuit,
1057 243 1121 277 quia
1147 242 1261 269 verbum
1287 241 1354 268 illud
1376 238 1409 274 ἦν
1433 244 1511 271 erat,
1538 238 1608 274 quod
1635 238 1711 265 nullo

925 289 1006 316 modo
1031 288 1152 315 recusari
1179 287 1327 314 rel'ntarive
1348 290 1457 320 potest,
1491 285 1546 320 jam
1570 284 1712 311 hominum

924 335 1039 362 auribus
1052 334 1220 366 iutonuerat,
1234 338 1261 359 et
1275 332 1376 360 animis
1399 332 1567 359 innotuerat.
1584 330 1714 363 Quamvis

924 381 997 408 enim
1014 380 1057 406 vel
1072 379 1115 406 his
1129 383 1224 406 exacte
1240 378 1362 409 traditis,
1385 377 1585 412 perspicuaque
1610 375 1714 402 theolo-

925 427 967 461 gia
991 426 1139 460 expositis,
1166 425 1269 452 indocti
1299 424 1466 459 pessimique
1492 423 1615 457 veritatis
1640 421 1714 448 arsti—

926 477 1045 499 tnatores
1055 472 1113 498 haec
1127 471 1272 498 verborum
1291 474 1414 505 portenta
1431 469 1499 495 τούκ
1510 467 1555 503 ἦν,
1570 476 1623 494 non
1640 471 1714 495 erat;

925 516 959 552 ἦν
976 518 1019 544 ὅτε
1035 517 1084 543 οὐκ
1096 515 1142 552 ἦν,
1157 516 1208 543 fuit
1223 521 1340 551 tempus,
1356 523 1410 550 quo
1429 523 1484 542 non
1507 520 1585 547 erat;
1613 515 1715 549 ὅμοιον,

927 564 1017 591 simile
1030 572 1036 595 ;
1050 564 1214 597 ὀμοιούσιον,
1231 562 1328 590 sitnilis
1343 562 1488 594 essentia;
1503 559 1594 597 ἦττον,
1616 561 1717 591 minus,

927 615 956 637 et
970 609 1078 636 κτισῖὺν
1092 614 1217 636 creatum
1229 629 1237 641 ,
1257 607 1448 643 excogitarunt
1460 626 1468 640 ,
1484 611 1512 634 et
1537 611 1635 633 rastera
1655 606 1718 632 alia.

927 664 988 690 qum
1017 655 1051 682 ad
1084 654 1298 682 eoul'utationem
1325 653 1553 686 manifestamque
1577 657 1719 678 auctorum

927 709 1042 728 suorum
1070 700 1237 727 derisioncm
1262 698 1341 726 libris
1367 697 1450 725 editis
1473 697 1719 724 circumieruntur.

929 747 1010 781 Papa:
1024 745 1030 771 l
1048 753 1130 780 quam
1144 744 1290 772 dissimilia
1305 743 1338 771 de
1352 743 1462 770 Christo
1487 742 1646 769 dicerentur
1670 741 1722 768 ni:i

930 792 1062 819 Dominus
1077 799 1125 825 per
1143 798 1207 818 eum
1229 791 1275 825 qui
1298 791 1356 817 tunc
1378 797 1478 817 arcana
1497 789 1638 820 revelarit,
1664 793 1724 815 tan-

932 845 1014 873 quam
1030 837 1064 864 de
1087 837 1157 864 cmlo
1172 836 1348 867 intonuisset,
1364 844 1460 863 vocem
1475 844 1552 863 suam
1569 835 1725 863 Altissimus

898 877 919 904 Β
934 884 1081 916 emisisset,
1107 883 1265 918 dogmatum
1289 882 1408 909 maxime
1430 881 1588 909 divinorum
1614 881 1725 915 fulgura

936 930 1158 964 multiplicasset,
1181 933 1266 964 atque
1290 929 1435 956 haereticos
1457 927 1636 955 cenfudisset.
1658 926 1724 956 Sed,

937 980 967 1003 ut
984 975 1077 1002 videre
1098 979 1150 1006 cst,
1167 980 1222 1002 non
1234 974 1287 1002 alia
1300 974 1334 1002 de
1353 982 1435 1001 causa
1453 973 1629 1008 [ivangelium
1643 972 1726 1000 Joan-

936 1022 981 1049 nis
1007 1022 1042 1049 ab
1071 1021 1114 1048 liis
1138 1021 1230 1055 Alogis
1259 1021 1452 1055 improbatur,
1475 1027 1557 1055 quatit
1586 1019 1650 1054 quia
1678 1018 1726 1044 Dei

941 1065 1060 1092 \‘crhum
1091 1072 1146 1092 non
1175 1065 1337 1097 admittant,
1366 1072 1415 1091 nec
1448 1065 1551 1095 Deum,
1579 1071 1630 1090 nec
1656 1063 1726 1098 apud

940 1110 1023 1137 Deum
1039 1117 1110 1141 esse,
1132 1117 1184 1136 nec
1201 1110 1294 1136 omnia
1314 1118 1362 1144 per
1380 1110 1468 1144 ipsum
1486 1109 1554 1135 laeta
1570 1115 1629 1135 esse
1642 1128 1648 1140 ,
1664 1115 1729 1134 eoi.-

941 1156 1080 1186 titcantur,
1096 1159 1122 1182 et
1144 1155 1304 1190 prmdiccat.

1240 1222 1315 1250 CAP.
1338 1221 1432 1249 XXIV.

948 1269 1077 1297 l'iccsima
1093 1273 1188 1304 quarta
1201 1270 1319 1299 hrrresis,
1336 1268 1557 1304 Adamianorttm.
1575 1266 1610 1293 Hi
1626 1273 1729 1300 ungun-

978 1310 1032 1332 tur.
1045 1305 1076 1331 At
1095 1302 1231 1332 honestum
1245 1311 1347 1339 quoque
1367 1303 1457 1337 fuerit,
1475 1303 1497 1330 si
1511 1302 1687 1336 baptizentur.

979 1361 1123 1388 Adarniani
1138 1361 1242 1388 Adamo
1258 1360 1376 1395 quodam
1397 1359 1511 1386 doctore
1534 1358 1576 1386 usi
1604 1358 1734 1385 ecclesias

944 1414 1009 1434 suas
1021 1407 1048 1434 in
1065 1406 1191 1441 partibus
1205 1406 1383 1433 interioribus
1397 1405 1472 1432 leves
1486 1409 1513 1432 et
1527 1409 1657 1440 angustas
1676 1403 1735 1430 cili~

949 1453 1058 1480 ciebant
1072 1453 1173 1487 quibus
1196 1451 1406 1480 excall’aeiendis
1431 1450 1713 1486 ligna.acccudebant
1728 1470 1734 1478 .

944 1499 1089 1533 januisque
1104 1497 1212 1524 adsmre
1233 1496 1386 1532 jubebant,
1405 1495 1451 1530 qui
1473 1495 1594 1521 virorum
1622 1493 1731 1520 femina-

100 1543 249 1568 raicutiunt
264 1543 324 1568 illos
340 1542 501 1568 convenisse
512 1563 518 1574 ,
534 1541 728 1575 communique
750 1541 892 1574 conspira-
907 1556 930 1584 Ο
947 1550 1062 1577 rumque
1090 1542 1213 1568 omnium
1227 1562 1234 1573 ,
1269 1548 1338 1576 quos
1366 1542 1457 1568 statim
1479 1540 1513 1567 ab
1536 1540 1660 1575 ingressu
1673 1540 1735 1566 exui

102 1587 177 1614 tione
191 1591 273 1622 atque
296 1587 448 1622 sophistico
468 1595 604 1614 consensu
624 1595 655 1613 ea
682 1586 847 1613 conﬁnxisse
866 1592 894 1612 et

101 1634 300 1668 conscripsisse
323 1634 512 1668 obiecissent,
533 1641 592 1668 qua:
614 1634 689 1660 nullo
715 1632 796 1659 tuodo
819 1641 893 1660 acet-

102 1679 220 1712 dissent,
239 1688 312 1707 nttnc
335 1688 400 1707 vero
423 1680 450 1706 in
474 1680 527 1706 illis
542 1680 689 1706 concordia
709 1679 815 1706 discors
833 1680 892 1706 clu~

102 1726 190 1753 cescit
203 1746 210 1758 ,
226 1727 379 1761 similisque
393 1727 462 1753 adeo
477 1732 529 1757 cst,
549 1731 578 1753 ut
594 1727 629 1753 ita
645 1727 746 1758 dicam,
770 1726 891 1761 Evange-

103 1773 204 1799 tiorutn
219 1773 364 1806 quaternio
377 1773 482 1799 musico
495 1781 598 1806 organo
613 1772 802 1804 tetrachordo,
819 1773 892 1806 quod

103 1817 226 1852 Spiritus
243 1823 354 1845 sanctus
378 1824 522 1852 personat,
541 1819 676 1852 modoque
702 1819 758 1844 hinc
782 1818 893 1844 salutari

104 1864 234 1895 cat-lico,
259 1864 341 1891 modo
367 1864 413 1891 illa
445 1872 512 1891 sono
535 1865 611 1891 vocis
639 1864 815 1890 ornatissimo
843 1858 891 1890 ho9

105 1909 240 1940 minibus,
256 1914 390 1944 quotquot
408 1909 528 1935 nondum
546 1918 659 1943 prorsus
677 1909 894 1941 obsurduerunt,

105 1956 295 1991 percurrenda
314 1955 446 1985 assumit.
475 1956 512 1982 ita
533 1962 562 1982 ut
586 1957 695 1989 quoties
718 1955 895 1990 Evangelium

104 2003 221 2030 Joannis
237 2002 348 2029 cmleste
364 2010 446 2033 voco,
460 2010 531 2036 szepe
556 2008 647 2028 autem
673 2002 743 2028 facio
762 2003 896 2037 ἀπήχημα

106 2056 163 2083 quo
176 2049 256 2078 Idam.
278 2055 325 2074 sou
344 2052 498 2074 extremum
518 2048 675 2074 resultantis
691 2047 764 2075 vocis
776 2049 897 2075 sonitum

106 2095 242 2130 prrt'lpti),
258 2102 313 2129 quo
333 2094 378 2120 Ουί
400 2095 484 2127 pluria
503 2099 531 2121 et
550 2095 709 2122 harmonica
733 2094 900 2122 tlrmamenti

106 2149 159 2168 vox
177 2141 344 2175 explicatur,
360 2148 421 2174 quae
438 2140 549 2175 quidem
566 2142 699 2167 miracula
722 2141 767 2168 illa
791 2149 899 2167 annuit-

107 2187 169 2218 tiat,
190 2194 251 2218 quae
271 2193 332 2212 cum
359 2193 442 2212 carne
467 2193 482 2212 a
506 2186 607 2217 verbo,
633 2192 661 2211 et
689 2186 811 2221 ejusdem
835 2193 898 2214 cum

107 2233 154 2259 illo
182 2238 285 2258 natura:
308 2231 410 2266 Spiritu
441 2231 511 2258 facta
534 2236 599 2258 sunt
618 2241 624 2258 :
641 2239 756 2266 qumque
779 2236 899 2266 paterna:

108 2285 208 2304 manus
224 2278 407 2312 appellatione
433 2277 623 2312 designantur.
652 2277 809 2312 Discipulus
823 2277 897 2304 enim

109 2325 165 2351 Deo
189 2324 290 2350 charos
312 2323 381 2350 viam
409 2318 497 2350 tribus
528 2323 709 2358 Evangelistis
735 2324 838 2350 inviam
871 2328 900 2350 et

111 2371 276 2396 inaccessam
291 2369 441 2404 ingressus,
454 2377 485 2396 ea
495 2369 596 2396 Christi
612 2370 743 2397 IIIll‘.iCtll.t
761 2372 898 2404 exposuit,

111 2423 281 2449 qtueeuuque
306 2415 477 2449 prietermitti
499 2423 553 2442 non
581 2421 719 2450 poterant,
746 2416 812 2450 quin
829 2423 902 2450 quo-

112 2460 249 2494 quomodo
267 2464 460 2488 tractarentur.
482 2460 675 2488 Miraculorum
694 2463 767 2488 enim
787 2470 901 2489 suorum

112 2507 239 2534 Christus
256 2507 406 2540 discipulos
429 2515 539 2542 quoque
555 2509 704 2543 participes
727 2508 814 2544 gratis
835 2508 904 2536 etle-

115 2555 169 2586 eit,
193 2554 309 2588 illosque
333 2553 403 2580 adeo
426 2554 460 2581 iis
484 2563 544 2589 qua:
567 2555 677 2583 fecisset
703 2556 773 2590 ipse,
799 2559 903 2592 majora

115 2600 236 2626 [acturos
253 2606 313 2625 esse
329 2599 466 2633 pollicitus
477 2605 530 2627 est.
544 2601 633 2635 Atque
647 2610 662 2628 a
681 2602 770 2629 tribus
790 2603 902 2637 quidem

116 2643 292 2678 evangelistis
305 2644 372 2670 Satis
391 2652 528 2679 superque
544 2646 643 2673 tradita
659 2651 687 2674 et
701 2648 825 2682 exposita
838 2652 904 2675 sunt

116 2690 172 2722 illa,
200 2690 293 2724 paucis
318 2689 423 2724 aliquot
447 2691 580 2726 exceptis.
607 2693 754 2721 leestem
787 2702 853 2722 vero
878 2699 906 2722 et

117 2737 255 2771 propriam
283 2737 384 2764 Christi
421 2739 629 2772 generationem
653 2741 739 2767 verbo
762 2739 797 2776 ἦν
823 2746 904 2773 erat,

116 2790 270 2817 expressam
285 2783 347 2810 stati
361 2792 376 2809 n
393 2783 427 2809 ab
446 2784 525 2811 initio
539 2785 660 2813 tonitrus
687 2787 760 2813 tilius
778 2787 823 2814 hic
845 2791 907 2814 tan-

119 2837 199 2862 quam
213 2829 474 2864 tulgurisiiupetus,
498 2831 526 2857 in
543 2839 638 2859 omnes
660 2833 737 2860 orbis'
761 2833 796 2860 lin
816 2842 829 2860 s
850 2833 908 2867 eja-

121 2876 225 2902 eulatus
239 2880 291 2907 est,
313 2880 341 2902 ut
357 2881 455 2902 caetera
476 2884 585 2912 quoque
603 2878 633 2913 id
659 2887 755 2913 genus,
777 2887 838 2914 qua:
863 2879 908 2906 ille

291 2927 422 2955 l‘ATltOL.
441 2927 461 2956 (ἱ
469 2935 498 2956 ιι.
519 2927 680 2961 (LXXXIX.

916 2221 938 2250 D

948 1590 1033 1618 moris
1054 1593 1130 1620 erat,
1167 1588 1332 1615 vestimenta
1367 1587 1557 1619 custodirent,
1586 1592 1668 1624 atque
1700 1586 1737 1613 ita

949 1635 1081 1670 precibus
1112 1639 1141 1662 et
1169 1634 1375 1669 Srripturarum
1402 1632 1513 1660 lectioni
1541 1632 1737 1662 intendebant,

947 1680 1116 1716 virginitatis
1152 1680 1244 1707 Studio
1286 1687 1348 1706 sese
1381 1678 1544 1706 insolentius
1581 1678 1736 1705 efferentes.

948 1727 1027 1760 Quod
1052 1727 1074 1753 si
1100 1726 1163 1761 quis
1189 1726 1216 1752 in
1248 1725 1351 1760 ﬂagitio
1373 1724 1627 1759 deprehenderetur
1646 1743 1654 1757 ,
1677 1731 1740 1750 eum

950 1781 1012 1800 mox
1032 1773 1104 1799 foras
1131 1768 1248 1807 ejectum
1268 1771 1402 1798 Adamum
1429 1769 1613 1802 dictitabant,
1638 1770 1684 1804 qui
1707 1770 1740 1796 de

949 1819 1024 1853 ligno
1050 1817 1228 1844 comedisset.
1256 1816 1405 1843 Ecclesiam
1429 1817 1501 1842 enim
1526 1823 1602 1842 suam
1623 1815 1739 1849 paradisi

951 1864 1062 1889 n-nulne
1079 1862 1273 1896 dignabantur.
1297 1862 1379 1888 Iidem
1402 1867 1534 1895 prtcterea
1558 1861 1668 1895 nuptias
1693 1861 1743 1887 iiii—

954 1909 1115 1944 probabant.

1107 1961 1242 1988 Ηωνεειιοδ
1254 1961 1423 1996 pru‘cctlentis
1445 1961 1601 1995 ronfutatt'o.

988 2019 1041 2045 Nec
1065 2024 1149 2049 recte,
1168 2025 1219 2044 nee
1238 2018 1281 2052 pie
1304 2025 1353 2052 pro
1377 2017 1471 2044 Adatni
1489 2025 1551 2044 cum
1571 2017 1626 2044 Eva
1643 2024 1745 2044 concu-

954 2065 1012 2091 bitu
1037 2063 1072 2090 ab
1092 2062 1251 2090 Adamianis
1275 2063 1342 2097 ligni
1370 2062 1526 2097 degustath
1548 2062 1673 2096 exposita
1692 2068 1744 2089 est.

955 2110 1042 2137 Moses
1063 2109 1137 2136 enim
1163 2109 1244 2135 aliam
1268 2108 1352 2134 fuisse
1375 2107 1482 2133 arboris
1496 2107 1618 2134 scicntia:
1634 2115 1665 2133 ex
1689 2115 1747 2134 ser-

957 2155 1049 2190 pentis
1083 2154 1258 2190 suggestione
1286 2153 1512 2188 perceptionem.
1541 2153 1624 2179 alium
1650 2152 1746 2180 Adauii

950 2201 1069 2236 Evrequc
1086 2200 1265 2227 concubitum
1284 2203 1400 2226 testatus
1411 2204 1465 2226 cst.
1482 2199 1571 2233 Atque
1597 2199 1668 2225 illam
1686 2199 1748 2233 qui-

952 2247 1014 2275 dem
1040 2247 1067 2274 in
1096 2246 1223 2281 paradiso
1254 2245 1359 2272 nefarie
1384 2250 1568 2280 perpetratam
1589 2245 1649 2276 ait,
1675 2245 1749 2272 hunc

954 2298 1021 2318 vero
1044 2295 1138 2325 postea
1157 2297 1239 2324 quam
1269 2289 1333 2316 inde
1354 2289 1435 2323 ejeeti
1462 2293 1537 2321 sunt,
1565 2289 1749 2323 pellieeasqne

957 2337 1065 2363 tunicas
1079 2335 1241 2362 induerunt.
1252 2334 1329 2368 Quod
1343 2340 1435 2362 autem
1446 2335 1557 2369 nuptias
1569 2334 1748 2364 interdicunt,

960 2381 1127 2416 virginitatis
1147 2380 1288 2407 simulatio
1314 2387 1445 2415 meraque
1473 2380 1534 2408 sine
1557 2381 1640 2407 rebus
1668 2380 1750 2406 verba

962 2433 1038 2455 sunt.
1055 2428 1123 2454 Cum
1140 2428 1213 2454 enim
1230 2434 1284 2453 non
1300 2427 1359 2453 sine
1372 2434 1467 2461 magna
1481 2426 1660 2461 turpitudinis
1676 2430 1751 2455 nota,

959 2472 1034 2499 omni
1050 2471 1152 2499 amictu
1168 2471 1306 2506 deposito,
1324 2472 1371 2499 alii
1386 2471 1503 2498 aliorum
1517 2477 1613 2498 mutuo
1628 2471 1753 2497 fruantur:

959 2523 1084 2552 aspectu,
1108 2518 1154 2553 qui
1183 2519 1242 2544 tieri
1268 2523 1368 2552 potest,
1391 2523 1419 2544 nt
1446 2518 1517 2553 apud
1542 2525 1635 2552 aequos
1660 2525 1752 2544 rerum

962 2563 1144 2589 aestimatores
1163 2563 1330 2596 virginitatis
1346 2568 1469 2589 amantes
1492 2567 1521 2590 et
1541 2561 1658 2589 studiosi
1676 2562 1754 2596 judh

966 2609 1081 2634 centur?
1100 2607 1236 2635 Craterum
1268 2613 1401 2642 quantum
1430 2607 1469 2634 illi
1496 2607 1588 2634 scelus
1621 2605 1753 2640 nefasqu

961 2653 1150 2685 committant,
1169 2654 1216 2688 qui
1238 2653 1271 2680 de
1287 2653 1422 2680 industria
1443 2652 1623 2686 volentesque
1644 2653 1753 2678 nudau-

964 2702 1019 2730 tur,
1039 2703 1067 2725 et
1089 2706 1120 2725 ea
1145 2698 1292 2733 detegunt.
1309 2706 1370 2732 qure
1389 2697 1521 2724 occultari
1539 2702 1636 2723 natura
1656 2699 1719 2723 volu
1735 2703 1754 2727 t,

963 2743 1005 2770 vel
1023 2743 1073 2778 ipsi
1090 2745 1202 2779 generis
1221 2744 1334 2770 humani
1352 2743 1540 2778 progenitores
1557 2742 1751 2772 ostenderunt,

965 2797 1028 2816 eum
1045 2790 1097 2817 sibi
1125 2791 1240 2817 ﬁculnea
1262 2789 1325 2817 folia
1356 2793 1537 2821 consuerunt,
1563 2796 1658 2816 eorum
1677 2797 1757 2823 aspe-

966 2841 1040 2863 ctum
1055 2836 1185 2867 aversati,
1203 2843 1263 2870 qua:
1276 2838 1380 2870 pudore
1394 2835 1476 2871 digna
1493 2840 1567 2863 sunt.
1582 2835 1759 2862 Absurdissi-

968 2890 1041 2909 mam
1060 2890 1144 2917 porro
1160 2887 1186 2909 ct
1203 2883 1237 2909 ab
1255 2884 1329 2915 omni
1356 2882 1488 2910 modestia
1505 2889 1619 2917 prorsus
1637 2881 1757 2909 alienum

1515 2930 1548 2962 41
