1927 3085
213 83 280 113 illi

831 83 980 113 NICETzE
1000 85 1113 117 CHONI
1120 90 1202 119 ΑΤίΕ

1764 94 1858 126 1392

204 138 331 173 quodque
341 137 456 166 calidum
467 139 548 166 .illutn
564 144 592 166 et
612 140 760 166 ferventem
775 141 863 167 zelum
880 142 906 167 in
920 141 987 167 Ada-
1003 142 1028 171 Λ
1043 151 1090 177 per
1113 153 1220 177 canem,
1242 153 1289 180 per
1304 154 1440 178 anserem,
1458 152 1484 173 et
1506 155 1554 181 per
1577 148 1672 182 pinutn
1689 149 1855 184 jurabant.

203 185 303 212 mianis
318 190 427 220 augeat,
444 186 495 212 hoc
509 186 608 212 merito
623 190 780 218 censeatur,
798 186 869 221 quod
888 194 949 213 cum
965 186 991 212 in

205 229 353 258 Ecclesiam
374 231 497 258 vestibus
523 231 621 264 indttti,
639 237 666 258 et
684 239 745 259 eum
769 233 873 266 pudore
893 240 990 266 preces

203 276 259 304 Deo
277 276 393 304 fundere
413 277 556 308 deberent,
582 277 609 303 in
631 278 807 312 hypocattstis
823 282 851 305 et
869 278 986 305 caminis

206 324 295 356 ignem
315 322 478 355 accendant,
504 323 597 358 ibique
613 331 674 350 etnn
695 323 806 350 feminis
826 331 994 351 conversan-

206 373 256 398 tes,
275 373 356 402 atque
375 375 428 394 ttna
447 376 509 395 cum
527 368 580 395 illis
605 369 774 403 psallentes,
800 369 901 395 amoris
926 377 994 404 pru-

205 415 257 440 ritu
278 414 465 445 inardescant,
484 418 511 441 et
527 413 614 441 calide
634 414 783 441 admodum
812 418 907 440 mutuo
927 422 992 441 eon-

205 460 297 487 cubitu
310 459 447 486 fruantur.

505 527 581 556 CAP.
607 527 691 555 XXV.

206 574 330 602 vicesima
346 575 439 609 quinta
456 574 572 605 haeresis,
597 573 804 609 Sampsworum,
829 575 910 609 quiet
925 574 991 602 Hel.

432 610 517 636 castri.
531 609 564 636 Ili
578 609 760 644 baptizantur.

240 667 370 701 Sampsaai
386 671 527 697 vocantur,
547 667 625 700 quasi
645 666 707 700 puri
731 665 865 693 l-lebraiea
881 665 991 701 lingua;

204 712 333 740 Helcesmi
349 719 426 742 vero,
441 719 456 738 a
470 711 589 746 quodam
609 719 706 738 eorum
719 713 834 739 doctore
848 712 915 748 (47).
933 712 994 740 Πω-

204 766 297 786 reseos
319 765 402 793 porro
426 758 480 784 dux
501 761 529 784 et
546 762 642 784 anetor
667 757 721 784 illis
743 758 796 784 fuit
819 758 993 793 pseudopro-

157 803 160 807 λ
203 805 284 840 pheta
300 804 410 839 quidam
432 802 554 835 Judaeus,
576 803 686 830 nomine
705 803 793 836 Elxai,
817 804 864 838 qui
882 804 990 839 Trajani
1006 812 1029 841 Β

203 851 371 885 temporibus
391 850 468 877 vixit.
494 849 526 876 Is
545 857 593 884 per
617 850 712 882 salem,
738 857 848 884 aquam,
872 855 987 884 terram,

202 898 311 932 paitem,
335 896 447 927 emtum,
467 896 609 928 mtherem,
629 901 656 922 et
671 900 782 923 ventum
797 897 903 931 jurare,
915 896 989 924 divi-

202 950 322 977 numque
342 941 396 969 illis
414 941 545 968 exhibere
571 942 676 968 cultum
699 941 826 976 jubebat.
852 940 987 969 Caeterum

201 987 376 1016 continentiae
388 987 596 1019 adversabatur,
615 987 855 1021 virginitatemque
875 994 987 1020 exosus,

200 1036 306 1063 nubere
321 1034 445 1070 cogebat.
468 1033 522 1061 Sed
535 1038 563 1060 et
584 1033 748 1068 hypocrysin
764 1033 987 1067 commendabat,

201 1083 229 1110 in
241 1090 328 1117 eaque
342 1082 409 1109 nihil
428 1083 520 1109 inesse
540 1080 645 1115 peccati
665 1086 801 1111 asserens,
819 1087 867 1107 eos
889 1088 904 1106 ει
925 1087 988 1114 pec-

201 1130 263 1153 cato
278 1126 415 1153 immunes
439 1133 499 1152 esse
515 1124 654 1156 'addebat,
680 1125 726 1159 qui
750 1133 783 1151 ex
809 1125 986 1158 necessitate,

202 1181 256 1200 non
278 1180 311 1199 ex
340 1172 510 1199 couscientia
535 1176 658 1205 tempore
683 1171 886 1206 persecutionis
911 1171 986 1203 idola

200 1219 323 1246 venerati
347 1223 448 1246 essent.
470 1218 621 1253 Prophetas
643 1225 697 1244 non
712 1217 886 1245 admittebat.
900 1220 987 1244 Amu-

200 1265 317 1290 lctorum
342 1263 384 1290 vel
413 1263 559 1290 monilium
586 1270 664 1289 usum
695 1262 859 1296 imperabat.
887 1262 983 1289 Chris-

201 1315 260 1336 tum
286 1313 441 1336 ereaturatn
469 1315 541 1339 esse,
564 1312 646 1342 atque
670 1308 696 1334 in
718 1308 823 1334 Adatno
837 1308 986 1334 formatum

201 1355 285 1382 fuisse
301 1353 486 1385 fabulabatur,
505 1353 583 1386 cujus
599 1361 700 1387 corpus
713 1360 763 1387 pro
784 1361 834 1380 stto
851 1353 985 1380 arbitratu

202 1401 347 1433 indueret,
376 1404 526 1434 posteaqtte
546 1405 671 1427 exueret.
700 1399 834 1434 Spiritum
860 1405 985 1427 sanctum

201 1448 314 1474 fratrem
335 1442 394 1480 ejus
410 1434 480 1477 esse,
504 1450 587 1480 atque
608 1453 703 1477 eorum
729 1451 877 1480 utrumque
896 1447 986 1480 longi-

204 1491 299 1518 tudine
316 1490 350 1517 ad
366 1491 516 1525 nonaginta
530 1499 577 1517 ses
596 1491 736 1523 milliaria,
756 1491 901 1518 latitudine
919 1499 985 1519 vero

203 1537 237 1564 ad
251 1536 345 1572 viginti
362 1537 484 1570 quinque
506 1536 633 1579 protendi
650 1536 799 1563 asserebat.
818 1537 887 1564 lluic
903 1535 991 1572 porro.

202 1583 286 1608 frater
316 1585 391 1613 erat,
416 1580 519 1608 lexmus
545 1581 666 1608 nomine.
687 1580 808 1607 Tandem
834 1590 867 1608 ex
891 1590 1008 1609 eorum~

201 1627 334 1662 sanguine
347 1626 478 1653 mulieres
497 1625 558 1652 dua:
572 1626 673 1653 Mallho
689 1631 716 1653 et
733 1627 870 1654 Malthana
883 1634 986 1656 exorta:

201 1678 275 1706 sunt,
288 1680 357 1708 quas
374 1680 428 1699 non
447 1680 527 1699 secus
557 1669 638 1705 atque
662 1671 726 1698 deas
745 1677 836 1699 mente
852 1674 923 1707 capti
939 1682 986 1700 ve-

200 1717 379 1748 nerabantur,
395 1721 422 1743 et
444 1716 466 1742 si
491 1724 546 1750 quo
572 1716 822 1750 prolicisoerentur,
845 1718 985 1751 pulverem

200 1763 300 1797 pedum
315 1769 421 1794 earum,
438 1761 551 1796 insuper
565 1767 592 1788 et
605 1762 730 1794 salivam,
744 1767 770 1790 et
786 1770 878 1798 sputa,
896 1765 977 1791 bene

200 1809 330 1836 dictionis
348 1809 408 1838 loco
427 1808 479 1835 sibi
496 1809 654 1836 sumebant.

343 1865 479 1893 Ιιιενιιδεοδ
490 1866 664 1902 pra'cedcntis
680 1867 835 1900 confutatio.

233 1922 390 1950 Adamianis
417 1922 456 1955 hi,
479 1922 513 1949 ad
533 1923 644 1957 nuptias
661 1928 689 1950 et
699 1923 887 1958 virginitatem
911 1926 985 1960 quod

199 1969 307 2001 attinet,
333 1976 366 1996 ex
388 1967 522 1995 diametro
545 1973 706 2003 repugnant.
732 1968 847 2004 Utrique
871 1971 945 1998 enim
970 1979 985 1998 a

200 2015 388 2042 mediocritate
400 2021 427 2041 et
443 2019 515 2041 recta
539 2015 643 2041 ratione
658 2014 838 2043 deﬂexerunt.
871 2017 986 2052 Nuptias

198 2061 310 2097 quidem
341 2061 471 2096 Sampsmi
502 2061 621 2088 maximo
654 2062 681 2088 in
716 2062 821 2090 honore
859 2063 983 2097 habent,

199 2113 368 2142 cunctosque
390 2107 489 2142 jubent
515 2107 631 2134 nubere.
650 2108 685 2134 At
706 2108 889 2143 virginitatem
912 2110 984 2136 Ada-

199 2154 283 2182 miani
305 2161 414 2181 summo
435 2153 527 2180 studio
542 2153 761 2187 prosequendam
778 2161 838 2181 esse
854 2155 916 2187 rati,
936 2163 984 2182 eos

198 2202 261 2227 iulio
278 2204 494 2234 prosequuntur,
515 2198 563 2232 qui
580 2199 690 2232 nuptias
714 2199 893 2232 contrahunt,
918 2207 980 2227 cum

199 2253 290 2273 tamen
319 2244 487 2272 honoranda).
513 2244 626 2278 nuptize,
651 2244 812 2279 nuptiisquc
840 2245 984 2281 virginitas

198 2291 373 2318 anteferenda
398 2291 443 2317 sit.
461 2290 581 2325 Utraque
614 2290 687 2317 enim
721 2290 775 2317 Deo
802 2295 877 2325 grata
909 2297 983 2320 sunt.

197 2339 324 2367 Christus
338 2338 411 2365 enim
427 2346 441 2365 a
468 2338 625 2372 virginitate
643 2345 698 2364 non
716 2338 834 2371 alienus,
853 2339 982 2373 idemque

197 2384 355 2419 nuptiarum
376 2387 483 2416 auctor,
501 2383 552 2415 Qui
574 2387 657 2417 potest
681 2391 784 2418 capere,
814 2384 915 2419 inquit,
937 2394 981 2412 ca-

197 2431 281 2465 piat“.
300 2430 365 2457 Item
382 2437 478 2464 magna
500 2428 545 2455 illa
568 2428 768 2462 prazdieatiouis
786 2429 849 2456 tuba
867 2430 979 2463 l’aulos,

198 2476 346 2510 virginitati
375 2475 545 2510 primogenia
569 2473 647 2505 dans,
670 2478 764 2508 aperte
789 2476 900 2502 clamat.
918 2476 982 2503 Dico

196 2528 284 2549 autem
301 2530 353 2549 non
370 2521 460 2556 nuptis
483 2524 508 2545 et
525 2519 618 2551 viduis,
643 2520 739 2546 bonum
761 2525 799 2546 est
823 2521 887 2554 illis,
905 2523 927 2548 si
945 2523 982 2549 sic

196 2573 368 2603 permaneant
384 2568 452 2595 sicut
471 2571 495 2593 et
510 2574 556 2600 ego
572 2573 580 2592 :
594 2566 639 2592 sed
656 2567 679 2593 si
693 2574 743 2593 non
756 2568 918 2601 contineant,
934 2577 983 2596 nu—

195 2637 199 2641 .
220 2621 257 2641 .-ιιι
269 2617 288 2642 ⁹.
306 2615 344 2642 Eo
360 2619 451 2641 autem
467 2613 539 2648 quod
552 2620 600 2647 per
617 2613 752 2640 elementa
766 2613 872 2647 jurant,
889 2615 980 2641 mani-

197 2668 278 2689 't‘sL-lS
292 2670 321 2689 se
342 2661 463 2696 gentium
486 2660 638 2686 imitatores
658 2659 817 2687 ostendunt.
837 2661 891 2687 Illa:
906 2662 979 2689 enim

226 2737 236 2751 ⁸
256 2735 349 2762 Siatth.
366 2743 421 2766 xtx,
437 2734 479 2761 l2.
518 2735 528 2750 ’
545 2734 552 2760 l
569 2733 631 2760 Cur.
652 2742 696 2765 \‘ll,
721 2734 745 2767 8,
761 2736 787 2762 9.

231 2808 283 2840 ti?)
300 2807 398 2834 Euseb.
415 2807 463 2835 lib.
478 2815 513 2840 γι,
531 2815 590 2842 cap.
609 2807 653 2834 ‘27.

1041 189 1294 226 elementoruntque
1309 193 1517 226 quaternionetn
1536 193 1568 220 ad
1583 192 1664 220 ﬁdem
1678 195 1764 223 dictis
1780 195 1857 223 suis

1042 235 1217 261 astrucudam
1229 236 1417 270 proferebant.

1077 281 1149 313 Quin
1162 287 1189 308 et
1205 283 1278 317 apud
1297 284 1419 318 gentium
1431 284 1499 311 deos
1515 292 1530 311 c
1546 284 1628 320 Styge
1644 287 1739 321 (quem
1757 286 1851 315 infe-

1043 334 1135 353 rorum
1167 328 1272 355 fontem
1305 338 1365 357 esse
1396 330 1520 358 fabulosa
1551 333 1635 358 tiadit
1668 334 1854 368 antiquitas)

1042 379 1140 406 aquam
1169 374 1382 409 frigidissimam
1401 379 1551 408 scaturire,
1578 378 1715 406 verissimi
1741 381 1854 414 quoli—

1042 417 1130 445 diauis
1156 420 1183 446 in
1204 420 1349 455 colloquiis
1371 421 1520 456 juramenti
1548 422 1608 450 loco
1629 423 1760 452 habebat.
1784 425 1854 452 Nos

1042 469 1135 491 autem
1148 464 1258 493 Christo
1282 466 1410 498 docente,
1434 475 1523 502 neque
1541 476 1588 502 per
1607 474 1719 501 terram,
1743 479 1853 505 neque

1042 516 1092 543 per
1109 512 1209 537 emtum
1233 511 1382 546 jurandum
1400 519 1461 539 esse
1480 512 1649 546 didicimus;
1669 514 1746 541 illam
1761 516 1851 541 enim

1044 554 1143 588 pedum
1163 555 1208 582 Dci
1230 557 1393 590 scabellum,
1419 558 1473 585 hoc
1489 566 1556 585 vero
1578 559 1670 586 sedem
1686 567 1749 587 esse
1763 561 1851 588 idem

1042 603 1158 626 testatus
1169 605 1220 627 est.
1236 600 1432 635 Jusjurandum
1451 609 1544 629 autem
1566 609 1690 630 n0strum
1711 612 1775 631 esse
1794 607 1852 632 vo-

1041 644 1104 678 luit,
1120 645 1177 678 Est,
1198 651 1247 679 ast,
1268 655 1329 680 non,
1351 657 1404 675 non
1417 649 1447 675 ‘°.
1465 648 1609 683 Nugonum
1624 651 1748 686 denique
1766 653 1850 679 deli—

1043 691 1083 718 ria
1097 696 1171 725 sunt,
1195 697 1223 719 et
1243 700 1338 720 eorum
1359 695 1406 728 qui
1427 694 1454 720 in
1476 695 1580 729 seipsos
1603 695 1724 723 divinam
1742 698 1851 724 conci—

1044 740 1101 763 tant
1113 737 1193 771 iratn,
1214 747 1276 765 cum
1292 744 1379 766 totum
1398 740 1536 767 Christum
1551 743 1723 776 corruptioni
1742 744 1847 770 obno-

1044 781 1118 808 xium
1133 790 1192 809 esse
1210 784 1298 817 aiunt,
1311 785 1358 818 qui
1374 785 1408 811 ab
1424 785 1529 811 Atlante
1542 786 1576 812 sit
1589 790 1676 818 ortus,
1691 796 1743 814 nec
1757 796 1845 820 eum,

1042 832 1178 861 quatenus
1195 829 1267 856 Deus
1277 835 1329 862 est,
1343 832 1526 865 praecesserit,
1538 840 1599 859 cum
1618 841 1719 868 corpus
1737 835 1774 861 ab
1790 844 1846 862 ευ-

1041 873 1104 901 dem
1125 875 1200 908 exui,
1225 875 1371 910 denuoque
1397 877 1473 904 indui
1501 885 1640 911 asserunt,
1669 888 1724 907 non
1753 889 1844 908 secus

1041 926 1123 956 atque
1144 929 1159 949 a
1174 922 1255 950 nobis
1276 924 1451 956 vestimenta,
1472 929 1499 952 et
1526 933 1541 952 a
1564 927 1740 961 serpentibus
1756 927 1843 954 lebe-

1040 968 1115 995 rides
1137 969 1255 996 decurso
1278 970 1412 1004 temporis
1436 971 1525 1005 spatio
1550 972 1648 999 solent.
1666 973 1842 1008 Unigenitus

1040 1014 1114 1040 enim
1127 1015 1173 1042 Dei
1189 1015 1284 1048 Filius,
1300 1024 1362 1042 cum
1377 1017 1412 1043 sit
1425 1017 1498 1043 Patri
1512 1023 1678 1049 eoa-turnus,
1690 1019 1839 1054 uniusque

1038 1061 1199 1095 etejnslem
1217 1069 1277 1088 cum
1294 1062 1340 1088 illo
1353 1066 1467 1093 naturae,
1485 1063 1512 1089 in
1530 1064 1634 1091 ultimis
1645 1065 1837 1099 temporibus.

1039 1110 1130 1133 creata
1153 1113 1246 1133 nostra
1263 1113 1361 1134 natura
1378 1108 1478 1134 divina:
1495 1109 1622 1136 inereata:
1644 1115 1671 1136 et
1685 1118 1762 1144 pura:
1783 1119 1838 1145 per

1039 1154 1196 1189 hypostasin
1211 1155 1297 1186 unita,
1311 1163 1411 1190 Corpus
1426 1156 1499 1190 quod
1517 1163 1704 1192 assumpserat
1728 1158 1839 1185 divini-

1040 1200 1104 1226 tatis
1118 1200 1292 1234 dignitatum,
1313 1201 1370 1235 ipsa
1385 1196 1588 1236 ec-njunetione,
1609 1204 1747 1238 particeps
1762 1204 1835 1231 επε-

1039 1250 1092 1278 ett,
1112 1254 1161 1272 nec
1178 1246 1251 1272 illam
1275 1246 1330 1273 ullo
1347 1255 1466 1281 unquam
1496 1253 1617 1282 tempore
1634 1249 1772 1284 deposuit,
1804 1256 1835 1277 ut

1038 1300 1100 1327 qua:
1111 1293 1205 1319 eadem
1219 1297 1291 1320 esset
1305 1301 1367 1320 cum
1384 1302 1417 1321 eo
1431 1295 1503 1328 quod
1523 1295 1658 1328 unimerat,
1680 1297 1735 1323 ituo
1752 1305 1834 1330 vero,

1039 1343 1069 1365 ut
1092 1339 1127 1365 ita
1151 1338 1252 1370 dicam,
1277 1339 1402 1373 ὁμόθεος,
1418 1340 1469 1367 hoc
1489 1346 1530 1368 est
1548 1341 1602 1368 Deo
1618 1350 1728 1376 semper
1744 1348 1770 1370 et
1787 1343 1835 1370 in-

1039 1385 1192 1412 dlSSUltlltlll
1209 1385 1317 1412 vinculo
1339 1387 1495 1421 conjuncta,
1520 1389 1752 1422 quemadmodum
1771 1397 1834 1416 ma-

1039 1439 1108 1466 gnus
1131 1432 1175 1458 ille
1190 1431 1349 1466 theologicis
1363 1433 1388 1458 in
1406 1433 1487 1459 rebus
1499 1432 1648 1465 Gregorius
1661 1438 1758 1460 auctor
1775 1439 1831 1461 cst.

999 1470 1020 1499 C
1038 1476 1075 1502 Ex
1093 1484 1147 1510 quo
1170 1475 1207 1506 lit,
1225 1481 1254 1502 ut
1280 1478 1435 1511 hypostasin
1466 1478 1537 1504 illaut
1555 1486 1614 1512 qua:
1634 1487 1666 1506 ex
1681 1479 1830 1506 divinitate

1039 1527 1066 1549 et
1086 1521 1254 1549 humanitate
1267 1522 1381 1549 conﬂata
1403 1527 1452 1555 est,
1468 1532 1539 1550 nunc
1551 1524 1596 1558 qui
1610 1525 1661 1551 lem
1676 1525 1832 1557 Christum,

1039 1568 1105 1594 item
1124 1569 1206 1595 Deum
1225 1573 1251 1594 et
1268 1569 1416 1601 hominem,
1443 1569 1506 1596 item
1527 1571 1610 1597 Deum
1628 1571 1721 1598 incarn
1744 1577 1803 1598 tum
1822 1581 1828 1597 :

1038 1620 1113 1639 nunc
1144 1621 1208 1640 vero
1235 1614 1319 1641 Deum
1349 1616 1500 1647 duntaxat,
1531 1620 1558 1642 et
1585 1616 1683 1643 Filium
1707 1618 1830 1645 hominzs

1040 1657 1158 1692 itemque
1171 1658 1308 1685 hominem
1321 1663 1425 1686 tantutn
1443 1661 1626 1688 nominemus.
1649 1662 1704 1688 Nec
1722 1666 1829 1696 tamen,

1039 1712 1100 1730 cum
1124 1704 1209 1731 Deum
1232 1705 1364 1732 duntaxat
1387 1706 1522 1739 dicimus,
1548 1707 1582 1734 ab
1611 1707 1722 1734 homine
1748 1709 1828 1736 illutn

1039 1757 1207 1784 separamus,
1227 1759 1277 1778 nec
1289 1759 1348 1778 cum
1365 1752 1503 1779 hominem
1521 1757 1625 1780 tantttm
1639 1754 1828 1788 nominamus,

1039 1795 1114 1822 illum
1131 1803 1145 1822 a
1167 1796 1310 1823 divinitate
1339 1798 1507 1832 sejungimus
1540 1799 1636 1833 (idem
1657 1802 1732 1827 enim
1753 1807 1828 1828 tutus

1039 1841 1120 1873 Deus,
1133 1846 1161 1868 et
1184 1846 1256 1869 totus
1285 1843 1365 1870 homo
1385 1848 1427 1870 est
1444 1845 1464 1877 ),
1490 1852 1542 1871 nec
1566 1845 1738 1873 divinitatem
1757 1848 1828 1882 qui-

1038 1886 1099 1913 detu
1117 1894 1178 1913 cum
1208 1887 1343 1919 dicimus,
1369 1888 1406 1914 illi
1428 1897 1488 1923 quae
1517 1889 1682 1918 hutnanitati
1713 1894 1827 1927 propria

1038 1937 1113 1964 sunt,
1136 1934 1246 1960 nomina
1285 1934 1433 1962 tribuitnus
1455 1936 1530 1969 (nec
1552 1937 1625 1964 cnim
1650 1938 1825 1966 divinitatem

1037 1978 1157 2012 passioni
1188 1979 1345 2012 obnoxiam,
1365 1986 1412 2007 aut
1427 1987 1544 2008 creatam
1572 1983 1714 2019 dit-imus),
1733 1993 1826 2020 neque

1037 2030 1131 2051 contra
1156 2025 1265 2060 quoties
1293 2033 1308 2053 a
1334 2027 1413 2054 nobis
1438 2027 1615 2056 humanitatis
1639 2032 1742 2058 mentio
1770 2033 1823 2063 tit,

1037 2079 1096 2098 eam
1126 2072 1280 2099 di\initatis
1310 2074 1523 2107 proprit'latllms
1552 2076 1715 2104 deeoramus
1743 2080 1825 2112 (nee

1037 2116 1108 2142 enitn
1125 2117 1321 2143 humanitatem
1336 2118 1484 2145 increatam
1502 2120 1640 2153 dicimus},
1659 2126 1685 2148 at
1701 2123 1723 2148 si
1742 2125 1824 2151 unius

1037 2163 1215 2196 ltypostaseos
1238 2164 1341 2190 mentio
1368 2165 1423 2195 fiat,
1443 2174 1494 2192 non
1512 2166 1559 2197 ita,
1582 2167 1628 2193 sed
1651 2169 1769 2203 ingenue
1796 2176 1824 2197 γι

1034 2208 1118 2234 Deum
1137 2209 1280 2239 duntaxat,
1298 2214 1325 2236 et
1344 2210 1481 2237 hominem
1509 2212 1650 2245 duntaxat,
1670 2219 1696 2240 et
1718 2220 1824 2241 utratn-

1034 2262 1087 2288 quc
1121 2255 1287 2289 eonjunctim
1322 2255 1460 2283 Christum
1496 2258 1671 2285 conlitemttr.
1712 2262 1821 2295 Atque.

1034 2301 1264 2335 quemadmodum
1282 2302 1353 2328 Deus
1383 2302 1512 2336 Verbum,
1532 2310 1677 2339 antequam
1698 2307 1724 2333 in
1739 2316 1822 2335 (τω-ε

1036 2351 1185 2381 pateretur,
1204 2355 1314 2374 carnem
1329 2356 1410 2383 quam
1429 2349 1480 2376 sibi
1498 2351 1694 2385 conjunctione
1706 2357 1734 2380 et
1746 2361 1822 2380 cotu-

1036 2393 1162 2420 mistione
1183 2393 1314 2420 inell'abili
1327 2395 1518 2429 coniunxerat,
1537 2397 1700 2424 differentia:
1724 2407 1820 2433 exper-

1036 2443 1089 2466 tem
1117 2439 1273 2466 reddiderat
1288 2449 1295 2466 :
1315 2439 1350 2467 ita
1368 2441 1583 2468 immortalitatis
1605 2450 1716 2477 quoque
1733 2445 1820 2478 parti-

1031 2485 1118 2519 cipem
1146 2485 1349 2512 resurrectione
1364 2493 1412 2512 sua
1438 2487 1569 2519 reddidit,
1595 2495 1686 2522 neque
1711 2489 1746 2515 ab
1774 2490 1819 2516 illa

1031 2537 1142 2564 quoqtto
1159 2530 1240 2557 modo
1265 2531 1406 2564 sejunctus
1430 2536 1483 2564 est,
1512 2540 1602 2566 neque
1629 2540 1750 2567 unquam
1777 2542 1821 2561 se-

1028 2576 1160 2611 jungetur
1177 2580 1288 2610 propter
1315 2583 1448 2603 summam
1478 2577 1554 2604 illam
1583 2578 1817 2613 eonjuuetionem,

1031 2621 1203 2656 duplicisque
1236 2626 1339 2649 naturae
1375 2630 1560 2656 concursum,
1599 2624 1645 2658 qui
1685 2626 1817 2653 confundi

1031 2668 1107 2694 nullo
1133 2669 1212 2696 moto
1246 2668 1342 2703 possit.
1370 2668 1409 2696 Ita
1441 2670 1469 2697 in
1496 2677 1579 2698 cruce
1607 2671 1762 2706 pependit,
1789 2675 1818 2699 et

828 2737 848 2751 '°
872 2737 966 2765 Matth.
988 2747 1014 2772 v,
1030 2740 1072 2766 57.
