1927 3085
113 141 180 171 i393

741 127 936 158 'I‘IIESAURI
959 127 1032 157 LIB.
1053 127 1102 156 IV.

1656 119 1723 151 1294

107 202 190 221 carne
206 200 299 227 [iussus
324 197 364 217 ρδι
383 199 388 216 :
405 193 442 216 ita
460 196 474 215 e
500 189 678 214 monumento
705 184 805 218 prodiit
821 192 826 209 :
853 183 890 208 ita
906 187 926 213 Α
944 181 990 213 sit,
1010 185 1105 208 contra
1124 183 1288 212 certequam
1305 166 1406 204 Christi
1425 175 1506 201 verba
1526 174 1724 203 demonstrem,

107 239 200 273 januis
225 237 323 264 clausis
348 245 362 262 a
391 233 532 268 discipulis
558 231 653 262 visus,
678 228 890 261 eorumdcmqtte

109 271 203 317 digitis
218 285 404 309 contrectatus
418 283 460 304 est
481 286 486 303 :
504 276 539 303 ita
558 277 583 301 in
603 274 687 300 caelos
701 271 823 298 ascendit
838 289 845 300 ,
863 273 890 296 et

108 335 256 356 consessus
278 325 384 360 paterni
404 325 507 350 honore
523 323 654 354 exceptus
668 323 732 344 est:
752 317 789 342 ita
812 314 891 341 deni-

111 382 164 408 qnc
185 380 294 399 rursum
325 375 455 397 venturus
470 389 477 401 ,
497 371 526 394 ct
555 366 632 392 vivos
656 370 720 390 cum
743 359 893 387 incredulis

110 417 285 452 judicaturus
301 418 353 441 est.
369 413 598 442 Czcterum,‘eum
617 407 752 434 Dominus
774 404 832 438 ipse
852 402 894 429 di-

110 469 154 490 cat
169 462 275 490 :Omuis
289 468 348 494 ergo
358 459 401 493 qui
415 457 576 491 confitebitur
588 462 627 480 me
640 460 727 478 coram
738 448 894 478 hominibus,

110 508 252 542 conﬁtebor
279 511 302 532 et
328 513 374 539 ego
397 511 456 530 eum
476 499 668 528 corumpatre
697 503 772 522 meo:
791 494 834 529 qui
847 501 895 519 au-

111 559 163 579 tem
183 553 284 586 nequi-it
314 558 354 576 me
377 556 465 575 coram
495 545 653 575 hominibus,
678 541 776 576 negabo
799 544 822 566 ct
848 546 893 572 ego

111 599 187 624 illum
202 604 290 622 comm
309 594 408 629 angelis
424 592 512 619 Patris
531 590 590 620 mei,
618 588 661 622 qui
675 587 702 612 in
719 585 789 612 cortis
802 588 838 609 est
853 583 872 598 “
886 591 893 615 ;

114 645 177 670 item
190 651 201 668 ,ε
218 642 268 673 Qui
285 638 492 675 perseveraverit
510 642 590 670 usque
606 635 633 660 in
651 633 739 667 liuent,
755 632 794 657 hic
807 630 896 657 salvus

112 687 160 714 erit
177 687 197 702 ¹²
217 695 222 712 :
241 685 286 719 qui
313 684 371 710 lieri
396 686 495 716 potest,
520 685 550 706 ut
564 677 694 712 Sampsaci
711 683 825 711 pct'earc
850 683 897 702 nc-

114 737 233 766 gentur,
267 738 329 757 cum
369 726 568 763 persecutionis
602 729 724 756 tempore
759 721 894 746 idolorum

113 765 217 804 cultum'
234 773 548 811 permittunt?Mutuunt
574 769 645 797 cnim
672 767 764 794 cordis
791 771 817 793 et
842 765 897 792 Iin-

114 828 174 854 guae
196 810 359 846 consensum
385 824 444 843 esse
464 819 584 850 oportet.
610 818 691 847 atque
707 811 774 838 illud
786 810 896 844 quidem

115 865 231 892 interius
248 863 375 898 pietatem
405 861 553 896 parturire,
581 860 651 886 Italic
680 865 746 884 vero
772 856 896 883 eamdem
916 856 929 877 υ

115 918 208 936 coram
224 911 256 936 iis
281 908 412 943 proliteri,
440 907 486 940 qui
509 906 644 932 diversam
665 912 680 930 a
708 902 788 929 nobis
816 901 896 928 fidem

116 955 328 989 amplectuntur.
342 952 420 985 Quod
439 958 528 978 autem
543 951 588 985 pio
603 950 663 976 viro
683 951 719 975 ita
741 946 897 975 iaciendum

116 1002 162 1032 sit,
179 1001 261 1027 verba
277 1000 321 1026 illa
343 1007 402 1033 quae
429 1006 477 1032 per
500 997 662 1031 prophetam
678 995 749 1020 Dens
775 1000 898 1026 pronun-

118 1051 168 1072 tiat
187 1050 364 1072 attestantur.
399 1036 514 1078 Populus
540 1042 580 1068 hic
601 1041 677 1067 labiis
711 1047 752 1065 me
776 1040 899 1069 honorat,

118 1100 162 1118 tor
187 1095 273 1117 autem
302 1098 392 1116 eorum
417 1089 492 1123 longe
518 1092 585 1113 esln
611 1094 651 1112 me
673 1086 704 1110 ”.
732 1085 763 1111 Iit
790 1083 900 1114 Paulus,

117 1137 200 1163 corde
220 1136 330 1170 quidem
349 1135 432 1167 credi,
453 1142 500 1162 ore
514 1138 604 1160 autent
622 1131 819 1159 confessionem
843 1129 901 1155 fieri

120 1190 162 1208 aut
175 1186 215 1207 tor
228 1185 279 1208 est.

155 1228 268 1264 Insuper
284 1235 345 1254 cum
364 1225 495 1261 Spiritum
512 1228 636 1251 sanctum
658 1221 760 1249 Christi
788 1221 899 1247 fratrem

121 1274 272 1305 nominant,
301 1273 371 1299 haud
398 1271 482 1298 dubie
510 1275 645 1304 uagantur
662 1289 668 1299 ,
692 1267 899 1300 satauicumque

120 1319 293 1346 mendacium
319 1318 472 1352 proferunt.
500 1316 608 1342 Fratres
620 1314 692 1341 enim
717 1313 799 1339 simili
825 1320 902 1346 pror-

120 1371 181 1391 sum
213 1364 293 1390 modo
310 1372 324 1389 a
341 1363 500 1397 parentibus
526 1361 551 1387 iIt
574 1367 666 1386 rerum
696 1363 821 1385 naturam
839 1364 903 1391 [ιι-ο·

120 1409 234 1436 cedunt.
249 1408 283 1434 At
300 1408 326 1434 in
350 1407 459 1434 Christo
482 1412 510 1433 et
528 1406 630 1440 Spiritu
654 1405 857 1439 generationem
876 1406 903 1428 et

122 1461 278 1488 processum
292 1462 306 1480 a
323 1454 400 1480 Patre
411 1453 558 1479 didicimus
571 1455 598 1478 et
611 1450 800 1484 praedicamus.
816 1448 904 1481 Atque

123 1499 242 1532 S,;iritus
269 1496 379 1532 quidem
407 1497 558 1524 substantia
582 1495 657 1522 ttullo
682 1494 762 1520 modo
793 1500 903 1519 mensu-

124 1544 218 1571 rabilis
237 1549 289 1575 est,
311 1548 340 1570 ut
357 1551 416 1576 quas
436 1542 622 1569 dimensiones
637 1548 732 1567 otnncs
744 1543 902 1572 exsuperet,

123 1595 251 1621 tanquam
264 1588 374 1615 materia
385 1589 506 1622 qua-dam
519 1595 579 1621 quae
591 1586 704 1613 materia
714 1586 855 1618 formaque
864 1592 906 1610 ca-

124 1641 190 1661 reat.
201 1635 324 1661 Christus
335 1638 435 1665 autem,
448 1641 482 1667 qu
495 1640 510 1659 τι
521 1639 630 1658 carnem
640 1630 796 1664 assumpsit,
809 1634 906 1656 morta-

123 1681 232 1715 Iemqne
251 1681 364 1706 fortnam
392 1679 487 1710 subiit,
513 1678 616 1705 idcirco
644 1677 704 1703 loco
730 1675 905 1702 circumscri-

126 1731 205 1760 ptus,
232 1734 337 1753 necnon
354 1725 425 1752 visui
456 1725 595 1759 Iactuique
625 1722 766 1757 expositus
786 1725 848 1752 est,
871 1720 905 1748 ad

122 1774 225 1807 justum
241 1771 358 1805 denique
369 1770 458 1797 aetatis
476 1771 623 1796 terminum
647 1767 772 1801 pervenit
788 1776 793 1792 :
812 1768 849 1793 ita
867 1771 907 1792 ta-

127 1826 188 1846 men
217 1823 246 1845 ut.
269 1826 323 1844 ιιυιι
339 1817 467 1843 omnibus
490 1815 598 1850 punctis
627 1813 837 1840 cxtenderctur.

161 1863 304 1897 Quomodo
317 1863 389 1888 enim
406 1861 433 1888 in
450 1868 531 1887 cruce
549 1863 673 1886 mortuus
692 1863 739 1885 aut
761 1858 788 1884 in
808 1864 907 1883 monu-

127 1915 229 1940 mento,
253 1907 326 1943 quod
354 1907 405 1934 sibi
431 1906 482 1940 ipsi
507 1905 641 1938 Josephus
667 1903 757 1937 lapide
782 1906 909 1928 constru—

127 1961 214 1987 xerat,
232 1954 355 1988 sepultus
371 1953 478 1983 fuisset,
493 1951 515 1977 si
531 1951 564 1976 ad
577 1949 679 1984 jngeris
691 1953 718 1976 et
733 1947 811 1974 stadii
830 1955 908 1974 uten-

128 2009 217 2028 surant
243 2000 418 2029 acerevissct,
442 2001 523 2031 atque
550 1996 583 2021 ad
605 1996 765 2020 immensam
781 1994 836 2019 fere
851 1992 910 2018 lon-

129 2046 290 2080 gitudinem,
310 2049 337 2070 et
354 2042 552 2076 longitudinem
572 2038 710 2066 latitudini
740 2037 911 2072 responden—

132 2098 183 2118 tem
202 2098 345 2125 promusns
365 2090 470 2115 Iussi-1.

148 2140 232 2172 ‘Qnia
258 2146 321 2164 vero
336 2137 408 2171 ipsas
429 2143 537 2170 quoque
562 2133 692 2161 mulieres
716 2131 812 2166 gentili
837 2139 912 2158 more

943 227 1042 260 quibus
1053 227 1088 252 ita
1100 226 1230 251 exclamat
1242 231 1248 249 ε
1258 223 1301 250 Vw
1313 222 1392 254 robis,
1406 221 1532 248 Pharisa‘i
1544 219 1696 255 hypocrita“
1708 227 1725 244 ης

943 272 1044 305 quibus
1067 270 1157 296 verbis
1185 270 1316 303 ingratam
1338 275 1398 294 esse
1422 266 1478 293 Duo
1504 264 1661 301 hypocrisin
1682 264 1725 290 in-

944 318 1026 343 dicat.

1241 370 1316 396 CAP.
1332 369 1426 396 XXVI.

1029 416 1154 442 I'icesima
1170 419 1243 442 sexto
1269 416 1384 444 lim-esis,
1401 413 1648 440 Theodotianornm.

1222 450 1257 476 Hi
1276 450 1455 484 baptizuntur.

982 507 1128 544 Bylanlius
1143 507 1265 542 quidam,
1283 505 1392 532 notninc
1408 504 1575 534 Theodotus,
1594 507 1650 529 artu
1667 501 1729 536 qui-

947 554 1009 581 dem
1031 553 1175 583 eoriarius,
1204 557 1231 578 at
1259 551 1415 578 Cra-corum
1442 549 1602 582 disciplinas
1627 547 1661 573 ad
1679 555 1730 573 uu-

946 606 1026 634 gucm
1047 598 1158 628 callens,
1175 597 1218 624 his
1234 603 1332 623 nomen
1357 594 1497 628 imposuit,
1516 593 1560 627 qui
1588 592 1728 626 cujusdam

947 643 1148 679 persecutionis
1172 649 1294 676 tempore
1320 641 1475 668 carceribus
1495 639 1623 665 detentus
1651 636 1730 664 Chri-

948 695 1019 716 stum
1035 689 1187 722 abnegavit.
1203 687 1262 720 Qua
1279 688 1311 713 dc
1333 693 1414 713 causa
1427 692 1487 711 cttm
1504 683 1650 710 tnultormn
1667 690 1732 708 con-

948 733 1025 760 viciis
1041 737 1068 759 et
1094 733 1250 766 opprobriis
1275 731 1473 760 lacesseretur,
1499 729 1562 755 inde
1588 727 1731 761 aufugiens

950 779 1064 805 Romam
1082 779 1220 812 profectus
1235 781 1287 808 est,
1315 776 1360 803 ubi
1374 784 1436 802 eum
1455 775 1536 802 etiam
1556 773 1730 803 innotuissﬂ,

951 831 1001 849 nec
1026 821 1180 848 ntinoribus
1204 821 1362 855 opprobtiis
1385 817 1730 854 appoterctur,Christum

951 867 1054 894 nudtttn
1072 872 1098 894 ct
1116 866 1266 900 simplicem
1278 865 1416 891 hominem
1428 871 1487 890 esse
1501 862 1621 897 profiteri
1637 862 1730 895 coepit,

951 914 1044 947 utique
1059 918 1083 938 u'
1100 919 1232 939 excusare
1260 910 1360 937 factum
1377 917 1456 936 suum
1477 912 1578 943 posset,
1608 908 1654 941 qui
1684 907 1733 933 ho-

950 959 1064 988 minem,
1085 965 1138 984 non
1157 957 1254 988 Deum,
1271 956 1433 990 abnegasset
1448 963 1454 981 :
1470 955 1574 988 hacque
1589 953 1656 980 adeo
1668 960 1734 986 apo-

951 1005 1020 1039 Iogia
1039 1004 1177 1030 utebatur.
1202 1002 1268 1029 Nam
1287 1002 1328 1028 vel
1360 1001 1417 1035 ipse
1443 1000 1569 1028 Christus
1603 997 1732 1029 dicebat,

951 1050 1025 1077 Num:
1039 1055 1125 1076 autem
1145 1056 1183 1074 mc
1208 1048 1322 1082 quu'rilis
1352 1046 1510 1080 inter/icere,
1538 1044 1667 1071 hominem
1690 1044 1734 1078 qui

953 1096 1088 1122 veritatem
1105 1094 1206 1120 locutus
1234 1101 1291 1119 sum
1311 1093 1377 1119 vobis
1403 1093 1434 1118 ¹¹.
1453 1092 1531 1122 Item,
1547 1089 1576 1117 Si
1591 1090 1649 1124 quis
1676 1097 1736 1115 ver-

953 1142 1013 1167 bum
1029 1147 1120 1166 coutra
1139 1139 1237 1166 Filium
1254 1139 1365 1165 hominis
1381 1138 1487 1169 dixerit,
1506 1137 1656 1162 remittetur
1667 1135 1690 1161 εἰ
1702 1135 1734 1160 “⁴⁵.

954 1187 1070 1220 Insuper
1095 1185 1210 1220 apostoli
1235 1192 1343 1219 quoque
1371 1183 1510 1214 dicebant,
1527 1182 1616 1208 Virum
1633 1181 1678 1216 qui
1693 1181 1736 1206 in-

955 1238 994 1259 ter
1014 1241 1057 1259 vos
1080 1232 1162 1267 s’gnis
1179 1236 1203 1258 ei
1224 1231 1350 1266 prodigiis
1371 1230 1495 1256 inclaruit
1509 1229 1543 1256 ”.

1096 1300 1230 1327 [hereseos
1248 1298 1415 1334 praecedentis
1439 1297 1594 1332 confatalia.

992 1356 1019 1384 Si
1038 1355 1164 1382 Christus
1185 1355 1265 1381 homo
1293 1354 1383 1384 nudus
1405 1353 1575 1386 simplexque
1601 1351 1650 1384 sit,
1670 1350 1738 1378 ado-

956 1407 1062 1429 ratores
1085 1400 1203 1427 hominis
1221 1399 1293 1426 haud
1317 1398 1400 1425 dubie
1418 1406 1533 1430 sumus;
1558 1397 1630 1432 quod
1648 1397 1672 1424 si
1687 1397 1739 1425 ho-

957 1448 1056 1474 tninem
1077 1446 1233 1478 adoremus,
1261 1446 1339 1480 pejus
1361 1453 1442 1480 quam
1470 1449 1551 1471 antea
1578 1444 1738 1474 deliramus.

957 1493 980 1520 si
1008 1493 1104 1520 saltent
1133 1493 1196 1519 olim
1222 1492 1332 1526 quidem
1368 1499 1423 1525 pra:
1455 1490 1608 1525 ignorantia
1634 1491 1739 1518 cultum

958 1539 1079 1566 divinum
1107 1538 1250 1565 elementis
1272 1537 1467 1564 exhihehamus
1483 1555 1492 1568 ,
1523 1544 1582 1571 qua:
1608 1536 1740 1563 hactenus

964 1585 1061 1612 eodem
1085 1592 1113 1612 se
1128 1584 1208 1611 modo
1227 1583 1395 1616 habuerunt;
1410 1590 1484 1610 nttnc
1499 1590 1562 1609 vero
1583 1582 1644 1609 data
1657 1590 1740 1617 opera

961 1636 988 1659 et
1005 1631 1084 1658 nobis
1101 1631 1202 1658 conscii
1225 1630 1252 1656 in
1268 1629 1389 1659 homine.
1411 1629 1459 1663 qui
1473 1636 1582 1656 servare
1600 1636 1654 1655 non
1677 1636 1741 1662 pos-

960 1678 1016 1711 sit,
1051 1685 1114 1713 Spes
1147 1681 1256 1704 nostras
1291 1676 1459 1710 reponimus.
1491 1675 1578 1710 Atque
1609 1675 1742 1702 Christia-

959 1724 1064 1751 nismus
1080 1723 1107 1750 ιιι
1130 1728 1269 1763 posterttm
1285 1723 1432 1749 manifesto
1448 1726 1609 1748 cunctorum
1624 1721 1742 1748 ludibrio

959 1774 1112 1804 exponetur
1145 1776 1198 1795 una
1225 1775 1288 1794 cum
1317 1767 1520 1794 narrationibus
1546 1766 1600 1793 illis
1625 1766 1740 1798 multis,

960 1815 1061 1847 miris.
1097 1814 1210 1841 omnino
1237 1813 1337 1839 divinis
1365 1821 1424 1846 quas
1447 1813 1481 1839 de
1511 1812 1570 1847 ipso
1598 1812 1742 1840 circumfe-

962 1866 1073 1888 runtur.

997 1907 1051 1934 Nec
1079 1911 1169 1932 tamen
1208 1905 1317 1931 interim
1351 1904 1442 1931 nudus
1469 1904 1551 1930 homo
1578 1908 1607 1931 et
1628 1903 1744 1939 simplex

960 1953 1087 1980 Christus
1117 1956 1175 1983 est,
1206 1951 1253 1977 sed
1279 1950 1325 1976 Dei
1356 1949 1452 1982 Filius,
1477 1954 1504 1976 et
1524 1949 1619 1976 Sermo
1642 1957 1692 1983 per
1715 1957 1743 1976 se

962 1997 1135 2027 subsistens,
1164 1995 1211 2030 qui
1242 2002 1358 2021 massam
1385 1999 1506 2021 nostram
1526 1995 1693 2028 assumpsit,
1717 1999 1745 2021 et

962 2051 1024 2069 cum
1039 2042 1196 2069 hominibus
1211 2042 1237 2067 in
1266 2048 1380 2074 corpore
1407 2045 1585 2067 conversatus
1614 2044 1664 2066 est.
1688 2039 1746 2067 Ca:-

963 2093 1051 2113 terum
1068 2087 1204 2117 Christus,
1227 2085 1273 2120 qui
1302 2091 1430 2119 tanquam
1455 2093 1488 2111 ex
1504 2084 1606 2119 duplici
1637 2089 1745 2117 natura,

964 2137 1121 2159 mutantem
1152 2130 1292 2166 hypostasi
1315 2130 1494 2164 compositus,
1529 2129 1585 2156 hate
1612 2129 1638 2155 in
1656 2129 1745 2156 Evan-

131 2187 243 2213 deorum
260 2190 374 2211 numero
386 2181 588 2211 adscribebant,
603 2181 796 2214 pulveremque
812 2177 911 2211 pedum
931 2188 952 2215 ί)
968 2178 1044 2213 geliis
1065 2178 1120 2204 ait:
1137 2177 1216 2203 Nunc
1231 2180 1318 2203 autent
1333 2176 1449 2210 quierim
1467 2182 1507 2201 me
1520 2174 1678 2203 interﬁcere.
1701 2174 1749 2200 Ito-

130 2242 224 2261 earum
250 2238 277 2260 et
291 2232 403 2259 salivam
423 2236 552 2265 tanquam
571 2229 717 2256 salutarem
734 2225 912 2260 expetebant,

132 2279 206 2312 digni
231 2283 305 2306 sunt,
324 2276 371 2310 qui
389 2279 563 2309 respuantur,
581 2278 662 2306 atque
679 2271 760 2304 hujus
773 2268 874 2296 erroris
888 2272 915 2294 et

133 2327 290 2360 impnstura:
305 2323 414 2351 nomine
430 2321 553 2348 omnium
581 2319 698 2346 maxime
724 2316 832 2343 ridiculi
849 2322 915 2342 cen-

132 2375 253 2400 seantur,
269 2375 397 2402 tanquam
410 2366 554 2393 cerebrum
574 2363 601 2390 itt
616 2361 751 2390 calcancis
768 2363 915 2395 gestantes,

133 2421 161 2442 et
176 2417 247 2441 circa
264 2415 309 2441 illa
325 2412 461 2447 occupati,
477 2415 648 2445 quaecunque
673 2414 787 2441 serpens
804 2405 848 2432 ille
863 2404 914 2431 de-

134 2465 237 2495 sputor,
255 2464 283 2486 et
298 2460 344 2493 qui
361 2459 497 2485 virulenta
516 2463 581 2483 voce
600 2455 684 2482 Evam
702 2452 828 2487 appetiit,
856 2456 916 2477 tan-

135 2507 252 2541 demque
269 2504 465 2532 condemnatus
483 2507 537 2534 est,
554 2505 583 2528 ut
600 2507 682 2534 super
699 2503 795 2533 peetus
809 2502 838 2523 et
850 2504 915 2523 ven-

137 2558 205 2580 trem
225 2547 342 2586 reperet,
365 2555 499 2582 terraeque
525 2547 638 2582 pulvere
654 2547 826 2574 vesceretur,
846 2541 918 2569 anti-

137 2608 190 2635 qtta
213 2597 350 2634 hypocrisi
376 2602 425 2622 sua
453 2595 523 2620 inter
539 2593 589 2619 hos
610 2597 720 2626 quoque
743 2587 917 2615 introduxit:

137 2633 218 2680 quam
240 2642 350 2678 quidem
389 2638 546 2674 hypocrisin
574 2637 678 2663 honore
703 2634 785 2662 etiam
808 2633 917 2666 dignam

138 2691 210 2726 apud
225 2697 254 2717 se
271 2690 408 2723 reputant,
425 2691 456 2713 ut
470 2692 531 2720 qua:
546 2683 619 2710 nulla
636 2688 753 2717 prorsus
769 2680 797 2707 in
811 2679 918 2706 offensa

173 2759 193 2774 “
212 2756 305 2785 Matth.
325 2764 351 2787 ι,
373 2754 419 2787 5'2,
444 2754 488 2779 55.

140 2796 160 2811 ³⁵
180 2794 258 2821 Joan.
275 2799 333 2824 vut,
349 2790 392 2821 40,
431 2789 453 2805 ί·
465 2788 531 2815 Luc.
549 2795 596 2819 xu,
615 2787 656 2814 10.

139 2830 162 2846 ’³
179 2827 246 2856 Ibid.
263 2826 290 2854 5.
343 2826 365 2840 “
385 2824 452 2852 Ibid.
469 2824 497 2856 9,
513 2823 554 2850 I‘J.

546 2752 566 2768 "
589 2750 696 2781 Matth.,
722 2747 863 2780 xxtv,_15.

695 2785 716 2800 ¹⁷
729 2785 820 2811 Αιίοπ.
835 2791 864 2813 II,
876 2781 920 2809 99.

921 2746 942 2762 "
961 2746 1023 2774 lsa..
1040 2752 1112 2774 xxix.
1127 2744 1170 2771 15.
1187 2742 1280 2769 Matth.
1296 2749 1339 2769 xv.
1373 2741 1415 2768 15.

960 2781 981 2796 “
997 2781 1075 2808 Joan.
1090 2786 1146 2812 vm,
1158 2779 1202 2806 to.

963 2226 1059 2251 minem
1083 2223 1127 2257 qui
1153 2223 1289 2249 veritatem
1319 2221 1420 2247 locutus
1446 2228 1503 2246 sum
1524 2220 1593 2246 vobis
1609 2219 1641 2246 ‘3.
1658 2219 1746 2246 Item:

965 2269 1046 2297 Filius
1065 2269 1169 2303 quidem
1199 2267 1322 2298 hominis,
1343 2266 1486 2294 secundum
1511 2265 1580 2301 quod
1610 2261 1748 2298 definitum

965 2321 1001 2342 est
1017 2333 1024 2343 ι
1043 2313 1134 2345 vadit;
1152 2317 1334 2338 uerumtamen
1352 2319 1390 2338 rm
1414 2311 1513 2336 homini
1535 2309 1576 2336 illi
1604 2317 1649 2343 per
1673 2317 1749 2342 quem

967 2359 1089 2387 tradetur
1116 2358 1148 2384 ’³.
1169 2356 1307 2386 Christus,
1329 2355 1451 2389 inquam,
1479 2355 1516 2382 ita
1545 2355 1571 2380 in
1594 2353 1750 2388 Evangeliis

967 2406 1056 2431 dicere
1075 2402 1305 2437 deprehenditur:
1323 2401 1411 2432 Pater,
1430 2401 1547 2434 clari/ica
1556 2399 1652 2427 Filium
1665 2405 1749 2429 tuum,

969 2454 996 2476 ut
1015 2454 1038 2476 et
1054 2448 1142 2475 Filius
1161 2452 1219 2474 tuus
1235 2445 1362 2478 clari/ica!
1378 2450 1401 2472 te
1417 2447 1449 2473 ⁸ο.
1464 2446 1530 2472 Item
1547 2454 1553 2472 :
1571 2446 1695 2478 ϐίαι-Πῖσα
1711 2452 1750 2470 mc

968 2495 1106 2524 claritate.
1133 2502 1212 2528 quam
1236 2493 1314 2519 habui
1343 2493 1415 2526 prius
1433 2501 1512 2526 quam
1547 2492 1658 2518 mundus
1685 2495 1749 2515 essu

968 2540 1038 2576 apud
1056 2545 1079 2566 te
1097 2539 1130 2565 “.
1149 2539 1213 2565 Item
1231 2546 1236 2563 :
1259 2537 1310 2568 Qui
1328 2538 1395 2563 ridet
1420 2546 1471 2567 me,
1490 2537 1557 2563 videt
1585 2541 1609 2561 rt
1632 2535 1748 2562 Patrem.

967 2588 1054 2614 Item:
1072 2585 1128 2620 Ego
1142 2585 1168 2611 in
1186 2584 1275 2615 Putre,
1291 2589 1314 2610 ει
1331 2583 1410 2610 Pater
1433 2584 1460 2608 in
1482 2591 1522 2609 me
1536 2583 1569 2608 υ.
1587 2581 1632 2609 Illa
1648 2581 1682 2608 ad
1697 2581 1750 2607 hu-

968 2632 1139 2662 manitatem,
1168 2630 1225 2656 IIqu
1255 2630 1288 2656 ad
1317 2628 1488 2655 divinitatem
1521 2626 1660 2655 referenda
1688 2631 1751 2654 sunt

969 2676 1190 2714 quandoquidem
1219 2675 1317 2709 duplex
1340 2678 1410 2706 erat,
1435 2674 1541 2700 ratione
1566 2679 1674 2707 quoque
1701 2671 1752 2698 du‘

1463 2740 1588 2767 “Matth.
1614 2746 1691 2772 xxttt,
1710 2739 1752 2766 It.

1241 2778 1261 2793 "
1279 2777 1345 2804 Lttc.
1363 2784 1416 2803 ιλιι
1433 2776 1477 2803 2‘2.
1515 2776 1538 2791 ¹⁰
1551 2775 1630 2802 Joan.
1645 2783 1710 2807 xvn,
1727 2774 1752 2800 I.
