1927 3085
190 79 266 108 ῚΞίΓι

823 75 972 105 ΝἛΕΤᾸΞ
992 73 1192 104 ΕΙωΝΙΛῚΧΕ

1784 69 1860 100 Ιίἓδ

196 132 275 166 plicis
297 139 401 158 naturae
424 132 506 158 homo
531 132 618 158 solum
643 131 754 163 dicitur,
769 135 795 157 et
812 130 896 156 i‘itius
911 129 974 162 Dei;
993 135 1013 161 Α
1030 129 1110 156 tiuut.
1122 129 1224 156 Nactus
1238 129 1310 155 enim
1319 127 1407 162 patria
1417 127 1547 162 Ephesio»
1562 135 1646 154 unum
1657 131 1686 154 et
1700 127 1858 154 eumdem

195 179 278 210 item,
296 177 417 206 Verbum
442 178 499 208 Dei.
521 182 548 205 et
577 177 709 204 Dominus
724 176 826 210 gloriai.

229 224 364 251 Caeterum
383 224 439 250 IIZl‘C
470 223 564 255 \crba,
586 222 638 255 Qui
652 223 746 249 dixerit
763 222 867 248 verbum
885 225 980 247 contra

197 270 291 297 Filium
306 270 427 302 hominis,
446 270 592 296 remittetur
606 270 645 302 ei;
656 269 847 303 blaapltemauli
861 267 983 294 autemin

195 316 326 351 Spiritum
335 320 514 342 sanctumuou
526 317 671 342 remittetur
684 323 766 350 neque
780 316 805 341 iu
826 316 873 340 hoc
884 313 981 341 steculo

197 370 278 396 neque
294 363 320 388 iu
331 362 421 396 futuro
436 361 470 393 ’³,
487 362 527 388 sic
542 361 703 395 accipienda
717 366 790 387 sunt.
809 360 939 387 Pharismi
952 363 980 385 ct

196 406 297 433 Seribaa
313 415 374 434 eum
391 407 524 441 stupenda
539 407 641 433 Christi
662 406 792 433 miracula
824 413 915 432 coram
941 404 982 431 in-

196 457 348 484 tuerentur,
360 460 421 479 eum
431 452 474 479 illa
486 452 534 478 Dei
546 452 676 486 operibus
688 459 844 482 aceenscre,
858 451 884 477 in
902 458 981 477 eum-

195 505 248 531 que
263 498 375 524 crctlere
393 497 566 528 debuissem,
584 505 598 524 a
612 505 667 531 quo
682 497 792 528 ﬁebant,
813 496 914 522 invidia
932 503 981 530 po-

195 544 249 570 tius
266 543 329 569 moti
344 551 406 569 eum
423 543 449 570 in
467 543 627 570 Beelzebule
641 543 765 577 principe
782 543 980 569 daemoniorum

198 587 281 614 malos
293 587 406 622 spiritus
421 588 521 622 ejicere
536 587 675 614 dicebant.
691 587 749 621 ipse
779 595 844 614 vero
869 588 979 614 illorum

197 633 360 659 dementiam
378 632 419 659 his
447 632 526 659 dictis
551 633 714 666 parabolieis
743 633 821 666 prius
851 640 979 667 arguens,

197 678 278 704 Nemo
293 682 376 711 potest
391 686 453 704 vasa
467 678 540 712 fortis
552 679 680 711 ingressus
693 678 719 703 in
732 677 836 704 domum
853 678 978 712 diripere,

197 723 327 757 niaiprius
342 724 433 758 (erlem
446 723 537 757 alliget
549 724 582 754 “,
596 723 697 757 quibus
729 730 762 749 ne
778 723 898 757 scipsum
916 724 978 757 qui-

196 770 256 796 dem
268 770 405 796 daemones
418 770 633 804 increpaturum,
643 774 670 796 et
679 769 838 803 corporibus
851 770 977 796 humanis

195 816 347 849 ejecturum
362 815 601 849 iuissesiguiticat,
631 814 684 841 nisi
703 816 802 841 fortem
821 816 897 849 prius
918 816 978 842 vin—

196 861 290 891 xisset,
304 860 432 886 nimirum
447 859 644 886 dannouiorum
669 859 820 894 principem
832 861 978 887 Beelzebu-

196 905 247 931 tcm
263 913 268 931 :
291 904 316 931 in
335 913 415 939 queIn
429 905 561 932 dtetnonia
572 905 672 939 ejicere
684 913 698 931 a
714 905 889 940 sycophantis
902 899 978 933 diec-

195 952 274 977 batur
291 960 298 983 ',
317 955 411 985 postea
426 951 566 985 subjungit
582 959 589 977 :
605 950 639 977 Ei
654 952 700 985 qui
718 952 744 977 iu
765 951 894 986 Spiritum
916 959 981 978 san—

193 1003 262 1023 ctum
279 997 509 1032 blasp/temarerit,
527 1005 579 1023 non
599 998 736 1023 remissum
752 998 784 1023 iri
800 1005 809 1028 ;
829 998 853 1024 ei
864 1005 924 1024 vero
934 999 980 1032 qui

193 1046 219 1069 iu
238 1043 336 1069 Filium
352 1042 580 1077 blusphemavcrit,
592 1044 729 1070 remissum
739 1044 773 1069 iri
786 1043 820 1069 ’⁵.
833 1043 899 1070 Nam
916 1052 978 1071 eum

192 1096 266 1118 ινδ-,οι
283 1091 387 1118 ratione
401 1092 492 1118 carnis
508 1096 655 1124 assumpta:
681 1091 859 1125 compositus,
873 1091 980 1118 caruis-

193 1146 246 1172 que
259 1143 393 1171 tanquam
404 1138 468 1169 veli,
485 1141 514 1163 ut
527 1137 563 1164 ita
583 1137 685 1169 dicam,
702 1137 868 1164 iutertncdio
885 1137 979 1163 nobis-

192 1192 253 1209 ('um
269 1188 434 1216 versaretur,
448 1191 480 1210 eo
499 1183 581 1210 ﬁebat
592 1187 621 1209 ut
635 1191 707 1210 nunc
722 1183 832 1218 quidem
845 1185 979 1218 laeryma-

194 1235 246 1260 ret,
274 1228 406 1255 Lazarum
432 1237 447 1255 a
480 1229 596 1255 mortuis
623 1229 802 1260 excitaturus,
824 1236 898 1255 nunc
913 1236 978 1256 vero

191 1282 276 1308 super
290 1282 366 1301 mare
376 1274 539 1305 ambularet,
559 1274 701 1302 mulierem
723 1275 857 1309 proﬂavio
868 1276 979 1310 sangui-

191 1323 234 1347 nis
250 1321 417 1348 laborantem
434 1324 545 1347 sanaret
566 1329 572 1347 :
603 1320 722 1355 denique
749 1321 857 1348 vitalem
891 1321 979 1348 arefa-

192 1372 243 1394 ctie
260 1366 353 1393 manui
364 1371 470 1394 motum
485 1367 652 1394 restitueret.
675 1367 793 1394 Proinde
821 1375 866 1402 par
882 1373 933 1399 est,
949 1372 979 1394 ut

191 1413 237 1447 qui
255 1417 370 1448 utraque
393 1418 521 1446 cernunt,
540 1419 567 1440 et
585 1421 645 1448 qute
668 1414 701 1440 ad
718 1419 843 1440 naturam
855 1414 976 1441 divinam

992 797 1014 827 B

1034 183 1095 202 esse
1110 183 1163 201 non
1174 174 1233 201 sine
1244 174 1411 208 blasphemia
1421 173 1614 204 contendebat,
1630 173 1675 207 qui
1691 173 1814 204 Pater,
1830 179 1858 199 et

1035 220 1129 252 Fdius,
1142 225 1168 246 et
1187 219 1307 254 Spiritus
1319 225 1431 246 sanctus
1447 219 1559 251 dicitur,
1577 218 1764 252 Patremque
1779 225 1852 252 pas-

1034 274 1095 293 sum
1110 273 1234 293 asserere
1246 265 1375 292 audebat.
1388 265 1473 299 Cujus
1483 264 1661 298 blasphemia‘.
1671 271 1758 298 ergo
1779 271 1857 297 quo-

1029 313 1086 339 ties
1097 312 1302 347 objurgabatur,
1313 311 1381 338 nihil
1395 319 1424 338 se
1437 311 1501 338 mali
1516 311 1690 338 committere
1711 318 1850 344 respou-

1033 357 1126 389 debat,
1137 357 1200 391 quia
1218 365 1302 384 unum
1314 357 1400 383 Deum
1413 362 1537 388 noverat,
1550 356 1595 390 qui
1609 361 1708 386 natus,
1725 363 1853 390 passus.

1033 407 1061 429 et
1075 407 1202 429 mortuus
1213 406 1295 429 esset.
1313 401 1406 436 Inquit
1434 401 1520 433 enim,
1544 401 1654 428 dicebat
1677 401 1749 433 ille,
1772 401 1853 427 Deus

1032 448 1065 475 ad
1098 448 1221 475 Mosem:
1245 448 1299 482 Ego
1326 447 1395 474 Deus
1421 448 1531 482 primus,
1561 447 1616 481 Ego
1632 451 1657 473 et
1679 451 1802 482 postea
1818 447 1850 471 ’ἶ

1032 494 1110 524 Item,
1121 493 1182 520 Non
1198 493 1302 520 habebis
1316 493 1376 519 deos
1396 492 1496 519 alienos
1509 493 1541 518 ³⁵.
1556 491 1676 519 Proinde
1712 492 1744 518 si
1760 491 1850 518 Cltri-

1032 545 1090 567 stus
1104 540 1131 566 iu
1145 539 1276 565 tmtndum
1287 539 1399 566 veniens
1413 543 1494 565 natus
1509 542 1559 569 est,
1574 538 1792 572 idemprorsus
1807 545 1851 564 est

1031 583 1120 615 Pater,
1131 583 1202 610 idem
1214 583 1309 613 Filius,
1320 583 1390 609 idem
1398 583 1516 617 denique
1526 583 1595 609 Deus
1605 590 1686 612 unus.
1699 583 1762 617 qui
1773 591 1845 609 seni-

1032 636 1081 663 per
1089 634 1140 660 est,
1152 634 1179 656 et
1193 637 1267 656 nunc
1283 629 1366 656 venit.
1383 629 1411 655 Ιιι
1428 629 1564 656 haereseos
1578 633 1670 655 autem
1685 637 1757 656 sua:
1772 637 1847 655 con-

1032 676 1213 702 tirmationcm
1228 676 1336 702 sacrise
1347 675 1457 702 Litteris
1473 674 1673 709 depromptum,
1689 675 1762 702 [nec
1781 683 1848 703 oru~

1030 721 1139 755 pltetica
1147 721 1311 754 detorquere
1324 720 1476 747 cottabatur
1493 729 1500 746 :
1515 719 1566 746 Hic
1578 725 1616 747 est
1633 721 1704 747 Deus
1727 726 1841 751 noster,

1030 773 1054 794 et
1074 776 1125 794 non
1139 768 1312 794 wstimubitur
1324 767 1402 798 alius,
1415 768 1541 794 adversus
1564 775 1632 793 eum.
1651 767 1702 794 llic
1723 768 1845 794 adiuve-

1029 815 1067 841 nit
1087 822 1189 840 omnem
1212 814 1282 840 viam
1301 813 1454 847 disciplinae,
1473 813 1581 848 pastlmc
1598 814 1626 839 in
1652 814 1741 840 terris
1767 814 1842 840 visu:

1030 867 1077 893 est,
1096 866 1192 888 etcum
1208 861 1355 888 hominibus
1379 867 1545 888 conversatus
1579 865 1627 888 est.
1658 860 1748 893 Item,
1777 860 1840 887 Non

1029 912 1067 933 eat
1084 907 1153 933 Deus
1170 911 1266 942 praeter
1279 911 1303 932 te
1320 907 1353 932 ".
1365 905 1434 933 Cum
1459 914 1525 941 ergo
1555 907 1667 941 ἀνόητος
1682 907 1748 938 hic,
1784 909 1838 933 hoc

1029 958 1072 980 est
1087 957 1178 979 mente
1185 957 1291 986 Captus,
1302 952 1406 980 Noetus
1423 952 1612 987 hujuscemodi
1625 953 1764 987 dogmata
1776 953 1835 979 dis-

1029 999 1189 1030 seminaret,
1204 999 1230 1024 in
1243 1002 1393 1024 extremam
1412 999 1520 1025 tandem
1533 999 1742 1026 absurditatem
1757 1000 1832 1026 inci-

1028 1045 1079 1076 dit,
1106 1044 1176 1071 atleo
1195 1049 1223 1070 ut
1251 1044 1373 1078 seipsuat
1400 1043 1513 1076 Masem,
1546 1044 1722 1080 irati-cuique
1745 1053 1834 1072 suum

1028 1091 1165 1117 Aaronem
1178 1091 1295 1118 diceret.

1063 1137 1187 1164 Novatus
1218 1142 1320 1170 autem,
1344 1138 1472 1165 Ecclesia:
1501 1138 1628 1165 Romana:
1658 1139 1827 1173 presbyter,

1029 1183 1194 1218 arrogantiae
1209 1183 1307 1218 spiritu
1325 1184 1423 1215 elatus,
1439 1184 1465 1210 Ill
1485 1191 1610 1211 errorem
1626 1183 1757 1219 impegit.
1771 1184 1828 1211 Nec

1025 1229 1098 1256 enim
1119 1229 1179 1256 illos
1208 1229 1254 1264 qui
1280 1230 1469 1263 persecutione
1495 1235 1635 1264 grassante
1659 1231 1732 1265 lapsi
1762 1231 1827 1258 fue-

1029 1279 1091 1301 rant
1103 1279 1197 1309 postca
1212 1275 1378 1309 pmnitentes
1392 1275 1571 1302 admittebat:
1589 1276 1656 1302 nihil
1676 1276 1711 1303 iis
1722 1276 1826 1303 salutis

1034 1321 1160 1347 relictum
1178 1321 1356 1352 csscdieens,
1373 1321 1419 1355 qui
1435 1326 1495 1355 post
1527 1321 1691 1355 baptismum
1710 1330 1826 1357 peccas-

1029 1371 1100 1394 scnt.
1116 1367 1239 1401 Denique
1260 1367 1387 1401 quamvis
1406 1375 1468 1393 cum
1477 1366 1638 1398 Cornelius,
1658 1369 1708 1402 qui
1727 1369 1826 1395 Eccle.

1030 1413 1077 1440 sise
1096 1413 1227 1440 Romana:
1241 1417 1307 1439 tunc
1322 1413 1451 1447 temporis
1463 1418 1590 1447 preeerat,
1608 1421 1680 1448 saepe
1691 1415 1824 1441 cohorta-

190 1459 287 1485 aﬂ'eeta
297 1463 384 1491 erant,
398 1463 426 1485 et
437 1467 497 1493 quae
513 1459 600 1486 abillo
613 1459 714 1486 ﬁebant
727 1459 893 1490 humanitus,
907 1468 979 1488 nunc
993 1462 1014 1492 ρ
1031 1463 1107 1485 retur
1121 1463 1151 1485 ut
1168 1457 1277 1485 concito
1291 1458 1375 1492 gradu
1390 1458 1424 1484 ad
1437 1458 1607 1485 (lbristianos
1626 1459 1822 1494 Tyranuorum

190 1505 300 1538 quidem
313 1503 346 1530 ad
359 1512 389 1530 ca
399 1511 459 1538 qua:
475 1504 588 1531 meliora
613 1509 677 1531 sunt
696 1505 861 1536 excitentur,
877 1505 978 1531 Deum-

192 1558 245 1584 que
261 1557 353 1576 rerum
368 1549 524 1584 hujusmodi
539 1550 699 1577 eliectorem
711 1556 889 1584 cognoscant,
901 1558 975 1578 nunc

191 1603 257 1622 vero
266 1593 402 1621 hominem
411 1594 494 1620 fuisse
508 1594 674 1627 existiment,
691 1595 737 1629 qui
756 1599 881 1621 naturam
899 1595 976 1622 faelis

190 1637 384 1674 obsignaverit.
399 1639 450 1671 Qui
465 1647 531 1674 ergo
545 1640 578 1667 ad
594 1639 712 1666 Verbum
742 1641 860 1667 humana
887 1641 974 1667 forma

191 1690 302 1712 exutum
316 1686 472 1716 accesserit,
483 1685 647 1720 legibusque
675 1687 766 1713 carnis
791 1687 974 1721 acquieverit,

189 1731 213 1757 ei
228 1730 395 1764 blasphemia
406 1730 573 1763 remittetur,
594 1731 674 1765 eique
704 1737 798 1765 parcet
829 1732 973 1764 Dominus,

191 1777 253 1811 quia
269 1777 293 1802 in
309 1783 342 1803 eo
356 1775 449 1810 lapsus
472 1777 519 1807 sit,
536 1776 608 1810 quod
622 1777 788 1811 θερροιιὼίιθ
799 1782 850 1810 est,
867 1782 894 1804 et
911 1786 975 1812 pro-

192 1829 251 1855 pter
267 1829 377 1848 carnem
395 1822 421 1848 in
431 1828 461 1848 ea
479 1829 507 1848 se
525 1822 590 1848 Vitia
602 1822 774 1854 demerserit,
790 1823 892 1857 quibus
909 1831 974 1850 caro

191 1867 307 1894 obnoxia
322 1873 372 1894 est.
391 1867 419 1894 Si
436 1868 499 1901 quis
514 1875 579 1894 vero
597 1867 631 1894 ad
661 1868 754 1894 divina
774 1869 917 1900 miracula,
947 1874 975 1896 ct

191 1921 250 1947 qua!
266 1918 363 1947 praeter
377 1913 451 1947 vulgi
467 1912 624 1947 opinionem
652 1919 781 1948 operatus
804 1919 846 1941 est
883 1915 975 1941 Domi-

191 1967 252 1990 uus,
273 1958 372 1985 clausis
389 1958 476 1985 oculis
491 1959 647 1989 connivcat,
663 1966 750 1993 eaque
775 1959 905 1986 salanicis
920 1959 974 1986 vir-

191 2005 295 2031 ‘utibus
311 2004 461 2037 adscribat,
477 2007 502 2032 ei
512 2005 662 2032 absurdum
675 2005 725 2032 hoc
735 2005 825 2032 scelus
839 2014 892 2032 non
907 2014 974 2032 con-

189 2051 344 2082 donabitur,
369 2050 544 2090 judicemque
569 2059 695 2078 severum
723 2055 750 2078 et
778 2051 974 2078 immisericor-

190 2098 251 2123 tlem
271 2096 438 2130 experietur,
450 2096 539 2130 ipsum
564 2097 668 2124 scilicet
683 2096 826 2131 Spiritum,
844 2098 871 2124 in
889 2106 969 2132 quem

1033 1503 1137 1530 saevitia
1157 1503 1297 1537 perculsos
1321 1508 1348 1530 ct
1362 1503 1532 1530 labascentes
1549 1511 1577 1531 se
1594 1505 1746 1537 conferret,
1761 1513 1823 1532 ens-

1034 1557 1087 1583 que
1115 1555 1244 1583 tanquam
1258 1549 1388 1576 sacerdos
1405 1550 1491 1576 sacris
1510 1550 1692 1577 conciOnibus
1718 1552 1823 1578 contir-

1033 1599 1130 1632 maret,
1162 1595 1238 1622 nullo
1267 1584 1357 1622 tamen
1388 1595 1469 1622 modo
1494 1595 1520 1621 id
1544 1601 1573 1622 ut
1588 1595 1700 1628 faceret,
1717 1597 1819 1623 addﬂl'I

1032 1641 1132 1674 potuit,
1145 1641 1192 1668 sed
1211 1648 1271 1668 sese
1281 1641 1438 1668 subduceris
1458 1641 1674 1677 delitescereque
1688 1648 1818 1673 conatus,

1031 1687 1140 1713 tandem
1153 1687 1202 1714 hac
1219 1687 1301 1721 impia
1317 1686 1479 1714 crudelitate
1491 1687 1631 1721 laborans,
1646 1688 1679 1714 ab
1689 1689 1818 1716 Ecclesia

1032 1740 1141 1767 quoque
1158 1740 1273 1768 corpore
1291 1735 1413 1760 secessit.
1430 1733 1563 1761 Caeterum
1581 1734 1665 1769 huius
1681 1734 1817 1762 hatreseos

1031 1784 1183 1806 sectatores
1207 1787 1261 1806 non
1291 1783 1396 1806 tantum
1423 1779 1577 1812 Novatiani,
1602 1780 1648 1806 sed
1664 1780 1749 1806 etiam
1767 1779 1815 1806 Ca-

1032 1824 1113 1856 thari,
1131 1824 1182 1850 hoe
1199 1828 1240 1850 est
1253 1824 1327 1858 puri,
1345 1829 1550 1858 nuncupantur.
1585 1825 1657 1851 Ideni
1684 1833 1732 1852 eos
1747 1833 1814 1859 quo-

1030 1877 1083 1905 que
1101 1869 1287 1901 aversabatur,
1306 1870 1351 1904 qui
1371 1875 1432 1904 post
1450 1870 1614 1904 baptismum
1627 1870 1661 1896 ad
1676 1871 1814 1897 secundas

1031 1916 1140 1950 nuptias
1165 1916 1358 1949 convolabant,
1386 1916 1510 1944 neeillos
1536 1916 1568 1943 ad
1591 1917 1812 1943 communionem

1031 1961 1201 1988 admittebat.

1183 2030 1318 2057 Ilttreseos
1334 2031 1503 2066 prirredentis
1517 2031 1671 2065 confutatio.

1073 2096 1171 2123 Ailatis
1185 2096 1296 2131 puerilis
1309 2096 1509 2123 informatriecs
1530 2095 1580 2122 illae
1591 2094 1751 2122 Salomonis
1764 2100 1809 2119 vo-

191 2150 243 2176 ;me
258 2142 373 2176 ignavia,
385 2142 426 2168 vel
445 2142 620 2176 improbitate
648 2143 814 2176 peccaverit.
837 2143 970 2178 Loquitur
985 2138 1009 2167 Ι)
1023 2149 1068 2169 ers
1087 2141 1187 2175 quibus
1204 2141 1253 2172 ait,
1283 2141 1337 2168 Vidi
1348 2141 1451 2175 justum
1466 2141 1595 2175 perditura
1611 2139 1638 2165 in
1668 2147 1716 2165 sua
1729 2138 1809 2173 justi-

191 2193 280 2215 ;iutem
297 2188 330 2215 de
342 2188 385 2220 iis,
396 2187 443 2222 qui
460 2188 650 2222 blasphemare
663 2188 797 2222 Spiritum
816 2197 969 2223 persevera-

190 2234 291 2265 verint,
308 2233 433 2267 atquein
454 2233 504 2258 hac
533 2232 672 2267 opinionis
701 2234 879 2266 perversitate
904 2234 973 2261 vivis

191 2279 368 2306 excesserint.
379 2278 455 2311 Quod
470 2279 492 2305 si
510 2279 573 2313 quis
598 2279 705 2305 Domitii
724 2280 908 2314 cognitionem
939 2280 974 2307 sit

191 2325 318 2358 adeptus.
352 2331 448 2350 eorum
482 2332 543 2358 qua:
574 2325 602 2351 in
630 2324 683 2351 hoc
705 2325 808 2351 mundo
828 2325 973 2359 ignoravit,

190 2368 377 2395 t‘t‘iillSSiOﬂCill
409 2372 606 2403 consequetur.
636 2370 711 2396 Idem
743 2377 852 2404 quoque
878 2378 976 2398 sensus

191 2419 231 2440 est
247 2414 328 2448 hujus
343 2414 461 2440 Aetuum
477 2415 691 2448 apostolicorum
709 2416 760 2442 loci
781 2423 788 2441 ε
810 2414 898 2442 Virum
929 2417 975 2451 qui

189 2467 255 2485 ;;ι;ιΤ
268 2467 314 2485 nos
324 2459 405 2493 signis
419 2464 442 2485 et
460 2459 594 2486 miraculis
604 2460 728 2487 inclaruit
747 2461 780 2487 ’°.

475 2513 550 2542 CAP.
575 2514 681 2543 XXVII.

189 2561 195 2567 '
217 2557 344 2584 lict-sima
371 2559 483 2594 septima
501 2560 618 2591 Ilwresis,
647 2560 732 2589 Nocti.
755 2565 780 2586 et
806 2561 911 2589 Novati.
935 2561 970 2588 Ili

225 2598 375 2631 anguntur,-
389 2595 655 2631 Itqttstilqritruulent,
672 2599 699 2620 ut
717 2595 843 2623 Noetiaui
867 2597 970 2631 quidem

221 2629 396 2661 tuptizentur,
409 2629 552 2656 Νουαιίιιηί
566 2638 625 2657 vero
638 2630 813 2665 intinguntur.

221 2683 320 2710 l'artim
335 2686 510 2712 consentiunt
521 2685 608 2712 biduo
619 2685 689 2712 inter
700 2693 739 2717 se,
754 2686 850 2720 partim
866 2687 972 2714 dissen-

220 2741 241 2755 ⁵³
258 2740 334 2772 Luc..
349 2750 396 2774 xu,
417 2743 458 2770 to.
497 2745 519 2759 “
534 2743 616 2770 Marc.
640 2744 740 2774 “1,27.

219 2777 301 2805 Ερυιί.
322 2785 411 2811 xxxvr,

782 2745 803 2759 ³⁵
824 2745 917 2771 Μ.ιιίίι.
932 2753 977 2776 χιι,
999 2745 1044 2771 51.

491 2779 511 2794 ³ο
529 2778 601 2821 Eccl.
621 2787 667 2810 vti,
690 2780 730 2806 lt}.
769 2780 880 2806 "Prov.
905 2788 958 2807 x.v.
981 2780 1023 2806 1:1.

1022 2188 1058 2214 tiu
1069 2188 1090 2202 ⁸⁰
1102 2196 1109 2221 ;
1120 2187 1196 2220 item,
1209 2187 1276 2214 Sunt
1290 2188 1348 2217 vim,
1359 2196 1416 2222 qua:
1427 2186 1653 2214 videnlurhomiui
1667 2190 1755 2216 recta',
1768 2191 1807 2210 e1-

1024 2237 1108 2259 trema
1126 2238 1213 2259 tamen
1230 2241 1322 2259 carum
1339 2233 1449 2259 tendunt
1479 2232 1513 2258 ad
1525 2236 1634 2257 mortem
1647 2231 1679 2262 ",
1709 2232 1804 2257 mirutn

1024 2279 1052 2305 in
1069 2279 1178 2305 modutn
1191 2278 1287 2305 Novati
1297 2278 1406 2305 seritis:
1423 2283 1450 2304 et
1464 2277 1597 2312 opinioni,
1622 2285 1675 2311 qua
1703 2276 1804 2303 veniam

1024 2324 1126 2351 nullatn
1140 2324 1270 2355 admittit,
1286 2328 1475 2350 consentaneae
1486 2328 1558 2350 sunt.
1574 2323 1641 2350 Nam
1651 2322 1715 2349 dum
1733 2329 1805 2357 puri-

1026 2371 1090 2396 tatis
1104 2377 1132 2396 se
1148 2377 1228 2403 quam
1248 2377 1297 2403 par
1310 2373 1352 2395 est
1367 2369 1547 2395 amantiorem
1559 2372 1668 2402 praestat
1693 2372 1803 2401 eamque

1025 2414 1180 2441 accuratius
1190 2422 1268 2449 aequo
1281 2419 1413 2446 sectatur,
1426 2414 1517 2440 minus
1531 2413 1659 2443 advertit,
1674 2417 1802 2447 quantum

1024 2460 1052 2487 in
1070 2460 1242 2487 crudelitatis
1256 2460 1416 2486 barathrum
1429 2467 1459 2486 se
1476 2459 1630 2493 prmcipitet
1646 2467 1652 2484 :
1679 2459 1801 2485 exitium-

1024 2513 1077 2540 que
1096 2506 1147 2532 sibi
1165 2506 1238 2532 ultro
1252 2510 1376 2532 accersat
1394 2513 1400 2530 ε
1416 2513 1467 2532 nec
1477 2512 1570 2532 secum
1582 2509 1702 2539 reputat,
1720 2503 1801 2532 nemi-

1025 2558 1087 2578 nem
1105 2558 1176 2584 esse,
1204 2551 1250 2585 qui
1266 2551 1338 2585 quod
1367 2552 1469 2577 bonum
1496 2555 1539 2577 est
1555 2559 1561 2576 :
1579 2550 1615 2577 ita
1628 2554 1761 2582 sectetur,
1776 2553 1801 2574 ut

1026 2596 1090 2624 inde
1102 2597 1229 2624 excidere
1244 2604 1384 2631 nunquam
1400 2597 1496 2631 possit,
1522 2599 1606 2630 atque
1636 2595 1664 2622 id
1677 2603 1712 2623 ne
1741 2596 1798 2622 sim-

1026 2642 1089 2677 plici
1107 2641 1217 2676 quidem
1242 2642 1372 2676 angelicae
1402 2646 1507 2668 natura:
1532 2649 1592 2675 qua:
1621 2641 1677 2668 Deo
1694 2639 1799 2670 assistit,

1027 2694 1159 2723 perpetuo
1174 2688 1279 2715 datum.
1296 2688 1335 2715 Ad
1350 2689 1406 2715 haec
1421 2688 1443 2714 si
1460 2687 1494 2715 ab
1509 2695 1542 2714 eo
1564 2687 1636 2721 quod
1650 2687 1751 2714 bonum
1766 2690 1799 2713 est

1082 2746 1103 2760 ’⁵
1117 2746 1175 2771 Διί.
1191 2752 1219 2776 ιι,
1231 2745 1276 2776 22,
1315 2746 1337 2761 "
1352 2745 1435 2772 lixod.
1456 2753 1494 2776 iii,
1511 2744 1536 2770 6.
1577 2745 1596 2759 ν
1614 2744 1688 2771 Ε).οᾸ
1719 2752 1761 2774 xx,
1777 2743 1797 2770 '3.
