1927 3085
105 156 182 189 1291

753 161 950 192 THESAURI
972 161 1045 192 LlB.
1067 162 1104 192 iV

1675 163 1749 194 t’rzs

104 224 168 241 non
186 214 402 249 deﬂexissemus,
413 224 484 251 opus
509 216 720 251 haudquaquam
745 217 840 248 tuisse,
871 221 898 242 ut
915 219 936 245 Α
952 221 1007 243 tum
1031 222 1165 249 sanetum,
1189 219 1314 244 naturam
1329 215 1439 252 quidem
1453 224 1545 247 unam,
1566 216 1742 244 divinitatem

105 262 186 288 Deus
198 261 313 288 Verbum
327 262 359 289 ad
372 270 421 289 nos
431 266 569 297 assumpta
580 270 663 290 carne
680 263 905 290 descendcrctAt

102 314 190 338 vero,
206 307 270 341 quia
287 307 369 334 vitam
380 307 523 334 mutationi
540 307 686 335 obnoxiam
702 309 904 335 sortitushomo

101 357 162 383 cst,
176 356 203 378 et
218 360 271 379 non
281 360 360 380 secus
372 357 454 387 atque
473 354 581 380 trutina!
609 353 700 381 latices
713 354 739 380 i-n
756 359 903 388 utruxrque

110 397 191 425 latus
209 399 298 433 vergit
321 403 349 425 et
371 404 509 430 movetur,
540 400 644 427 idcirco
670 408 759 434 neque
778 401 901 434 angelus,

105 451 203 477 neque
219 443 301 471 homo
316 443 388 479 (cum
403 445 521 479 Spiritus
536 445 590 472 sint
607 445 759 472 ministerio
775 445 909 484 addicti)“

108 490 162 516 sed
180 490 311 517 Dominus
339 491 397 526 ipse
419 492 510 522 venit,
537 497 565 518 ut
594 492 683 519 saltos
715 500 765 519 nos
788 493 900 519 taceret.

102 535 183 567 Quid
202 543 266 570 ergo
284 535 418 564 Novatum
437 537 573 569 movebat,
593 542 622 564 ut
647 545 695 565 cos
715 545 769 564 non
798 537 901 564 admit-

107 584 197 611 ιρι-«ιι,
216 580 262 615 qui
281 586 342 616 post
356 581 522 617 baptismum
538 584 720 618 peceasseut?
742 589 789 611 aut
805 592 899 619 perse«

107 626 237 653 cutionis
267 632 388 661 tempore
425 629 515 663 lapsos
551 630 752 656 aversarctur?
786 630 900 658 Prorsus

104 671 223 705 ignoro;
238 671 289 698 nisi
304 672 366 707 quis
386 673 543 708 lnqusmodi
569 675 786 706 contentionem,
808 675 898 702 homi.

104 718 152 743 nis
167 718 371 751 persuasionem
389 719 504 746 rationis
518 725 660 754 expertem
683 721 775 748 dicere
807 722 899 754 malit,

104 771 226 797 qumque
243 763 275 790 ad
290 764 436 797 puritatem
454 765 529 792 nullo
542 767 622 792 modo
637 775 801 801 quemquam
813 768 898 794 dedu-

105 815 175 835 cere
191 813 284 842 queat.
303 809 339 836 Ex
354 810 456 844 quibus
478 811 563 842 cuitu,
589 819 692 846 qua‘so,
710 813 789 840 dictis
813 822 898 840 evan-

105 854 205 887 gelicis
219 862 266 881 ore
283 852 329 881 Ddi
349 856 473 889 prolatis,
491 857 532 883 vel
550 857 632 884 etiam
649 859 807 892 apostolicis
826 867 876 885 eun
888 875 895 880 -

105 899 301 927 stitutiouibus
319 901 442 928 Novatus
460 902 503 928 hic
516 906 618 929 tantam
634 905 808 930 severitatem
827 905 897 931 hau-

107 944 167 970 sit?
182 945 277 972 Nonne
290 946 420 973 Dominus
434 946 526 973 [ictum
541 948 624 980 Petri,
639 949 672 974 ah
684 957 717 975 eo
729 949 892 983 abnegatus,

107 990 239 1017 a-imisit?
266 999 357 1018 nonne
376 992 503 1019 eumdem
519 994 706 1028 apostolorum
723 995 896 1030 coryphmum

108 1036 188 1063 fratri
203 1038 359 1072 septuagies
375 1042 486 1072 peccata
515 1047 575 1066 esse
598 1040 761 1067 remittenda
785 1041 899 1068 docuit?

109 1082 208 1109 Nonne
235 1083 336 1110 Paulus
362 1083 540 1111 Corinthium
583 1085 658 1112 iiium
682 1087 727 1120 qui
753 1095 897 1114 novercam

109 1133 339 1162 constupravcrat
366 1129 446 1156 venia
477 1135 537 1164 post
551 1131 686 1166 lacrymas
701 1132 812 1167 dignum
838 1142 898 1161 esse

110 1174 241 1201 cenisuit?
257 1174 443 1210 eumdemque
458 1176 567 1212 reliquo
589 1177 718 1205 Ecclesia:
739 1179 825 1206 εαξιυί
855 1188 898 1207 re-

110 1219 222 1246 stituit?

146 1265 252 1298 Quanta
261 1274 326 1293 vero
338 1268 464 1295 socordia
486 1268 611 1304 falsaque
624 1270 753 1305 puritatis
768 1271 898 1306 opinione.

111 1312 218 1338 laboret
236 1312 356 1340 Novatus
372 1314 426 1347 hic,
443 1315 486 1342 vel
503 1323 535 1342 ex
551 1324 584 1343 eo
596 1317 732 1351 arguitur,
757 1318 831 1352 quod
854 1318 897 1351 iis,

111 1357 158 1391 qui
175 1358 208 1385 ad
221 1360 356 1387 secundas
382 1361 528 1388 convniant
548 1363 668 1397 nuptias.
694 1356 900 1391 communicare

112 1403 189 1434 nolit,
206 1405 331 1438 quamvis
349 1405 449 1432 Paulus
471 1411 566 1441 aperte
593 1408 667 1435 dicat
689 1417 695 1435 :
721 1409 790 1436 Volo
817 1410 898 1438 etiam

113 1457 141 1475 Ill
168 1457 283 1483 ptvenes
306 1451 395 1478 viduae
411 1442 538 1480 nubant!
560 1453 634 1480 idem
666 1454 734 1488 quid
750 1455 783 1482 de
809 1456 898 1483 Noeto

114 1496 289 1523 sentiendum
307 1502 360 1529 est,
380 1498 425 1532 qui
451 1499 613 1533 injustitiatn
637 1500 664 1527 in
682 1501 767 1528 altum
792 1503 900 1530 locutos

111 1545 163 1572 est,
181 1546 207 1568 ct
223 1543 314 1576 posuit
326 1552 356 1571 os
372 1544 398 1572 in
413 1545 524 1576 coelum,
536 1553 596 1573 cum
613 1548 764 1582 prmsertim
778 1549 893 1583 Patrem,
911 1561 932 1590 ς

114 1587 213 1614 Filium
232 1593 259 1615 et
285 1589 433 1624 Spiritum,
452 1591 629 1626 blasphemus
647 1593 691 1620 ille
712 1603 796 1622 unum
820 1603 898 1623 eum-

111 1632 228 1667 demque
243 1636 335 1661 vocell
349 1637 479 1668 Quamvis
492 1637 565 1664 enim
575 1638 790 1673 dispensationis
800 1647 899 1676 myste-

112 1677 181 1704 rium
197 1678 334 1711 admittat,
348 1680 567 1710 incarnationem
584 1684 631 1710 Dei
655 1685 795 1718 praedicet,
810 1686 898 1714 Evan-

112 1721 211 1754 gelium
233 1724 351 1755 evolvat,
369 1733 484 1761 qumque
508 1728 535 1754 in
552 1736 585 1755 eo
607 1730 785 1758 continentur
806 1733 898 1760 omnia

115 1773 267 1801 percurrat,
286 1769 370 1796 corde
387 1772 477 1798 tanien
489 1777 519 1799 et
534 1773 613 1800 ialiiis
626 1782 657 1801 ea
667 1782 695 1801 se
704 1775 898 1811 tugere,atque

115 1815 139 1838 ia
161 1815 326 1842 contrariam
352 1818 514 1844 sementiam
540 1820 655 1853 pedibus
685 1821 725 1848 ire
752 1822 898 1850 manifeste

115 1859 213 1892 prodit.
228 1860 328 1888 Euntcs
341 1863 427 1895 enim,
448 1864 537 1899 inquit
559 1865 696 1899 Christus,
711 1868 797 1894 docete
807 1877 898 1896 omnes

113 1910 210 1938 gentes,
228 1907 394 1942 baptizontes
410 1918 453 1936 eos
464 1910 490 1937 in
508 1912 612 1938 nomine
626 1911 726 1945 Patris,
742 1918 767 1940 et
784 1913 855 1945 Filii,
873 1919 898 1942 et

114 1949 228 1983 Spiritus
242 1955 369 1982 sancti“.
381 1955 482 1983 Videtis
494 1958 727 1991 quemadmodum
746 1964 801 1986 tres
815 1961 899 1988 unius

114 1996 264 2026 divinitatis
302 2000 464 2036 hypostases
491 2003 683 2038 explicantur?
718 2005 785 2032 Item
809 2013 841 2033 ex
864 2014 898 2034 eo

114 2043 184 2076 quod
200 2044 254 2071 alio
270 2045 339 2072 idem
361 2046 387 2073 in
402 2047 462 2074 loco
473 2048 510 2075 ait
524 2042 534 2074 ἶ
549 2048 640 2081 Pater,
663 2049 781 2083 clariﬁta
796 2050 898 2079 Filium

117 2092 197 2120 tuum,
214 2095 242 2115 ut
267 2089 353 2117 Filius
376 2093 455 2118 etiam
479 2097 538 2120 tuus
569 2094 697 2128 clariﬁcet
720 2096 787 2123 te".
812 2097 896 2125 item:

117 2131 287 2163 Nuncautcm
305 2136 469 2166 adteuenio.
491 2140 576 2167 item:
595 2139 723 2174 Clariﬁca
748 2150 789 2168 me
817 2143 899 2170 clari—

118 2178 178 2211 tate,
199 2188 279 2214 quam
305 2183 386 2209 habui
411 2184 564 2219 priusquam
589 2186 702 2213 mundus
739 2192 809 2214 esset
827 2190 898 2224 apud

956 271 1021 289 vero
1046 263 1134 290 tribus
1146 262 1302 291 distinctam
1316 261 1442 298 personis
1457 262 1484 289 in
1502 270 1582 289 unam
1596 271 1741 297 personam

954 309 1121 336 contrahere
1140 314 1330 341 et'coarct‘are,
1347 316 1452 343 proque
1467 315 1648 342 personarum
1664 308 1741 336 diti'c-

954 355 1041 381 rentia
1051 355 1373 389 substantiam‘usurpare
1382 353 1609 389 deprehenditur.
1628 353 1741 386 insuper

955 406 987 426 eo
1007 399 1079 434 quod
1092 407 1203 426 carnem
1218 407 1232 426 a
1249 400 1329 427 Patre
1355 404 1534 434 assumptum,
1562 399 1741 433 quemadmo-

954 445 1019 472 dum
1030 454 1044 472 a
1060 446 1140 479 Filio,
1155 454 1241 481 eaque
1259 446 1424 480 omuia,qu;e
1442 444 1631 480 dispositionis
1647 448 1738 474 erant,

952 492 1086 526 completa
1111 499 1170 519 esse
1193 491 1319 523 affirmat,
1345 491 1511 526 evangelieis
1546 484 1741 518 traditionibus

951 538 1095 572 perspicue
1108 542 1252 573 repugnat.
1281 537 1399 564 Joannes
1415 537 1489 564 cuitu
1514 538 1681 571 evangelista
1713 543 1741 563 et

951 583 1103 617 theologus,
1122 583 1154 609 In
1170 583 1297 618 principio
1307 587 1364 609 erat
1375 582 1499 614 Verbum,
1512 587 1536 609 ct
1554 582 1664 609 Verbum
1682 587 1739 608 erat

951 628 1023 663 apud
1035 628 1116 654 Deum
1135 628 1167 658 ³⁷,
1183 627 1337 655 fulminanti
1359 635 1425 654 voce
1448 628 1592 655 exclamat.
1608 628 1638 654 Et
1655 628 1737 660 paulo

951 677 1030 707 post:
1049 673 1080 699 Et
1098 672 1208 699 Verbum
1225 681 1287 699 raro
1302 674 1398 707 factum
1409 678 1456 703 est,
1474 677 1497 699 at
1513 674 1638 699 habitarit
1652 674 1678 699 in
1690 681 1738 700 ηο-

950 718 988 744 bis
1000 719 1033 744 ".
1053 718 1234 752 incorporeus
1247 726 1357 753 quoque
1372 719 1484 753 angelus
1503 718 1640 753 Virginem
1655 719 1691 744 ita
1709 719 1738 745 in

950 764 1064 791 civitate
1080 764 1215 791 Nalarcth
1242 764 1379 792 allocutus
1407 769 1466 792 est:
1489 764 1603 800 Spiritus
1634 770 1740 791 sanctus

948 811 1111 845 superveniet
1127 811 1154 837 in
1171 815 1207 843 te,
1229 813 1253 837 et
1267 810 1492 843 virtusiAltitsimi
1506 810 1669 837 obumbrabit
1684 811 1740 836 tibi.

951 855 1065 891 Ideoque
1079 856 1147 890 quod
1163 864 1194 882 ex
1206 861 1229 882 te
1243 860 1366 883 nascetur
1377 861 1498 882 sanctum
1510 856 1643 882 vocabitur
1657 855 1741 882 Filius

951 900 1273 927 Πεί³⁹.1λ1ὶ51)ηνίἁὶρυῐη
1307 909 1417 935 quoque
1445 901 1603 927 vaticinium
1634 901 1740 935 astipu-

949 947 1043 974 latur:
1071 947 1217 982 Propterea
1251 948 1328 974 unxit
1370 953 1394 973 te
1434 947 1513 978 Deus,
1559 948 1626 974 Deus
1666 953 1735 978 tum,

948 992 1005 1019 oleo
1020 992 1119 1020 la'titia:
1133 1001 1187 1027 pne
1202 993 1364 1020 consortibus
1380 993 1431 1020 tuis
1444 992 1466 1009 ‘°
1480 1002 1487 1026 ;
1507 993 1738 1028 quemadmodum

949 1040 993 1067 illa
1006 1047 1115 1075 quoque
1129 1040 1316 1074 Theanthropi
1331 1047 1378 1067 seu
1395 1039 1442 1067 Dei
1461 1044 1488 1067 et
1502 1039 1622 1066 hominis
1641 1040 1736 1072 verba,

948 1085 1013 1113 Cum
1026 1086 1109 1120 ipsum
1122 1085 1206 1112 bibent
1222 1093 1316 1112 norum
1328 1086 1356 1112 in
1372 1094 1451 1120 regno
1466 1085 1556 1112 Patris
1570 1086 1631 1112 mei.
1649 1085 1715 1112 item
1732 1094 1736 1110 :

948 1131 1064 1157 Ascentlo
1080 1131 1114 1157 ad
1129 1131 1235 1158 Patrem
1253 1139 1338 1158 meum
1349 1137 1371 1158 et
1393 1131 1499 1158 Palmm
1512 1135 1635 1162 vestrum,
1655 1131 1736 1158 Deum

949 1184 1034 1203 meum
1046 1181 1070 1202 et
1086 1176 1168 1202 Deum
1185 1182 1297 1203 vestrum
1310 1176 1342 1202 ".
1358 1177 1423 1202 item
1441 1184 1448 1203 :
1466 1175 1527 1202 Noli
1554 1184 1594 1202 me
1618 1181 1736 1211 tangrrr,

949 1221 1064 1249 nondum
1087 1223 1156 1248 enim
1178 1222 1284 1249 ostendi
1310 1223 1345 1248 ad
1369 1222 1478 1248 Patrem
1507 1229 1593 1248 meum
1607 1221 1645 1248 δ’.
1674 1221 1740 1254 Qui—

949 1268 1001 1296 bus
1013 1268 1122 1302 quidem
1137 1268 1264 1295 omuibus
1279 1268 1386 1302 pietatis
1399 1268 1500 1295 alumni
1516 1269 1555 1295 sie
1563 1268 1737 1295 sentiendum

950 1322 1010 1342 esse
1024 1315 1144 1344 discunt,
1165 1319 1260 1341 uttrcs
1276 1322 1409 1348 personas
1430 1315 1455 1340 in
1475 1315 1552 1342 beata
1567 1319 1595 1342 et
1626 1314 1739 1341 immor-

950 1361 998 1388 tali
1022 1360 1166 1387 divinitate
1180 1360 1346 1394 intelligant,
1365 1368 1425 1395 qum
1440 1361 1467 1387 in
1493 1359 1585 1392 Patro,
1613 1363 1640 1387 et
1655 1359 1738 1391 Filio,

950 1410 977 1433 et
991 1407 1165 1433 sanctissimo
1174 1406 1276 1442 Spiritu
1291 1407 1424 1440 cernitur,
1440 1410 1468 1434 ct
1485 1406 1594 1434 colitur.

1230 1473 1305 1502 CAP.
1337 1473 1455 1502 XXVI“.

955 1532 1081 1560 Vicesima
1092 1536 1181 1558 actm-'3
1194 1532 1299 1558 limosis
1317 1531 1436 1558 Sabrltii;
1451 1530 1484 1557 Hi
1493 1530 1673 1564 baptizoutur,
1685 1529 1736 1560 vel,

1090 1572 1116 1592 ut
1132 1568 1285 1598 quibusdam
1301 1567 1398 1601 placet,
1413 1568 1591 1601 inunguatur.

985 1634 1122 1661 Sabellius
1155 1633 1253 1668 Libyca
1280 1633 1423 1667 Pentapoli
1452 1633 1587 1660 oriundus
1602 1640 1684 1659 unam
1710 1632 1738 1659 in

951 1682 1041 1710 Patre.
1057 1681 1134 1713 Filio,
1150 1685 1176 1708 et
1193 1681 1296 1715 Spiritu
1317 1685 1411 1707 sancto
1440 1688 1586 1715 personam
1604 1679 1738 1715 przediea-

948 1727 1005 1759 bat,
1021 1726 1146 1753 eumdem
1160 1733 1220 1752 esse
1237 1726 1344 1753 Patrem
1371 1732 1507 1756 asserens,
1526 1725 1572 1759 qui
1598 1730 1626 1752 et
1639 1725 1737 1756 Filius,

949 1777 975 1800 et
992 1772 1110 1806 Spiritus
1127 1776 1239 1798 sanctus
1265 1775 1338 1798 esset
1348 1779 1362 1796 :.
1378 1771 1414 1797 ita
1431 1775 1458 1797 ut
1477 1770 1503 1797 in
1534 1778 1588 1798 una
1620 1777 1735 1804 persona

949 1821 1006 1844 trcs
1024 1816 1244 1850 signiﬁcationes,
1260 1815 1493 1850 quemadmodum
1509 1815 1535 1842 in
1559 1815 1654 1842 eodem
1669 1823 1738 1849 quo-

949 1871 1003 1898 que
1019 1863 1130 1889 homine
1145 1870 1254 1896 corpus,
1269 1861 1406 1894 anima,et
1417 1861 1529 1896 spiritus
1545 1861 1736 1896 deprehende-

950 1914 1056 1937 rentur.
1075 1909 1162 1943 Atque
1179 1909 1206 1935 in
1227 1908 1318 1936 \‘etcri
1347 1908 1458 1943 quidem
1485 1908 1658 1935 Testamento
1675 1913 1734 1934 tau-

949 1955 1029 1990 quam
1049 1956 1157 1983 Patrem
1169 1955 1242 1990 leges
1254 1955 1358 1986 tulisse,
1369 1955 1396 1981 in
1405 1954 1481 1981 Novo
1495 1959 1622 1989 tanquam
1636 1954 1733 1980 Filium

949 2010 1059 2029 carnem
1073 2001 1265 2036 assumpsisse,
1278 2001 1408 2035 apostolis
1419 2005 1510 2027 autem
1529 2004 1657 2035 tanquam
1670 2000 1733 2032 Spi-

949 2049 1031 2076 ritum
1043 2048 1233 2083 supervenisse
1247 2056 1254 2074 :
1271 2048 1305 2074 ita
1317 2052 1345 2074 ut
1357 2047 1479 2080 corporis
1491 2046 1599 2081 quidem
1613 2047 1734 2076 Patenut

949 2094 986 2121 ita
1002 2094 1101 2126 dicam,
1123 2094 1222 2120 anima:
1236 2101 1302 2120 vero
1318 2092 1412 2123 Filius,
1429 2092 1543 2126 spiritus
1558 2091 1677 2127 denique
1694 2092 1733 2118 vi—

949 2148 1018 2173 cem,
1034 2144 1146 2167 sanctus
1159 2139 1206 2166 ille
1218 2137 1509 2173 suppieietSpiritus:
1531 2137 1572 2164 vol
1605 2142 1733 2172 tanquam

950 2185 977 2213 in
993 2185 1062 2216 sole,
1080 2185 1158 2220 cujus
1174 2193 1228 2212 una
1246 2192 1362 2219 persona
1378 2188 1431 2214 est.
1446 2189 1502 2211 tres
1529 2184 1649 2210 actiones
1672 2183 1733 2210 eiu-

118 2229 140 2250 te
167 2225 201 2253 ³³.
223 2226 313 2261 Atque
339 2228 471 2256 Dominus
495 2230 605 2264 quidem
631 2231 688 2265 ipse
718 2238 896 2268 posteaquam
912 2231 936 2260 D
951 2235 1101 2268 ccsccrcnt,
1117 2231 1246 2258 nimirum
1263 2230 1455 2261 illuminativa,
1469 2230 1638 2262 oaiefaetiva,
1662 2229 1734 2264 ipsa-

117 2276 268 2305 assumptus
286 2277 329 2299 est
356 2273 381 2299 in
408 2274 526 2307 caelum,
556 2276 680 2311 seditque
705 2278 737 2304 ad
758 2278 897 2307 dexteram

118 2315 215 2348 i’alris,
233 2322 327 2352 aperte
354 2318 486 2347 indicavit
507 2321 587 2348 aliain
615 2322 705 2350 Patris
722 2331 796 2355 esse,
814 2325 896 2352 aliam

119 2360 173 2387 Filii
202 2362 371 2397 ltypostasin.
387 2365 445 2392 Imo
464 2366 521 2401 ipsa
539 2375 650 2402 quoque
668 2367 756 2396 Patris
786 2373 814 2396 et
835 2370 897 2397 Filii

118 2408 276 2440 signiﬁcatio
290 2419 467 2446 personarum
488 2414 606 2442 dualitas
620 2420 672 2447 est,
687 2423 749 2450 qua:
775 2417 898 2445 schelica

118 2454 320 2488 signiﬁcatione,
333 2465 380 2484 seu
396 2458 529 2486 haliituali
545 2465 573 2487 et
590 2461 703 2488 rciativa
715 2462 841 2490 eli‘ertur.

151 2500 186 2527 Eo
202 2506 333 2535 praeterea
350 2505 422 2538 quod
437 2505 521 2532 Filius
534 2506 568 2533 de
577 2506 681 2541 Spiritu
697 2507 765 2535 dixit
781 2517 787 2534 :
803 2509 897 2536 Petam

118 2553 130 2571 ιι
148 2545 235 2579 Patre,
251 2548 370 2575 etalium
393 2549 563 2578 Paracletum
595 2553 679 2579 mittet
708 2553 787 2586 vobis,
814 2553 898 2587 Spiri—

120 2595 166 2618 tum
183 2593 312 2625 veritatis,
326 2595 399 2629 quia
413 2595 494 2623 Patre
506 2598 623 2631 procedit
642 2599 675 2625 ³⁸.
689 2599 767 2630 item,
801 2597 899 2626 Hieme

119 2636 266 2670 rlariﬁcabit
279 2639 311 2672 ",
328 2641 435 2667 tertiam
449 2649 558 2676 quoque
572 2644 657 2670 sancti
671 2644 898 2679 Spiritushypos-

120 2684 180 2710 tasiu
209 2684 322 2712 indicat.
355 2686 422 2714 iliale
464 2687 558 2722 igitur,
587 2697 638 2716 nec
663 2696 791 2725 tanquam
822 2691 893 2718 bona

121 2735 202 2756 urente
214 2731 345 2765 prteditus
363 2733 418 2766 illc,
437 2734 487 2768 qui
497 2734 577 2770 vulgo
593 2741 681 2763 tamen
695 2736 799 2771 Νόητῆς
815 2737 892 2771 quasi

120 2780 201 2804 mente
216 2777 346 2811 prteditus
373 2779 485 2813 dicitur,
498 2781 615 2814 Patrem,
632 2782 742 2815 Filium,
762 2787 789 2810 et
809 2783 894 2818 Spiri-

148 2831 167 2846 “
182 2831 275 2859 Matth.
293 2841 386 2865 xxvtu,
407 2835 450 2862 i9.

489 2835 514 2851 ⁸³
530 2835 609 2863 ioan.
626 2845 690 2867 xvu.
705 2838 730 2864 i.

122 2875 137 2898 ι,
157 2867 177 2893 l.
215 2867 319 2895 "ibid.
343 2870 384 2896 Η.

424 2870 527 2898 “lue.
563 2881 580 2904 t,
602 2873 646 2899 55.

789 2837 810 2854 ³⁸
828 2838 898 2866 ibid.
911 2839 938 2866 5i.

684 2874 706 2888 ⁵⁵
722 2874 790 2900 Psal.
811 2882 881 2907 λων,
903 2875 930 2902 S.

948 2285 1001 2313 que
1019 2277 1113 2312 ﬁgura,
1127 2284 1180 2311 qua
1197 2277 1223 2303 in
1237 2276 1332 2303 orbem
1344 2275 1578 2308 circumducitur;
1595 2280 1676 2310 atque
1690 2283 1734 2302 ca-

947 2324 1075 2352 leiactiva
1092 2322 1203 2358 quidem
1224 2323 1295 2349 actio
1310 2322 1429 2356 Spiritus
1447 2331 1453 2348 :
1479 2321 1673 2355 illuminativa,
1688 2322 1731 2348 Fi-

947 2369 1000 2396 lius
1018 2378 1024 2396 :
1042 2369 1126 2396 totius
1150 2368 1268 2402 denique
1294 2375 1419 2402 persona:
1445 2366 1540 2402 ﬁgura,
1557 2367 1636 2395 Pater
1650 2373 1732 2395 esset.

947 2416 1047 2443 Filium
1062 2415 1191 2446 addebat,
1207 2419 1333 2448 tauquam
1363 2413 1480 2444 radium,
1509 2413 1732 2448 aiiquandomis-

947 2469 1007 2488 sum
1024 2468 1095 2492 esse,
1114 2460 1169 2487 imo
1196 2459 1287 2495 potitus
1302 2459 1409 2486 Patrem
1441 2459 1467 2486 in
1486 2460 1577 2494 specie
1597 2459 1657 2486 Filii
1686 2458 1734 2485 de-

948 2507 1099 2537 scendisse,
1115 2507 1161 2541 qui
1187 2513 1217 2533 ea
1236 2510 1392 2535 exsecutus.
1417 2513 1477 2539 quae
1493 2505 1526 2532 ad
1545 2505 1732 2538 evangelii-am

948 2553 1184 2588 dispensationem
1201 2552 1397 2587 pertinebant:
1413 2555 1541 2584 tanquam
1559 2549 1645 2577 Filius
1669 2558 1730 2576 rur-

932 2591 994 2627 'sus
1007 2599 1035 2626 in
1054 2599 1152 2627 emium
1172 2603 1299 2633 receptus
1311 2602 1395 2629 esset.
1413 2604 1468 2624 non
1485 2603 1566 2623 secus
1589 2600 1671 2630 atque
1687 2604 1731 2623 ra-

946 2645 1008 2673 dius
1024 2653 1039 2672 a
1052 2646 1109 2673 sole
1123 2646 1222 2672 missus
1237 2644 1270 2671 ad
1296 2644 1383 2678 ipsum
1397 2642 1488 2670 denuo
1501 2649 1529 2669 se
1545 2641 1651 2676 recipit.
1666 2642 1734 2669 San-

948 2697 1022 2720 ctum
1038 2692 1156 2727 denique
1167 2691 1299 2726 Spiritum
1311 2690 1337 2716 in
1356 2690 1432 2716 hunc
1445 2688 1588 2720 mundum,
1601 2692 1730 2723 tanquam

948 2738 1099 2773 energiam,
1115 2746 1162 2765 seu
1183 2737 1238 2764 vim
1251 2736 1404 2763 eti'eetivam
1418 2734 1506 2761 Patris
1520 2734 1632 2761 missum
1657 2742 1731 2766 esse,

948 2785 982 2811 ad
996 2791 1044 2812 eos
1055 2788 1084 2811 et
1095 2783 1202 2819 publice
1215 2788 1241 2810 et
1254 2782 1393 2817 privatim,
1410 2780 1456 2811 oui
1475 2779 1508 2807 ab
1527 2780 1573 2807 illo
1589 2779 1730 2811 vivitieari,

996 2839 1017 2855 ⁸³
1029 2839 1108 2867 Joan.
1126 2847 1171 2872 κν,
1191 2839 1236 2866 26.

970 2875 990 2890 “
1008 2875 1086 2902 Juan.
1100 2882 1143 2907 xx,
1164 2874 1205 2902 17.

1293 2839 1315 2854 ³⁸
1331 2838 1409 2867 Joan.
1439 2844 1497 2869 xvi,
1522 2835 1565 2863 ii.

1244 2874 1265 2889 δ’
1287 2873 1357 2901 ibid.

1616 2837 1638 2853 ³⁷
1650 2838 1730 2870 Joau.
