1927 3085
225 152 296 183 1239

855 162 1002 193 NlCET/‘E
1022 140 1224 197 ClIOl‘llATIE

1784 168 1856 201 13w

225 207 322 241 foveri,
337 215 364 237 et
395 213 525 248 c-aleiieri,
555 215 626 242 votis
653 215 814 244 ardentibus
839 223 1010 254 expeterent.
1025 220 1049 249 Α
1065 220 1261 249 Prorsusenim
1279 223 1423 258 conjuncta
1441 222 1478 257 (et
1496 227 1684 258 consequetur
1703 223 1854 258 deinceps,

366 257 502 286 lim-esea;
524 262 701 297 pra’cedetttt's_
712 263 865 298 confatalia.

256 302 320 336 Quae
329 308 423 331 contra
435 304 551 332 Noetum
565 306 638 334 dicta
655 312 720 335 sunt
734 309 800 344 (48),
815 310 858 337 cui
874 310 1010 338 Sabellius

225 348 265 380 (ut
275 357 308 376 ex
327 349 464 378 haereseos
475 352 654 381 similitudine
666 356 841 390 perspicuum
856 357 908 390 est)
930 363 1007 383 suam

219 394 687 432 proditurusimperitiamadluesit,
716 401 748 428 ad
772 400 1007 435 Sabelliumquo-

219 448 272 474 que
298 443 493 472 confutandum
517 446 665 486 subiciunt.
692 447 732 475 Ad
749 449 908 484 ampliorem
925 456 1007 484 porro

220 486 437 516 Sabellianorum
456 490 590 518 ha‘rcscos
610 493 829 521 confutatiOuem
857 495 913 522 hare
937 504 1008 531 quo-

219 540 272 565 que
303 535 467 569 superadjici
493 543 606 570 possunt
628 539 679 566 :Si
717 548 788 567 unus
814 541 941 576 idemque
971 543 1007 570 sit

218 577 298 604 Pater
313 583 340 605 et
352 579 447 612 Filius,
465 589 600 615 qu:enam,
615 592 719 618 qumso,
734 586 876 613 nominum
906 588 1005 615 distin-

217 623 317 652 ctionis
344 626 413 653 ratio
437 626 544 655 fuerit?
558 629 624 656 Nam
653 631 698 665 qui
725 631 783 658 fieri
796 637 896 668 potest,
913 639 942 661 ut
957 636 1003 670 qui

216 669 299 697 alium
312 679 366 698 non
380 673 483 708 genuit,
494 674 585 707 Pater,
603 679 630 702 ct
644 677 690 710 qui
705 678 781 705 nullo
796 687 907 714 prorsus
923 683 1004 710 modo

215 715 324 747 genitus
337 722 387 747 est,
404 717 490 746 Filius
503 720 655 754 appelletur
669 722 680 748 ?
693 722 761 754 Quia
778 733 842 752 vero
853 726 929 753 illum
944 729 1004 762 qui-

215 759 276 786 dem
303 762 442 795 genuisse,
462 763 536 792 hunc
549 770 640 793 autern
655 769 776 802 genitum
791 777 849 798 esse
863 759 1002 801 sacrm—at-

216 809 350 832 tostantur
372 807 497 841 Litterae,
524 818 557 838 eo
586 812 625 844 fit,
643 817 673 839 ut
687 821 736 848 per
751 824 779 842 se
797 816 958 850 subsistant,
974 825 1002 847 ct

1065 271 1094 292 ut
1110 266 1182 293 Deus
1196 267 1275 294 Pater
1292 275 1401 294 carnem
1425 261 1606 302 assumpsisse
1635 269 1755 299 dicatur,
1785 278 1853 304 pro-

1063 316 1126 346 pter
1149 313 1222 339 illam
1247 314 1401 341 divinitatis
1425 313 1548 346 ἔκτατιν,
1576 322 1624 341 seu
1648 315 1853 346 extensionem.

1061 365 1142 391 quam
1174 359 1317 387 Marcellus
1338 359 1500 392 introduxit,
1518 369 1570 387 una
1588 369 1650 388 eum
1676 369 1852 397 coneorpore

1062 401 1144 428 Verbi
1157 402 1203 430 Dei
1221 404 1312 431 denuo
1326 405 1352 431 in
1366 404 1490 432 eamdem
1511 406 1712 436 contractione,
1728 415 1791 442 quae
1805 415 1854 434 nc-

1060 449 1179 476 ccssario
1197 457 1424 485 consequeretur.
1436 451 1494 478 Una
1510 452 1583 478 enim
1605 452 1684 480 Verbi
1699 454 1746 480 Dei
1762 455 1850 481 etiam

1059 500 1120 529 post
1137 501 1304 530 assumptum
1317 506 1427 524 carnem
1443 506 1558 532 persona
1572 500 1641 533 erat)
1657 508 1662 525 :
1682 505 1728 526 aut
1743 500 1851 535 absque

1059 548 1173 575 corpore
1190 542 1221 567 ad
1240 542 1324 568 Deum
1336 543 1444 569 Patrem
1463 543 1507 569 illa
1539 542 1692 569 divinitatis
1712 545 1851 574 extensio,

1058 595 1118 622 qum
1134 587 1160 614 in
1179 587 1288 615 Christo
1304 593 1371 618 crat.
1408 588 1440 614 ad
1462 588 1606 622 pristinam
1628 589 1849 615 contractionem

1058 632 1160 659 rediit:
1183 642 1233 660 nec
1257 634 1374 668 amplius
1397 634 1450 660 erit
1473 633 1610 664 Christus,
1636 634 1683 660 sed
1701 634 1794 661 nudus
1822 639 1850 661 ct

1057 678 1170 714 simplex
1185 678 1267 706 homo
1280 680 1418 709 duntaxat.
1440 685 1469 706 ut
1492 681 1538 714 qui
1552 681 1667 706 duarum
1682 684 1848 707 naturarum

1057 727 1274 759 prmslantiorem
1287 726 1405 753 exuerit.
1419 727 1491 753 Patri
1507 726 1626 760 denique
1638 726 1719 753 .lcsus
1733 726 1848 760 quidam

1056 771 1313 806 divinitatisexpcrs
1322 772 1454 799 assidcbit
1470 781 1475 797 :
1493 777 1539 798 aut
1560 773 1654 798 saltem
1669 772 1847 806 itnplumiom

1055 817 1192 852 pullorum
1207 817 1292 844 instar
1317 818 1519 849 deturbabitur,
1542 818 1687 844 divinitate
1712 817 1847 843 nimirum

214 852 344 884 peculiari
358 853 477 887 quodam
491 856 602 885 nomine
614 858 696 886 Pater
708 864 736 886 et
756 861 841 889 Filius
856 870 1000 896 vocentur,
1018 882 1040 912 Β
1056 865 1190 899 privatus.
1207 872 1260 898 qua
1279 865 1438 898 gravitatem
1473 864 1599 890 sublevet
1616 872 1623 890 :
1643 871 1749 897 nosque
1776 863 1847 890 adeo

214 896 275 912 ιιηῖιι
295 898 424 912 ..τως-...η
440 900 466 912 ξι
488 902 557 912 -..-]
577 911 601 912 η
679 909 683 912 .
727 906 743 912 ..
776 906 782 912 .
898 910 902 912 .
916 910 922 912 _
1138 908 1143 912 .
1183 909 1189 912 _
1225 909 1230 912 .
1254 909 1259 912 .
1404 909 1408 912 .
1422 908 1428 912 .
1490 909 1495 912 .
1759 908 1775 912 ..

213 896 276 930 quia
294 898 425 926 nimirum
439 900 467 928 id
485 902 558 936 quod
573 909 696 938 generat.
709 906 782 933 aliud
803 916 864 936 esse
879 910 998 943 videtur,

212 942 246 969 ab
258 951 292 970 eo
306 945 377 978 quod
391 952 547 980 generatur.
562 949 634 982 Quin
656 952 738 978 ctiam
765 953 863 982 beatus
887 942 999 991 quoque

213 988 312 1036 Daulus
330 990 364 1018 ad
388 992 517 1021 licbrazos
537 995 661 1023 scribens
689 997 725 1024 ita
751 999 784 1026 de
799 1000 868 1027 Filio
889 988 997 1036 inquit:

212 1033 263 1066 Qui
275 1043 334 1062 cum
349 1038 374 1064 in
391 1038 477 1072 forma
497 1040 545 1068 Dei
561 1047 639 1074 esset,
670 1052 721 1071 non
749 1048 872 1079 rapinam
883 1048 1000 1076 arbitra-

210 1084 251 1105 tus
270 1085 307 1107 est
322 1089 349 1108 se
365 1091 418 1110 esse
433 1085 564 1118 a'qttulem
579 1086 642 1120 Deo,
660 1090 705 1115 sed
716 1091 829 1126 seipsum
841 1093 998 1128 exinanivit,

208 1124 322 1156 formum
335 1128 403 1153 servi
421 1129 551 1164 accipietis
567 1130 599 1157 ”.

245 1170 364 1199 Proinde
389 1181 502 1202 necesse
528 1181 579 1209 est,
596 1182 626 1204 ut
645 1178 668 1206 is
683 1178 752 1207 alius
769 1179 853 1208 fuisse
873 1182 995 1218 dicatur,

210 1215 256 1247 qui
272 1215 298 1241 in
309 1216 397 1244 forma
414 1219 553 1254 Deiesset,
565 1223 636 1250 alius
651 1229 758 1257 contra,
772 1227 795 1253 is
815 1228 894 1263 cujus
908 1215 995 1257 forma

206 1269 238 1287 ca
263 1266 337 1290 erat:
353 1271 404 1291 nec
420 1273 503 1293 unutn
511 1268 654 1303 quippiam
671 1270 798 1307 idemque
813 1281 928 1302 numero
942 1276 996 1303 Pa-

207 1312 286 1335 teret
314 1309 410 1342 Filius,
441 1313 488 1339 sed
519 1316 629 1349 propria
658 1318 846 1353 peculiarique
875 1329 993 1355 persona

206 1355 314 1388 praediti
331 1363 391 1384 esse
406 1357 544 1391 dicantur,
559 1361 606 1395 qui
624 1362 695 1389 inter
709 1371 739 1391 se
764 1364 882 1393 vicissim
895 1368 992 1396 eadem

207 1398 234 1425 in
252 1400 403 1429 substantia
422 1405 617 1433 considerandi
632 1409 684 1435 sint
701 1429 708 1435 .

241 1445 374 1479 Alioqloco
390 1448 474 1477 Filius
485 1459 516 1477 ex
528 1453 680 1481 substantia
694 1461 803 1489 paterna
820 1466 849 1486 se
860 1461 993 1495 prodiisse

206 1491 364 1544 ostendens,
396 1494 463 1529 Ego,
479 1496 578 1531 inquit,
591 1508 607 1526 α
629 1499 710 1527 Putre
726 1504 793 1530 exiri
805 1504 837 1531 ”.
852 1491 901 1539 Qui
927 1516 992 1544 ergo

1054 908 1162 943 egregie
1174 909 1350 943 desipiemus,
1364 909 1409 942 qui
1422 908 1574 941 hominem,
1586 916 1638 935 non
1654 913 1747 935 autem
1758 908 1844 935 Deum

1054 955 1225 982 ineat-natum
1254 954 1453 981 adorabitnus:
1486 955 1559 989 quod
1589 954 1701 988 quidem
1729 959 1846 981 cunctas

1053 1001 1173 1029 haereses
1187 1000 1326 1035 impietate
1341 1000 1419 1029 facile
1435 1001 1551 1028 excedit.
1577 1001 1722 1027 Nestorius
1754 1000 1842 1033 enim,

1053 1048 1161 1074 tametsi
1177 1047 1330 1074 naturalem
1347 1047 1499 1074 divinitatis
1523 1052 1550 1074 et
1567 1047 1747 1074 humanitatis
1775 1055 1843 1074 con-

1048 1093 1218 1128 iunctionem
1238 1098 1359 1128 negaret,
1377 1102 1518 1129 unumque
1539 1094 1680 1122 Christum
1709 1095 1779 1121 (luas
1814 1095 1840 1120 in

1050 1147 1183 1174 personas
1199 1141 1343 1173 divideret,
1357 1141 1505 1168 schetieam
1518 1145 1620 1171 tamen,
1639 1141 1689 1168 hoc
1703 1146 1746 1168 est
1763 1141 1843 1168 habi-

1052 1186 1151 1213 tualcm
1169 1194 1215 1213 seu
1229 1187 1369 1213 relativatn
1382 1187 1519 1221 copulam,
1530 1192 1557 1214 et
1572 1187 1740 1214 indivulsnm
1757 1187 1841 1214 Verbi

1050 1237 1078 1259 et
1096 1232 1159 1259 Jesu
1176 1241 1342 1260 concursum
1373 1233 1521 1260 fatebatur.
1549 1233 1601 1260 Alii
1622 1238 1713 1260 autem
1728 1233 1841 1260 Davidi-

1050 1277 1138 1304 dicam
1156 1285 1250 1304 vocem
1271 1278 1340 1305 male
1369 1277 1564 1313 intelligentes,
1593 1286 1646 1312 qua
1684 1278 1784 1312 inquit,
1807 1277 1839 1304 lu

1048 1323 1104 1350 sole
1119 1324 1205 1358 posuit
1222 1323 1419 1351 tabernaculum
1434 1333 1510 1351 suum
1522 1326 1555 1356 ⁸³,
1572 1325 1664 1352 carnis
1688 1324 1841 1359 depositio—

1047 1378 1111 1397 nent
1130 1370 1302 1403 invcxerunt,
1321 1371 1474 1406 Filiutnque
1493 1370 1609 1398 Verbum
1627 1371 1660 1397 ad
1690 1371 1776 1397 Deum
1789 1371 1839 1397 Pa-

1049 1421 1118 1442 trem
1135 1423 1196 1442 cum
1215 1416 1272 1442 sola
1306 1415 1450 1442 divinitate
1483 1414 1640 1442 ascendisse
1667 1413 1836 1440 docuerunt.

1049 1460 1100 1494 Qui
1127 1466 1217 1487 autem
1236 1468 1250 1486 a
1263 1460 1390 1486 Marullo
1400 1459 1518 1491 stabant,
1537 1459 1563 1485 in
1591 1457 1758 1485 contrariam
1770 1464 1837 1482 sen-

1048 1507 1172 1536 tentiam.
1214 1514 1330 1540 eamque
1359 1505 1525 1533 deteriorem
1555 1505 1737 1533 divertentes,
1770 1502 1834 1529 Filii

208 1535 267 1586 fieri
282 1539 394 1571 poterit,
409 1548 463 1574 quo
496 1543 587 1571 minus
606 1545 677 1573 alius
707 1548 768 1574 sita
786 1550 866 1578 Patre
892 1535 988 1586 Filiu‘s,
1004 1552 1025 1581 C
1043 1561 1186 1588 personam
1199 1553 1224 1579 in
1242 1552 1442 1579 Deuml‘atrem
1454 1549 1835 1578 rcsoivcbant.Verumenim

205 1581 228 1607 si
245 1589 368 1630 personae
381 1587 544 1622 numerique
556 1590 626 1616 ratio
643 1592 776 1621 habeatur
790 1596 801 1622 ?
815 1596 881 1624 Nam
912 1581 992 1633 quid:

204 1625 270 1658 quid
289 1627 323 1655 ab
339 1629 430 1664 aliquo
444 1634 589 1667 processit,
616 1635 650 1662 ab
667 1646 699 1663 eo
725 1646 821 1667 revera
852 1625 992 1672 diversum

205 1677 257 1704 est,
275 1681 288 1699 ιι
304 1681 359 1708 quo
373 1678 515 1709 processit.

495 1746 570 1775 CAP.
595 1749 691 1778 XXlX.

211 1784 339 1816 Viresima
377 1798 446 1818 noua
481 1793 586 1821 Itwresis
617 1796 739 1825 Marcelli
762 1808 771 1826 .'
794 1801 821 1827 Ιιί
854 1802 991 1838 baptism-

569 1835 622 1859 tur.

237 1881 332 1933 tia-lata
350 1884 614 1917 Marcellus‘eodem
649 1893 740 1924 modo,
771 1903 826 1929 quo
842 1897 988 1933 Sabellius,

202 1927 498 1966 Trinitatemneguvit:
515 1935 562 1962 sed
572 1938 717 1971 quamdam
727 1945 847 1974 paternae
863 1927 991 1972 divinita:

203 1975 237 2019 tis
250 1975 371 2010 ἔκτασιν,
385 1977 437 2005 hoc
452 1985 493 2007 est
507 1983 694 2012 exttnsioncm
723 1986 750 2012 in
762 1987 857 2016 Filium
870 1991 988 2019 subiisse

201 2017 323 2054 dicebat,
351 2030 432 2057 quam
448 2025 533 2053 Deum
569 2028 687 2057 Verbum
722 2033 900 2063 nominabat:
928 2046 989 2072 qtue

200 2065 312 2099 quidem
330 2072 392 2102 post
415 2071 551 2099 universae
581 2074 793 2110 dispensationis
813 2065 988 2111 consumma-

200 2111 303 2139 tionem
325 2115 426 2150 rejccta
441 2122 615 2154 retractaque
624 2122 657 2148 ad
674 2123 758 2151 Deum
776 2126 867 2154 denuo
899 2130 987 2158 redis-

199 2164 250 2190 set,
262 2167 277 2185 a
295 2167 350 2194 quo
362 2166 426 2189 ante
439 2169 550 2192 extensa
578 2167 674 2196 fuerat.
707 2170 915 2201 Sauctissimum
934 2183 983 2203 au-

198 2207 251 2231 tem
264 2204 396 2239 Spiritum
410 2210 578 2244 παρέκτασιν
592 2213 642 2248 τῆς
654 2215 802 2249 ἐκτάσεως,
816 2219 868 2246 hoc
882 2225 923 2247 est
935 2229 984 2248 ex-
1001 2222 1024 2250 D

198 2250 333 2301 tensionis
347 2255 547 2289 extensionem,
577 2267 638 2294 quae
667 2264 799 2295 apostolis
830 2265 985 2301 obtigisset.

197 2293 232 2322 Ut
247 2303 301 2323 uno
312 2298 396 2326 verbo
409 2301 558 2337 absolvam,
584 2305 630 2332 ille
649 2306 809 2336 Trinitatem
834 2293 943 2339 extcundi
958 2319 986 2341 et

197 2342 338 2376 contrahi,
353 2345 626 2382 prodispensationis
655 2352 814 2382 diversitate
841 2355 985 2386 fabulaba-

196 2391 251 2414 tur.

346 2445 483 2475 Hmreseos
497 2450 669 2483 prtrcedeutis
684 2453 838 2488 canfututio.

227 2500 359 2536 Dogmata
393 2504 439 2532 hic
464 2513 575 2540 quoque
603 2509 679 2536 nullo
707 2511 787 2537 modo
809 2512 980 2542 admittenda

191 2546 368 2579 probandave
393 2553 573 2586 proponebat.
588 2554 638 2587 Qui
654 2556 727 2582 enim
747 2558 805 2584 ﬁeri
832 2563 931 2593 potest.
950 2566 979 2588 ut

190 2591 352 2627 ὺπέστατον,
367 2594 420 2622 hoc
446 2601 489 2623 est
505 2605 552 2630 per
570 2606 598 2626 se
625 2600 778 2629 subsistens
790 2603 837 2631 Dei
858 2605 977 2632 Verbum

192 2645 245 2686 pna
264 2646 326 2666 cum
341 2647 481 2676 assumpta
495 2651 578 2672 carne
598 2653 780 2682 assumptum,
796 2650 976 2686 assidensqoe

188 2681 245 2710 Deo
258 2688 286 2712 et
295 2685 380 2718 Patri,
395 2689 536 2723 ἔκστασις,
548 2699 595 2718 seu
610 2695 734 2721 extensio
744 2701 865 2729 paterna:
875 2697 976 2724 divini-

191 2730 264 2763 tatis,
278 2740 443 2769 rursumque
458 2737 491 2764 ad
504 2737 588 2766 Deum
601 2740 710 2768 Patrem
722 2743 846 2769 contrahi
857 2743 977 2771 dicatur?

1046 1607 1112 1627 vero
1125 1607 1187 1626 cum
1200 1599 1352 1633 blasphemi
1369 1598 1407 1624 illi
1419 1598 1551 1632 Spiritum
1567 1597 1705 1627 ἐκτάσεως
1731 1596 1834 1630 παρὲκΔ

1045 1654 1134 1677 τισιν,
1164 1645 1218 1672 hoc
1248 1649 1291 1672 est
1323 1645 1506 1671 cxstcnsionis
1535 1642 1745 1678 productionem
1771 1649 1834 1668 esse

1044 1691 1131 1721 aiunt,
1150 1698 1231 1717 unam
1248 1691 1275 1716 in
1296 1695 1389 1716 sancta
1407 1689 1541 1716 Trinitate
1571 1695 1717 1723 personam
1743 1687 1832 1713 mani-

1044 1737 1112 1764 frste
1135 1741 1296 1764 autumant:
1322 1736 1428 1770 hocque
1452 1739 1532 1769 pacto
1557 1734 1659 1760 divitiis
1679 1733 1832 1766 Scripturis

1043 1788 1070 1810 et
1092 1782 1259 1817 evangelicis
1280 1781 1360 1809 dictis
1389 1781 1579 1812 adversantur.
1612 1778 1680 1805 Nam
1703 1777 1750 1811 qui
1768 1777 1830 1804 ﬁeri

1042 1829 1139 1864 possit,
1167 1833 1196 1856 ut
1219 1828 1242 1856 is
1263 1828 1348 1856 Filius
1375 1832 1402 1854 et
1428 1826 1550 1854 Verbum
1568 1825 1615 1853 Dei
1635 1829 1760 1854 voeetur,
1781 1824 1829 1858 qni

1042 1875 1118 1903 nullo
1139 1875 1220 1901 modo
1233 1874 1303 1909 apud
1318 1874 1379 1900 illos
1393 1873 1575 1903 ἐνυπόστατος
1599 1875 1652 1902 est,
1668 1878 1717 1897 seu
1734 1877 1783 1904 per
1800 1877 1831 1896 se

1042 1923 1181 1955 substitit’;
1207 1923 1248 1949 vel
1275 1923 1346 1949 alius
1376 1921 1496 1955 Spiritus
1528 1919 1705 1946 Paraulctus?
1728 1918 1832 1952 Hujus-

1042 1968 1201 1995 tnodicettc
1225 1967 1392 1994 asscrtioues
1405 1965 1588 2000 dogmatibus
1609 1963 1711 1991 Christi
1743 1963 1830 1989 rcl’ra-

1040 2017 1151 2048 gantur,
1172 2012 1217 2046 qui
1240 2011 1278 2039 ait
1298 2021 1304 2038 :
1322 2011 1421 2038 Euntcs
1445 2012 1532 2037 docete
1550 2017 1640 2036 omnes
1666 2014 1767 2044 gentes.
1783 2008 1832 2033 bn-

1039 2062 1168 2094 ptizantcs
1188 2067 1229 2085 eos
1247 2059 1272 2084 in
1288 2058 1392 2084 notitiae
1415 2057 1504 2084 Patris
1529 2060 1553 2083 et
1567 2055 1642 2086 Filii,
1663 2061 1687 2081 ct
1711 2054 1829 2089 Spiritus

1038 2106 1165 2133 sancti".
1183 2105 1293 2139 Triplici
1308 2104 1382 2131 enim
1410 2105 1553 2130 nominum
1585 2102 1774 2131 invocatione,
1799 2103 1827 2125 ct

1038 2152 1082 2179 his
1095 2151 1195 2182 verbis,
1206 2152 1223 2176 Α
1230 2151 1279 2177 lius
1297 2149 1464 2180 Paracletus,
1478 2153 1533 2175 tres
1543 2147 1724 2182 designantur
1735 2145 1808 2179 hypo
1817 2158 1825 2163 -

1038 2203 1135 2225 stases.
1154 2197 1228 2224 lianc
1255 2204 1338 2231 porro
1353 2195 1468 2222 lnercsin
1486 2193 1555 2220 nihil
1570 2192 1643 2220 aliud
1666 2198 1747 2225 quam
1763 2197 1828 2216 Sen~

1037 2252 1085 2272 sus
1099 2243 1211 2270 humani
1229 2250 1338 2270 sensum
1352 2249 1423 2271 esse.
1438 2241 1480 2267 vel
1504 2248 1536 2266 cx
1551 2247 1584 2266 co
1611 2241 1730 2265 constat.
1748 2236 1821 2270 qttol

1037 2290 1094 2317 haac
1105 2297 1215 2324 quoque
1228 2288 1361 2319 desolata,
1379 2286 1527 2314 exstincta.
1547 2289 1574 2312 et
1595 2283 1646 2310 sub
1674 2282 1825 2309 oblivionis

1036 2337 1165 2364 tenebras
1177 2335 1301 2362 demersa
1316 2334 1361 2360 sit.
1377 2333 1402 2360 ls
1419 2333 1491 2360 cnim
1510 2331 1556 2366 qui
1585 2329 1753 2365 profundum
1782 2327 1825 2353 iu-

1036 2387 1140 2415 crepat,
1156 2382 1237 2416 eique
1248 2381 1325 2412 dicit,
1340 2379 1467 2406 Desolare
1494 2379 1533 2404 δτι
1551 2384 1578 2404 et
1595 2377 1665 2403 banc
1690 2380 1717 2402 ct
1742 2379 1824 2401 creti--

1034 2437 1080 2456 ras
1110 2429 1228 2455 haereses
1256 2426 1442 2456 oblitteravit,
1469 2424 1570 2458 quippe
1603 2430 1663 2457 qum
1688 2421 1822 2456 plaulalio

1033 2479 1135 2504 essent,
1151 2481 1233 2508 quam
1251 2472 1331 2499 Pater
1343 2471 1463 2499 cceiestis
1481 2471 1555 2498 nullo
1566 2477 1685 2504 unquam
1698 2474 1821 2502 tempore

1032 2520 1205 2555 plantavcrit.

1330 2587 1406 2614 CAP.
1424 2585 1507 2613 XXX.

1190 2643 1330 2670 Tricesima
1352 2644 1468 2674 Itan-esis,
1483 2641 1676 2668 Valentiorum.

1068 2701 1167 2729 Valens
1182 2702 1293 2736 quidam
1307 2702 1394 2728 Arabs
1423 2701 1531 2727 natione
1560 2700 1644 2726 fuisse
1661 2699 1749 2726 fertur
1762 2719 1768 2729 ,
1784 2707 1816 2726 (εκ

1031 2753 1085 2781 quo
1099 2747 1200 2779 evenit,
1218 2751 1249 2773 ut
1260 2747 1320 2782 ejus
1337 2746 1449 2774 haeresis
1464 2746 1489 2773 iu
1508 2745 1636 2772 Bai-albis
1656 2745 1815 2779 pullularet.

224 2797 245 2812 ⁸³
254 2798 375 2835 ΡΜΠΡΡ-
393 2810 423 2836 Η,
438 2803 464 2838 ὅ.
478 2804 504 2832 ’7.
543 2806 566 2822 ⁸⁵
578 2807 657 2835 Joan.
671 2817 726 2841 xvr,
740 2809 785 2836 28.
824 2811 846 2826 "
861 2811 934 2839 Psal.
962 2814 1076 2847 xvut,6.
1115 2814 1138 2830 δ’
1156 2814 1250 2842 Matth.
1270 2823 1361 2846 xxvtn,
1380 2816 1423 2844 t‘).
1463 2817 1483 2832 "
1500 2815 1550 2842 lsa.
1567 2823 1639 2848 xuv,
1653 2815 1700 2844 27.

224 2864 279 2899 (έὸ)
297 2865 427 2903 S.Cyrilli
446 2872 472 2899 in
491 2873 665 2909 Evangelium
691 2877 810 2905 Joannis.
843 2878 969 2914 Euthym.
993 2881 1034 2908 tit.
1050 2890 1075 2909 χ.
