1927 3085
104 143 183 173 1361

751 149 950 180 THESAURI
973 152 1049 182 LIB.
1069 153 1120 183 IV.

1677 152 1755 185 1303’

103 197 188 224 Sunt
214 203 306 225 autem
336 198 453 235 Bacatha
475 200 670 235 Metrocomia,
692 202 745 231 hoc
778 209 820 232 est
846 205 903 239 pri-
918 207 1039 236 Aedidit
1066 207 1281 242 multitudinem,
1301 209 1445 246 [Egyptius
1471 217 1581 244 genere,
1599 210 1738 236 sanctissi-

100 244 230 270 marium
248 245 388 279 oppidum,
405 247 464 282 ejus
482 247 659 283 Philalphias,
677 258 738 286 qua:
757 251 785 278 in
799 252 899 279 Arabia

101 295 190 317 trans
215 290 362 319 Iordanem
387 293 437 320 sita
459 298 511 321 est.
536 295 637 322 Eadem
667 297 759 332 itaque
782 297 899 326 Valentii

103 343 225 371 quoque
240 337 273 364 de
293 338 435 373 principiis
453 344 480 367 et
497 342 678 375 potestatibus
695 352 756 370 cum
777 344 902 372 Archon-

105 381 189 414 tieis,
206 382 355 415 Sethianis,
376 388 404 412 et
429 386 535 414 caeteris
550 387 631 422 hujus
653 388 748 416 farina:
765 390 900 417 sentiunt.

106 426 190 454 Sunt
217 433 307 456 autem
325 437 422 458 omnes
435 433 556 460 exsecti:
585 435 749 469 prfecipuam
771 437 844 464 enim
874 438 901 465 in

104 480 145 499 eo
164 474 301 502 collocant
318 484 445 510 operam,
470 483 499 505 ut
519 487 601 513 quam
615 481 748 514 plurimos
759 484 902 511 eunuchos

106 515 245 545 habeant.
276 518 418 547 Hominem
437 527 527 549 autem
556 531 748 560 quemcunque
765 527 824 553 suis
839 528 902 554 riti-

106 561 167 589 l-us
183 568 211 590 et.
227 564 394 593 cerimoniis
409 567 574 596 initiandum
599 572 786 606 susceperint,
817 575 902 603 nullis

107 607 246 634 animatis
269 610 341 637 vesci
366 613 546 645 pertnittunt,
563 616 693 649 quamdiu
710 617 836 651 pudenda
853 620 902 646 ba<

109 653 222 681 bnerit.
239 655 344 687 Quibus
360 654 466 686 'ablatis
485 667 616 694 persuaso
628 663 684 697 jam
700 664 742 690 vel
758 665 840 692 etiam
855 673 902 692 co-

108 703 176 726 acto
194 700 345 736 discipulo,
365 703 452 731 libere
469 711 524 732 tum
537 726 544 739 ,
564 712 590 734 et
606 715 638 734 ex
654 709 738 736 animi
766 712 903 739 sententia

108 745 251 780 quidquid
280 748 405 776 arriserit
429 751 511 778 edere
534 753 718 786 permittunt:
749 756 811 790 quia
835 757 902 792 jam,

109 795 143 817 ut
171 791 222 826 ipsi
240 793 334 827 aiunt,
354 803 367 821 a
386 798 536 825 certamine
560 798 631 826 liber
646 804 673 826 et
688 802 834 836 expeditus
849 808 900 830 est.

110 837 171 864 Nec
189 839 306 873 amplius
320 848 382 868 eum
397 842 424 868 in
441 844 578 877 pathicam
604 846 746 873 libidinem
777 848 901 875 ciborum

109 883 222 911 deliciis
238 885 463 920 desputnaturum
479 891 665 925 suspicantur.
693 893 750 920 Nec
767 894 816 921 hos
830 895 901 922 duu-
921 877 940 904 Β

111 934 191 956 taxat
208 931 250 958 his
267 932 389 960 afliciunt
412 936 511 968 modis,
533 937 578 964 sed
595 938 657 965 etsi
673 939 734 973 quis
761 945 905 968 transeun-

111 976 183 1002 tium
197 977 230 1003 ad
244 986 291 1005 eos
306 979 422 1007 divertat
433 1002 440 1013 ,
463 982 538 1009 illunt
560 990 633 1011 Intro
645 986 775 1013 revinctis
791 995 805 1013 a
827 992 903 1022 tergo

112 1021 243 1048 manibus
268 1023 424 1058 abripiunt,
452 1031 564 1062 tumque
595 1028 620 1055 vi
645 1029 788 1064 pudendas
813 1021 904 1066 partes

112 1073 234 1094 tXSCCﬂH
240 1072 258 1095 ῐ.

257 1124 390 1155 IItt'reseos
412 1130 581 1162 procedentis
596 1132 749 1167 confutatio.

150 1181 334 1212 Exsecrandis
366 1185 518 1215 hzrresibns
549 1190 720 1218 accensenda
743 1191 853 1219 videtur
877 1197 904 1220 et

115 1225 174 1258 illa,
194 1235 255 1262 quae
271 1229 460 1258 Valentiorum
473 1237 526 1265 est,
539 1234 640 1269 quippe
657 1243 718 1270 quae
733 1244 787 1263 non
815 1237 904 1264 solum

115 1271 259 1307 principiis
271 1279 297 1302 et
310 1278 490 1310 potestatibus
502 1287 516 1305 a
533 1280 586 1306 Deo
601 1282 701 1309 creatis
730 1281 905 1318 totinshujus

105 1318 308 1348 universitatis
328 1323 594 1352 administrationem
611 1329 779 1354 concredat:
799 1329 846 1355 sed
861 1329 904 1356 di-

117 1363 189 1390 vinis
206 1366 287 1392 etiam
300 1368 435 1402 dogmatis
446 1371 609 1405 refragetur.
635 1372 683 1399 Illa
697 1373 770 1400 enitn
787 1373 819 1400 ad
836 1374 905 1409 legi-

118 1411 176 1434 trmz
188 1416 200 1434 s
213 1411 321 1443 nuptias
335 1413 507 1442 exhortantia
525 1416 564 1443 sic
579 1418 708 1444 sanciunt
724 1427 731 1445 :
751 1419 866 1446 Crescite
879 1424 905 1446 et

119 1453 342 1488 multipl'cumiui,
359 1463 382 1484 et
402 1460 498 1492 replete
513 1465 612 1489 terram
630 1463 663 1490 ³⁸.

155 1500 271 1528 Valentii
295 1511 358 1529 vero
374 1505 462 1532 modis
475 1508 606 1535 onmibus
618 1511 776 1538 exsecrandi
795 1512 905 1545 puden-

117 1545 441 1585 dorum-exsectioncm,
472 1553 522 1580 hoc
543 1560 583 1582 est
612 1564 758 1586 commune
783 1560 906 1587 otnnium

119 1593 262 1626 exsilium,
288 1605 453 1633 magnopere
478 1602 620 1630 extollunt.
641 1603 756 1632 Proinde
768 1606 789 1632 si
811 1613 906 1633 eorum

119 1638 310 1669 deliramentis
332 1652 428 1671 omnes
455 1646 524 1674 forte
551 1648 660 1677 fortuna
686 1652 904 1685 subscriberent,

120 1684 279 1714 hominibus
303 1689 374 1716 haud
393 1691 477 1719 dubie
500 1698 571 1720 terra
588 1695 744 1727 orbarelur,
772 1697 906 1725 ferarum-

121 1739 173 1764 que
189 1732 319 1760 duntaxat
349 1736 510 1765 babitationi
534 1746 650 1773 pateret.
666 1742 806 1770 Caeterum
823 1753 906 1779 quam

122 1778 239 1822 exsectio
266 1779 332 1810 illa,
361 1789 413 1815 qua
442 1790 475 1810 ex
501 1784 658 1813 hominibus
684 1789 804 1815 eunuchi
827 1778 905 1822 fiunt,

122 1821 200 1848 laude
215 1823 250 1851 sit
270 1824 391 1860 indigna,
411 1828 544 1857 Dominus
562 1831 587 1857 in
600 1832 753 1867 Evangeliis
764 1838 908 1863 attestatus

121 1871 172 1899 est,
186 1868 260 1895 illam
270 1872 354 1897 solatii
378 1873 494 1906 probans
510 1883 570 1909 qua:
588 1882 698 1911 propter
712 1886 825 1911 regnum
853 1889 908 1909 ca:-

121 1912 207 1940 lorum
224 1914 315 1942 ﬂeret:
333 1925 393 1951 qua:
405 1919 514 1953 quidem
530 1921 643 1950 frenatis
657 1923 801 1952 affectibus
814 1927 907 1960 potius

122 1965 200 1992 quam
216 1962 350 1995 pudendis
367 1966 522 1993 resecano‘is
534 1967 608 1997 effici
623 1970 702 1997 solet.

156 2005 263 2040 Alioqui
286 2016 350 2036 vero
366 2018 428 2037 cum
445 2013 526 2039 varia:
551 2014 607 2041 sint
628 2016 777 2044 atfcctuum
790 2019 906 2053 species,

123 2053 259 2099 corporeis
282 2055 383 2084 idereo
421 2059 672 2088 conabinationibus
695 2062 906 2099 haudquaquam

124 2097 384 2130 circumscribuntur
420 2104 547 2138 (quorum
576 2108 686 2135 invitatu
711 2097 906 2140 abstinentiam

125 2142 282 2173 insolentius
312 2148 364 2175 sibi
394 2149 534 2178 vindicant
554 2153 693 2189 Valentii),
725 2156 773 2183 sed
791 2158 905 2186 ava'itia

124 2194 238 2237 quoque,
250 2191 623 2230 invidia,ambitione,luxu,
639 2204 666 2226 et
686 2202 790 2228 caeteris
814 2203 909 2237 hujus-

125 2233 192 2284 modi
209 2241 344 2270 Constant,
358 2240 458 2274 quibus
479 2241 513 2269 ad
531 2244 680 2278 nequitiam
696 2246 815 2275 fenestra
836 2233 905 2284 pan-

124 2279 202 2330 ditur.
222 2281 255 2309 Ut
267 2288 370 2312 taceam
390 2287 552 2316 miserorum
567 2296 740 2319 exsectorum
763 2279 906 2330 plerosque

125 2324 198 2361 longa
214 2327 258 2355 die
286 2329 315 2356 in“
339 2332 433 2365 ganeis
451 2333 652 2367 deprehensos.
681 2337 726 2364 ubi
744 2324 907 2368 mulieribus

127 2377 220 2405 pra-ter
235 2380 358 2404 natuer
376 2379 450 2406 Vil‘OS
472 2388 500 2407 se
518 2386 696 2415 pnestarcnt:
717 2384 771 2411 imo
782 2393 858 2419 V8l'0,
877 2391 907 2414 ut

128 2419 159 2446 ita
181 2421 435 2453 dicam.muliebria
447 2433 624 2462 paterentur;
652 2431 767 2466 aliisque
783 2436 837 2460 tam
856 2441 906 2467 pa-

129 2466 193 2494 thice
217 2469 443 2499 obsetenitatibus
469 2475 570 2502 addicti
595 2481 697 2508 essent,
721 2482 750 2504 ut
775 2479 825 2505 viri
849 2466 906 2514 jam

127 2521 177 2547 prae
192 2515 329 2543 semiviris
345 2518 413 2544 nulli
429 2526 513 2554 prope
528 2521 699 2549 viderentur.

435 2575 509 2605 CAP.
525 2577 607 2605 XXXI

146 2617 283 2646 Tricasima
301 2621 386 2654 prima
404 2622 520 2654 hrcresis,
533 2624 663 2660 Origenis.
694 2627 729 2654 Ili
745 2634 889 2664 unguntur.

158 2673 300 2709 Origenes,
318 2677 364 2712 qui
379 2681 406 2704 et
419 2678 598 2707 Adamantius
615 2689 796 2717 cognomento
816 2685 908 2715 dictus

130 2723 214 2750 est,et
243 2719 468 2756 Cotumentator,
488 2724 523 2751 ob
548 2728 809 2757 connuentariormn
837 2739 907 2765 quos

159 2793 179 2811 ⁸⁵
195 2794 263 2821 Gen.
281 2804 298 2828 t,
319 2797 363 2829 ‘22,
381 2798 426 2826 28.
465 2799 487 2814 δ’
502 2799 572 2826 Psal.
589 2809 658 2830 \IJL
679 2802 721 2828 16.

165 2868 276 2902 μεηῐντο
293 2877 346 2904 quo
363 2870 460 2905 vulgus
473 2872 633 2900 Ambrosius
647 2871 739 2899 habet.

955 253 1048 288 mique
1076 255 1204 290 martyris
1229 256 1358 284 Leonidae
1389 255 1459 283 filius
1483 255 1543 282 fuit.
1569 254 1741 282 Alexandriae

953 304 1140 328 commoratus
1156 306 1208 335 est,
1226 302 1273 329 ubi
1298 310 1359 330 cum
1379 307 1406 330 et
1423 301 1555 328 educatus
1581 305 1608 328 et
1627 301 1740 327 edoctus

953 337 1061 377 fuisset,
1076 346 1197 375 Athenas
1213 356 1321 384 quoque
1342 349 1540 383 commigravit,
1559 347 1652 382 ibique
1671 348 1741 374 assi-

954 392 1038 419 duutn
1053 401 1082 420 se
1096 393 1123 420 in
1135 395 1282 429 gymnasiis
1296 395 1449 422 auditorem
1466 394 1600 428 prmstilit.
1621 393 1742 419 Tandem

953 445 1015 465 eum
1035 437 1191 465 Grtecorum
1208 439 1367 473 disciplinas
1393 440 1596 474 perdidtctsset,
1613 438 1744 466 ecclesia—

954 483 1030 510 sticis
1047 491 1156 518 quoque
1170 484 1305 518 dogmatis
1320 486 1441 512 animum
1454 484 1584 512 excoluit.

989 529 1125 556 Cmterum
1149 529 1273 557 Deciana:
1296 530 1496 565 persecutionis
1518 534 1640 564 tempore
1659 528 1743 555 multa

955 575 1000 603 hic
1026 580 1138 610 propter
1161 577 1223 604 fidei
1245 577 1444 603 confessionetn
1469 583 1565 610 passus
1588 579 1630 602 est
1656 584 1661 600 :
1682 581 1743 601 eum

954 621 1087 649 conviciis
1111 622 1254 649 lacessitus
1272 622 1391 648 mediam
1412 629 1460 655 per
1486 621 1582 647 urbem
1613 619 1741 652 trahitur,

955 667 1101 694 tormentis
1132 668 1279 702 objicitur,
1309 667 1487 700 ludibrioque
1523 665 1649 692 habetur.
1686 665 1744 691 All-

956 714 1069 748 quando
1083 713 1169 744 enim,
1184 718 1213 740 ut
1227 713 1365 749 memoriae
1381 713 1519 748 proditum
1538 717 1590 744 est,
1616 719 1679 739 eum
1699 719 1745 738 ca-

955 759 1010 794 pite
1025 759 1168 786 dctonsum
1195 759 1280 787 Graeci
1294 760 1328 794 ,in
1350 759 1468 794 Serapini
1489 758 1582 793 tetnpli
1607 757 1744 785 vestibulo

956 806 1170 836 constituerunt.
1197 806 1222 832 id
1250 805 1372 832 muneris
1398 805 1581 839 imponentes,
1599 804 1747 838 utpalma-

956 859 1017 878 rum
1038 852 1157 878 ramulos
1175 850 1208 877 iis
1227 850 1387 885 porrigeret,
1406 849 1451 884 qui
1471 848 1585 882 Serapio
1604 848 1745 874 adoraturi

958 905 991 924 eo
1019 896 1221 923 ascenderem:
1240 895 1312 930 quod
1332 894 1441 929 quidem
1467 901 1567 919 munus
1589 893 1746 920 sacerdotes

962 943 1098 970 idolorum
1120 942 1198 969 obire
1226 941 1361 969 solebant.
1389 940 1436 967 Ille
1460 947 1526 966 vero
1554 939 1689 973 correptis
1702 947 1746 966 ra-

959 989 1020 1021 mis,
1037 989 1150 1016 elatiore
1162 997 1228 1016 voce
1246 988 1313 1015 nihil
1327 992 1374 1015 aut
1389 987 1493 1014 veritus
1508 990 1554 1013 attt
1567 985 1744 1016 addubitans,

959 1035 1182 1063 vociferabatur:
1208 1035 1305 1062 Venite
1322 1039 1349 1061 ct
1372 1033 1506 1067 accipite,
1524 1040 1579 1058 non
1598 1031 1680 1062 idoli,
1698 1031 1745 1058 sed

958 1081 1077 1113 Christi,
1107 1089 1223 1108 ramum.
1248 1080 1355 1113 Quibus
1381 1079 1473 1106 verbis
1501 1087 1563 1106 mox
1594 1079 1745 1113 iniquitatis

958 1129 1077 1163 operarii
1092 1129 1220 1156 commoti
1237 1127 1375 1162 nptionetu
1393 1131 1560 1162 proponunt,
1580 1132 1671 1155 utrum
1693 1127 1745 1154 da:-

959 1174 1088 1201 monibus
1118 1181 1195 1200 saera
1217 1173 1324 1205 facere,
1357 1181 1390 1200 an
1416 1182 1482 1200 vero
1510 1181 1611 1208 corpus
1636 1173 1747 1200 libidini

958 1218 1095 1254 [Ethiopis
1119 1219 1217 1246 cittwdi
1238 1219 1408 1254 prostituere
1434 1220 1522 1246 malit.
1540 1219 1586 1246 ille
1601 1227 1663 1246 cum
1692 1223 1746 1246 tam

959 1264 1121 1292 sceleratum
1143 1268 1268 1299 stnprttm
1297 1265 1351 1300 pati
1379 1273 1434 1292 non
1461 1271 1569 1299 posset,
1595 1265 1747 1292 miserabili

960 1310 1127 1345 querelaque
1153 1318 1219 1337 voce
1245 1310 1401 1338 sacrificare
1429 1318 1458 1337 se
1484 1310 1564 1337 malle
1579 1309 1746 1344 respondit:

959 1356 1032 1391 quod
1048 1364 1110 1383 eum
1142 1357 1223 1390 paulo
1250 1361 1312 1392 post
1340 1358 1484 1384 immutata
1502 1356 1637 1384 sententia
1657 1356 1747 1383 facere

960 1401 1158 1434 detractasset,
1188 1402 1228 1429 illi
1256 1403 1395 1437 prioribus
1433 1403 1577 1438 promissis
1603 1403 1747 1434 instantes,

960 1447 1090 1483 imposito
1104 1449 1231 1477 manibus
1245 1450 1304 1485 ejus
1321 1450 1421 1482 thure,
1438 1450 1525 1477 sacris
1548 1449 1574 1476 id
1590 1449 1694 1484 imponi
1709 1448 1750 1476 f'o-

959 1495 999 1521 cis
1011 1495 1154 1529 imperant.

920 1538 941 1568 C
994 1540 1070 1572 Quod
1088 1549 1149 1567 eum
1167 1541 1294 1573 fecisset,
1307 1541 1341 1568 ab
1362 1540 1492 1568 omnibus
1514 1540 1666 1569 Christiani
1682 1541 1749 1577 dog.

958 1586 1041 1612 matis
1065 1586 1270 1614 eonfcsso:ibus
1299 1591 1326 1613 et
1352 1587 1519 1622 martyribus
1544 1587 1692 1621 explosus,
1721 1592 1749 1614 et

958 1631 1081 1659 Ecclesia
1097 1633 1202 1667 ejectus
1218 1637 1269 1659 est.
1287 1633 1410 1661 Tandem
1425 1641 1488 1660 cum
1507 1637 1611 1660 tantum
1628 1633 1748 1660 dedecus

959 1677 1029 1705 ferre
1042 1686 1094 1705 non
1112 1683 1213 1713 posset.
1227 1679 1390 1706 Alexandria
1401 1687 1428 1706 se
1443 1679 1470 1706 in
1488 1679 1662 1706 Palmstinam
1680 1677 1761 1706 con?

959 1724 1030 1753 tulit.
1047 1725 1090 1751 ubi
1106 1729 1216 1759 rogatus
1228 1725 1262 1752 ab
1274 1726 1523 1760 llierosolymitano
1536 1725 1622 1756 clero,
1636 1729 1666 1752 ut
1679 1732 1748 1752 con-

959 1770 1065 1796 cionem
1086 1770 1204 1804 aliquant
1226 1770 1340 1797 haberet
1361 1770 1507 1805 (siquidem
1525 1771 1557 1796 ad
1577 1769 1749 1804 presbytera-

959 1820 1004 1842 tus
1019 1815 1145 1841 ordinent
1171 1807 1317 1850 antequam
1335 1815 1503 1842 sacrificaret
1518 1816 1633 1842 allectus
1649 1815 1747 1850 fuerat)

959 1861 1093 1892 surrexit,
1107 1866 1134 1888 et
1146 1870 1160 1888 e
1181 1861 1321 1888 tricesimo
1337 1870 1410 1888 nono
1427 1862 1534 1889 l’salmo
1547 1862 1620 1888 hunc
1635 1870 1745 1889 versum

958 1906 1082 1934 recitavit
1101 1916 1107 1934 :
1127 1907 1262 1934 Peccatori
1284 1912 1372 1934 autent
1399 1908 1465 1935 dixit
1489 1908 1567 1940 Deus,
1586 1907 1619 1935 Ut
1643 1908 1707 1942 quid
1721 1913 1747 1934 tu

958 1954 1065 1988 exponis
1079 1954 1200 1989 justitias
1214 1963 1300 1983 meas.
1315 1958 1339 1980 et
1355 1955 1468 1981 assumis
1487 1958 1673 1981 testamentum
1693 1963 1747 1981 mc—

961 2007 1005 2025 tun
1018 2000 1044 2025 in
1061 2007 1106 2025 ore
1119 2004 1163 2026 tuo
1176 1999 1222 2025 "1’
1246 1999 1446 2034 confestimque
1462 1999 1564 2026 librum
1591 1999 1691 2026 clausit
1720 2003 1748 2025 et

959 2046 1078 2073 reddidit
1095 2054 1102 2072 :
1133 2049 1214 2080 amne
1241 2047 1267 2072 in
1282 2045 1400 2080 gemitus
1415 2049 1441 2072 et
1466 2045 1601 2080 lacrymas
1621 2052 1747 2078 proram.

958 2099 1036 2126 pens,
1052 2091 1180 2118 omnibus
1194 2091 1217 2118 ei
1233 2090 1501 2126 collaerymantibus,
1519 2098 1596 2117 suam
1612 2098 1641 2117 se
1659 2089 1685 2116 in
1704 2097 1748 2116 se-

958 2137 1020 2164 dem
1039 2137 1153 2171 recepit.
1169 2137 1266 2164 Postea
1280 2144 1342 2163 cmn
1357 2137 1385 2164 in
1401 2136 1614 2163 familiaritatem
1628 2135 1749 2162 venisset

962 2182 1087 2210 llabrosii
1117 2183 1171 2218 (iiii)
1194 2183 1338 2217 cujusdam
1362 2183 1561 2214 lilarcionista»,
1587 2182 1630 2209 vel
1652 2182 1747 2209 Sabel-

962 2228 1039 2259 liani,
1056 2234 1084 2255 ut
1101 2229 1265 2263 quibusdam
1282 2230 1388 2264 placet.
1411 2229 1450 2256 illi
1470 2229 1580 2256 tandem
1598 2229 1746 2263 persuasit,

959 2280 999 2306 ut,
1027 2273 1124 2301 haeresi
1151 2275 1266 2306 relicta,
1297 2275 1426 2303 Ecclesiae
1463 2275 1602 2304 catholicze
1626 2275 1748 2302 adhaere-

960 2326 1059 2348 sceret.
1090 2321 1136 2348 llle
1163 2329 1244 2356 porro
1256 2322 1397 2349 studiosus
1421 2329 1561 2348 sacrarum
1580 2320 1747 2348 Litterarum

958 2366 1056 2397 lector,
1071 2367 1216 2402 Origenem
1245 2367 1360 2402 rogavit,
1381 2372 1410 2394 ut
1428 2367 1488 2394 illas
1506 2367 1747 2401 interpretaretur.

958 2411 1009 2440 llic
1029 2413 1097 2439 votis
1116 2413 1189 2440 illius
1206 2413 1328 2440 facturus
1340 2413 1407 2440 satis
1425 2413 1496 2448 apud
1520 2412 1621 2448 Tyrum
1638 2411 1748 2439 Phaeni-

957 2459 1018 2489 ciaz.
1035 2465 1065 2486 ut
1079 2460 1167 2492 aiunt,
1193 2468 1241 2494 per
1258 2466 1321 2488 octo
1340 2465 1366 2488 et
1379 2460 1475 2494 viginti
1492 2467 1579 2486 annos
1596 2458 1748 2492 Scripturis

956 2505 1173 2539 interpretandis
1190 2514 1301 2541 operam
1315 2507 1435 2534 novavit.
1453 2506 1587 2533 llabrosio
1604 2505 1695 2538 itaque
1710 2504 1749 2530 ci-

956 2549 1042 2582 liatia,
1064 2551 1204 2581 notarios,
1230 2557 1257 2578 ct
1275 2559 1473 2581 amanuenses.
1499 2557 1618 2577 necnon
1639 2549 1747 2575 chartas

955 2603 1017 2622 cum
1036 2597 1148 2631 reliquis
1167 2598 1323 2633 sumptibus
1338 2602 1510 2633 suggerente,
1532 2596 1664 2631 Origenes
1679 2603 1746 2621 cott-

958 2641 1083 2672 tinentia,
1101 2643 1193 2678 vigilia
1212 2649 1240 2670 et
1261 2644 1356 2670 labore
1372 2641 1491 2670 assiduis
1509 2640 1617 2667 tandem
1627 2639 1747 2667 confecit

956 2694 1036 2722 opus,
1053 2692 1081 2714 et
1093 2688 1126 2715 ad
1141 2688 1301 2716 umbilicum
1318 2688 1455 2723 perduxit,
1470 2688 1635 2723 praecipuam
1655 2691 1746 2713 autem

956 2741 1068 2768 operam
1085 2734 1170 2766 dedit,
1186 2735 1219 2762 iis
1231 2742 1291 2770 qua:
1305 2734 1425 2770 llexapla
1435 2733 1575 2760 dicuntur.
1592 2733 1659 2760 Cum
1672 2732 1746 2760 enim
