1927 3085
182 136 250 167 1Ὢ3

807 135 953 166 ΝΞΕΕΤΑΕ
979 135 1182 166 CHONlAT/E

1746 129 1847 162 i304

181 191 315 218 dictiones
341 190 486 217 llcbraicas
499 189 598 217 litteris
610 190 713 217 (Πιερὶς
731 197 783 216 una
806 191 901 225 pagina
919 198 967 217 ex-
981 189 1006 218 Α
1022 191 1155 223 Adamus,
1186 195 1331 225 antequam
1350 193 1486 224 peccaret,
1509 188 1624 223 elligiem
1645 188 1721 215 illam
1743 187 1827 214 divi
1840 200 1846 203 -

181 236 334 270 pressisset,
350 235 432 262 ttnius
443 236 515 262 enim
530 235 590 262 loco
603 235 680 267 duas,
696 239 724 262 ut
737 230 798 269 qua:
812 236 882 262 idem
901 242 966 261 cou-

180 281 310 312 tinerent,
324 280 452 313 habebat,
467 289 529 307 mox
540 281 648 308 tertiam
657 281 698 308 vel
713 282 805 315 potius
820 285 965 308 secundant

179 325 314 359 paginam,
346 324 474 351 nimirum
491 325 607 351 dttortttn
622 329 650 352 et
675 326 848 360 septuaginta
879 325 967 351 Inter-

179 374 296 404 pretum,
310 370 461 406 subjunxit.
486 371 558 398 Duos
571 376 599 398 et
613 372 782 406 septuaginta
801 371 967 404 lntcrpretes

178 416 301 450 Aquilas,
317 416 443 451 Aquilam
460 416 650 452 Symmachus,
670 417 862 452 Symmachum
874 417 965 443 Theo-

179 460 284 493 dotion,
298 465 380 496 atqtte
396 461 432 488 ita
450 461 560 488 demttm
573 460 667 495 quinta
684 461 850 495 sequebatur
866 462 964 488 versio.

179 505 234 533 Hoc
251 506 332 533 modo
345 506 431 534 Vetus
445 514 525 533 omne
539 506 745 533 Testamentum
761 507 818 533 suis
840 506 967 541 llexaplis

178 552 336 586 complexus
349 557 400 580 est.

213 596 247 625 At
264 604 329 623 vero
350 600 389 623 tot
405 597 526 630 talesque
549 596 657 623 labores
684 597 711 623 in
732 596 901 631 explicandis
920 596 964 623 Bi-

177 641 241 668 bliis
271 642 423 668 cxantlatos
454 642 521 668 illttd
553 642 770 676 perniciosorum
809 641 964 677 dogmatum

177 687 351 714 corollarium
371 688 538 715 obscuravit.

212 733 300 768 Atqtte
329 734 404 760 illum
436 734 552 761 fortasse
572 734 645 761 Deus
666 734 861 769 dereliquerat,
892 736 964 770 qttod

178 787 241 806 cum
269 787 344 806 vana:
367 780 460 814 gloria:
487 788 617 814 aurzeque
645 781 768 815 populari
798 781 966 815 aucupandae

178 826 238 859 plus
248 833 326 859 zequo
343 825 480 852 addictum
494 825 620 852 videret:
643 833 698 859 pra:
714 826 792 860 cujus
806 826 898 852 studio
910 825 966 859 pri-

177 871 255 898 stime
284 879 350 904 sum,
367 871 492 905 quamvis
515 872 627 906 privatae
650 871 711 897 vita:
732 870 878 897 insidiatus
892 876 961 898 erat.
978 857 1001 886 Β

178 917 243 943 Nam
260 924 321 944 cum
338 917 422 944 nollet
438 916 578 951 corporeis
600 916 728 943 sensibus
745 917 861 947 titillari,
884 917 962 951 geni-

177 963 239 989 talia
267 962 316 989 sibi
334 962 456 989 membra
483 967 640 989 resccuerat
657 970 663 988 :
681 966 762 996 atque
787 962 914 996 propriis,
934 966 964 988 ut

176 1009 286 1041 quidam
299 1008 405 1041 volunt,
423 1009 550 1036 manibus
565 1017 572 1041 ;
603 1014 632 1035 ut
649 1008 696 1035 alii
711 1028 718 1040 ,
736 1015 819 1043 opera
835 1008 900 1035 Elite
915 1016 964 1035 cu-

174 1055 283 1090 jusdam
297 1055 397 1082 medici
417 1055 584 1090 percelebris
597 1063 672 1082 ttsus.

211 1101 270 1128 Non
289 1101 397 1131 desunt,
414 1101 460 1135 qtti
487 1108 601 1128 nervum
619 1105 825 1132 cremasterem.
854 1100 907 1128 hoc
922 1105 964 1128 est

176 1155 298 1179 eum..ex
323 1154 378 1182 quo
405 1147 525 1174 testiculi
550 1147 715 1181 dependent.
733 1147 866 1174 duntaxat
886 1155 964 1174 exse-

176 1194 265 1220 cttisse
281 1193 403 1220 traduttt.
428 1192 545 1226 Quidam
558 1193 682 1228 apposito
706 1194 853 1228 pltarmaco
873 1198 964 1228 partes

178 1241 236 1267 illas
249 1240 402 1267 exsiceasse
425 1239 606 1266 arbitrantur.
630 1240 827 1267 Aliitnedicam
849 1240 962 1267 herbam

176 1286 310 1321 reperisse
337 1285 458 1317 malunt,
477 1285 556 1320 cujus
575 1285 680 1312 \‘iribus
707 1286 870 1320 Spcrmatica
899 1293 961 1311 vasa

177 1335 387 1359 marcescerent.
421 1330 474 1358 Sed
499 1330 532 1358 de
561 1330 604 1357 his
623 1331 764 1358 hactenus.
793 1330 868 1358 Tttnc
882 1333 964 1366 porro

177 1384 232 1404 sum
245 1377 321 1404 virus
340 1376 476 1403 hmreseos
499 1383 560 1402 cum
590 1375 616 1401 in
634 1376 778 1411 plcrnSque
794 1376 873 1408 alios,
903 1381 960 1403 tum

179 1424 206 1450 io
226 1422 385 1455 monachos,
402 1422 600 1453 anachoretas,
617 1427 644 1448 et
671 1424 800 1450 eremitas
824 1423 964 1459 {Egyptios

165 1468 305 1503 ’spargere
317 1468 418 1502 coepit:
437 1468 491 1495 imo
506 1475 571 1494 vero
586 1467 701 1500 primam
718 1468 864 1495 fettestram
898 1469 963 1495 Ario

1018 246 1079 264 nam
1093 242 1191 264 sartam
1209 243 1317 267 tectam.
1335 237 1386 263 hoc
1407 241 1448 263 est
1463 236 1591 262 omnibus
1610 233 1844 269 integumentis

1018 282 1131 314 nudam,
1148 283 1261 317 solaque
1288 282 1407 308 humana
1419 281 1504 307 forma
1526 280 1678 314 praeditam.
1692 286 1841 306 conser-

1018 328 1109 354 vabat.
1124 329 1158 354 At
1172 335 1237 354 vero
1251 332 1427 362 posteaquam
1447 325 1554 352 Domini
1568 330 1707 360 praecepta
1720 329 1842 350 trans-

1017 379 1127 406 gressus
1142 377 1194 402 est,
1210 371 1334 398 eamdem
1357 371 1429 397 illam
1456 370 1569 396 formam
1587 369 1719 404 perdidit,
1751 376 1840 395 cum

1018 417 1134 451 primum
1154 417 1260 444 scilicet
1282 424 1382 451 corpus
1411 416 1463 442 hoc
1491 415 1580 441 anima
1598 414 1705 445 subiit.
1733 413 1837 448 quod

1020 463 1132 495 quidem
1158 463 1333 497 pellicearum
1353 462 1506 488 tunicarum
1532 462 1642 488 nomine
1661 461 1760 488 sacris
1802 461 1837 486 in

1017 508 1167 542 Scripturis
1192 507 1374 542 significatur,
1392 512 1448 533 tttm
1462 507 1525 542 quia
1545 514 1644 541 corpus
1661 506 1726 536 hoc,
1761 513 1837 539 quo

1017 553 1192 584 ithOltll'ltllt‘,
1211 553 1421 582 resurrectionis
1437 553 1509 579 illius
1523 552 1568 578 die
1587 559 1641 578 non
1661 556 1834 583 resurget:

1016 600 1062 626 sed
1086 600 1203 626 humana
1221 603 1328 626 tanttttu
1350 599 1451 629 forma.
1469 607 1520 633 qtta
1539 598 1641 626 Paulus
1663 597 1737 624 forte
1776 597 1833 622 vel

1015 646 1114 672 Petrus
1131 645 1310 680 dignoscitur,
1327 649 1409 678 atque
1425 645 1494 671 adeo
1509 645 1662 670 extrinseca
1678 642 1725 670 illa
1740 642 1833 676 [ig-I—

1016 697 1044 716 ra
1062 695 1199 724 resurget.
1215 698 1275 724 quze
1289 689 1339 715 sub
1355 689 1441 716 forma
1458 697 1566 726 quaque
1591 688 1830 722 comprehendi-

1016 741 1071 763 tur.
1088 735 1173 762 Porro
1193 735 1345 769 subjectum
1365 734 1452 768 ipsunt
1466 755 1473 764 .
1502 735 1560 761 sive
1583 741 1700 768 corpus.
1719 733 1831 760 baud-

1016 789 1151 817 qttaptam
1177 781 1248 808 idem
1272 781 1391 808 mattebit
1410 788 1417 806 :
1440 780 1594 807 Semiuatur
1617 779 1690 806 enim
1711 788 1829 813 corpus

1018 827 1145 856 nuit/mle.
1162 826 1250 861 inquit
1264 826 1420 859 Apostolus,
1444 833 1588 860 corpusque
1606 824 1749 860 spirituale
1772 833 1828 850 n3-

1015 873 1098 907 surgit
1111 872 1144 899 “.
1158 872 1332 906 Quapropter
1352 879 1466 898 necesse
1493 875 1546 902 est.
1563 875 1593 897 ut
1621 871 1827 898 resurrectio-

1014 926 1077 946 nent
1097 920 1123 945 in
1141 919 1198 946 sola
1223 918 1309 944 forma
1326 918 1445 946 futuram
1464 925 1622 952 speremus,
1637 917 1665 944 in
1679 917 1826 952 subjecto

1014 972 1089 995 vero.
1104 972 1157 990 non
1176 964 1251 990 item.

1051 1008 1110 1035 llrec
1126 1015 1189 1036 sunt
1216 1017 1275 1044 quae
1285 1009 1417 1042 Origenes
1445 1010 1477 1037 de
1501 1010 1653 1037 animarum
1677 1009 1822 1044 praet-Xsi.

1015 1055 1127 1086 stentia,
1143 1059 1170 1081 et
1188 1056 1390 1083 resurrectione
1406 1056 1546 1082 disseruit.

1050 1100 1123 1127 idem
1143 1101 1332 1135 ἁλληγορικῶς
1356 1101 1447 1128 omnia
1459 1102 1600 1136 explicare
1617 1105 1735 1129 conatus
1751 1107 1818 1130 est.

1015 1147 1181 1182 paradisum.
1198 1147 1320 1181 inquam.
1334 1150 1361 1174 ct
1372 1155 1466 1181 aquas,
1481 1151 1612 1182 tam'quze
1623 1146 1705 1179 infra,
1721 1156 1820 1182 quam

1017 1201 1076 1228 quae
1094 1201 1177 1227 supra
1193 1193 1395 1220 ﬁrmamentum
1411 1201 1471 1220 esse
1489 1193 1626 1220 feruntur.

1050 1240 1084 1267 Ut
1102 1247 1157 1266 uno
1174 1239 1258 1266 verbo
1273 1239 1424 1270 absolvam.
1452 1244 1535 1266 totam
1552 1239 1726 1274 Scripturam
1742 1248 1817 1275 per—

1015 1286 1110 1316 vertit,
1131 1285 1272 1320 futurique
1295 1285 1363 1312 adeo
1379 1286 1469 1312 szeculi
1486 1286 1653 1320 supplicium
1683 1291 1817 1320 tempore

1016 1338 1091 1359 certo
1105 1332 1232 1366 prmlmit,
1252 1332 1342 1358 locutu
1361 1331 1436 1358 illum
1455 1332 1529 1358 Panli
1543 1333 1659 1366 apostoli
1674 1333 1744 1360 male
1766 1332 1814 1359 in-

1017 1379 1150 1414 telligens,
1174 1386 1228 1412 quo
1258 1377 1293 1404 ita
1323 1377 1469 1407 scribitur.
1501 1377 1711 1412 Uniuscujusque
1739 1386 1816 1413 opus

1016 1424 1094 1459 quale
1107 1428 1143 1449 est
1161 1423 1228 1456 ignis
1244 1422 1374 1457 probabit,
1386 1422 1440 1456 ipse
1456 1426 1542 1448 autent
1559 1422 1636 1456 quasi
1651 1429 1697 1456 per
1717 1422 1813 1456 ignem

1014 1469 1158 1496 servabitur
1172 1468 1195 1484 ³⁸

178 1515 295 1548 aperuit,
321 1514 480 1548 ueterisque
509 1513 666 1546 sceleratis.
691 1514 737 1548 qui
775 1519 838 1541 sunt
868 1514 961 1541 Arium
979 1526 999 1554 ο
1052 1515 1109 1542 Alia
1129 1515 1241 1549 insuper
1264 1513 1395 1540 nonnulla
1421 1517 1554 1548 nugatur,
1574 1517 1602 1540 et
1627 1513 1812 1544 deblatterat.

177 1560 328 1588 subsecuti.

215 1604 240 1630 1.
277 1603 367 1630 Ausus
383 1603 455 1631 enim
478 1608 519 1631 est
545 1612 684 1635 asserere,
707 1605 778 1639 quod
803 1605 963 1640 Uttigettilns

178 1650 285 1677 l‘atrem
305 1649 399 1677 videre
426 1658 479 1677 non
507 1651 593 1685 possit
619 1659 626 1677 :
657 1658 746 1685 neque
771 1651 835 1678 item
862 1651 960 1678 Filium

178 1695 298 1730 Spiritus
317 1704 326 1723 :
347 1704 436 1731 neque
461 1697 591 1732 Spiritum
622 1697 708 1732 angeli
723 1717 730 1728 .
753 1705 842 1732 neqtte
880 1698 962 1724 homo

179 1742 290 1777 angelos
305 1742 399 1770 videre
412 1748 505 1777 queat.

212 1789 240 1816 2.
278 1788 355 1821 Item,
371 1789 467 1816 Filium
481 1789 588 1816 dict-bat
603 1798 657 1817 non
669 1798 730 1817 esse
746 1798 778 1818 ex
796 1789 884 1817 Patris
899 1790 963 1816 sub-

178 1834 288 1866 stantia,
316 1834 363 1862 sed
383 1836 473 1862 modis
488 1836 616 1863 omnibus
645 1837 764 1863 alienum
781 1837 815 1862 ab
830 1844 878 1868 eo,
897 1836 962 1871 quia

179 1880 311 1908 nimirum
330 1886 438 1909 creatus
457 1882 512 1914 sit,
535 1882 676 1918 Filiusquc
704 1891 752 1918 per
769 1883 882 1917 gratiam
914 1891 964 1910 νο-

181 1929 271 1952 ('etur.

215 1970 242 1998 5.
282 1970 382 1998 Adhaec
402 1972 506 1999 animas
526 1972 685 1999 hominibus
712 1973 882 2008 antiquiores
894 1973 965 2000 aﬂir—

181 2015 284 2048 mabat,
300 2023 361 2050 qua:
374 2016 483 2044 scilicet
495 2018 581 2051 angeli
598 2017 746 2052 aliquando
760 2023 963 2052 potestatesque

180 2062 306 2089 fuerint:
338 2062 448 2090 tandem
481 2071 556 2095 vero.
575 2071 637 2090 cum
656 2069 828 2098 peccassent.
854 2064 881 2090 iu
912 2064 965 2091 hoc

180 2115 291 2142 corpus,
310 2113 438 2143 tanquam
455 2109 481 2135 itt
511 2110 675 2143 ergastulum
695 2110 827 2137 demissas
839 2130 847 2142 ,
863 2113 892 2136 ut
918 2109 964 2137 hic

181 2153 297 2186 primam
309 2153 563 2179 condemnationem
577 2153 777 2187 experirentur.
788 2154 827 2180 Ex
839 2161 893 2188 quo
901 2161 965 2180 eve-

181 2199 232 2230 rtit,
258 2203 287 2225 ut
300 2197 386 2226 Graeci
401 2206 502 2233 corpus
515 2199 599 2233 δέμας
615 2200 743 2231 dixerint.
762 2200 838 2234 rupit
853 2200 882 2226 τὸ
893 2200 964 2227 δέδε-
980 2192 1001 2219 ί)

181 2243 245 2268 σθαι
261 2243 310 2278 τὴν
337 2243 426 2277 ψυχὴν
450 2244 478 2269 ἐν
501 2243 575 2277 αὑτῷ
590 2245 658 2278 (50),
689 2244 741 2273 hoc
765 2249 815 2275 est,
837 2246 910 2279 quod
933 2252 966 2272 eo

182 2294 311 2322 tanquam
325 2288 435 2315 vinculo
444 2289 533 2316 anima
553 2294 723 2317 coercentur.
741 2290 867 2317 Animam
882 2290 964 2317 iidem

180 2334 270 2369 ψυχήν
295 2334 477 2368 appellarunt,
494 2335 538 2361 διὰ
552 2335 581 2361 τὸ
597 2336 699 2362 ἄνωθεν
727 2335 875 2370 ὲψυχέσοαι
889 2356 895 2368 ,
914 2335 966 2363 huc

180 2385 232 2411 est.
247 2381 310 2415 quia
329 2381 438 2408 cmlitus
459 2380 591 2415 inspirata
616 2383 661 2412 sit.
679 2381 753 2416 qttod
778 2381 889 2416 quidem
911 2382 964 2409 sibi

180 2434 265 2454 sacrae
280 2426 437 2454 testimonio
459 2427 563 2463 pagina:
579 2427 742 2463 conﬁrmare
760 2426 879 2454 videtur.
907 2426 965 2453 lloc

180 2474 265 2504 "lllm,
279 2473 425 2509 Antequam
441 2474 606 2505 humiliarer,
619 2481 664 2507 ego
675 2462 780 2506 peccavi
793 2472 827 2502 ⁸ο.
841 2471 875 2498 de
897 2471 965 2506 ipsa.
978 2482 982 2484 Ἴ

182 2520 270 2554 inquit
287 2520 343 2552 ille,
356 2520 446 2547 anitna
464 2519 567 2547 dictum
590 2522 640 2545 est.
657 2518 758 2552 qttippe
772 2525 833 2551 qu'e
853 2518 879 2544 in
897 2517 967 2544 cutio

183 2564 312 2595 t'eccarit.
325 2568 471 2598 antequam
493 2563 520 2590 in
536 2569 650 2596 corpore
677 2562 880 2588 btttniliaretur.
901 2561 964 2587 Item

182 2609 259 2641 illud.
281 2610 445 2640 Convertere,
461 2609 551 2636 anima
571 2615 641 2640 mea,
657 2606 685 2633 in
705 2606 819 2641 requiem
840 2611 914 2632 tuam
929 2606 962 2637 ",

181 2656 283 2690 quippe
298 2663 360 2690 qua:
382 2655 465 2682 rebus
481 2656 509 2682 in
532 2654 583 2681 hac
607 2653 661 2680 vita
682 2652 752 2680 bene
764 2652 847 2686 gestis
861 2651 893 2678 ad
908 2652 965 2686 pri-

183 2702 281 2728 s'inam
297 2702 419 2736 requieta
434 2700 512 2736 quasi
522 2699 683 2736 postlimitto
699 2699 810 2730 redeat;
830 2702 886 2724 ttttu
901 2699 964 2732 quia

218 2769 240 2783 "°
251 2768 322 2796 Psal.
334 2775 426 2800 cxvut.
437 2767 481 2795 67.
520 2768 540 2784 “
557 2767 628 2794 Psal.
640 2774 712 2797 c'm',
730 2766 755 2792 7.

809 2764 854 2790 “l
871 2763 934 2790 Cor.
950 2772 993 2793 xv.
1017 2764 1060 2790 4i.

1017 1568 1076 1596 quae
1093 1568 1126 1587 tte
1141 1560 1262 1586 scribere
1277 1559 1386 1593 quidem
1403 1558 1548 1585 honestum
1562 1558 1630 1585 mihi
1647 1558 1770 1585 videtur.

1053 1606 1109 1633 lloc
1129 1611 1218 1633 autem
1234 1606 1261 1632 in
1290 1612 1394 1632 summa
1415 1604 1562 1631 dicendum
1584 1609 1637 1636 est,
1654 1604 1810 1639 Origencm

1018 1653 1044 1680 iu
1061 1652 1181 1687 physicis
1197 1651 1391 1683 theorematis,
1408 1658 1560 1685 eorumque
1578 1650 1726 1683 allegoriis,
1741 1658 1813 1676 nec-

1020 1707 1074 1726 non
1093 1698 1119 1724 in
1137 1702 1191 1724 tota
1214 1696 1308 1724 morali
1335 1696 1479 1730 disciplina
1508 1696 1650 1722 doctorem
1677 1695 1812 1721 omnibus

1018 1742 1237 1778 acceptissimum
1272 1741 1641 1774 accommodatissimumque
1657 1739 1752 1772 fuisse,
1767 1744 1810 1766 at-

1017 1797 1070 1824 que
1085 1789 1153 1816 adeo
1165 1796 1239 1819 eum,
1256 1787 1302 1822 qui
1316 1787 1452 1814 virtutum
1466 1787 1623 1813 actionibus
1642 1794 1671 1812 se
1686 1786 1810 1812 maxime

1017 1836 1140 1863 omnium
1158 1838 1308 1860 exerceret.
1323 1833 1408 1867 lluitts
1424 1833 1496 1859 enim
1514 1832 1637 1859 exercitii
1652 1832 1744 1859 studio
1764 1832 1810 1859 vi-

1019 1885 1072 1906 tam
1085 1887 1169 1914 ncque
1183 1880 1251 1906 adeo
1269 1878 1420 1909 excolebat.
1436 1883 1466 1904 ut
1490 1883 1585 1912 pectus
1608 1878 1667 1913 ejus
1680 1899 1686 1909 .
1698 1885 1810 1912 ‘quem-

1017 1926 1048 1952 ad
1062 1925 1163 1952 nodum
1191 1925 1280 1953 aiunt.
1302 1932 1357 1958 prae
1377 1924 1461 1951 nimia
1476 1924 1515 1951 rei
1536 1924 1726 1958 cujuscunque
1745 1923 1810 1950 ani-

1020 1977 1099 1998 mata:
1128 1970 1295 1997 continentia
1325 1974 1352 1996 et
1367 1969 1532 1997 abstinentia
1553 1970 1697 1997 exciderit.
1719 1969 1752 1996 At
1781 1969 1809 1996 in

1020 2025 1083 2043 vera
1101 2016 1171 2048 fide,
1190 2016 1278 2050 iisque
1308 2016 1476 2049 disciplinis,
1495 2023 1556 2050 qua:
1583 2017 1714 2050 majorem
1737 2023 1809 2042 con-

1020 2061 1236 2095 templationem,
1253 2065 1334 2093 atque
1350 2059 1375 2086 iu
1392 2059 1489 2093 primis
1501 2060 1692 2094 theologicam.
1713 2061 1808 2094 requi-

1021 2112 1096 2138 runt,
1122 2106 1245 2133 omnium
1272 2110 1405 2140 quotquot
1431 2105 1507 2132 illum
1533 2111 1752 2140 prtecesserunt,
1781 2110 1810 2132 et

1022 2153 1109 2180 εοΙιιῑ
1129 2158 1202 2185 sunt.
1220 2152 1451 2179 absurdissimum
1467 2159 1496 2178 se
1514 2151 1651 2186 praestitit.

1165 2221 1299 2248 ereseos
1315 2219 1485 2255 prtrcedentis
1500 2219 1656 2247 confutatio.

1052 2287 1277 2323 Sapientissimus
1300 2286 1434 2321 Origenes
1457 2287 1611 2314 Salomonis
1633 2287 1807 2313 exhortatio-

1016 2342 1079 2360 nezn
1097 2331 1308 2367 parvipendens.
1323 2340 1376 2366 qua
1392 2333 1428 2359 ita
1445 2332 1578 2366 lnquitur.
1595 2332 1626 2359 In
1639 2332 1808 2367 ntttltiloquio

1015 2388 1068 2406 non
1085 2379 1167 2406 deerit
1182 2382 1316 2412 peccatum
1330 2379 1363 2410 ⁵⁸,
1381 2386 1434 2404 non
1458 2378 1577 2405 advertit
1600 2386 1645 2408 se.
1660 2378 1724 2404 dttm
1745 2379 1807 2404 uni-

1014 2432 1122 2452 versam
1143 2424 1210 2458 legis
1225 2428 1253 2450 et
1281 2423 1374 2458 gratiae
1393 2423 1562 2457 Scripturam
1581 2423 1760 2458 pervestigat.
1779 2423 1805 2450 in

1015 2470 1148 2496 absurdas
1161 2469 1342 2503 cogitationes
1359 2473 1388 2495 et
1417 2469 1561 2503 opiniones
1579 2468 1718 2495 inauditas
1737 2477 1805 2502 pne.

1015 2515 1126 2548 cipitetn
1144 2514 1273 2541 int-Edisse
1285 2534 1291 2543 .
1309 2515 1363 2540 imo
1377 2522 1443 2540 vero
1456 2514 1555 2541 alicubi
1572 2514 1672 2540 divinis
1693 2515 1804 2548 dogma-

1015 2560 1050 2588 tis
1067 2561 1149 2594 impia
1165 2565 1193 2587 et
1209 2560 1322 2595 profana
1340 2561 1534 2594 pcrmiscuisse
1546 2580 1552 2592 ,
1570 2560 1804 2594 quemadmodum

1019 2612 1051 2631 ex
1068 2604 1100 2630 iis
1113 2612 1173 2638 quae
1189 2612 1271 2639 supra
1288 2605 1501 2632 memoravimus
1519 2605 1607 2632 cuivis
1628 2604 1731 2631 volenti
1763 2605 1803 2631 di-

1018 2658 1096 2678 scere
1109 2650 1181 2677 licet.

1055 2696 1121 2724 Nam
1137 2696 1182 2731 qui
1201 2696 1256 2723 ﬁeri
1276 2695 1374 2731 possit.
1397 2700 1427 2723 ut
1443 2700 1551 2723 creatus
1580 2696 1627 2723 Dei
1650 2694 1737 2724 Filius
1762 2695 1804 2723 di-

1099 2764 1121 2778 "
1139 2763 1263 2794 lCorttt,
1287 2764 1327 2789 l3.
1373 2765 1395 2780 5"
1419 2764 1499 2791 Prov.
1518 2772 1543 2795 ς,
1565 2765 1604 2791 l0.

219 2838 274 2871 liii!)
283 2838 452 2866 Platonicum
472 2839 569 2873 dogma
587 2837 620 2865 de
642 2837 737 2865 inferis
751 2836 813 2864 vide
828 2835 899 2871 apud
921 2836 991 2862 Macr
1011 2835 1058 2862 li'n.
1074 2844 1088 2864 ιλ
1109 2836 1133 2862 in
1153 2834 1243 2862 Somn,
1257 2834 1328 2869 Scip.
