1927 3085
106 133 184 163 lfiU’)

728 134 934 163 'TlIESAUl‘tl
960 134 1031 164 LIB.
1057 135 1095 164 ιν

1666 135 1737 170 1306

100 193 200 218 catur,
223 191 304 222 atque
321 186 530 222 participatione
547 187 643 220 Filius,
659 178 889 223 quemadmodum
911 196 926 222 Α
945 188 986 214 lus
998 209 1004 220 ,
1022 189 1069 223 qui
1091 187 1184 215 Tobiae
1208 187 1354 223 apparuit,
1381 192 1408 215 et
1425 186 1446 214 is
1459 208 1465 219 ,
1498 188 1544 220 qni
1562 187 1664 222 Virgini
1684 188 1736 214 Are

102 234 262 268 prophetae.
282 233 460 268 reliquusque
490 240 650 262 sanctorum
667 234 828 269 catalogus?
849 234 897 268 qui

103 279 237 306 im-tabili
254 279 337 306 etiam
367 285 465 306 natura
483 281 615 314 pra‘ditus
629 301 636 312 ,
661 285 688 308 ct
707 289 719 307 ο
738 281 784 307 Dei
802 286 897 307 natura

101 325 237 351 alienus?
257 325 304 359 qui
330 324 449 358 denique
469 325 552 352 Deum
574 325 685 352 minime
703 325 795 352 videre
824 325 898 351 dice-

101 376 155 397 tur
183 371 215 401 is.
231 371 264 398 dc
289 379 344 405 quo
361 371 481 398 Joannes
498 372 665 406 evangelista
685 371 757 398 clara
775 379 839 397 voce
852 379 898 397 cx-

101 416 238 443 clnmavit
251 425 257 443 :
272 416 305 443 In
317 416 448 451 principio
466 421 523 442 erat
547 416 666 449 Vri-bum,
683 422 706 443 et
719 416 826 442 Verbum
838 420 897 442 erat

102 463 183 496 apud
196 463 289 493 Deum,
305 467 329 489 et
351 463 418 489 Deus
434 469 491 489 erat
515 463 624 490 Verbum
636 464 676 495 u;
697 463 759 490 item
777 471 784 490 :
802 462 896 496 L'ur'ge-

103 509 182 535 nitus
197 508 289 541 Filius,
306 511 350 544 qui
365 514 402 536 est
418 511 444 536 in
461 511 520 536 sinit
533 510 631 541 Putris,
649 510 693 536 ille
707 511 842 536 enarravit
853 509 898 535 ““Y

103 553 169 587 ipse
183 562 292 588 quoque
309 555 434 582 Christus
448 556 502 582 ait:
520 556 574 591 Ego
594 557 620 583 iu
644 557 740 588 Putre,
766 561 789 582 ct
818 556 898 582 Putt’r

103 599 134 624 in
159 607 200 625 me
210 600 242 626 ³⁷.
260 600 344 626 Item:
360 599 411 632 Qui
425 601 492 627 videt
509 610 558 632 me,
583 602 650 628 uidet
665 605 688 627 et
706 602 810 627 Patrem
827 601 860 628 ⁸⁸.

143 644 204 671 Jam
222 652 284 672 veri)
314 646 335 672 si
351 654 411 672 cum
433 647 512 673 Patre
537 647 562 673 iu
580 647 714 681 principio
726 651 795 677 erat,
823 646 897 672 nullo

105 690 192 716 modo
207 695 331 718 creatura
347 697 399 719 cst.
418 692 560 730 creatura:
573 697 646 719 enim
664 701 694 719 ex
709 690 794 719 nihilo
810 693 896 722 inmte.

103 736 279 771 temporique
296 737 425 771 subject.e
436 742 508 764 sunt.

141 780 229 815 Cujus
244 786 333 808 autem
349 784 472 810 essentia
493 788 578 816 caret,
598 784 621 811 is
636 783 772 818 principio
789 788 897 810 creatus

102 834 162 854 non
177 832 228 859 cst,
243 828 290 855 sed
315 836 350 855 ne
374 835 470 856 natura
488 830 598 863 quidem
625 830 746 857 nuitah‘li
764 830 894 864 praeditus

101 877 159 904 est,
173 873 307 907 siquidem
329 874 356 901 in
372 875 506 909 principio
528 880 605 906 erat,
635 876 813 910 ejusdemque
831 884 891 902 cum

103 919 188 945 Patre
207 919 375 950 subslantim.
398 921 514 948 diversa:
527 930 792 956 ver‘o-nequaqttmu.
817 923 893 954 Que-

104 964 189 991 modo
203 965 275 992 enini
301 966 483 1001 Uuigenitns,
508 958 646 999 quomodo
664 967 745 994 etiam
771 967 892 1001 paternis

103 1017 119 1035 e
133 1010 241 1037 sinibus
260 1009 448 1045 inseparabilis
463 1012 474 1038 ?
500 1012 568 1039 Eum
580 1013 653 1039 enim
678 1013 756 1040 Pater
768 1013 838 1048 apud
862 1021 892 1040 se

105 1061 219 1081 manere
244 1063 383 1090 nunquam
411 1057 596 1091 permisisset,
621 1058 667 1091 qui
684 1058 796 1084 «ιιι-εγω
823 1066 837 1084 a
863 1066 891 1084 se

103 1099 266 1128 substantiae
279 1101 384 1132 fuisset.
410 1103 455 1130 hic
471 1109 561 1130 autem
579 1104 701 1138 ejusdem
729 1111 791 1131 cum
811 1104 890 1130 Patre

104 1144 266 1173 substantia:
288 1151 340 1178 est,
353 1148 623 1175 naturaiinmutabili
639 1149 779 1183 prteditus,
795 1155 890 1183 quem~

104 1190 253 1218 admodum
273 1196 301 1219 ct
319 1192 375 1220 ille.

141 1237 194 1269 Qui
222 1238 278 1264 tieri
292 1244 425 1272 pneterea
449 1244 547 1274 potest,
563 1245 591 1266 ut
607 1240 750 1267 invisibilis
763 1240 798 1267 sit
813 1239 892 1266 Pater

106 1283 187 1315 Filio,
203 1283 280 1318 cujus
295 1285 352 1312 lnec
377 1286 459 1312 verba
475 1286 601 1320 leguntur
622 1295 628 1312 :
652 1286 732 1312 Nemo
750 1286 818 1312 norit
837 1285 891 1311 I’u-

107 1335 171 1356 trem
189 1331 238 1357 uisi
264 1330 357 1364 Filius,
374 1335 398 1357 et
414 1332 435 1358 is
460 1333 501 1358 cui
515 1333 623 1359 voluerit
639 1333 720 1359 Filius"
733 1332 847 1358 reuelare
858 1332 892 1362 ",

107 1375 152 1408 qui
168 1376 239 1402 Patri
254 1381 404 1404 co‘eternus
414 1381 465 1409 est,
481 1386 530 1404 nec
545 1378 590 1404 ulli
606 1378 739 1412 principio
748 1378 893 1413 sultjaeet?

106 1429 166 1455 quia
192 1429 236 1448 res
261 1422 287 1448 in
317 1430 398 1449 causa
426 1427 476 1452 est.
498 1423 570 1456 quod
598 1423 750 1457 ignoretur.
776 1431 826 1450 nec
850 1431 893 1450 as—

107 1467 248 1500 pectabilis
260 1466 304 1494 sit.
325 1467 385 1494 1am
402 1468 449 1501 qui
480 1468 536 1494 ﬁeri
559 1473 658 1503 potest,
677 1474 706 1495 ut
735 1477 763 1495 se
781 1468 892 1496 minime

106 1513 178 1539 norit
195 1513 294 1548 ipsum,
309 1513 354 1547 qui
376 1513 437 1540 aliis
450 1514 617 1548 cognitionis
631 1520 726 1541 auctor
743 1515 807 1542 est?

141 1556 262 1590 Quanam
277 1565 342 1584 vero
362 1558 467 1584 ratione
489 1566 504 1585 a
527 1558 630 1593 Spiritu
655 1568 765 1594 quoque
790 1564 885 1586 sancto

108 1602 204 1629 Filium
223 1603 334 1630 minime
351 1603 436 1630 videri
468 1605 531 1638 quis
558 1606 715 1637 contendat,
745 1613 806 1632 cum
825 1606 889 1632 sub-

109 1648 208 1675 stantia
233 1648 279 1680 sit,
297 1657 357 1684 quae
381 1650 439 1677 solo
457 1650 600 1678 intellectu
624 1652 783 1685 percipitur,
802 1658 890 1686 caque

109 1692 221 1725 inﬁnita,
239 1694 261 1720 si
273 1693 345 1720 vires
357 1695 558 1728 expendamus:
584 1696 745 1726 substantia.
764 1696 888 1730 inquam,

109 1738 277 1771 temporibus
287 1742 314 1764 et
328 1739 434 1766 steculis
459 1741 606 1772 immensa,
626 1749 679 1776 qua
698 1742 804 1768 abunde
819 1742 889 1768 bona

108 1783 159 1810 sibi
176 1784 254 1810 insita
272 1784 386 1819 largitur
399 1805 406 1817 ,
423 1785 446 1812 is
469 1786 587 1821 denique
599 1807 606 1818 ,
633 1795 713 1821 quem
737 1788 827 1814 omnia
839 1788 890 1815 sibi

108 1834 246 1863 expetunt,
261 1838 322 1865 quas
347 1831 428 1857 vitam
444 1839 477 1858 cx
495 1832 655 1866 przescripto
675 1833 785 1860 virtutis
812 1833 890 1860 inslib

108 1880 205 1908 tuunt;
232 1876 266 1902 ad
289 1884 370 1911 quem
387 1877 468 1903 etiam
494 1883 591 1904 cuncta
622 1879 800 1913 confugiunt,
830 1887 890 1914 qua:

108 1922 320 1950 sanctificatione
336 1922 467 1958 indigent,
481 1923 503 1950 is
513 1931 546 1950 ex
559 1932 613 1958 quo
625 1925 891 1951 emtor-orumpmni-

109 1976 151 1994 um
167 1968 298 2002 perfectio
327 1969 474 2003 dependet,
491 1969 513 1997 is
534 1971 581 2004 qui
600 1971 672 1997 nulla
695 1971 720 1997 in
745 1978 773 1997 re
787 1971 889 2003 deﬁcit,

106 2014 151 2049 qui
167 2019 245 2041 vitam
271 2015 440 2049 suppeditat.
466 2016 512 2051 qui
534 2017 673 2044 adilitione
702 2027 755 2044 non
772 2019 891 2052 couiple-

109 2066 161 2091 tur,
174 2060 219 2086 sed
234 2068 342 2095 semper
358 2061 454 2095 plenus
471 2070 478 2094 ;
499 2070 549 2088 nec
567 2063 657 2089 minus
672 2071 752 2097 quam
768 2064 848 2090 Pater
864 2068 892 2090 ct

110 2104 191 2132 Filius
204 2106 337 2141 principio
353 2115 459 2139 carens,
485 2112 512 2134 ct
530 2113 683 2136 cozetcrnus
704 2114 756 2140 est,
780 2110 890 2137 divina-

107 2159 159 2186 que
175 2152 339 2179 rharismata
366 2153 474 2183 dividit.
491 2158 518 2181 ct
544 2154 659 2189 singulis
687 2163 736 2190 pro
757 2156 889 2191 dignitate

948 234 1027 266 dixit,
1045 234 1236 268 Zacharimque
1252 238 1445 267 conccpturam
1470 233 1654 260 lilizabetham
1671 241 1734 267 [πυτ

949 280 1104 312 mmtiavit;
1124 280 1183 313 ipse
1207 279 1327 313 denique
1352 279 1477 306 Christus
1495 283 1581 310 testis,
1603 279 1648 313 qni
1668 287 1735 312 apo-

948 325 1031 352 stolos
1045 325 1086 352 his
1102 326 1192 352 verbis
1206 325 1357 360 increpavit
1371 334 1377 352 :
1403 325 1485 352 Sinite
1504 325 1629 359 parvulos
1647 326 1734 351 veitire.

948 372 985 397 at!
1006 379 1054 397 me.
1082 371 1174 405 Αηῃοιί
1194 371 1263 397 enin:
1285 380 1374 397 eorum
1404 379 1508 405 semper
1527 371 1613 397 rident
1640 371 1734 404 [aciem

951 417 1038 443 Patris
1056 417 1115 446 mci,
1134 417 1178 450 qui
1198 421 1233 442 est
1249 418 1274 443 iu
1290 416 1360 442 ra‘lis
1374 417 1405 441 “.
1427 417 1493 443 ltcul
1510 425 1516 442 :
1541 415 1654 451 Spiritus
1668 416 1736 441 rari—

948 462 1019 491 tatis,
1041 469 1117 495 quem
1140 462 1251 486 mumlus
1277 469 1327 486 nou
1345 465 1427 492 potest
1443 461 1569 494 accipere,
1594 459 1655 493 quia
1684 467 1735 484 nou

946 505 1014 531 videt
1027 513 1085 531 eum
1108 513 1116 531 :
1144 504 1269 540 quoniam
1297 506 1366 537 apud
1383 512 1424 530 eos
1442 504 1577 529 ntunet“.
1602 503 1735 529 Przelerea

948 558 996 584 per
1013 550 1194 584 prophetam:
1217 550 1273 584 Ego
1293 549 1424 576 vobiscum
1454 557 1528 580 sum,
1554 549 1617 574 dicit
1644 548 1736 574 Domi-

947 604 995 622 uus
1006 596 1037 626 "‘,
1055 601 1079 622 el
1096 596 1216 630 Spiritus
1231 604 1317 622 meus.

983 641 1010 668 Si
1040 642 1102 675 quis
1125 641 1208 667 etiam
1226 641 1332 668 animas
1356 641 1520 675 corporibus
1546 639 1735 674 prmevsistere

952 687 1034 717 dit-at,
1057 696 1159 720 easque
1187 688 1343 722 angelorum
1361 692 1388 713 et
1415 687 1547 713 virtutum
1578 685 1736 711 nominibus

947 733 1085 767 dignetur,
1101 733 1212 767 angelos
1235 737 1326 759 autem
1347 733 1373 758 in
1399 737 1540 766 peccatum
1557 731 1647 764 lapsos
1668 738 1732 763 sup—

947 779 1021 814 plicii
1036 779 1095 806 loco
1111 780 1136 804 in
1150 779 1201 805 hoc
1212 786 1312 813 corpus
1326 779 1421 804 missos
1436 785 1506 806 esse.
1521 781 1551 802 ut
1561 777 1603 802 hic
1616 775 1735 810 primum

945 825 1077 860 judicium
1095 824 1202 856 subeat,
1218 823 1330 858 impium
1343 828 1415 849 certe
1428 822 1510 848 fuerit
1522 842 1528 852 ,
1540 826 1568 848 et
1581 821 1660 856 primi
1685 821 1736 846 ho-

946 870 1026 897 minis
1039 870 1171 897 ereationi
1194 876 1359 904 repugnans.
1386 869 1470 895 Vetus
1485 867 1558 893 enim
1583 866 1735 900 eademque

947 918 1038 944 divina
1062 917 1203 950 Scriptura
1222 924 1272 943 nos
1297 916 1389 947 docet,
1411 913 1641 949 quemadmodum
1663 912 1736 938 Ada-

946 972 1032 991 muse
1048 963 1112 989 limo
1129 962 1262 989 formatus
1275 961 1490 989 insnt‘llationem
1507 959 1635 986 divinam
1658 957 1684 984 in
1698 957 1736 983 l'a-

945 1009 987 1036 cie
1018 1017 1066 1036 sua
1095 1009 1227 1035 divinitus
1255 1008 1491 1042 exceperit,quae
1513 1006 1664 1032 etiamnum
1694 1011 1736 1029 ra-

948 1055 1033 1082 tionis
1063 1060 1090 1082 ct
1119 1055 1274 1081 intellectus
1310 1054 1446 1088 particeps
1477 1052 1567 1079 anima
1596 1050 1697 1077 dicitur
1720 1057 1735 1075 a

943 1101 1032 1133 nobis.

982 1146 1115 1181 Origenes
1134 1154 1215 1180 porro
1238 1153 1299 1173 cum
1321 1145 1474 1171 animarum
1492 1140 1735 1178 prwcvsistentiam

947 1193 1108 1224 introducit,
1134 1197 1172 1224 et,
1190 1192 1262 1227 quod
1278 1191 1506 1219 absurdissimum
1529 1195 1579 1219 est,
1596 1195 1641 1215 eas
1655 1195 1738 1222 ange-

949 1238 989 1265 los
1002 1247 1060 1265 esse
1080 1238 1157 1267 dicit,
1186 1238 1231 1272 qui
1258 1242 1369 1272 peccato
1387 1237 1453 1269 lapsi
1479 1237 1589 1268 fuerint,
1609 1237 1634 1263 in
1656 1237 1738 1271 hujus

949 1284 987 1310 rei
1004 1284 1239 1310 confirmationem
1258 1284 1314 1310 haec
1338 1283 1467 1309 Davidiea
1481 1284 1641 1317 proterens:
1659 1283 1736 1308 Prius

946 1338 1024 1364 quam
1039 1330 1204 1361 lmmiliarer,
1222 1339 1266 1365 ego
1287 1330 1389 1364 peccari
1407 1330 1428 1344 ἠ
1443 1337 1449 1361 ;
1471 1329 1548 1359 item,
1568 1329 1734 1359 Convertere,

945 1378 1036 1403 anima
1053 1385 1120 1408 men,
1147 1377 1174 1402 iu
1194 1377 1307 1411 requiem
1326 1382 1398 1402 tuam
1418 1376 1451 1407 εδ,
1474 1375 1606 1409 judicium
1635 1375 1736 1401 (Immo—

934 1431 1016 1463 .nnm
1036 1422 1184 1448 introducit
1200 1427 1261 1448 ante
1280 1427 1395 1455 tempus,
1411 1429 1512 1455 eosque
1532 1421 1658 1455 supplicii
1677 1421 1736 1446 loco

951 1469 978 1495 in
1004 1476 1119 1503 eorpnrc
1145 1469 1315 1495 iunodmtos
1342 1476 1400 1495 cs::e
1427 1468 1503 1497 dicit,
1528 1467 1599 1500 quod
1626 1466 1735 1500 quidem

908 1523 930 1554 ρ
946 1515 1078 1548 judicium
1099 1515 1293 1542 determinavit
1311 1515 1392 1542 Deus.
1410 1518 1440 1540 ut
1466 1514 1566 1540 Paulus
1596 1513 1735 1547 apostolus

946 1563 994 1592 ait,
1023 1569 1072 1588 nec
1090 1561 1136 1587 lllll
1156 1561 1287 1587 tamenin
1317 1561 1389 1587 hunc
1417 1568 1502 1594 usque,
1527 1560 1598 1586 diem
1625 1559 1733 1588 intulit;

943 1609 998 1636 into
1014 1616 1078 1634 vero
1095 1608 1121 1634 in
1144 1611 1319 1634 mortuorum
1337 1606 1580 1636 resurrectionem,
1598 1605 1735 1638 totiusque

942 1654 1035 1681 mundi
1068 1653 1330 1681 consummationem
1360 1653 1510 1680 reservavit
1535 1659 1542 1678 :
1572 1659 1626 1684 quo
1651 1651 1734 1676 etiam

943 1705 1070 1734 tempore
1084 1700 1220 1726 daemones
1247 1699 1272 1724 in
1305 1699 1393 1731 ignem
1425 1698 1587 1724 exteriorem
1607 1695 1733 1725 abibunt,

941 1736 993 1780 qui
1005 1746 1046 1772 eis
1060 1753 1210 1779 eorumque
1239 1744 1366 1779 pra-recto
1382 1748 1549 1778 prmparatus
1567 1747 1618 1774 cst,
1631 1749 1734 1774 eosque

940 1792 1008 1818 adeo
1022 1791 1142 1817 damnati
1160 1791 1286 1817 homines
1309 1790 1525 1818 comitabuntur,
1551 1793 1660 1822 propter
1676 1788 1732 1819 illa,

944 1845 1005 1872 qum
1019 1837 1044 1863 in
1059 1838 1112 1863 vita
1131 1842 1226 1863 contra
1237 1838 1281 1870 jus
1296 1842 1322 1863 et
1337 1843 1445 1870 mquam
1462 1835 1643 1862 admiserunt.

977 1883 1109 1918 Origenes
1136 1892 1201 1918 ergo
1227 1883 1371 1912 fabulatur,
1394 1883 1458 1908 dum
1484 1882 1589 1908 animas
1621 1880 1732 1916 angelos

942 1938 1002 1957 esse.
1023 1936 1134 1965 peccato
1154 1932 1246 1965 lapsos
1271 1931 1417 1959 existimat.
1441 1937 1557 1964 quarunt
1581 1928 1733 1956 substantia

941 1985 973 2004 ex
984 1977 1076 2004 divina
1093 1978 1274 2004 insulilalione
1289 1977 1450 2011 dependeat.

977 2024 1028 2055 Qui
1053 2023 1110 2050 fieri
1137 2023 1222 2049 etiam
1250 2026 1353 2064 potest,
1385 2027 1413 2048 ut
1437 2022 1563 2049 Christus
1581 2028 1680 2055 corpus
1699 2028 1730 2046 ex

945 2070 1126 2105 sanguindms
1154 2069 1283 2104 virgiieis
1305 2073 1487 2101 conum-tum,
1504 2068 1675 2102 animamque
1689 2075 1732 2092 ra—

943 2116 1026 2142 tionis
1047 2121 1074 2142 et
1102 2115 1256 2141 intellectus
1273 2115 1433 2149 participem
1449 2121 1588 2140 assumere
1606 2113 1732 2146 dignatus

944 2162 989 2192 sit,
1003 2162 1024 2187 si
1043 2161 1140 2187 animae
1158 2169 1206 2194 pro
1218 2159 1389 2186 dzemonibns
1406 2164 1517 2194 peccato
1528 2159 1610 2194 lapsis
1628 2159 1732 2186 haben-

110 2203 233 2232 lanquam
251 2198 321 2226 Deus
339 2198 489 2231 diSLribuit,
505 2205 586 2234 prout
613 2201 692 2229 vult:
709 2202 781 2236 quod
796 2203 891 2230 Petrus
908 2200 929 2226 Ῑ)
943 2207 984 2233 die
995 2207 1068 2233 sint?
1080 2206 1216 2236 Christus.
1233 2207 1354 2240 inquam,
1374 2206 1420 2240 qni
1434 2206 1459 2232 in
1479 2206 1609 2232 mundum
1627 2205 1730 2232 idcirco

107 2244 185 2270 ctiam
202 2244 235 2271 iis
249 2248 393 2271 attestatus
412 2250 463 2276 est,
477 2253 538 2280 qua:
552 2245 694 2280 Sapphira:
713 2247 801 2275 dixit:
818 2249 888 2282 Quid

107 2290 198 2325 utique
219 2290 348 2318 convenit
372 2291 450 2318 vobis
468 2295 575 2319 tentare
602 2293 735 2327 Spiritum
753 2294 860 2321 Domini
879 2295 890 2321 ?

109 2335 165 2362 Νοιι·
177 2336 278 2362 mentiti
292 2336 352 2363 estis
374 2337 531 2369 hominibus,
553 2338 599 2364 sed
614 2338 665 2365 [lea
681 2339 714 2365 '°.

140 2379 271 2407 Czeterum
298 2381 409 2415 angelos
432 2383 514 2409 etiam
540 2383 659 2409 divinam
681 2388 708 2411 et
725 2383 889 2412 ineli'altilem

110 2426 376 2460 supersubstantialis
399 2428 551 2456 divinitatis
568 2429 799 2464 pulchritudinem
815 2432 890 2459 velut

110 2474 132 2499 iu
143 2473 251 2507 speculo
263 2474 453 2508 contemplari.
471 2475 546 2510 juxta
565 2477 776 2511 proportionem
789 2485 891 2512 prtem-

110 2519 208 2554 gativat,
231 2527 292 2554 quae
316 2519 387 2547 inter
414 2520 475 2548 illos
507 2528 566 2552 est,
598 2528 628 2550 et
663 2523 889 2551 sanctiﬁcationis

113 2565 226 2594 modum.
245 2573 326 2600 quam
344 2573 358 2592 a
373 2566 475 2600 Spiritu
491 2573 586 2595 sancto
604 2569 718 2600 habent,
732 2578 782 2597 nec
799 2570 889 2597 homi-

111 2620 169 2639 num
182 2612 404 2646 oculos'prorsus
427 2613 563 2648 effugere,
582 2616 658 2642 testis
673 2621 714 2643 est
739 2616 782 2642 illa
803 2616 890 2642 Abra-

110 2658 165 2685 ham
181 2658 361 2693 hospitalitas,
378 2659 456 2687 testis
478 2660 534 2688 hrec
552 2661 664 2689 lllouoagi
679 2663 767 2690 oratio
778 2683 784 2695 ,
805 2662 887 2689 Morte

109 2706 255 2739 ntoriemur,
277 2706 338 2741 quia
355 2707 466 2734 vidimus
489 2708 630 2735 Dominum
642 2710 662 2725 "
679 2718 686 2742 ;
705 2710 782 2737 testis
800 2717 884 2745 ange-

140 2774 159 2790 "
170 2773 247 2802 Joan.
261 2783 279 2802 I.
300 2777 325 2802 ’l.

112 2817 160 2838 aut,
176 2809 218 2835 ‘29..

111 2851 170 2871 ιῖιιιν.
196 2851 215 2870 Α.

362 2778 385 2793 ⁸⁸
406 2778 474 2805 Ibid.
493 2779 534 2809 l8.
573 2780 595 2795 ⁵⁷
613 2780 691 2808 Jonu.
709 2788 764 2807 XIV.
784 2780 826 2806 i0.

258 2812 280 2826 "
294 2812 387 2840 Matth.
402 2822 457 2846 .ux,
478 2815 526 2847 li;
543 2822 616 2847 ιιι-ιιι,
638 2816 679 2842 ίυ.

867 2780 888 2795 ⁵⁵
906 2779 943 2805 lbi
958 2779 975 2804 Ι.
994 2778 1020 2804 9.

720 2815 742 2831 “
757 2816 836 2842 .louu.
857 2824 911 2845 XIV,
927 2815 967 2840 Π.

940 2252 1024 2284 venit,
1044 2256 1072 2278 ut
1087 2252 1240 2278 dzeironum
1257 2252 1402 2286 imperium
1427 2252 1592 2281 destrueret.
1607 2259 1733 2278 commu-

942 2306 1062 2332 nemque
1077 2297 1186 2332 generis
1205 2298 1314 2324 humani
1344 2297 1458 2324 salutem
1487 2300 1655 2331 procuraret.
1685 2296 1731 2323 llla

943 2351 1026 2377 porro
1044 2343 1196 2369 animarum
1214 2343 1441 2376 pravexsistentia,
1461 2349 1541 2377 quam
1567 2341 1730 2374 introducit,

941 2388 1098 2416 Grzrcnrum
1117 2388 1300 2415 fabulatueula
1316 2389 1430 2415 redolet.

973 2434 1060 2461 Graeci
1088 2434 1172 2467 cnim,
1190 2435 1295 2460 animus
1317 2435 1507 2468 prarexsistere
1528 2434 1590 2462 rati.
1606 2441 1652 2461 eas
1668 2441 1725 2466 pec-

939 2484 1000 2506 cato
1014 2479 1148 2505 obnoxias
1163 2487 1224 2506 esse
1240 2479 1379 2511 (licebant,
1397 2487 1456 2513 qum
1484 2487 1545 2505 cuin
1571 2479 1625 2505 alio
1648 2478 1728 2504 modo

941 2525 1057 2551 detersis
1070 2524 1184 2551 maculis
1202 2530 1228 2551 et
1253 2524 1389 2556 sordibus,
1404 2525 1503 2559 quilms
1529 2523 1728 2551 inlicit-lunatum

940 2570 1098 2605 expurgari,
1117 2570 1150 2596 ad
1169 2571 1368 2605 pristinaznque
1387 2571 1534 2605 puritatem
1565 2569 1655 2596 redire
1674 2576 1727 2594 non
1751 2594 1754 2595 ,

943 2621 1064 2652 possent,
1079 2617 1181 2643 ideirco
1192 2617 1356 2651 corporibus
1374 2615 1596 2646 infunderentur,
1613 2623 1727 2649 qumque

941 2663 1009 2690 adeo
1026 2662 1186 2694 exi‘latoriis
1204 2662 1354 2688 virtutibus
1372 2670 1426 2688 non
1443 2661 1632 2691 ahutcrrntur,
1652 2668 1691 2686 eae
1713 2669 1727 2686 a

940 2709 1101 2743 corporibus
1127 2709 1252 2736 resoluta:
1276 2709 1419 2742 pristinam
1448 2707 1611 2742 puritatem,
1637 2705 1712 2732 since

1582 2775 1602 2790 “‘
1633 2774 1724 2801 Judie.

1597 2810 1620 2825 εί
1650 2809 1724 2836 l‘sal.

1058 2778 1080 2793 ⁵⁵
1098 2777 1189 2804 Matth.
1211 2785 1247 2805 ιιι.
1275 2778 1319 2803 ‘27.
1338 2777 1359 2792 9°
1378 2779 1426 2802 Aet
1452 2785 1478 2804 ν.
1497 2776 1523 2802 IL

1007 2813 1029 2828 “
1049 2813 1104 2839 Jer.
1123 2821 1185 2842 xm,
1205 2812 1243 2838 ll.
1291 2813 1311 2827 λε
1329 2813 1400 2839 l‘sal.
1421 2819 1495 2842 cvttt,
1513 2811 1555 2838 40.
