1927 3085
190 136 255 169 1211

814 143 960 174 ΝΧΕΕΤΕ
982 145 1184 176 (ΣΙῙΟΝΙᾹΤΕ

1752 151 1845 185 1‘32

189 212 260 231 mur.
279 205 325 233 Vel
342 205 412 240 ignis
426 207 537 235 nomine
551 208 635 236 Deum
663 209 745 236 etiam
766 210 854 245 ipsum
871 199 969 237 intelli-

1026 202 1127 229 admoti
1146 203 1258 235 fuerint,
1279 203 1434 239 quicunque
1448 205 1536 233 aninta
1554 215 1620 240 pura
1641 212 1668 234 et
1684 208 1852 242 pellucida

187 258 250 284 gere
266 259 421 284 possumus,
449 253 494 287 qui
524 254 616 280 lumen
647 263 758 289 quoque
786 255 898 287 dicitur,
928 264 978 283 nec

191 296 261 330 ignis
275 298 486 331 appellationem
513 300 688 335 dedignatur.
708 301 781 328 ldettt
796 303 868 328 euiut
886 302 931 329 hic
950 307 978 328 et

190 343 299 369 nomine
324 348 410 374 caret.
440 349 467 372 et.
484 346 640 373 nominibus
666 347 797 378 abundat,
824 356 873 381 pro
899 348 978 374 habi-

189 392 265 413 tttunt
297 394 456 415 nostrorum
484 390 592 416 ratione
623 391 834 425 appellationem
858 391 976 418 subinde

188 437 307 460 tttutans.
322 433 389 466 Quia
407 435 480 461 enim
495 436 613 462 attimant
629 441 726 470 purgat
750 441 777 463 et
789 438 902 464 cattdori
922 437 976 471 pri-

186 477 259 504 stino
286 478 418 511 restituit,
451 484 533 514 atque
560 481 679 506 maculas
710 481 874 508 inhaerentes
898 482 975 512 eluit,

189 529 257 554 quas
276 523 300 549 ei
315 523 412 550 vitium
432 524 577 554 inusserat.
593 526 694 553 idcirco
713 527 803 553 lumen
831 533 873 553 est
886 533 913 553 et
934 528 977 553 di-

188 567 269 597 citur,
286 568 457 602 qttolutnine
480 569 546 595 nihil
570 570 717 604 quidquam
746 571 866 597 lucidius
885 572 974 606 splen-

190 613 336 647 didiusque
353 613 405 640 dici
422 615 517 648 possit.
540 615 606 647 Quia
622 625 685 642 vero
712 618 850 644 matr-riam
879 625 976 644 consu-

190 658 249 688 ntit,
267 658 336 692 ignis
357 659 458 685 idcirco
476 659 588 690 dicitur,
614 662 844 695 qtu-tnadutoduut
865 667 891 688 ct
909 663 974 689 alibi

191 703 254 737 quia
270 708 354 736 secat,
368 704 476 737 dividit,
491 713 519 734 et
545 707 577 732 ad
595 708 692 734 animas
711 708 844 734 medullas
864 710 952 742 pertin
964 724 975 728 -

190 748 238 782 git,
254 756 284 775 ea
301 749 333 775 de
353 757 433 776 causa
448 750 554 783 gladius
565 757 592 778 et
604 760 695 779 sermo
712 758 808 779 arutus
835 762 976 786 num-tipa-

188 798 241 819 tur.
263 793 472 829 Uniusrujusque
497 805 561 830 ergo
586 806 661 832 opus,
690 799 768 832 quale
792 800 879 830 turrit,
908 800 975 833 ignis

187 838 315 871 probabit.
330 839 357 865 ln
374 839 424 866 hoc
446 841 554 875 quidem
570 843 672 869 mundo
687 844 800 870 aliorum
818 845 971 878 [trnl'uti'rlti

187 884 360 916 exponimur,
378 885 422 911 tibi
452 888 605 920 perntu'tus
619 895 696 915 error
723 889 804 920 inest,
824 891 971 923 permulta-

186 937 240 963 que
261 931 470 959 commissorum
506 933 669 960 delictorum
699 936 864 969 repeti-alio,
891 942 972 971 atque

186 983 255 1009 opus
267 977 375 1010 quidem
392 977 480 1012 ipsutn
493 979 601 1006 coronis
617 980 777 1014 plerumque
797 982 842 1008 vel
865 982 972 1016 suppli-

188 1022 238 1049 ciis
256 1023 367 1057 dignum
394 1028 434 1050 est
452 1033 458 1050 :
491 1027 642 1052 amicorum
661 1031 750 1052 tamen
771 1035 850 1061 opem
881 1027 974 1055 feren-

186 1067 253 1094 tium
281 1070 467 1097 Consolatione
497 1070 648 1105 disertiquc
677 1072 794 1099 oratoris
820 1074 973 1107 patrocinio

185 1122 304 1149 persaape
322 1116 361 1144 fit.
384 1120 413 1143 ut
433 1117 516 1151 judcx
530 1117 563 1144 ad
593 1118 810 1146 misericordiam
835 1119 971 1152 ﬂectatur,

183 1168 272 1194 eoque
303 1161 465 1195 adducatur,
492 1168 522 1190 ut
545 1165 710 1192 sententiam
739 1165 866 1193 imtnutet
891 1166 973 1195 :illie

186 1210 276 1232 autem
295 1207 374 1241 quale
390 1213 431 1235 est
461 1209 677 1246 uniuscujusque
692 1219 762 1246 opus
781 1211 852 1246 ignis
873 1213 972 1246 proba-

188 1249 237 1274 bit.
270 1250 326 1277 Nec
355 1252 426 1278 enim
456 1253 537 1286 judex
552 1255 753 1286 circumveniri,
777 1264 829 1283 nec
853 1258 971 1284 tribunal

184 1299 345 1326 uulneribus
370 1304 507 1336 corrumpi
539 1305 637 1337 potest,
663 1307 689 1331 et
709 1301 793 1332 simul
815 1307 971 1341 aiquepro-

183 1344 243 1376 pius
266 1344 299 1370 ad
320 1345 443 1378 judicent
461 1347 521 1381 quis
549 1349 674 1378 accessit.
706 1350 766 1385 igne
784 1358 894 1385 quoque
915 1351 970 1385 jrm

185 1389 314 1423 probatus
328 1397 377 1418 est.
397 1393 572 1421 Exautissiuta
588 1396 660 1422 enim
686 1397 824 1424 actionum
843 1398 970 1432 probatio

181 1435 215 1461 ab
231 1436 315 1470 ipsius
332 1438 432 1472 judicis
452 1445 550 1467 ttatura
575 1442 711 1476 dependet.
727 1452 733 1469 :
755 1444 814 1470 Dies
832 1445 911 1471 enim.
931 1447 971 1471 in-

184 1481 254 1514 quit,
283 1484 473 1517 titanifestubit,
504 1488 571 1520 quod
593 1488 652 1520 igne
682 1493 781 1516 cuneta
810 1490 968 1516 revelantur.

990 866 1010 894 Β

1030 247 1161 279 praeditus
1177 247 1240 279 erit,
1267 248 1367 275 clarior
1383 257 1415 276 ex
1443 251 1513 285 ignis
1533 251 1698 285 probatione
1725 252 1850 283 factus,

1029 293 1184 320 mercedem
1210 294 1315 328 accepit
1337 303 1396 328 qua:
1424 304 1488 323 vera
1507 305 1597 325 aureae
1626 299 1688 333 ejus
1712 300 1847 327 animaa

1029 337 1200 372 actionisque
1216 338 1340 370 sincera',
1357 348 1407 367 ttee
1429 342 1483 368 ulla
1498 342 1661 370 delictorum
1678 344 1746 371 labe
1762 353 1850 372 con—

1029 387 1174 416 spureatm,
1195 384 1340 410 retributio
1354 390 1395 412 cst
1415 394 1421 413 :
1439 387 1502 421 quia
1522 389 1650 414 nimirum
1676 389 1738 416 Deo
1764 398 1850 417 con-

1027 427 1160 462 jungitur,
1175 427 1318 463 ignemque
1334 430 1456 457 divinttm
1471 431 1546 458 illum
1571 434 1695 466 perfert?
1706 439 1737 461 et
1758 442 1847 468 pum

1029 473 1102 499 illius
1120 473 1256 501 immistus
1283 475 1390 507 lumini,
1406 477 1539 504 creatoris
1558 478 1666 505 tandem
1684 479 1846 506 beneﬂcio

1029 518 1101 545 Deus
1115 520 1216 546 evadit.
1246 520 1335 548 Manet
1351 523 1424 548 enim
1438 530 1506 556 opus
1523 523 1591 558 ejus,
1605 525 1679 558 quod
1698 533 1842 560 StlpCHr-

1029 565 1160 592 dificat'it.
1190 567 1425 601 Supera-ditlcavit
1449 574 1540 596 autent
1568 569 1594 596 in
1619 578 1653 597 eo
1671 576 1770 599 turres
1801 578 1840 599 ct

1029 613 1232 646 propugnacula
1258 613 1309 639 hoc
1321 618 1363 640 est
1374 614 1593 649 inexpugnabilia
1602 616 1663 643 ﬁdei
1678 617 1837 652 dogmata,

1027 656 1160 682 v'rtutum
1180 657 1298 691 fastigia,
1315 665 1359 689 ea,
1382 658 1505 693 inquam.
1521 667 1570 694 per
1584 668 1656 694 quae,
1689 666 1836 696 tanquam

1028 709 1076 735 per
1094 701 1273 730 iutrrmcdios
1306 704 1418 737 gradus,
1440 705 1462 731 si
1492 705 1554 740 quis
1570 714 1584 733 e
1610 712 1683 734 terra
1709 715 1834 735 sursum

1027 747 1167 777 ascendat.
1185 748 1273 782 ipsum
1291 749 1375 776 Deum
1404 750 1495 778 videre
1522 752 1620 785 possit.
1654 753 1831 788 Hujusmodi

1028 792 1118 824 muri,
1146 793 1303 828 hujusutodi
1335 796 1432 822 mantia
1459 796 1570 827 divina.
1601 798 1831 834 haudquaquam

1027 837 1144 864 ﬂammis
1160 839 1354 870 absumuntur,
1371 841 1417 868 sed
1444 843 1531 877 magis
1547 844 1690 878 magisque
1704 844 1829 872 ﬁrman-

1027 889 1071 910 tur
1085 889 1113 910 et
1127 890 1283 912 servantur.
1312 886 1389 918 Quod
1419 887 1442 914 si
1464 887 1527 922 quis
1553 888 1715 916 fasciculum
1732 890 1830 925 stipu-

1025 931 1113 957 larum
1127 938 1187 964 qua:
1206 932 1321 959 matr-ria
1335 931 1413 959 facile
1430 933 1595 967 absumitur,
1621 934 1742 970 igneque
1753 944 1827 963 eou-

1024 976 1119 1011 ﬂagrat
1131 978 1334 1012 (quemcunque
1347 979 1499 1014 intelligere
1512 980 1637 1012 velimus,
1657 985 1687 1007 ut
1703 983 1826 1017 meru-

1024 1023 1096 1050 dicio
1110 1024 1246 1050 tnalorum
1273 1026 1388 1059 operum
1413 1026 1533 1061 copiam)
1548 1027 1656 1062 propria
1674 1027 1702 1055 in
1728 1029 1823 1055 anima

1024 1071 1186 1104 gustaverit,
1216 1070 1297 1097 simul
1339 1071 1371 1098 ad
1404 1071 1492 1107 ignem
1518 1073 1630 1107 propius
1655 1075 1820 1105 accesserit,

1024 1114 1270 1151 coitﬂagrationem
1295 1117 1368 1145 ferre
1382 1125 1435 1145 non
1449 1119 1558 1153 poterit.
1574 1119 1691 1153 proinde
1717 1120 1822 1146 multa-

1024 1162 1109 1189 bitur.
1133 1163 1244 1190 Multam
1267 1171 1334 1191 vero
1350 1164 1396 1191 hic
1418 1171 1472 1191 non
1497 1168 1527 1191 ut.
1555 1164 1664 1199 quidam
1689 1165 1821 1194 arbitrati

1024 1213 1099 1239 sunt,
1114 1216 1165 1243 pro
1179 1209 1300 1237 materiae
1316 1210 1529 1245 conﬂagratione
1553 1211 1744 1245 accipiendam
1771 1220 1823 1246 pu-

1026 1260 1064 1285 to,
1081 1254 1127 1282 sed
1144 1262 1237 1288 proco
1253 1255 1326 1289 quod
1342 1255 1405 1290 quis
1429 1255 1515 1282 divini
1539 1255 1652 1284 luminis
1679 1257 1822 1291 particeps

1026 1301 1239 1338 haudquaquam
1267 1301 1324 1333 ﬁat.
1341 1309 1432 1336 neque
1451 1302 1584 1329 creatoris
1609 1302 1758 1337 splendore
1776 1303 1822 1329 di-

1023 1357 1090 1384 gnus
1103 1349 1248 1375 habeatur.
1270 1348 1344 1375 Talis
1357 1356 1422 1382 ergo
1446 1347 1489 1374 vir
1509 1348 1684 1379 multabitur,
1703 1353 1732 1374 et
1761 1357 1822 1375 srr—

1022 1396 1140 1422 vabitur.
1155 1395 1261 1428 Quibus
1287 1395 1314 1421 itt
1340 1395 1432 1421 verbis
1459 1395 1547 1422 inesse
1569 1395 1680 1421 videtur
1705 1400 1820 1422 contra-

1022 1440 1115 1466 rietas.
1138 1440 1206 1467 Nam
1239 1441 1261 1467 si
1285 1441 1377 1467 multat
1403 1441 1514 1468 nomine
1542 1440 1659 1474 privatio
1685 1440 1816 1468 luminis.

1024 1486 1187 1520 notitinuquc
1205 1486 1300 1513 salutis
1316 1487 1440 1521 ejusdem
1469 1486 1579 1513 luminis
1608 1487 1705 1513 l'ruitio
1735 1487 1816 1514 intel-

181 1525 243 1553 lizec
258 1531 299 1554 est
312 1530 492 1562 praecedentis
508 1531 573 1558 dicti
600 1533 784 1561 confirmatio.
802 1535 867 1567 Quia
897 1536 968 1562 enim

1022 1531 1066 1565 ligi
1084 1531 1191 1561 debeat,
1210 1531 1256 1565 qui
1279 1531 1336 1558 fieri
1366 1532 1477 1566 poterit,
1497 1536 1527 1558 ut
1555 1531 1650 1558 eodem
1680 1533 1819 1566 temporis

182 1580 231 1599 nos
249 1573 309 1607 igua
323 1574 464 1602 universos
480 1576 630 1610 iudicatum
645 1579 676 1605 iri
694 1580 774 1609 dixit.
789 1581 860 1615 ignis
878 1586 967 1608 autem

182 1617 238 1651 ille,
250 1619 295 1653 qui
312 1620 406 1646 vitium
422 1623 570 1653 consumit.
597 1628 623 1650 et
641 1624 667 1650 in
689 1625 807 1652 favillam
823 1628 967 1658 convertit,

182 1663 240 1697 ipse
262 1664 334 1691 Deus
349 1669 401 1696 rst,
417 1674 447 1693 ea
465 1667 497 1694 de
510 1675 591 1694 causa
607 1669 723 1704 subjecit
740 1680 746 1697 :
765 1670 824 1697 Dira
833 1672 898 1697 enim
912 1680 969 1698 mn-

180 1708 314 1742 uifuslabit
336 1710 404 1742 quod
433 1711 460 1737 in
489 1712 548 1747 igne
574 1718 671 1740 cuncta
704 1715 863 1741 revelantur.
893 1716 967 1742 lticm

182 1754 330 1787 Apostolus
344 1756 395 1783 hoc
415 1756 476 1784 loco
498 1766 546 1792 pro
563 1759 662 1786 sarculo
682 1759 773 1787 futuro
795 1761 886 1795 posuit
902 1770 908 1788 :
926 1762 968 1789 vel

179 1799 242 1833 quia
256 1800 320 1827 solis
345 1809 426 1829 cursu
450 1811 502 1829 tton
526 1804 562 1830 ita
583 1804 687 1838 regitur
703 1826 709 1835 ,
730 1809 760 1831 ut.
776 1805 835 1832 dies
862 1805 908 1836 sit,
924 1806 967 1832 cui

181 1853 243 1872 mox
259 1847 376 1874 vicissim
393 1849 521 1875 succedat
539 1857 544 1875 :
565 1850 605 1876 vel
622 1850 686 1884 quia
702 1850 724 1877 si
750 1858 812 1877 cuttt
839 1852 967 1884 praesenti

181 1892 235 1918 vita
247 1893 415 1923 conferatur.
432 1893 491 1921 dies
507 1895 580 1922 nocti
610 1896 708 1923 similis
732 1901 784 1923 est.
815 1897 876 1923 Haec
900 1905 965 1931 ergo

180 1937 245 1968 dies,
258 1938 357 1972 inquit,
378 1940 559 1974 manifestabit
581 1942 650 1975 quod
664 1942 754 1968 omnia
769 1943 795 1968 in
818 1944 876 1977 igne
898 1951 968 1969 reve-

181 1982 283 2010 lantur.
311 1984 423 2012 Caeteris
446 1985 640 2020 cnitnjudieiis
660 1989 821 2022 antiquatis,
839 1989 967 2023 onmique

180 2030 310 2056 tormenti
337 2034 364 2057 et
395 2031 581 2065 inquisitionis
609 2041 709 2068 genere
742 2033 851 2068 longum
878 2035 968 2062 valere

176 2073 264 2107 jusso,
292 2083 404 2109 operum
432 2081 589 2103 nostrorum
612 2078 745 2112 judicium
784 2087 874 2105 coram
909 2079 968 2106 solo

180 2121 234 2147 Deo
248 2121 327 2148 nobis
340 2122 548 2156 superfuturum
570 2131 630 2151 esse
651 2129 769 2152 constat.
785 2126 882 2152 Nullus
892 2127 965 2153 enim

179 2165 232 2192 illic
247 2166 310 2198 erit,
328 2167 374 2201 qui
401 2175 491 2194 rerum
505 2169 774 2197 adntinTstrationem
794 2170 854 2198 aliis
879 2171 966 2197 anthi-

179 2211 251 2238 tione
277 2217 450 2248 extorqueat,
476 2218 523 2241 aut
556 2215 657 2249 judicia
691 2217 900 2247 eireuntvcuiat.
917 2223 964 2244 aut

176 2256 280 2290 jttdicis
329 2259 494 2287 voluntatem
536 2261 589 2287 sibi
624 2262 762 2294 conciliet,
801 2267 847 2289 aut
878 2262 964 2297 legent

177 2302 298 2330 divinam
341 2309 368 2331 et
405 2305 580 2333 insolubilem
610 2307 734 2334 immittet
771 2315 780 2333 :
817 2307 847 2334 Si
890 2309 965 2342 cujus

176 2355 237 2382 ergo
252 2356 315 2382 opus
327 2351 463 2381 manserit,
479 2351 548 2386 quod
568 2352 799 2386 supertedi/icauit,
822 2353 965 2380 mercedem

177 2394 286 2428 accipiet
304 2403 314 2421 :
331 2396 353 2422 si
381 2396 457 2431 cujus
473 2401 561 2423 autem
578 2406 642 2432 opus
665 2399 770 2430 arserit,
797 2398 963 2425 multabitur.

180 2438 416 2471 Quemadmodum
432 2441 503 2468 enim
529 2442 551 2468 si
576 2447 700 2469 nostrum
726 2443 799 2470 hunc
816 2444 842 2470 in
862 2444 963 2478 ignem,

177 2484 223 2519 qui
240 2486 368 2514 sensibus
381 2491 423 2513 est
433 2487 585 2521 expositus.
603 2488 715 2515 materia
742 2489 876 2523 quaquam
899 2497 962 2516 cum

178 2531 231 2559 tilia
247 2532 420 2567 conjiciatur,
436 2540 497 2567 quae
518 2541 586 2568 pura
605 2542 724 2569 vereque
739 2543 822 2562 aurea
836 2536 881 2566 sit,
905 2543 962 2562 ma-

177 2578 217 2611 gis
228 2585 260 2605 ac
271 2579 357 2613 magis
372 2580 398 2605 in
423 2580 534 2606 fornace
550 2579 718 2613 splendescit
732 2589 738 2606 :
755 2585 849 2614 etquo
875 2581 964 2607 attica-

177 2623 235 2649 (-ior
245 2623 315 2658 ignis
325 2627 378 2655 est,
394 2631 428 2650 eo
444 2624 526 2651 etiam
543 2632 587 2651 res
602 2624 627 2650 in
645 2632 707 2651 eum
730 2626 852 2660 conjecta
878 2626 965 2660 pellu-

175 2668 264 2696 cidior
292 2670 396 2697 evadit.
422 2670 449 2697 Si
478 2670 544 2705 quid
572 2678 636 2697 vero
668 2671 771 2705 plumbi
798 2675 844 2698 aut
870 2671 961 2698 stanni

177 2715 315 2750 particeps
344 2716 370 2742 in
396 2716 522 2745 eumdem
556 2716 667 2747 ἰιςίίιηῐ,
690 2718 802 2743 tnateria
824 2717 962 2744 deteriore

177 2765 316 2795 assumpta
333 2761 466 2795 pristinus
480 2762 523 2788 ille
538 2770 632 2789 massa:
652 2767 742 2788 tumor
766 2762 959 2790 imminuitur:

179 2804 213 2830 ita
227 2805 307 2832 etiam
328 2811 505 2841 posteaquam
536 2808 659 2834 homines
688 2807 768 2834 simul
787 2816 881 2835 omnes
906 2808 960 2840 igni

180 2849 273 2877 divino
301 2856 328 2879 et
355 2853 522 2887 purgatorio,
553 2854 600 2888 ip-i
625 2854 733 2889 iuquatn
764 2855 825 2884 l‘cw,
851 2855 962 2888 propius

1022 1581 1161 1603 momento
1179 1577 1250 1602 idem
1280 1577 1362 1603 homo
1378 1578 1510 1604 multetur
1523 1582 1550 1604 et
1575 1578 1667 1604 salvus
1694 1578 1819 1604 evadat?

1021 1623 1112 1656 Itaque
1128 1623 1269 1649 sciendum
1292 1627 1343 1654 est,
1373 1623 1470 1650 salutis
1497 1623 1638 1657 emphasin
1668 1623 1722 1650 hoc
1753 1624 1817 1650 locu

1020 1669 1173 1695 aliautcssc
1190 1669 1223 1695 ab
1235 1676 1277 1699 ea,
1304 1677 1364 1702 qua:
1391 1669 1472 1702 vulgo
1496 1668 1621 1696 inolevit.
1649 1669 1708 1696 Hoc
1737 1670 1812 1696 enim

1020 1717 1080 1743 loco
1098 1715 1211 1742 verbum
1228 1716 1330 1742 servari
1362 1714 1573 1749 haudquaquam
1600 1714 1718 1742 salutem
1745 1723 1812 1749 pro—

1020 1762 1119 1788 mereri
1135 1761 1279 1796 signiﬁcat.
1298 1761 1343 1788 scd
1366 1761 1428 1795 igne
1443 1768 1496 1788 tton
1514 1761 1634 1791 absumi.
1647 1765 1695 1787 alit
1706 1760 1811 1787 conﬂa-

1019 1816 1099 1843 grare
1116 1817 1124 1835 :
1151 1807 1373 1842 quandoquidem
1390 1806 1562 1834 adatnantent
1578 1814 1687 1841 qunque
1705 1807 1732 1833 in
1748 1807 1810 1841 igne

1018 1854 1122 1887 servari
1140 1854 1257 1880 dicimus
1271 1852 1455 1886 nonnullaque
1477 1853 1626 1878 animantia
1645 1852 1806 1878 fornacib"s

1019 1899 1127 1925 admota
1153 1898 1255 1925 servari
1298 1897 1502 1932 quodammodo
1529 1897 1669 1929 dicuntur,
1699 1897 1811 1931 quotirs

1019 1943 1088 1977 ignis
1099 1943 1216 1970 calorem
1233 1942 1390 1977 perferunt,
1407 1950 1457 1969 nec
1473 1947 1591 1969 uruntur
1611 1947 1660 1968 aut
1677 1943 1810 1968 ntutilan-

1019 1993 1074 2016 tur.
1086 1987 1205 2016 Proinde
1223 1993 1348 2015 servatus
1374 1988 1401 2015 in
1425 1988 1486 2023 igne
1511 1987 1534 2014 is
1564 1994 1674 2022 quoque
1689 1987 1743 2014 diei
1761 1995 1810 2021 po-

1019 2039 1081 2066 test,
1097 2034 1143 2069 qui
1159 2034 1301 2067 multatur,
1326 2042 1388 2061 cum
1416 2035 1568 2068 praesertim
1595 2034 1630 2060 sit
1657 2034 1809 2060 immortali

1021 2087 1136 2113 corpore
1150 2079 1292 2113 pratditus.
1317 2079 1390 2113 quod
1405 2086 1455 2106 nec
1470 2079 1651 2105 incisionibus
1670 2079 1744 2111 ullis,
1758 2087 1810 2105 nec

1019 2124 1214 2151 adustionibus
1241 2124 1391 2152 obnoxium
1421 2129 1473 2151 est.
1513 2123 1590 2156 Quod
1630 2128 1723 2150 autem
1756 2125 1811 2152 hoc

1020 2175 1103 2195 sensu
1119 2168 1234 2195 verbum
1257 2169 1358 2195 servari
1374 2168 1510 2202 capiatur,
1525 2175 1557 2194 cx
1581 2175 1615 2193 eo
1630 2173 1715 2201 patet.
1733 2169 1810 2202 quod

984 2200 1007 2229 ί)
1021 2213 1138 2248 subjecit
1159 2213 1317 2248 Apostolus.
1344 2200 1493 2246 Postquam
1525 2212 1599 2239 ettint
1632 2200 1726 2239 dixit:
1745 2200 1811 2247 Ἰρδε

1017 2263 1105 2285 autent
1126 2259 1283 2291 servabitur,
1300 2258 1412 2285 ntodum
1429 2264 1540 2292 quoque
1557 2257 1672 2287 addidit.
1685 2257 1730 2289 liis
1750 2266 1811 2286 ver-

1017 2303 1069 2333 bis.
1085 2308 1212 2338 tanquam
1227 2311 1273 2337 per
1293 2303 1392 2338 ignem,
1404 2311 1455 2330 nec
1468 2303 1551 2333 enim,
1563 2302 1662 2337 inquit,
1675 2308 1810 2337 praestan-

1019 2349 1087 2376 tiore
1102 2349 1202 2382 salute,
1228 2349 1274 2376 sed
1298 2348 1436 2376 deteriore
1463 2347 1579 2379 fruetur,
1607 2355 1639 2374 ea
1665 2349 1807 2381 nimirum,

1016 2403 1078 2430 qua:
1095 2395 1125 2422 tit
1135 2403 1183 2430 per
1204 2395 1304 2430 ignem.

1049 2440 1180 2476 Origenes
1206 2449 1270 2476 ergo
1295 2441 1368 2471 hinc.
1388 2445 1417 2468 ιιι
1431 2441 1498 2473 dixi,
1516 2446 1624 2476 arrepta
1649 2441 1805 2472 occasione,

1015 2486 1120 2513 animas
1136 2486 1251 2521 pristino
1270 2487 1351 2513 statui
1367 2487 1550 2514 restituendas
1562 2495 1621 2513 esse
1638 2487 1782 2513 contirutat
1798 2494 1805 2512 :

1015 2532 1079 2559 dum
1106 2533 1269 2567 supplicium
1290 2533 1367 2564 illud,
1393 2533 1465 2567 quod
1492 2533 1518 2558 in
1542 2532 1628 2559 sacris
1654 2532 1805 2566 Evangelis

1014 2584 1146 2605 aeternum
1164 2578 1274 2609 dicitur,
1291 2585 1344 2604 tton
1356 2578 1452 2613 minus
1467 2582 1548 2611 atque
1563 2577 1691 2612 gaudium
1709 2585 1807 2611 perpcv

1014 2631 1070 2650 ram
1097 2623 1293 2658 interpretatur
1317 2628 1465 2658 aperteque
1490 2623 1662 2650 demonstrat
1684 2623 1754 2656 fore,
1777 2627 1806 2650 ut

1013 2671 1119 2703 animm,
1137 2677 1197 2704 qua:
1213 2674 1323 2704 peccato
1342 2669 1433 2704 lapse
1453 2669 1595 2697 materiem
1607 2668 1737 2696 vitiorum
1753 2667 1803 2697 silii

1014 2717 1191 2750 aggesserint.
1213 2717 1344 2750 tantisper
1361 2717 1386 2742 in
1403 2716 1463 2751 igne
1488 2720 1626 2747 maneant,
1641 2716 1705 2742 dttnt
1725 2717 1804 2742 vitzo-

1015 2770 1074 2788 rutn
1090 2769 1200 2788 suorum
1216 2762 1311 2788 sordes
1326 2762 1523 2788 absumuntur:
1538 2762 1637 2795 quibus
1655 2767 1802 2795 assumptus

1015 2807 1067 2834 iilze
1081 2808 1170 2833 denuo
1189 2807 1380 2839 servabuntur,
1399 2811 1573 2840 posteaquam
1594 2806 1709 2832 ﬂaminis
1721 2814 1800 2832 cxco-

1014 2858 1062 2880 ct.e
1079 2857 1101 2878 rt
1121 2857 1274 2887 expurgatae
1296 2852 1405 2884 iuerint,
1426 2852 1461 2878 ita
1478 2857 1566 2879 tamen
1584 2858 1611 2878 ut
1626 2852 1726 2879 tertnis
1745 2851 1799 2879 sine
