1927 3085
70 75 162 106 13η

737 71 934 102 TllESAUl'tI
957 73 1030 102 ΗΒ.
1052 73 1101 103 Π.

1657 74 1725 107 13η

65 132 135 157 line
167 135 334 164 permaneat,
349 137 399 157 uec
414 130 536 164 gehenua
555 129 760 164 exstinguatur,
782 136 878 162 quciu-
891 136 911 161 Α
928 130 1087 165 negligenda
1105 139 1164 157 esse
1186 131 1334 161 duxerunt,
1350 130 1396 157 sed
1412 129 1582 157 Antiochiam
1599 131 1632 157 ad
1651 131 1724 158 hanc

61 176 229 202 admodum
255 175 387 202 Dominus
400 174 427 201 in
443 174 596 209 Evangeliis
613 175 661 207 ait,
676 179 705 200 ut
719 174 770 200 hoc
796 177 875 208 pacto

61 219 240 246 stimuletur
265 220 290 246 iu
318 224 479 253 posterum,
511 219 711 253 relriceturque
742 218 875 245 memoria

63 265 183 292 divinae
206 265 383 292 humanitatis
407 266 433 291 in
457 265 576 297 animis,
605 264 877 300 qttmapercunibus

71 312 162 338 hisce
177 311 317 346 suppliciis
332 311 452 340 liberata:
469 311 580 338 fuerint.

379 378 454 406 CAP.
474 379 583 406 XXXII.

68 435 223 462 Tricesima
246 436 371 467 sbrunda,
396 435 475 463 Pauli
488 436 654 463 Samosalem'
667 445 676 469 ;
692 437 717 463 lii
729 441 873 471 unguntur.

111 492 220 519 Paulus
235 492 279 519 hic
290 492 447 524 Samosatis,
465 493 490 519 in
510 493 702 527 Mesopotamia
716 498 801 525 ortus,
819 493 876 520 Att-

70 538 192 565 tiochiac
218 546 321 573 magna:
348 538 454 572 praefuit
479 543 540 572 post
564 538 778 571 Demetrianum,
802 539 876 565 deci-

70 584 288 618 mumquintum
313 584 372 618 ejus
390 584 466 611 urbis
491 584 649 618 episcopum
664 594 670 610 :
685 585 730 618 qui
750 593 810 611 cuin
828 585 878 610 Ze-

70 631 173 658 nobiaa
203 630 419 665 obsequeretur,
449 630 476 656 in
502 630 727 657 absurdissimum
760 630 876 657 lueresiu

73 677 228 710 prolapsus
247 681 298 703 est.
318 675 382 708 Quae
400 684 481 710 porro
495 677 528 703 dc
542 676 661 703 Zenobia
674 677 876 703 circumferun-

73 728 138 755 tur,
157 723 195 749 ita
210 730 238 749 se
253 722 363 749 habent.
379 723 438 754 Quo
459 727 580 756 tetupore
597 721 726 748 Calienus
739 722 875 749 Valeriani

75 769 157 796 tilius
177 768 305 795 Romanis
323 768 484 802 imperabat,
509 767 645 794 Macrinus
662 767 688 793 in
705 776 767 793 cum
786 767 877 793 insur-

75 815 166 841 rt-xit.
195 814 372 840 Odenuathus
397 819 487 840 autem
516 812 659 848 Palmyritc
694 813 877 847 metropoch
894 816 910 842 Β

75 859 190 887 Arabiae
213 859 340 894 princeps
372 858 512 886 Galicuum
536 858 648 892 juvabat
679 866 685 885 :
711 863 879 893 quapropter

78 906 130 932 hic
147 906 260 933 victoria
276 910 364 939 parta,
377 905 641 932 administrationem
657 904 741 931 totius
757 904 877 932 Orientis

81 951 124 978 iiii
144 951 325 978 concredidit.

116 997 254 1024 (Lmterum
278 995 452 1027 Odennatlio,
469 1003 483 1022 a
498 995 654 1023 domesticis
671 1003 751 1027 caeso,
773 1003 824 1023 nec
841 995 877 1022 ita

80 1041 172 1068 multo
191 1045 251 1075 post
268 1041 379 1068 Galienu
393 1041 447 1067 vita
470 1041 610 1070 defuncto.
637 1040 768 1068 successit
784 1041 809 1067 iu
827 1041 879 1067 im-

81 1087 192 1121 perium
218 1086 359 1118 Claudius,
384 1094 464 1121 quem
482 1095 543 1113 cum
558 1087 647 1113 Persa:
674 1087 744 1113 bello
760 1085 878 1113 devicis-

81 1137 157 1164 sent,
173 1132 318 1160 Zenobiam
336 1132 489 1159 Odcnnathi
512 1133 653 1167 conjugem
670 1132 754 1167 Syer
767 1132 879 1159 Phoeni-

81 1179 188 1212 citeque
217 1179 406 1211 pradoceruut.
434 1178 501 1205 Cum
529 1186 593 1205 vero
625 1179 706 1212 paulo
735 1183 796 1212 post
823 1179 879 1212 ipse

83 1230 197 1256 quoque
223 1222 353 1250 Claudius
374 1231 388 1250 e
413 1224 480 1250 vivis
505 1223 688 1255 excessisset,
715 1224 880 1251 Aurelianus

84 1268 237 1303 imperator
253 1273 361 1297 creatus
378 1273 473 1296 contra
490 1269 637 1296 Zenobiam
652 1270 800 1297 exercitum
818 1278 876 1296 mo-

84 1314 125 1340 vit
139 1324 146 1341 :
161 1322 275 1349 eamque
298 1315 430 1349 captivam
456 1315 580 1342 abduxit.
602 1316 671 1342 lluic
687 1323 762 1350 ergo,
783 1324 879 1350 quem—

87 1359 237 1386 admodum
262 1360 392 1393 diximus,
422 1361 572 1388 etiamnum
599 1361 727 1395 prmdicta
752 1362 810 1388 loca
837 1369 879 1387 re-

86 1405 160 1440 genti
186 1413 246 1432 etim
273 1406 371 1432 l‘aulus
396 1406 509 1441 obsequi
536 1407 626 1438 vellet,
648 1410 677 1433 ul.
700 1415 761 1441 qua:
785 1407 880 1434 Judai—

88 1458 178 1476 sutum
206 1451 388 1485 proﬁteretur,
405 1452 461 1486 ipse
476 1459 584 1487 quoque
607 1460 689 1479 unum
713 1461 772 1480 esse
794 1454 876 1479 Deum

89 1497 191 1527 docuit.
215 1497 261 1532 qui
290 1497 378 1529 I'ater,
406 1502 433 1524 et
458 1497 553 1529 Filius,
574 1503 601 1524 et
627 1497 744 1531 Spiritus
768 1504 878 1525 sanctus

91 1550 160 1569 unus
178 1543 305 1577 idemque
330 1543 478 1570 diceretur.
492 1543 568 1570 Unus
587 1544 670 1575 enim,
694 1544 792 1578 inquit,
808 1545 879 1572 Deus

89 1595 140 1619 est,
156 1594 182 1616 et
198 1589 281 1616 Filius
299 1590 358 1623 ejus
372 1589 398 1616 iu
413 1597 456 1621 eo,
479 1589 708 1624 quemadmodum
725 1591 750 1616 in
769 1591 879 1618 homine

91 1644 190 1662 sermo.
212 1635 270 1670 Ipse
288 1640 379 1663 autem
397 1635 493 1662 Sentio
518 1644 579 1664 cum
594 1636 620 1663 in
635 1641 734 1663 terram
747 1639 880 1668 veni~set,

93 1681 223 1708 habitavit
238 1681 263 1708 in
282 1681 401 1714 homine,
420 1683 466 1716 qui
487 1681 566 1709 Jesus
587 1682 740 1713 dicebatur.
761 1683 879 1717 comple-

93 1732 172 1761 taque
207 1727 431 1761 dispensatione,
460 1728 581 1754 ascendit
603 1728 635 1754 ad
661 1728 779 1754 Patrem.
802 1729 881 1756 Jesus

93 1780 155 1798 vero
179 1771 305 1799 Christus
331 1772 446 1799 inferior
469 1777 521 1804 est,
545 1772 591 1806 qui
611 1779 643 1798 ex
664 1772 745 1798 Maria
772 1772 879 1799 initiqu

95 1819 230 1846 habuerit.

128 1863 286 1899 Ilujusmodi
309 1871 375 1898 ergo
394 1863 470 1890 Pauli
491 1863 587 1898 dogma
607 1863 669 1894 luit,
693 1866 763 1898 quod
781 1864 878 1900 partim

95 1917 154 1937 eum
170 1909 256 1936 Noeto
284 1913 311 1936 et
325 1909 444 1936 Sabellio
466 1910 612 1940 consentit.
638 1911 735 1944 partim
752 1911 786 1937 ab
808 1916 883 1937 utro-

95 1964 146 1990 que
161 1956 296 1983 discordat
311 1964 317 1981 :
334 1955 554 1990 quandoquidem
579 1956 616 1982 illi
639 1964 747 1990 quoque
765 1957 835 1983 inter
851 1964 880 1994 se

96 2002 281 2038 quadautenus
310 2003 510 2028 dissenserunt.
534 2002 573 2027 Eo
598 2002 670 2028 enim
698 2002 768 2036 quod
795 2010 879 2028 unum

98 2049 188 2081 Deum,
205 2048 281 2082 quasi
306 2048 393 2074 tribus
413 2047 572 2074 distinctuui
594 2049 718 2082 personis
740 2056 881 2081 asserunt,

99 2093 123 2119 hi
138 2098 191 2120 tres
209 2093 280 2119 inter
290 2100 319 2119 se
333 2094 519 2119 conveniunt:
536 2093 561 2120 in
578 2093 628 2120 hoc
641 2098 732 2121 autem
748 2094 882 2121 dilferunt

931 175 1046 205 hieresin
1061 185 1075 203 e
1095 177 1183 203 medio
1204 177 1350 203 tollendam
1378 181 1574 203 convenerunt.
1598 175 1672 203 Cone
1685 177 1723 203 lio

931 227 1067 256 praeerant
1092 222 1254 249 Theodorus
1272 223 1339 257 (525),
1359 223 1404 256 qui
1419 227 1444 249 et
1459 221 1607 256 Gregorius
1628 223 1720 249 tuirill-

931 276 990 300 cus,
1011 268 1236 296 Neocrcsariensis
1263 270 1418 304 cpiscopus,
1446 270 1640 297 Athenodorus
1665 271 1725 305 ejns

929 313 1024 344 frater,
1043 313 1089 347 qui
1116 315 1290 341 Ponticarum
1320 315 1501 341 Eeclesiarum
1532 314 1577 341 uni
1596 321 1722 349 prmerat.

931 359 1105 386 Firmilianus
1130 359 1323 392 Norica-soreos,
1349 369 1409 395 qua:
1429 361 1455 387 in
1472 361 1644 395 Cappadocia
1672 367 1724 393 est,

930 404 1085 438 episcopus,
1108 403 1227 431 Helenus
1248 405 1336 437 Tarsi,
1361 407 1465 432 lectitas
1488 406 1583 436 leouii,
1609 406 1725 441 Ilyeme—

930 457 1017 480 meus,
1038 440 1298 484 Hierosolymorum,
1316 449 1490 476 'l‘lieotecuus
1507 449 1650 481 Cmsarcu',
1663 458 1723 484 qua:

932 495 958 521 in
975 494 1118 521 Palmstiua
1136 500 1188 527 est,
1203 494 1334 521 Maximus
1359 495 1528 526 nostrorum,
1541 501 1568 522 el
1584 495 1726 522 Anatolii:

931 538 1083 570 Laodicem,
1108 548 1167 574 qum
1192 539 1276 574 Syriie
1303 540 1416 566 liuitima
1434 545 1492 572 est,
1513 540 1656 574 episcopus
1671 548 1726 565 tua-

932 593 1001 619 guus
1026 591 1116 612 autem
1132 586 1176 612 ille
1191 585 1334 620 Dionysius
1356 585 1556 612 Alexaudduus
1577 594 1631 619 pra:
1645 586 1723 612 senio

930 631 1062 658 interesse
1076 631 1186 666 quidem
1201 640 1253 658 non
1271 632 1370 666 potuit,
1385 632 1484 658 litteris
1501 635 1590 658 tamen
1605 639 1653 658 ens
1677 633 1724 666 qui

931 680 1129 706 convenerunt.
1146 676 1178 702 ad
1195 677 1316 702 veritatis
1331 676 1575 711 propugnationem
1602 677 1724 703 exacuit.

966 722 1066 748 Coacta
1092 726 1182 748 autent
1209 722 1313 756 synodo
1352 722 1452 748 Paulus
1477 722 1583 748 inficias
1610 722 1647 747 ire
1670 722 1724 756 jam

930 773 1042 803 paratus
1065 773 1134 799 erat,
1159 775 1220 794 cum
1247 767 1409 799 Malaehion,
1433 768 1478 802 qui
1506 774 1583 794 antea
1612 767 1723 801 quidem

930 814 1107 848 sophisticam
1123 819 1209 840 artezn
1228 819 1398 844 excreuerat,
1415 817 1506 847 postea
1525 821 1589 839 vero
1608 813 1723 848 presby-

932 860 993 887 ιρι-ἀί
1027 859 1157 894 dzguitate
1186 864 1337 885 exornatus
1373 859 1481 890 fuerat,
1510 858 1723 892 disputationem

930 906 1060 932 adversus
1077 905 1152 931 illum
1172 904 1299 931 instituit.
1317 905 1437 938 Cumque
1454 904 1504 930 hoc
1518 910 1596 937 pacto
1613 904 1721 930 detecta

929 950 1005 977 haus
1032 950 1092 984 ejus
1124 954 1212 980 esset,
1236 948 1283 982 qui
1307 947 1445 974 Christum
1469 947 1607 973 hominem
1633 946 1724 973 divina

928 1003 984 1031 prae.
996 995 1102 1022 caeteris
1113 995 1198 1029 gratia
1211 997 1374 1020 exornatum
1388 992 1506 1024 diceret,
1522 999 1537 1019 e
1550 991 1723 1018 sacerdotum

930 1047 1003 1069 ccetu
1019 1045 1176 1075 srgregatu;
1194 1039 1291 1066 merito
1306 1044 1359 1066 est.
1377 1038 1445 1071 Quia
1464 1046 1528 1065 vero
1544 1038 1723 1065 ecclesiastici
1744 1046 1746 1048 ·

931 1096 959 1114 sc
974 1088 999 1114 ei
1015 1090 1211 1121 opposuerant,
1227 1084 1376 1112 Aureliano
1398 1089 1462 1110 tunc
1485 1083 1614 1118 temporis
1638 1083 1723 1116 impc-

931 1134 1000 1159 rauti
1023 1132 1140 1158 hereses
1157 1131 1216 1166 ejus
1237 1130 1434 1165 patefecerunt,
1462 1133 1724 1163 persuaseruntque,

933 1183 963 1205 ut
978 1178 1012 1205 ab
1026 1178 1150 1205 Ecclesia
1166 1177 1241 1203 illum
1257 1177 1424 1202 exturbaret.
1446 1175 1575 1207 Quamvis
1591 1174 1664 1200 enim
1680 1174 1725 1201 illo

930 1224 1066 1251 idolorum
1091 1225 1175 1251 cultui
1198 1223 1308 1250 deditus
1325 1226 1408 1253 esset,
1433 1228 1540 1255 :rquum
1560 1225 1648 1247 tamen
1667 1221 1724 1248 ex?-

928 1271 1068 1302 stimahat,
1085 1276 1113 1298 ut
1126 1271 1172 1304 qui
1197 1269 1320 1304 ejusdem
1337 1269 1398 1295 fidei
1423 1268 1593 1294 (‘UtLS‘ll‘llbuS
1614 1273 1724 1293 contra—

929 1317 1042 1347 dicerct.
1062 1318 1083 1343 is
1099 1317 1132 1342 ab
1147 1323 1242 1342 eorum
1263 1320 1347 1347 coitu,
1364 1314 1502 1340 communi
1526 1321 1647 1339 omnium
1664 1312 1722 1339 cal-

931 1363 993 1390 culo
1012 1363 1121 1389 seclude
1127 1367 1211 1388 retur.

1077 1437 1205 1457 THEODON
1224 1435 1387 1456 SCUTARIOTJ-Z
1405 1434 1548 1453 SCllflL'ON.

892 1489 912 1516 C
928 1488 1018 1515 Sciunt
1037 1487 1142 1512 lectores
1161 1487 1208 1512 hoc
1224 1484 1395 1511 Sumosateuo
1420 1484 1504 1510 Paula
1521 1482 1649 1515 deposito,
1667 1482 1718 1507 cle-

966 1524 1079 1548 ricorum
1094 1529 1116 1547 et
1135 1528 1328 1555 episcoporum,
1349 1528 1411 1551 quos
1432 1519 1594 1549 instituerat,
1617 1515 1720 1555 pullum

966 1566 1019 1583 esse
1044 1565 1102 1582 cum
1122 1552 1154 1582 eo.
1170 1552 1326 1589 depositum.
1345 1555 1395 1581 Sed
1420 1555 1483 1588 quin
1509 1560 1596 1579 omnes
1613 1552 1640 1589 in
1658 1560 1722 1589 so..-

965 1593 1140 1618 cuasimorunt
1165 1586 1279 1616 Patrum
1298 1586 1457 1619 nos'roruin,
1471 1597 1486 1614 η
1500 1588 1592 1623 quibus
1610 1586 1653 1612 ille
1672 1587 1722 1623 Vde-

967 1628 1065 1661 positus
1090 1631 1141 1660 es].
1167 1626 1324 1651 sentcnlium
1353 1625 1458 1658 ped/bus
1484 1626 1603 1654 iet-ram,
1626 1622 1723 1648 idcirco

966 1660 1020 1688 imis
1038 1661 1208 1696 dignitatibus
1225 1661 1324 1694 anguli
1347 1660 1460 1686 l‘L'SL'IUIl
1473 1663 1545 1684 sunt.

1083 1715 1123 1742 Hu
1134 1723 1217 1742 reseas
1233 1714 1402 1749 prwredenlis
1417 1714 1572 1747 confatalia.

967 1776 1067 1802 Paulus
1094 1774 1289 1801 Samosatenus
1312 1779 1385 1800 terra
1412 1778 1471 1800 erat
1497 1780 1548 1799 ncc
1574 1771 1655 1803 bona,
1671 1779 1720 1798 nec

930 1820 1039 1851 l'euilis.
1055 1828 1104 1847 nec
1114 1819 1212 1847 divina
1221 1819 1335 1846 sementi
1346 1818 1533 1850 acet-mumtie,
1542 1817 1588 1845 sed
1599 1817 1722 1845 sentibus

931 1872 958 1894 et
972 1865 1080 1893 tribulis
1098 1865 1210 1892 horrida
1224 1873 1231 1892 :
1245 1864 1375 1904 nimirum
1390 1863 1523 1898 dogmatis
1537 1863 1570 1890 ab
1584 1863 1720 1897 inculpata

929 1919 958 1942 et
971 1914 1120 1941 orthodoxa
1146 1913 1197 1940 lide
1210 1918 1303 1939 nostra
1320 1912 1477 1939 dissentaue
1490 1912 1522 1938 s?
1541 1915 1622 1946 atque
1640 1910 1720 1941 adeo,

931 1966 961 1988 ut
988 1962 1025 1988 ita
1053 1961 1152 1991 (licam,
1177 1959 1268 1985 cloaca
1295 1958 1428 1993 quaepiam
1458 1965 1566 1984 ctentzm
1590 1957 1721 1991 ejectans,

930 2008 1004 2043 quod
1020 2007 1046 2033 in
1064 2007 1110 2034 Dei
1134 2006 1231 2033 Filium
1250 2005 1290 2032 vel
1306 2004 1355 2039 ipsi
1373 2004 1475 2038 posteri
1503 2003 1719 2038 cjaeularentur.

932 2055 971 2081 Ex
988 2054 1036 2081 hoc
1052 2053 1124 2081 enim
1139 2061 1200 2080 cum
1214 2051 1357 2079 Nestorius
1376 2050 1521 2081 hausisset,
1540 2054 1621 2083 atque
1639 2048 1722 2076 [tibis-

931 2104 983 2129 sel,
1000 2105 1062 2125 eum
1080 2097 1183 2124 nudum
1197 2101 1224 2123 et
1240 2096 1390 2131 simplicem
1418 2096 1554 2122 hominem
1580 2102 1652 2126 esse,
1675 2095 1721 2128 qui

99 2140 166 2174 quod
187 2139 289 2167 Noetus
314 2139 423 2173 quidem
450 2139 556 2166 Patrem
581 2140 669 2174 ipsum
691 2140 719 2166 in
745 2140 829 2167 forma
854 2146 880 2167 ct
898 2149 919 2176 ι)
934 2151 1027 2170 revera
1051 2143 1124 2170 Deus
1150 2146 1219 2174 erat,
1238 2142 1365 2172 asseruit,
1382 2146 1411 2167 ut
1430 2140 1604 2174 explanatius
1621 2140 1647 2166 in
1669 2139 1722 2166 Ne-

100 2187 203 2213 nomine
227 2194 334 2221 passum
354 2193 414 2212 eSse
429 2187 505 2218 dicit,
531 2187 664 2214 Sabellius
681 2188 772 2214 autem
792 2189 882 2222 ipsum

100 2233 204 2267 quidem
229 2232 347 2265 Patrem,
376 2236 403 2258 at
427 2241 479 2259 non
505 2237 536 2260 ut
558 2233 677 2264 Patrem,
699 2234 746 2260 sed
769 2239 798 2259 tit.
822 2234 882 2260 Filii

101 2287 208 2314 persona
235 2279 358 2306 indutum
375 2287 382 2306 :
400 2279 500 2306 Paulus
517 2279 635 2314 denique
652 2288 706 2307 non
727 2288 839 2315 prorsus
854 2283 883 2307 ut

103 2326 215 2355 Patrem.
231 2325 278 2352 sed
299 2330 328 2352 ut
342 2324 450 2352 Filium.
780 2338 793 2341 ι

133 2370 218 2405 Atque
231 2371 288 2397 haec
303 2376 376 2404 sunt,
389 2371 415 2398 in
429 2370 530 2405 quibus
547 2370 592 2398 hic
608 2371 648 2398 vel
664 2378 726 2398 cum
743 2371 882 2406 praedictis

104 2415 284 2442 lueresiarehis
311 2417 475 2448 concordat,
499 2417 541 2444 vel
563 2416 598 2444 ab
623 2417 718 2444 iisdem
743 2417 880 2444 dissentit.

104 2462 195 2496 Aperte
217 2469 282 2488 vero
295 2469 357 2489 eum
380 2462 526 2490 Artemone
543 2467 571 2490 ct
595 2463 740 2490 Theodoro
764 2464 882 2491 coriario

105 2507 244 2540 consentit,
261 2508 307 2542 qui
332 2508 478 2534 Dominum
500 2508 592 2536 Jesum
612 2508 752 2536 Christum
777 2509 881 2536 nudum

104 2558 128 2580 et
139 2553 286 2587 simplicem
299 2553 434 2580 hominem
446 2554 589 2589 perspicue
603 2555 724 2582 tradunt.

135 2599 195 2632 Qute
210 2607 271 2626 cum
287 2600 323 2626 ita
336 2607 364 2627 se
378 2600 479 2627 habere
491 2600 675 2627 Eeclesiarum
694 2601 881 2628 moderatores

106 2649 265 2678 compertum
279 2645 504 2680 exploratumque
515 2646 657 2677 haberent,
671 2646 881 2682 haudquaquam

139 2714 157 2729 "
172 2712 239 2740 Gen.
253 2721 271 2746 ι,
284 2713 330 2740 ‘26.

141 2785 191 2820 (53)
206 2785 363 2812 Theodotus
375 2784 421 2819 qui
438 2788 465 2812 et
478 2784 610 2819 Georgius
635 2783 778 2811 miriﬁcus.

934 2189 1052 2215 storiana
1072 2188 1195 2214 dicemus
1221 2186 1344 2213 historia.
1365 2185 1466 2211 Paulus
1496 2186 1586 2218 itaque
1602 2183 1721 2210 Sabellio

934 2240 961 2261 et
985 2234 1071 2261 Noeto
1094 2233 1212 2267 Ephesio
1237 2237 1422 2258 consentanea
1450 2230 1602 2264 professus,
1628 2230 1723 2255 inanes

935 2288 995 2307 cum
1023 2279 1077 2305 illis
1099 2285 1182 2305 voces
1206 2281 1314 2304 eructat
1336 2285 1343 2302 :
1365 2276 1536 2309 Patremque,
1561 2275 1672 2304 Filium,
1696 2280 1723 2300 rt

899 2330 901 2335 '
934 2324 1065 2359 Spiritum
1091 2327 1227 2353 sanctum,
1252 2321 1279 2348 in
1298 2329 1379 2348 unam
1397 2321 1579 2355 eamdemque
1604 2323 1724 2347 coarctat

934 2371 1105 2407 hypostasin,
1131 2369 1363 2403 prmdivinamque
1388 2371 1512 2394 naturam
1536 2365 1648 2392 animali
1666 2366 1722 2391 cui-
1761 2380 1765 2383 ς

931 2420 1003 2454 piant
1021 2416 1161 2444 trinomini
1187 2415 1302 2443 similem
1320 2413 1412 2445 tradit,
1430 2421 1491 2440 cum
1519 2416 1608 2439 tamen
1631 2411 1686 2438 mul
1702 2413 1723 2436 is

931 2475 946 2494 e
964 2465 1116 2499 Scripturte
1131 2462 1199 2489 locis
1216 2469 1275 2489 eam
1295 2460 1395 2495 triplici
1411 2459 1550 2486 deﬁnitam
1565 2457 1723 2492 hypostasiu

931 2512 1093 2541 didicisset.
1116 2514 1197 2544 atque
1222 2516 1255 2535 ex
1282 2507 1370 2534 Veteri
1392 2506 1502 2541 quidem
1530 2504 1721 2531 Testamento'

933 2557 981 2584 ubi
997 2557 1054 2582 ait:
1074 2554 1214 2581 Faciamus
1231 2553 1363 2580 hominem
1380 2552 1414 2578 ad
1434 2550 1576 2585 imaginem
1592 2552 1617 2574 et
1630 2547 1723 2574 simili-

935 2603 1052 2629 tudinem
1079 2604 1197 2627 nostram
1218 2599 1263 2625 ":
1287 2606 1348 2632 qua:
1375 2596 1464 2623 Patris
1488 2595 1571 2622 verba
1598 2597 1663 2621 sunt
1689 2593 1722 2620 ad

936 2655 993 2679 eos,
1010 2647 1056 2682 qui
1076 2654 1124 2674 sua
1141 2653 1156 2673 e
1178 2644 1328 2672 substantia
1362 2646 1561 2677 processerant,
1577 2641 1623 2676 qui
1640 2640 1722 2668 etiam
