1927 3085
84 119 156 151 1321

717 114 911 145 THESAURI
934 115 1009 145 LIB.
1031 116 1080 146 IV.

1636 116 1703 147 1⁸22

82 177 189 204 malum
216 181 270 202 non
299 178 350 201 est.
382 173 442 200 lam
474 176 548 207 quod
586 171 644 206 paci
686 171 872 198 custodiendm
892 174 1052 205 aptumest.
1089 169 1114 196 id
1133 177 1197 197 vero
1210 169 1312 197 behum
1328 178 1435 198 movere
1465 174 1642 207 pugna'reque
1655 181 1704 200 ne<

82 222 158 258 quit.
172 222 230 254 Quo
245 220 284 253 lit,
297 224 328 246 ut
348 219 512 254 principium
530 226 613 245 unum
638 217 819 252 relinquatur,
844 217 870 243 id
890 218 1003 249 bonum,
1018 222 1046 244 et
1061 218 1094 244 ab
1111 218 1185 245 omni
1201 217 1267 244 vitio
1285 218 1411 245 liberum.

123 269 156 295 El.
172 267 200 293 δὲ
212 266 338 301 φήσουσι,
353 266 400 291 καὶ
414 264 495 291 πόθεν
509 264 539 290 τὸ
555 264 715 298 nexo-itan;
734 263 874 297 ἀμήχανον

960 263 1038 296 Quod
1052 263 1074 290 si
1091 265 1245 297 percontari
1258 264 1351 295 velint,
1370 263 1504 291 undenam
1518 264 1617 291 malum
1633 264 1706 291 oria-

83 314 143 349 γὰρ
158 313 190 339 ὲκ
203 311 249 338 τοῦ
264 310 367 346 ἀγαθοῦ
380 311 410 337 τὺ
423 310 507 337 κακὸν
528 311 670 345 εἰληφέναι
690 309 739 343 τὴν
751 309 872 342 γένεσιν,

84 357 180 394 φαμὲν
192 357 232 383 ὅτι
247 357 278 383 τὸ
290 355 375 382 κακον
390 356 466 382 οὐδὲν
479 355 572 390 ’ἐτερόν
585 356 658 381 ἐστιν
677 360 690 388 η
708 353 755 380 τοῦ
772 353 875 387 ἀγαθοῦ

86 403 231 438 στέρησις,
242 403 289 429 καὶ
304 403 335 428 ἐκ
348 401 395 428 τοῦ
410 401 480 427 κατὰ
496 401 577 435 φύσιν
596 402 636 431 εἰς
657 400 686 426 τὸ
702 399 778 434 παρὰ
795 399 875 432 φύσιν

85 449 256 485 παρατροπή
267 457 274 464 ·
288 448 377 482 νδὺδὲν
395 447 450 481 γὰρ
475 446 559 473 κακὸν
577 446 646 473 κατὰ
662 445 759 479 φύσιν·
788 445 876 471 πάντα

85 495 147 529 γὰρ
170 494 220 519 ὅσα
248 493 379 526 ἐποίησεν
403 493 416 518 ὁ
430 491 507 522 Θεὸς,
522 490 582 517 λίαν
606 490 660 517 εἰσὶ
686 489 767 522 καλὰ,
786 489 847 516 καθ’
863 489 878 514 ὃ

86 539 230 573 γεγόνασι,
246 538 368 565 Μένοντα
380 537 467 563 τοίνυν
481 536 570 566 καθὼς
584 535 717 566 ἔκτισται,
734 534 805 561 καλὰ
817 534 878 560 λίαν

87 586 164 612 εἰσιν
175 593 181 600 ·
202 576 334 614 ἑκουσίως
352 583 380 609 δὲ
398 583 575 616 ἀποφυγόντα
589 582 621 607 ἑκ
638 580 685 606 τοῦ
702 580 771 606 κατὰ
787 579 876 613 φύσιν,

87 631 140 657 καὶ
155 630 194 662 εις
205 630 235 656 τὸ
248 630 322 664 παρὰ
332 629 413 663 φύσιν
425 629 548 660 ἐλθόντα,
563 629 591 654 ὲν
604 628 643 662 τῷ
656 627 733 662 κακῴ
747 627 877 660 γίνονται.

88 676 172 703 Κατὰ
202 676 283 710 φύσιν
308 676 358 710 μὲν
374 675 420 702 οὖν
438 674 527 702 πᾶντα
548 675 627 701 δοῦλα
648 675 695 700 καὶ
721 674 828 709 ὑπήκοα
841 673 880 708 τῷ

88 721 265 756 δημιουργῷ·
292 723 356 748 ὅταν
385 721 413 747 δὲ
433 721 566 751 ἑκουσίως
589 729 615 746 τι
645 719 699 745 τῶν
722 720 879 753 κτισμάτων

89 767 244 803 ἀφηνιάσῃ,
259 768 307 793 καὶ
326 767 467 801 παρήκοον
481 767 528 792 τοῦ
540 766 700 801 ποιήσαντος
720 766 785 791 αὐτὸ
800 764 881 798 γένη-

89 820 150 845 ται,
164 813 194 838 ὲν
208 812 298 847 ἑαυτῷ
318 813 482 846 συνέστησεν
495 813 543 844 τὴν
562 812 671 838 κακίαν·
693 813 709 845 ἡ
726 812 780 846 γὰρ
795 811 881 836 κακία

91 855 157 882 οὔτε
171 857 249 882 οὐσία
265 865 308 888 τις
324 857 409 888 ἐστὶν,
425 856 487 882 οὔτε
497 857 591 888 οὐσίας
604 857 711 891 ἰδίωμα,
727 857 794 883 ἀλλά
811 865 880 890 συμ-

92 900 232 934 σεσηκός·
264 902 347 935 ἡγουν
379 901 502 932 ἑκούσιός
532 910 575 928 τις
605 901 772 936 παρατροπὴ
787 902 818 928 ὲκ
835 900 880 927 τοῦ

93 946 258 980 κατὰφύσιν
276 946 317 977 εις
336 945 368 972 τὸ
383 948 459 980 παρὰ
474 945 565 980 φύσιν,
581 946 649 980 ὅπερ
659 947 735 972 ἐστὶν
751 947 768 980 ἡ
788 947 880 981 ἁμαρ·
897 940 917 969 Β

93 990 150 1017 sia.
170 990 205 1016 'H
234 990 262 1016 δὲ
282 991 407 1025 ἁμαρτία
434 991 483 1026 τῆς
498 991 675 1024 αὺτεξουσίου
695 992 741 1018 τοῦ
758 991 882 1018 διαόόλου

93 1036 208 1072 γνώμης
234 1035 353 1072 εὕρεμα·
375 1037 460 1068 κακὸς
487 1035 533 1063 οὖν
549 1037 563 1062 ὁ
588 1036 722 1068 διάὸολος,
747 1037 778 1062 οὑ
794 1036 854 1063 καθ’
870 1036 884 1062 ὃ

95 1081 219 1115 γέγονεν,
232 1080 347 1115 ἄγγελος
358 1081 413 1116 γὰρ
427 1080 623 1116 φωτεινότερος
633 1081 681 1107 καὶ
694 1081 885 1116 λαμπρότερος

95 1126 151 1152 ὑπὸ
166 1125 213 1152 τοῦ
229 1126 402 1161 Δημιουργοῦ
418 1126 553 1159 ἔκτισται,
570 1125 743 1157 αὖτεξούσιο;
758 1125 795 1156 ὠς
811 1126 886 1159 λογι-

95 1171 163 1203 κός·
179 1172 310 1204 ἑκουσίως
334 1172 362 1198 δὲ
376 1172 511 1206 τῆς¹κατὰ
543 1173 624 1206 φύσιν
654 1172 758 1207 ἀρετῆς
771 1172 885 1206 ἀπεφοί-

95 1226 177 1253 τησε,
198 1210 245 1245 καὶ
259 1219 288 1245 ἐν
302 1218 340 1253 τῷ
352 1217 426 1253 ζόφῳ
442 1219 491 1253 τῆς
503 1220 604 1251 κακίας
616 1220 736 1253 ἐγένετο,
747 1218 814 1245 Θεοῦ
831 1227 882 1253 μα-

97 1263 225 1298 κρυνθεὶς
245 1264 293 1290 τοῦ
308 1264 390 1299 μόνου
404 1264 508 1298 ἀγαθοῦ
524 1265 573 1291 καὶ
592 1265 723 1297 ζωοποιοῦ
733 1273 740 1280 ·
760 1264 790 1297 ἐξ
802 1264 885 1291 αὐτοῦ

97 1310 154 1343 γὰρ
172 1310 226 1335 πᾶν
244 1310 345 1343 ἀγαθὸν
361 1310 527 1344 ἁγαθύνεται
539 1318 546 1325 ·
566 1311 613 1337 καὶ
631 1311 746 1337 καθόσον
758 1311 787 1343 ἐξ
804 1309 887 1336 αὐτοῦ

99 1355 261 1390 ὲμακρύνθη
272 1355 381 1391 γνώμῃ,
400 1356 429 1382 οὐ
446 1356 500 1391 γὰρ
521 1356 610 1391 τόπῳ,
624 1358 652 1383 ὲν
665 1356 703 1392 τῷ
716 1357 795 1390 κακῷ
808 1357 890 1391 γέγοο

101 1409 157 1427 νεν.

927 314 971 336 tur
988 313 1049 344 (nec
1064 309 1137 336 enim
1163 310 1220 336 lteri
1244 310 1298 336 ullo
1324 310 1405 336 modo
1421 314 1520 344 potest,
1533 305 1569 336 ut
1593 318 1608 337 a
1634 313 1707 337 bono

927 354 1027 380 malum
1044 354 1176 388 originem
1192 355 1324 387 traxerit),
1335 355 1435 381 malum
1450 355 1516 381 nihil
1531 355 1616 387 aliud,
1626 363 1708 390 quam

927 399 992 426 boni
1005 399 1184 433 privationem
1199 407 1258 426 esse
1270 400 1396 431 dicimus,
1412 404 1494 434 atque
1507 400 1576 427 adeo
1589 401 1696 427 eversio

928 451 989 471 nem
1007 445 1067 479 ejus
1080 444 1152 479 quod
1176 450 1218 471 est
1241 450 1346 471 natura
1372 450 1598 477 consentaneum,
1625 445 1651 472 in
1683 446 1709 472 it

929 491 1000 524 quod
1027 495 1069 517 est
1096 495 1200 517 natura:
1227 491 1395 517 contrarium
1417 499 1423 517 :
1443 491 1578 525 siquidem
1605 491 1711 518 nullum

929 537 1030 563 malum
1055 541 1158 562 natura:
1173 541 1398 562 consentaneum.
1419 535 1515 563 Omnia
1541 537 1614 563 enim
1640 544 1713 570 qua:-

930 591 1038 618 cunque
1060 583 1123 610 fecit
1144 583 1226 615 Deus,
1245 584 1323 611 valde
1347 584 1417 611 bona
1438 590 1510 617 sunt,
1528 585 1550 612 si
1567 586 1715 613 crcationis

933 638 1029 657 eorum
1057 630 1191 657 habeatur
1217 631 1297 656 ratio.
1328 630 1446 657 Proinde
1474 631 1496 657 si
1519 631 1610 665 qualia
1624 636 1713 657 creata

931 679 1005 704 sunt,
1024 675 1085 701 talia
1100 679 1238 705 maneant,
1255 674 1333 700 valde
1361 676 1429 701 bona
1454 680 1536 707 sunt;
1559 680 1585 700 at
1604 675 1625 701 si
1642 675 1715 701 ultro

931 721 964 747 ab
979 728 1012 747 eo
1024 719 1097 754 quod
1116 725 1157 746 est
1173 725 1276 746 natura:
1293 725 1518 753 consentaneum,
1546 721 1579 747 ad
1603 721 1629 747 id
1650 721 1716 746 deﬁ-

932 765 1016 796 ciant,
1034 765 1105 799 quod
1121 770 1224 791 naturae
1239 771 1381 799 repugnat,
1403 766 1458 800 jam
1481 766 1551 792 malo
1569 774 1716 793 accensen-

934 815 988 838 tur.
1002 811 1103 837 Natura
1117 810 1198 845 igitur
1212 811 1303 837 omnia
1316 818 1408 837 rerum
1421 810 1516 845 Opiﬁci
1532 811 1717 846 subjiciuntur

933 861 1013 890 atque
1031 859 1135 890 parent.
1156 855 1224 882 Cum
1242 863 1306 882 vero
1327 860 1451 883 creatura
1474 857 1607 891 quapiam
1626 857 1716 883 rebel-

933 901 1041 932 laverit,
1056 905 1083 927 et
1097 901 1220 927 Creat0ri
1238 907 1289 927 suo
1304 900 1395 928 minus
1419 901 1581 936 morigeram
1602 909 1630 929 se
1647 910 1716 936 pra:-

932 946 1044 979 stiterit,
1062 947 1114 974 sibi
1136 946 1231 973 vitium
1253 947 1326 974 ultro
1352 947 1505 974 accersivit.
1531 947 1599 974 Nam
1618 947 1715 974 vitium

933 1000 1021 1026 neque
1035 992 1188 1018 substantia
1210 999 1300 1026 neque
1315 992 1476 1020 substantiae
1498 993 1650 1027 proprietas
1661 993 1716 1020 ulla

932 1042 984 1070 est,
1001 1037 1049 1065 sed
1069 1037 1206 1069 accidens.
1231 1045 1278 1065 seu
1296 1038 1424 1073 spontiua
1455 1038 1578 1073 qumdam
1601 1038 1717 1065 deﬂexio

933 1084 967 1111 ab
983 1091 1016 1111 eo
1033 1085 1106 1118 quod
1122 1087 1165 1111 est
1186 1088 1292 1111 naturae
1306 1089 1531 1116 consentaneum,
1552 1084 1586 1112 ad
1603 1085 1629 1113 id
1643 1085 1717 1120 quod

934 1135 1038 1158 natura:
1070 1134 1223 1165 repugnat:
1249 1130 1321 1165 quod
1347 1129 1458 1165 quidem
1488 1135 1628 1164 peccatum
1663 1136 1716 1157 est.

933 1175 1078 1202 Peccatum
1106 1179 1197 1202 autem
1225 1174 1317 1201 libera:
1334 1174 1435 1201 diaboli
1452 1174 1600 1202 voluntatis
1623 1175 1719 1202 inven-

933 1226 990 1249 tum
1012 1227 1062 1249 est.
1088 1221 1206 1248 Proinde
1229 1221 1356 1248 diabolus
1384 1221 1471 1248 malus
1492 1226 1544 1252 est.
1565 1229 1619 1249 non
1643 1222 1718 1256 quod

934 1268 997 1295 talis
1009 1271 1118 1294 creatus
1133 1266 1227 1298 fuerit,
1249 1266 1361 1301 angelus
1391 1267 1464 1293 enim
1488 1267 1674 1295 lucidissimus
1691 1273 1719 1294 ct

935 1312 1106 1340 clarissimus
1132 1319 1147 1338 a
1170 1319 1263 1338 rerum
1279 1312 1402 1338 omnium
1420 1311 1517 1346 opilice
1541 1312 1596 1338 Deo
1611 1317 1720 1339 creatus

935 1363 977 1386 est
997 1363 1078 1393 atque
1094 1358 1182 1385 libero
1194 1358 1310 1384 arbitrio
1336 1358 1466 1392 praeditus
1479 1378 1486 1390 ,
1506 1359 1568 1393 quia
1589 1359 1721 1386 nimirum

937 1403 1051 1430 rationis
1067 1403 1228 1437 particeps:
1250 1408 1346 1437 sponte
1371 1410 1436 1429 vero
1463 1411 1478 1430 a
1497 1403 1596 1430 virtute
1618 1409 1723 1431 natura:

100 1453 281 1476 consentanea
298 1449 432 1478 descivit:
448 1455 476 1478 et
489 1451 521 1478 ad
537 1451 594 1478 vitii
620 1452 761 1487 caliginem
783 1451 944 1487 transfugit:
965 1451 1060 1486 procul
1092 1458 1107 1477 a
1129 1449 1183 1477 Deo
1215 1455 1347 1481 remotus.
1362 1451 1408 1485 qui
1425 1451 1501 1478 solus
1520 1451 1608 1478 bonus
1626 1456 1653 1478 et
1683 1451 1723 1477 vi-

101 1495 198 1523 viticus
213 1501 265 1523 est.
287 1496 325 1523 Ab
340 1498 400 1532 ipso
418 1499 491 1524 enim
507 1498 640 1532 quidquid
664 1500 766 1526 bonum
779 1503 821 1525 est
836 1518 843 1531 ,
877 1500 903 1525 id
922 1499 991 1525 bene
1008 1502 1036 1524 et
1069 1497 1186 1531 benigne
1215 1496 1372 1524 factuln‘est
1393 1500 1443 1524 :et
1462 1502 1596 1532 quatenus
1618 1497 1652 1524 ab
1676 1497 1723 1525 illo

101 1542 195 1576 procul
210 1543 362 1576 diverterit,
382 1544 521 1571 voluntate
540 1545 622 1578 (nam
646 1545 706 1572 loco
722 1553 775 1572 non
797 1545 882 1580 item)
903 1546 937 1573 ad
955 1545 1055 1572 malum
1072 1544 1180 1572 defecit.

140 1588 263 1620 Μάταιος
276 1589 366 1615 τοίνυν
385 1591 398 1615 ὁ
411 1590 518 1625 Μάνης,
539 1591 585 1616 καὶ
608 1591 720 1622 σκότους
736 1591 884 1626 φθεγγόμε-

975 1592 1066 1619 Vanus
1082 1591 1172 1625 itaque
1185 1590 1277 1618 Manes
1292 1596 1344 1623 est,
1367 1595 1395 1618 et
1420 1590 1506 1618 futilis
1520 1612 1527 1624 ,
1539 1591 1584 1626 qui
1604 1591 1724 1619 tenebris

100 1642 145 1665 vo;
159 1633 233 1667 ἄξια,
248 1633 288 1667 οἷς
301 1635 332 1662 τὸ
358 1636 453 1668 σκότος
471 1638 518 1663 καὶ
533 1637 582 1671 τὴν
599 1636 665 1672 ὓλην
681 1637 754 1664 ἀΐδια
780 1638 887 1670 δοξάζει

101 1680 148 1707 καὶ
164 1680 223 1715 Θεῷ
254 1681 460 1716 συναγέννητα·
494 1683 595 1719 καίπερ
623 1684 730 1711 ἁκούων
747 1684 887 1714 Μωῦσέως

101 1727 239 1761 λέγοντος·
261 1728 309 1756 ‘Er
319 1729 397 1764 ἀρχῇ
411 1729 557 1763 ἐποίησεν
567 1732 584 1757 ό
603 1730 675 1762 Θεὸς
687 1731 741 1756 τὸν
756 1729 887 1762 οὐρανὸν

101 1773 151 1798 καὶ
167 1773 225 1806 τὴν
236 1773 294 1807 γῆν
306 1781 313 1789 ·
338 1775 386 1800 καὶ
411 1775 452 1800 ὅτι
469 1775 499 1806 ἐξ
515 1776 564 1800 οὐκ
577 1775 662 1801 ὅντων
683 1776 718 1802 τὰ
733 1775 823 1801 πάντα
842 1775 888 1808 γὲ-

102 1826 181 1852 γονε”
195 1820 243 1845 καὶ
256 1819 293 1849 ὡς
307 1819 365 1854 ἅμα
380 1820 411 1845 τὸ
425 1821 483 1854 φῶς
503 1821 645 1856 παρήχθη,
667 1822 713 1847 κοιλ¹
734 1821 764 1847 τὸ
791 1820 886 1850 σκότος

103 1863 276 1899 ὑπεχώρησε.
294 1865 348 1891 Καὶ
360 1865 414 1900 γὰρ
425 1865 439 1891 ὁ
455 1866 646 1900 Σωφρονίσκου
663 1866 821 1901 Σωκράτης,
840 1865 888 1891 καὶ

100 1910 116 1935 6
140 1908 301 1943 ’Δρίστωνος
324 1909 447 1941 Πλάτων,
473 1912 520 1936 καὶ
538 1911 562 1935 οἱ
578 1911 680 1936 τούτων
695 1911 820 1945 διάδοχοι,
840 1910 888 1935 καὶ

102 1954 191 1989 ἕτεροι
208 1955 338 1986 πλεῖστοι,
357 1955 438 1990 τῆσδε
455 1957 504 1989 τῆς
519 1955 597 1991 δόξης
613 1956 693 1990 γεγέν
706 1965 785 1990 Δνται,
799 1956 845 1982 τοῦ
858 1956 887 1989 ἐξ

104 1999 286 2034 ὑποκειμένης
307 1999 373 2034 ὕλης
394 2000 427 2026 τὰ
449 2004 538 2027 πάντα
565 2001 812 2036 δημιουργηθῆναι,
842 2003 887 2028 καὶ

104 2045 227 2072 συναῖὂια
244 2046 313 2071 αὺτλ
329 2046 376 2072 τοῦ
391 2046 459 2072 Θεοῦ
478 2047 614 2081 λέγοντες,
636 2048 722 2073 αἴτιον
738 2048 823 2082 αὐτῆς
842 2048 887 2073 τὸν

104 2089 169 2116 Θεὸν
180 2091 368 2125 ὀνομάζουσιν.
397 2092 434 2118 Οὐ
451 2093 504 2127 μὴν
527 2093 612 2127 αὐτὴν
629 2092 718 2129 [ὓλην]
732 2094 779 2119 καὶ
799 2093 887 2127 κακὴν

104 2135 249 2170 ὁρίζονται.
269 2137 409 2171 Μεγίστην
437 2138 492 2173 γὰρ
511 2138 685 2172 βλασφημίαν
706 2138 845 2173 νομιζουσι
858 2139 888 2164 τὸ

105 2180 185 2214 φάναι
203 2181 250 2207 τὸν
260 2181 327 2208 Θεὸν
344 2180 483 2209 εἶναιτῶν
499 2184 590 2210 κακῶν
603 2185 730 2218 ποιητήν.
748 2185 802 2210 Καὶ
818 2185 889 2210 ἐκεῖ·

104 2233 143 2251 νοι
155 2225 204 2260 μὲν
217 2225 326 2261 ἔχουσιν
346 2227 411 2258 ἴσως
428 2228 489 2254 τινὰ
501 2228 678 2263 συγγνώμην,
691 2232 759 2263 μήτε
781 2237 888 2264 προφη-

938 1638 1020 1673 digna
1045 1636 1240 1672 proloquitur,
1269 1643 1331 1663 cum
1367 1636 1494 1663 tenebras
1526 1641 1553 1663 et
1582 1637 1724 1664 materiam

938 1689 1050 1715 aeterna,
1064 1687 1156 1710 etnon
1172 1689 1252 1709 secus
1265 1687 1345 1716 atque
1361 1682 1444 1709 Deum
1456 1702 1464 1714 ,
1482 1689 1534 1708 non
1559 1683 1648 1716 genita
1664 1689 1725 1709 esse

938 1733 1073 1759 autumat,
1085 1728 1209 1761 quamvis
1225 1727 1316 1754 Mosen
1338 1727 1375 1753 ita
1395 1727 1530 1753 dicentem
1558 1728 1668 1753 audiat:
1692 1726 1725 1752 Ιιι

939 1774 1067 1809 principio
1080 1773 1177 1799 creavit
1192 1773 1225 1804 ",
1245 1772 1318 1806 quod
1333 1779 1367 1799 ex
1394 1772 1481 1798 ntho
1508 1777 1605 1799 cuncta
1633 1777 1724 1799 creata

939 1825 1013 1851 sunt,
1029 1819 1102 1853 quod
1115 1818 1196 1845 etiam
1210 1818 1289 1844 simul
1300 1822 1384 1852 atque
1399 1818 1444 1845 lux
1459 1818 1590 1852 producw
1603 1823 1655 1848 est,
1683 1823 1725 1845 te-

938 1865 1031 1892 nebrae
1044 1867 1226 1891 secesserunt.
1243 1863 1368 1890 Socrates
1381 1864 1454 1890 enim
1476 1863 1650 1897 Sophronisci
1664 1884 1671 1896 ,
1697 1871 1725 1891 et

940 1910 1015 1937 Plato
1031 1909 1166 1936 Aristonis
1181 1908 1266 1940 ﬁlius,
1280 1916 1431 1942 eorumque
1443 1915 1626 1939 successores,
1642 1912 1724 1942 atque

938 1956 985 1982 alii
998 1955 1193 1990 quamplurimi
1208 1962 1240 1981 ea
1257 1955 1284 1980 in
1301 1954 1435 1981 sententia
1450 1954 1571 1986 fuerunt,
1588 1959 1618 1981 ut
1632 1955 1724 1981 omnia

938 2010 972 2029 ex
1000 2002 1120 2037 subjecta
1147 2002 1258 2028 materia
1283 2005 1374 2027 creata
1392 2001 1475 2027 fuisse
1498 2001 1622 2027 dicerent
1639 2009 1645 2026 :
1664 2009 1726 2035 qua:

941 2049 1051 2083 quidem
1069 2048 1123 2074 Deo
1135 2051 1268 2074 coaeterna
1282 2046 1415 2079 dicentes,
1430 2046 1480 2081 ipsi
1497 2047 1553 2073 Deo
1571 2054 1658 2073 cause
1674 2054 1724 2073 no-

939 2103 1002 2122 men
1018 2095 1162 2128 ilnponuut
1178 2102 1184 2120 :
1198 2101 1252 2120 non
1265 2097 1354 2120 tamen
1371 2093 1511 2119 materiam
1526 2093 1609 2128 ipsam
1624 2093 1651 2120 in
1667 2100 1725 2119 ma-

940 2141 973 2167 lis
987 2148 1048 2167 csse
1073 2140 1208 2167 deﬁniunt
1224 2147 1230 2166 :
1246 2139 1379 2174 siquidem
1405 2139 1579 2173 blasphemiae
1602 2139 1725 2166 maximae

939 2187 1000 2214 loco
1014 2195 1075 2214 esse
1090 2186 1194 2218 dicunt,
1207 2186 1230 2213 si
1245 2187 1307 2220 quis
1323 2186 1406 2213 Deum
1425 2186 1557 2213 malorum
1572 2192 1722 2213 creatorem

940 2240 1000 2260 esse
1016 2232 1099 2259 dicat.
1116 2232 1204 2266 Atque
1230 2232 1268 2258 illi
1296 2232 1404 2266 quidem
1432 2232 1521 2266 aliqua
1549 2231 1620 2259 forte
1644 2233 1723 2259 venia

104 2271 186 2297 τικῶν
203 2271 407 2303 ἐπακούσαντες
433 2272 532 2306 λόγων,
550 2275 617 2308 μήτε
633 2275 696 2305 τοὺς
720 2274 807 2304 θείους
821 2275 884 2300 ἁπο-

942 2279 1016 2313 digni
1030 2283 1105 2310 sunt,
1127 2279 1172 2313 qui
1188 2286 1276 2312 neque
1293 2278 1467 2313 propheticus
1490 2285 1631 2306 sermones
1647 2280 1725 2305 audi-

106 2318 213 2348 στόλους
226 2318 361 2354 ποδηγοὺς
381 2320 541 2354 ἐσχηκότες,
569 2321 660 2354 μόνοις
677 2320 706 2346 δὲ
736 2322 790 2351 τοῖς
814 2320 889 2354 λογι-

106 2365 181 2398 σμοῖς
192 2365 241 2399 τὴν
256 2365 310 2391 τῶν
327 2365 412 2392 ὄντων
426 2366 620 2400 ἐπιτρέψοντες
635 2366 748 2400 γνῶσιν.
765 2363 845 2392 Οὗτοι
860 2365 888 2391 δὲ

106 2409 182 2439 πιίας
199 2410 231 2436 ἂν
242 2410 346 2437 τίσειαν
359 2411 436 2442 δίκας
452 2413 500 2446 τῆς
515 2412 642 2442 ἀσεϐείας
658 2411 747 2443 ᾱζίας,
769 2410 822 2437 τῶν
839 2411 889 2445 μὲν

104 2455 183 2481 θείων
212 2455 416 2488 ἀπολαύσαντες
449 2457 636 2491 Εὑαγγελίων,
664 2457 694 2483 τὸ
729 2457 758 2483 δὲ
787 2456 889 2483 τούτων

105 2500 305 2535 ἀποδράσαντες
319 2502 388 2535 φῶς,
400 2503 447 2528 καὶ
458 2504 488 2529 τὸ
507 2504 601 2534 σκότος
623 2503 814 2537 ἀσπασάμενοι
829 2504 889 2533 ταῖς

105 2547 240 2582 νυκτερίσι
269 2548 481 2582 παραπλησίω,;
505 2549 615 2584 Ἐπειδὴ
636 2551 691 2586 γὰρ
714 2552 789 2577 πᾶσα
804 2550 887 2584 τέχνη

104 2592 179 2626 παρά
208 2592 362 2627 ἀνθρώποις
392 2593 456 2628 ὕλης
487 2595 671 2631 ὑποκειμένης
711 2596 886 2630 προσδεῖται,

105 2637 238 2664 ὑπέλαϐον
253 2639 278 2663 οι
290 2639 400 2674 ἀνόητοι
416 2641 463 2666 καὶ
479 2641 526 2667 τὸν
537 2641 603 2668 Θεὸν
628 2644 665 2677 μὴ
678 2641 807 2668 δύνασθαι
821 2641 887 2677 ὕλης

103 2681 162 2718 δίχα
180 2683 371 2719 δημιουργεῖν·
387 2687 434 2713 καὶ
464 2687 495 2712 οὐ
512 2688 633 2714 συνεῖδον
652 2689 714 2715 ὅσον
740 2689 885 2724 ἀνθρώπου

104 2730 150 2756 καὶ
167 2729 235 2756 Θεοῦ
253 2731 282 2758 τὸ
295 2732 424 2768 διάφορον
433 2741 441 2750 ι
454 2735 499 2760 καὶ
511 2733 548 2765 ὡς
556 2734 606 2769 οὐχ
621 2733 677 2762 οἷόν
690 2743 719 2762 τι
734 2736 784 2771 τὴν
794 2735 886 2762 εἰκόνα

138 2810 161 2828 ⁵⁸
172 2811 240 2840 Gen.
252 2820 271 2846 ι,
287 2818 314 2840 1.

260 2861 395 2891 Γιτιιοι..
419 2862 477 2892 Gn.
501 2863 666 2896 CXXXIX.

938 2326 1037 2354 \‘erint.
1068 2332 1158 2359 neque
1184 2330 1292 2351 sanctos
1318 2324 1456 2358 apostolos
1485 2325 1534 2350 vim
1561 2325 1645 2352 duces
1676 2325 1726 2351 ha-

939 2371 1060 2403 buerint,
1077 2371 1123 2397 sed
1147 2370 1213 2397 solis
1231 2370 1397 2404 conjecturis
1423 2377 1514 2398 rerum
1538 2371 1723 2407 cognitionem

938 2417 1078 2444 consecuti
1103 2417 1167 2444 sint.
1194 2416 1226 2443 HI
1249 2424 1315 2443 vero
1332 2417 1437 2451 quales,
1462 2425 1563 2452 qua-so,
1585 2425 1723 2453 quamque

939 2470 987 2490 sua
999 2462 1137 2496 impietate
1152 2461 1247 2496 dignas
1260 2469 1354 2496 poenas
1378 2462 1465 2494 luent,
1479 2463 1526 2498 qui
1541 2470 1604 2490 cum
1621 2464 1723 2490 sanctis

938 2509 1097 2536 fruerentur
1108 2509 1272 2543 Evangeliis.
1295 2509 1329 2536 ab
1349 2516 1444 2536 eorum
1467 2510 1569 2537 lumine
1591 2510 1624 2537 ad
1648 2515 1724 2536 tene—

937 2555 1011 2583 bras.
1029 2563 1104 2582 more
1126 2561 1286 2582 noctuarum
1313 2557 1526 2590 translugerunt.
1556 2556 1625 2589 Quia
1648 2557 1722 2582 enim

937 2601 1050 2629 cuilibet.
1073 2601 1126 2627 arti
1154 2601 1225 2628 inter
1245 2601 1372 2628 homines
1396 2602 1508 2628 materia
1526 2601 1652 2636 subjecta
1679 2608 1722 2628 est

936 2655 1016 2683 opus,
1036 2647 1165 2682 suspicati
1186 2653 1250 2674 sunt
1266 2647 1397 2674 vecordes
1417 2647 1467 2679 illi,
1489 2655 1524 2674 ne
1548 2647 1634 2674 Deum
1660 2648 1721 2682 qui-

935 2694 997 2721 dem
1009 2693 1158 2728 quidquam
1174 2694 1234 2720 sine
1258 2693 1371 2720 materia
1389 2697 1483 2719 crea‘re
1505 2693 1627 2728 potuisse
1643 2702 1649 2719 :
1667 2701 1721 2721 nec

936 2739 1142 2771 intellexerunt,
1159 2741 1290 2772 quantum
1305 2737 1376 2764 inter
1389 2745 1418 2765 se
1434 2737 1504 2765 Deus
1522 2742 1551 2765 et
1572 2738 1655 2766 homo
1666 2739 1720 2766 dit.

1525 2870 1561 2901 ιο
