  <div class='ocr_page' id='page_1' title='image "/cluster/home/n/w/nwhite01/storage/ocr_20150623/139/njp.32101077773131/680.png"; bbox 0 0 1927 3085; ppageno 0'>
   <div class='ocr_carea' id='block_1_1' title="bbox 79 177 151 210">
    <p class='ocr_par' dir='ltr' id='par_1_1' title="bbox 79 177 151 210">
     <span class='ocr_line' id='line_1_1' title="bbox 79 177 151 210; baseline -0.028 0"><span class='ocrx_word' id='word_1_1' title='bbox 79 177 90 210; x_wconf 74' lang='grc' dir='ltr'><strong>ἶ</strong></span> <span class='ocrx_word' id='word_1_2' title='bbox 97 177 151 208; x_wconf 78' lang='grc'><strong>325</strong></span> 
     </span>
    </p>
   </div>
   <div class='ocr_carea' id='block_1_2' title="bbox 711 175 1076 206">
    <p class='ocr_par' dir='ltr' id='par_1_2' title="bbox 711 175 1076 206">
     <span class='ocr_line' id='line_1_2' title="bbox 711 175 1076 206; baseline 0.005 -2"><span class='ocrx_word' id='word_1_3' title='bbox 711 175 863 205; x_wconf 75' lang='lat' dir='ltr'><strong>TIIESAU</strong></span> <span class='ocrx_word' id='word_1_4' title='bbox 870 176 910 205; x_wconf 76' lang='lat' dir='ltr'><strong>III</strong></span> <span class='ocrx_word' id='word_1_5' title='bbox 932 175 1007 206; x_wconf 88' lang='lat' dir='ltr'><strong>LIB.</strong></span> <span class='ocrx_word' id='word_1_6' title='bbox 1028 176 1076 206; x_wconf 86' lang='lat' dir='ltr'><strong>IV.</strong></span> 
     </span>
    </p>
   </div>
   <div class='ocr_carea' id='block_1_3' title="bbox 1637 175 1707 207">
    <p class='ocr_par' dir='ltr' id='par_1_3' title="bbox 1637 175 1707 207">
     <span class='ocr_line' id='line_1_3' title="bbox 1637 175 1707 207; baseline 0 0"><span class='ocrx_word' id='word_1_7' title='bbox 1637 175 1707 207; x_wconf 72' lang='lat' dir='ltr'><strong>I3S6</strong></span> 
     </span>
    </p>
   </div>
   <div class='ocr_carea' id='block_1_4' title="bbox 82 229 1704 268">
    <p class='ocr_par' dir='ltr' id='par_1_4' title="bbox 82 229 1704 268">
     <span class='ocr_line' id='line_1_4' title="bbox 82 229 1704 268; baseline -0.001 -7"><span class='ocrx_word' id='word_1_8' title='bbox 82 235 182 261; x_wconf 88' lang='lat' dir='ltr'><strong>borum</strong></span> <span class='ocrx_word' id='word_1_9' title='bbox 200 233 268 260; x_wconf 82' lang='lat' dir='ltr'><strong>fastu</strong></span> <span class='ocrx_word' id='word_1_10' title='bbox 282 233 433 260; x_wconf 84' lang='lat' dir='ltr'><strong>scatebaut.</strong></span> <span class='ocrx_word' id='word_1_11' title='bbox 448 233 486 261; x_wconf 78' lang='lat' dir='ltr'><strong>Ex</strong></span> <span class='ocrx_word' id='word_1_12' title='bbox 503 241 557 268; x_wconf 89' lang='lat' dir='ltr'><strong>quo</strong></span> <span class='ocrx_word' id='word_1_13' title='bbox 572 233 664 259; x_wconf 68' lang='lat' dir='ltr'><strong>evonit</strong></span> <span class='ocrx_word' id='word_1_14' title='bbox 680 236 721 264; x_wconf 88' lang='lat' dir='ltr'><strong>ut,</strong></span> <span class='ocrx_word' id='word_1_15' title='bbox 739 239 800 258; x_wconf 91' lang='lat' dir='ltr'><strong>eum</strong></span> <span class='ocrx_word' id='word_1_16' title='bbox 817 231 869 258; x_wconf 85' lang='lat' dir='ltr'><strong>sibi</strong></span> <span class='ocrx_word' id='word_1_17' title='bbox 887 236 907 262; x_wconf 70' lang='grc' dir='ltr'>Α</span> <span class='ocrx_word' id='word_1_18' title='bbox 924 230 1062 261; x_wconf 75' lang='lat' dir='ltr'><strong>assimilis,</strong></span> <span class='ocrx_word' id='word_1_19' title='bbox 1081 229 1140 264; x_wconf 84' lang='lat' dir='ltr'><strong>ipso</strong></span> <span class='ocrx_word' id='word_1_20' title='bbox 1154 229 1186 256; x_wconf 86' lang='lat' dir='ltr'><strong>ad</strong></span> <span class='ocrx_word' id='word_1_21' title='bbox 1207 229 1291 257; x_wconf 78' lang='lat' dir='ltr'><strong>Deum</strong></span> <span class='ocrx_word' id='word_1_22' title='bbox 1306 237 1420 257; x_wconf 84' lang='lat' dir='ltr'><strong>ascensu</strong></span> <span class='ocrx_word' id='word_1_23' title='bbox 1443 230 1639 265; x_wconf 86' lang='lat' dir='ltr'><strong>iunovaretur;</strong></span> <span class='ocrx_word' id='word_1_24' title='bbox 1657 234 1704 260; x_wconf 77' lang='lat' dir='ltr'><strong>scd</strong></span> 
     </span>
    </p>
   </div>
   <div class='ocr_carea' id='block_1_5' title="bbox 81 278 866 314">
    <p class='ocr_par' dir='ltr' id='par_1_5' title="bbox 81 278 866 314">
     <span class='ocr_line' id='line_1_5' title="bbox 81 278 866 314; baseline -0.004 -8"><span class='ocrx_word' id='word_1_25' title='bbox 81 279 193 314; x_wconf 76' lang='lat' dir='ltr'><strong>sapiens</strong></span> <span class='ocrx_word' id='word_1_26' title='bbox 211 279 361 311; x_wconf 88' lang='lat' dir='ltr'><strong>videretur,</strong></span> <span class='ocrx_word' id='word_1_27' title='bbox 387 279 513 314; x_wconf 83' lang='lat' dir='ltr'><strong>dogmata</strong></span> <span class='ocrx_word' id='word_1_28' title='bbox 533 280 560 305; x_wconf 93' lang='lat' dir='ltr'>in</span> <span class='ocrx_word' id='word_1_29' title='bbox 586 283 724 313; x_wconf 90' lang='lat' dir='ltr'><strong>posterum</strong></span> <span class='ocrx_word' id='word_1_30' title='bbox 738 286 787 312; x_wconf 88' lang='lat' dir='ltr'><strong>pro</strong></span> <span class='ocrx_word' id='word_1_31' title='bbox 804 278 866 304; x_wconf 87' lang='lat' dir='ltr'><strong>libi-</strong></span> 
     </span>
    </p>
   </div>
   <div class='ocr_carea' id='block_1_6' title="bbox 81 324 865 360">
    <p class='ocr_par' dir='ltr' id='par_1_6' title="bbox 81 324 865 360">
     <span class='ocr_line' id='line_1_6' title="bbox 81 324 865 360; baseline -0.004 -8"><span class='ocrx_word' id='word_1_32' title='bbox 81 325 147 352; x_wconf 83' lang='lat' dir='ltr'><strong>dine</strong></span> <span class='ocrx_word' id='word_1_33' title='bbox 161 329 337 360; x_wconf 71' lang='lat' dir='ltr'><strong>proponeret.</strong></span> <span class='ocrx_word' id='word_1_34' title='bbox 364 325 431 352; x_wconf 86' lang='lat' dir='ltr'><strong>Nam</strong></span> <span class='ocrx_word' id='word_1_35' title='bbox 464 326 521 360; x_wconf 87' lang='lat' dir='ltr'><strong>ipse</strong></span> <span class='ocrx_word' id='word_1_36' title='bbox 542 331 650 359; x_wconf 87' lang='lat' dir='ltr'><strong>quoque</strong></span> <span class='ocrx_word' id='word_1_37' title='bbox 667 324 758 351; x_wconf 87' lang='lat' dir='ltr'><strong>carnis</strong></span> <span class='ocrx_word' id='word_1_38' title='bbox 773 330 865 350; x_wconf 88' lang='lat' dir='ltr'><strong>resur-</strong></span> 
     </span>
    </p>
   </div>
   <div class='ocr_carea' id='block_1_7' title="bbox 81 370 866 405">
    <p class='ocr_par' dir='ltr' id='par_1_7' title="bbox 81 370 866 405">
     <span class='ocr_line' id='line_1_7' title="bbox 81 370 866 405; baseline -0.004 -7"><span class='ocrx_word' id='word_1_39' title='bbox 81 371 232 398; x_wconf 75' lang='lat' dir='ltr'><strong>rectionem</strong></span> <span class='ocrx_word' id='word_1_40' title='bbox 248 371 412 405; x_wconf 85' lang='lat' dir='ltr'><strong>antiquavit,</strong></span> <span class='ocrx_word' id='word_1_41' title='bbox 434 371 610 404; x_wconf 84' lang='lat' dir='ltr'><strong>animamque</strong></span> <span class='ocrx_word' id='word_1_42' title='bbox 625 370 709 397; x_wconf 76' lang='lat' dir='ltr'><strong>solatii</strong></span> <span class='ocrx_word' id='word_1_43' title='bbox 725 376 866 404; x_wconf 81' lang='lat' dir='ltr'><strong>resurgere</strong></span> 
     </span>
    </p>
   </div>
   <div class='ocr_carea' id='block_1_8' title="bbox 82 416 867 452">
    <p class='ocr_par' dir='ltr' id='par_1_8' title="bbox 82 416 867 452">
     <span class='ocr_line' id='line_1_8' title="bbox 82 416 867 452; baseline -0.003 -8"><span class='ocrx_word' id='word_1_44' title='bbox 82 418 224 445; x_wconf 71' lang='lat' dir='ltr'><strong>fabulatus</strong></span> <span class='ocrx_word' id='word_1_45' title='bbox 237 422 290 449; x_wconf 86' lang='lat' dir='ltr'><strong>est,</strong></span> <span class='ocrx_word' id='word_1_46' title='bbox 306 418 370 452; x_wconf 90' lang='lat' dir='ltr'><strong>quia</strong></span> <span class='ocrx_word' id='word_1_47' title='bbox 386 418 516 444; x_wconf 88' lang='lat' dir='ltr'><strong>nimirum</strong></span> <span class='ocrx_word' id='word_1_48' title='bbox 533 417 686 452; x_wconf 88' lang='lat' dir='ltr'><strong>spiritualis</strong></span> <span class='ocrx_word' id='word_1_49' title='bbox 701 416 867 443; x_wconf 67' lang='lat' dir='ltr'><strong>resurrectio</strong></span> 
     </span>
    </p>
   </div>
   <div class='ocr_carea' id='block_1_9' title="bbox 81 461 869 489">
    <p class='ocr_par' dir='ltr' id='par_1_9' title="bbox 81 461 869 489">
     <span class='ocr_line' id='line_1_9' title="bbox 81 461 869 489; baseline -0.001 -1"><span class='ocrx_word' id='word_1_50' title='bbox 81 462 129 488; x_wconf 83' lang='lat' dir='ltr'><strong>sit.</strong></span> <span class='ocrx_word' id='word_1_51' title='bbox 146 462 304 489; x_wconf 85' lang='lat' dir='ltr'><strong>Paradisum</strong></span> <span class='ocrx_word' id='word_1_52' title='bbox 319 462 448 488; x_wconf 80' lang='lat' dir='ltr'><strong>sensilem</strong></span> <span class='ocrx_word' id='word_1_53' title='bbox 469 469 530 489; x_wconf 72' lang='lat' dir='ltr'><strong>esse</strong></span> <span class='ocrx_word' id='word_1_54' title='bbox 552 462 628 488; x_wconf 92' lang='lat' dir='ltr'><strong>nullo</strong></span> <span class='ocrx_word' id='word_1_55' title='bbox 645 462 725 488; x_wconf 85' lang='lat' dir='ltr'><strong>modo</strong></span> <span class='ocrx_word' id='word_1_56' title='bbox 741 461 869 487; x_wconf 81' lang='lat' dir='ltr'><strong>admitte-</strong></span> 
     </span>
    </p>
   </div>
   <div class='ocr_carea' id='block_1_10' title="bbox 82 508 868 542">
    <p class='ocr_par' dir='ltr' id='par_1_10' title="bbox 82 508 868 542">
     <span class='ocr_line' id='line_1_10' title="bbox 82 508 868 542; baseline -0.003 -7"><span class='ocrx_word' id='word_1_57' title='bbox 82 508 141 535; x_wconf 83' lang='lat' dir='ltr'><strong>bat.</strong></span> <span class='ocrx_word' id='word_1_58' title='bbox 167 508 282 542; x_wconf 78' lang='lat' dir='ltr'><strong>Nuptias</strong></span> <span class='ocrx_word' id='word_1_59' title='bbox 310 509 336 535; x_wconf 91' lang='lat' dir='ltr'>in</span> <span class='ocrx_word' id='word_1_60' title='bbox 354 509 444 535; x_wconf 79' lang='lat' dir='ltr'>Veteri</span> <span class='ocrx_word' id='word_1_61' title='bbox 463 508 640 535; x_wconf 84' lang='lat' dir='ltr'><strong>Testamento</strong></span> <span class='ocrx_word' id='word_1_62' title='bbox 656 509 788 535; x_wconf 73' lang='lat' dir='ltr'><strong>duntaxat</strong></span> <span class='ocrx_word' id='word_1_63' title='bbox 806 515 868 541; x_wconf 85' lang='lat' dir='ltr'><strong>per—</strong></span> 
     </span>
    </p>
   </div>
   <div class='ocr_carea' id='block_1_11' title="bbox 83 554 866 588">
    <p class='ocr_par' dir='ltr' id='par_1_11' title="bbox 83 554 866 588">
     <span class='ocr_line' id='line_1_11' title="bbox 83 554 866 588; baseline -0.003 -8"><span class='ocrx_word' id='word_1_64' title='bbox 83 554 184 581; x_wconf 85' lang='lat' dir='ltr'><strong>missas</strong></span> <span class='ocrx_word' id='word_1_65' title='bbox 209 554 304 585; x_wconf 81' lang='lat' dir='ltr'><strong>fuisse,</strong></span> <span class='ocrx_word' id='word_1_66' title='bbox 332 558 393 588; x_wconf 90' lang='lat' dir='ltr'><strong>post</strong></span> <span class='ocrx_word' id='word_1_67' title='bbox 410 555 511 581; x_wconf 81' lang='lat' dir='ltr'><strong>Christi</strong></span> <span class='ocrx_word' id='word_1_68' title='bbox 532 560 622 580; x_wconf 66' lang='lat' dir='ltr'><strong>autem</strong></span> <span class='ocrx_word' id='word_1_69' title='bbox 639 555 786 580; x_wconf 72' lang='lat' dir='ltr'><strong>adventum</strong></span> <span class='ocrx_word' id='word_1_70' title='bbox 811 561 866 579; x_wconf 91' lang='lat' dir='ltr'><strong>non</strong></span> 
     </span>
    </p>
   </div>
   <div class='ocr_carea' id='block_1_12' title="bbox 85 600 865 634">
    <p class='ocr_par' dir='ltr' id='par_1_12' title="bbox 85 600 865 634">
     <span class='ocr_line' id='line_1_12' title="bbox 85 600 865 634; baseline 0.001 -9"><span class='ocrx_word' id='word_1_71' title='bbox 85 600 203 634; x_wconf 68' lang='lat' dir='ltr'><strong>amplius</strong></span> <span class='ocrx_word' id='word_1_72' title='bbox 217 608 295 634; x_wconf 86' lang='lat' dir='ltr'><strong>posse</strong></span> <span class='ocrx_word' id='word_1_73' title='bbox 309 600 355 634; x_wconf 85' lang='lat' dir='ltr'><strong>qui</strong></span> <span class='ocrx_word' id='word_1_74' title='bbox 371 600 479 634; x_wconf 81' lang='lat' dir='ltr'><strong>nuptias</strong></span> <span class='ocrx_word' id='word_1_75' title='bbox 495 601 694 627; x_wconf 70' lang='lat' dir='ltr'><strong>contraherent</strong></span> <span class='ocrx_word' id='word_1_76' title='bbox 711 600 787 634; x_wconf 81' lang='lat' dir='ltr'><strong>regni</strong></span> <span class='ocrx_word' id='word_1_77' title='bbox 812 607 865 626; x_wconf 74' lang='lat' dir='ltr'><strong>c03-</strong></span> 
     </span>
    </p>
   </div>
   <div class='ocr_carea' id='block_1_13' title="bbox 83 644 867 680">
    <p class='ocr_par' dir='ltr' id='par_1_13' title="bbox 83 644 867 680">
     <span class='ocr_line' id='line_1_13' title="bbox 83 644 867 680; baseline 0 -9"><span class='ocrx_word' id='word_1_78' title='bbox 83 644 163 672; x_wconf 86' lang='lat' dir='ltr'><strong>Icstis</strong></span> <span class='ocrx_word' id='word_1_79' title='bbox 173 645 229 672; x_wconf 83' lang='lat' dir='ltr'><strong>ﬁeri</strong></span> <span class='ocrx_word' id='word_1_80' title='bbox 238 646 383 680; x_wconf 80' lang='lat' dir='ltr'><strong>participes</strong></span> <span class='ocrx_word' id='word_1_81' title='bbox 391 646 540 672; x_wconf 74' lang='lat' dir='ltr'><strong>asserebat.</strong></span> <span class='ocrx_word' id='word_1_82' title='bbox 553 644 621 678; x_wconf 78' lang='lat' dir='ltr'><strong>Quid</strong></span> <span class='ocrx_word' id='word_1_83' title='bbox 633 646 718 676; x_wconf 78' lang='lat' dir='ltr'><strong>enim,</strong></span> <span class='ocrx_word' id='word_1_84' title='bbox 730 645 867 678; x_wconf 84' lang='lat' dir='ltr'><strong>inquiens,</strong></span> 
     </span>
    </p>
   </div>
   <div class='ocr_carea' id='block_1_14' title="bbox 85 691 870 727">
    <p class='ocr_par' dir='ltr' id='par_1_14' title="bbox 85 691 870 727">
     <span class='ocr_line' id='line_1_14' title="bbox 85 691 870 727; baseline 0.001 -10"><span class='ocrx_word' id='word_1_85' title='bbox 85 691 151 718; x_wconf 86' lang='lat' dir='ltr'><strong>novi</strong></span> <span class='ocrx_word' id='word_1_86' title='bbox 170 691 302 724; x_wconf 81' lang='lat' dir='ltr'><strong>facturus,</strong></span> <span class='ocrx_word' id='word_1_87' title='bbox 319 697 365 718; x_wconf 87' lang='lat' dir='ltr'><strong>aut</strong></span> <span class='ocrx_word' id='word_1_88' title='bbox 380 693 588 727; x_wconf 67' lang='lat' dir='ltr'><strong>prmdicaturus.</strong></span> <span class='ocrx_word' id='word_1_89' title='bbox 611 697 658 718; x_wconf 87' lang='lat' dir='ltr'><strong>aut</strong></span> <span class='ocrx_word' id='word_1_90' title='bbox 674 693 870 719; x_wconf 89' lang='lat' dir='ltr'><strong>emendaturus</strong></span> 
     </span>
    </p>
   </div>
   <div class='ocr_carea' id='block_1_15' title="bbox 85 735 872 771">
    <p class='ocr_par' dir='ltr' id='par_1_15' title="bbox 85 735 872 771">
     <span class='ocr_line' id='line_1_15' title="bbox 85 735 872 771; baseline 0.001 -9"><span class='ocrx_word' id='word_1_91' title='bbox 85 735 133 762; x_wconf 87' lang='lat' dir='ltr'><strong>ille</strong></span> <span class='ocrx_word' id='word_1_92' title='bbox 150 735 195 762; x_wconf 84' lang='lat' dir='ltr'><strong>Dei</strong></span> <span class='ocrx_word' id='word_1_93' title='bbox 208 735 304 763; x_wconf 87' lang='lat' dir='ltr'><strong>Sermo</strong></span> <span class='ocrx_word' id='word_1_94' title='bbox 317 738 402 768; x_wconf 86' lang='lat' dir='ltr'><strong>venit,</strong></span> <span class='ocrx_word' id='word_1_95' title='bbox 423 741 522 771; x_wconf 64' lang='lat' dir='ltr'><strong>pra&#39;ter</strong></span> <span class='ocrx_word' id='word_1_96' title='bbox 534 738 686 764; x_wconf 75' lang='lat' dir='ltr'><strong>castitatem</strong></span> <span class='ocrx_word' id='word_1_97' title='bbox 718 742 746 763; x_wconf 87' lang='lat' dir='ltr'><strong>et</strong></span> <span class='ocrx_word' id='word_1_98' title='bbox 770 737 872 763; x_wconf 81' lang='lat' dir='ltr'><strong>salicti-</strong></span> 
     </span>
    </p>
   </div>
   <div class='ocr_carea' id='block_1_16' title="bbox 87 782 871 816">
    <p class='ocr_par' dir='ltr' id='par_1_16' title="bbox 87 782 871 816">
     <span class='ocr_line' id='line_1_16' title="bbox 87 782 871 816; baseline 0 -8"><span class='ocrx_word' id='word_1_99' title='bbox 87 782 219 814; x_wconf 88' lang='lat' dir='ltr'><strong>moniam,</strong></span> <span class='ocrx_word' id='word_1_100' title='bbox 245 782 304 808; x_wconf 79' lang='lat' dir='ltr'><strong>sine</strong></span> <span class='ocrx_word' id='word_1_101' title='bbox 329 790 382 816; x_wconf 87' lang='lat' dir='ltr'><strong>qua</strong></span> <span class='ocrx_word' id='word_1_102' title='bbox 407 789 487 809; x_wconf 86' lang='lat' dir='ltr'><strong>nemo</strong></span> <span class='ocrx_word' id='word_1_103' title='bbox 513 782 658 809; x_wconf 79' lang='lat' dir='ltr'><strong>Dominum</strong></span> <span class='ocrx_word' id='word_1_104' title='bbox 682 783 792 809; x_wconf 85' lang='lat' dir='ltr'><strong>visurus</strong></span> <span class='ocrx_word' id='word_1_105' title='bbox 809 782 871 808; x_wconf 77' lang='lat' dir='ltr'><strong>est?</strong></span> 
     </span>
    </p>
   </div>
   <div class='ocr_carea' id='block_1_17' title="bbox 86 825 871 860">
    <p class='ocr_par' dir='ltr' id='par_1_17' title="bbox 86 825 871 860">
     <span class='ocr_line' id='line_1_17' title="bbox 86 825 871 860; baseline -0.001 -8"><span class='ocrx_word' id='word_1_106' title='bbox 86 825 165 852; x_wconf 82' lang='lat' dir='ltr'><strong>Unde</strong></span> <span class='ocrx_word' id='word_1_107' title='bbox 182 825 282 852; x_wconf 79' lang='lat' dir='ltr'><strong>Paulus</strong></span> <span class='ocrx_word' id='word_1_108' title='bbox 294 834 414 860; x_wconf 86' lang='lat' dir='ltr'><strong>quoque.</strong></span> <span class='ocrx_word' id='word_1_109' title='bbox 434 834 495 852; x_wconf 91' lang='lat' dir='ltr'><strong>cum</strong></span> <span class='ocrx_word' id='word_1_110' title='bbox 513 827 664 853; x_wconf 79' lang='lat' dir='ltr'><strong>Itonorabile</strong></span> <span class='ocrx_word' id='word_1_111' title='bbox 680 827 837 853; x_wconf 80' lang='lat' dir='ltr'><strong>connubium</strong></span> <span class='ocrx_word' id='word_1_112' title='bbox 848 827 871 842; x_wconf 80' lang='grc'><em>⁸⁸</em></span> 
     </span>
    </p>
   </div>
   <div class='ocr_carea' id='block_1_18' title="bbox 86 870 870 906">
    <p class='ocr_par' dir='ltr' id='par_1_18' title="bbox 86 870 870 906">
     <span class='ocr_line' id='line_1_18' title="bbox 86 870 870 906; baseline 0.004 -9"><span class='ocrx_word' id='word_1_113' title='bbox 86 870 165 903; x_wconf 80' lang='lat' dir='ltr'><strong>dicit,</strong></span> <span class='ocrx_word' id='word_1_114' title='bbox 180 879 233 898; x_wconf 91' lang='lat' dir='ltr'><strong>non</strong></span> <span class='ocrx_word' id='word_1_115' title='bbox 250 879 362 906; x_wconf 82' lang='lat' dir='ltr'><strong>prorsus</strong></span> <span class='ocrx_word' id='word_1_116' title='bbox 374 871 476 899; x_wconf 80' lang='lat' dir='ltr'><strong>idcirco</strong></span> <span class='ocrx_word' id='word_1_117' title='bbox 488 872 564 903; x_wconf 87' lang='lat' dir='ltr'><strong>dicit,</strong></span> <span class='ocrx_word' id='word_1_118' title='bbox 579 878 607 899; x_wconf 90' lang='lat' dir='ltr'><strong>ut</strong></span> <span class='ocrx_word' id='word_1_119' title='bbox 622 873 713 900; x_wconf 85' lang='lat' dir='ltr'><strong>laudet</strong></span> <span class='ocrx_word' id='word_1_120' title='bbox 728 873 806 903; x_wconf 82' lang='lat' dir='ltr'><strong>illud.</strong></span> <span class='ocrx_word' id='word_1_121' title='bbox 823 873 870 900; x_wconf 84' lang='lat' dir='ltr'><strong>sed</strong></span> 
     </span>
    </p>
   </div>
   <div class='ocr_carea' id='block_1_19' title="bbox 922 275 1706 313">
    <p class='ocr_par' dir='ltr' id='par_1_19' title="bbox 922 275 1706 313">
     <span class='ocr_line' id='line_1_19' title="bbox 922 275 1706 313; baseline 0.006 -12"><span class='ocrx_word' id='word_1_122' title='bbox 922 275 1014 302; x_wconf 87' lang='lat' dir='ltr'><strong>nescio</strong></span> <span class='ocrx_word' id='word_1_123' title='bbox 1028 275 1089 309; x_wconf 85' lang='lat' dir='ltr'>quis</span> <span class='ocrx_word' id='word_1_124' title='bbox 1105 275 1214 302; x_wconf 82' lang='lat' dir='ltr'><strong>informi</strong></span> <span class='ocrx_word' id='word_1_125' title='bbox 1247 275 1418 303; x_wconf 81' lang='lat' dir='ltr'><strong>deformitate</strong></span> <span class='ocrx_word' id='word_1_126' title='bbox 1432 277 1567 310; x_wconf 80' lang='lat' dir='ltr'><strong>graculus,</strong></span> <span class='ocrx_word' id='word_1_127' title='bbox 1581 277 1706 313; x_wconf 73' lang='lat' dir='ltr'><strong>Origenis</strong></span> 
     </span>
    </p>
   </div>
   <div class='ocr_carea' id='block_1_20' title="bbox 922 321 1706 357">
    <p class='ocr_par' dir='ltr' id='par_1_20' title="bbox 922 321 1706 357">
     <span class='ocr_line' id='line_1_20' title="bbox 922 321 1706 357; baseline 0.006 -11"><span class='ocrx_word' id='word_1_128' title='bbox 922 321 1111 354; x_wconf 83' lang='lat' dir='ltr'><strong>opinionibus,</strong></span> <span class='ocrx_word' id='word_1_129' title='bbox 1131 321 1380 355; x_wconf 88' lang='lat' dir='ltr'><strong>nonnullorumque</strong></span> <span class='ocrx_word' id='word_1_130' title='bbox 1403 322 1449 355; x_wconf 88' lang='lat' dir='ltr'><strong>qui</strong></span> <span class='ocrx_word' id='word_1_131' title='bbox 1467 322 1542 349; x_wconf 90' lang='lat' dir='ltr'><strong>illum</strong></span> <span class='ocrx_word' id='word_1_132' title='bbox 1558 331 1706 357; x_wconf 70' lang='lat' dir='ltr'><strong>pnecesse-</strong></span> 
     </span>
    </p>
   </div>
   <div class='ocr_carea' id='block_1_21' title="bbox 923 366 1705 404">
    <p class='ocr_par' dir='ltr' id='par_1_21' title="bbox 923 366 1705 404">
     <span class='ocr_line' id='line_1_21' title="bbox 923 366 1705 404; baseline 0.006 -12"><span class='ocrx_word' id='word_1_133' title='bbox 923 372 996 396; x_wconf 90' lang='lat' dir='ltr'><strong>rant,</strong></span> <span class='ocrx_word' id='word_1_134' title='bbox 1018 366 1169 393; x_wconf 71' lang='lat' dir='ltr'><strong>lmresibus</strong></span> <span class='ocrx_word' id='word_1_135' title='bbox 1190 367 1268 401; x_wconf 89' lang='lat' dir='ltr'><strong>quasi</strong></span> <span class='ocrx_word' id='word_1_136' title='bbox 1296 368 1469 403; x_wconf 82' lang='lat' dir='ltr'><strong>syllogisticis</strong></span> <span class='ocrx_word' id='word_1_137' title='bbox 1497 369 1547 396; x_wconf 88' lang='lat' dir='ltr'><strong>alis</strong></span> <span class='ocrx_word' id='word_1_138' title='bbox 1577 370 1705 404; x_wconf 77' lang='lat' dir='ltr'>gestiens.</span> 
     </span>
    </p>
   </div>
   <div class='ocr_carea' id='block_1_22' title="bbox 925 412 1707 452">
    <p class='ocr_par' dir='ltr' id='par_1_22' title="bbox 925 412 1707 452">
     <span class='ocr_line' id='line_1_22' title="bbox 925 412 1707 452; baseline 0.01 -15"><span class='ocrx_word' id='word_1_139' title='bbox 925 412 1157 444; x_wconf 81' lang='lat' dir='ltr'><strong>Quemadmodum</strong></span> <span class='ocrx_word' id='word_1_140' title='bbox 1181 414 1254 440; x_wconf 88' lang='lat' dir='ltr'><strong>enim</strong></span> <span class='ocrx_word' id='word_1_141' title='bbox 1275 415 1407 442; x_wconf 89' lang='lat' dir='ltr'><strong>Dominus</strong></span> <span class='ocrx_word' id='word_1_142' title='bbox 1434 416 1522 443; x_wconf 85' lang='lat' dir='ltr'><strong>soluta</strong></span> <span class='ocrx_word' id='word_1_143' title='bbox 1544 418 1639 444; x_wconf 88' lang='lat' dir='ltr'><strong>mortis</strong></span> <span class='ocrx_word' id='word_1_144' title='bbox 1666 423 1707 452; x_wconf 85' lang='lat' dir='ltr'><strong>ty-</strong></span> 
     </span>
    </p>
   </div>
   <div class='ocr_carea' id='block_1_23' title="bbox 925 457 1708 496">
    <p class='ocr_par' dir='ltr' id='par_1_23' title="bbox 925 457 1708 496">
     <span class='ocr_line' id='line_1_23' title="bbox 925 457 1708 496; baseline 0.008 -13"><span class='ocrx_word' id='word_1_145' title='bbox 925 457 1041 484; x_wconf 87' lang='lat' dir='ltr'><strong>rannide</strong></span> <span class='ocrx_word' id='word_1_146' title='bbox 1054 463 1234 485; x_wconf 88' lang='lat' dir='ltr'><strong>monumento</strong></span> <span class='ocrx_word' id='word_1_147' title='bbox 1251 460 1360 490; x_wconf 64' lang='lat' dir='ltr'><strong>essiliit.</strong></span> <span class='ocrx_word' id='word_1_148' title='bbox 1383 461 1578 496; x_wconf 62' lang='lat' dir='ltr'><strong>discipulisque</strong></span> <span class='ocrx_word' id='word_1_149' title='bbox 1603 467 1708 495; x_wconf 77' lang='lat' dir='ltr'><strong>astans,</strong></span> 
     </span>
    </p>
   </div>
   <div class='ocr_carea' id='block_1_24' title="bbox 925 501 1708 541">
    <p class='ocr_par' dir='ltr' id='par_1_24' title="bbox 925 501 1708 541">
     <span class='ocr_line' id='line_1_24' title="bbox 925 501 1708 541; baseline 0.009 -14"><span class='ocrx_word' id='word_1_150' title='bbox 925 508 951 528; x_wconf 86' lang='lat' dir='ltr'><strong>et</strong></span> <span class='ocrx_word' id='word_1_151' title='bbox 967 502 1001 527; x_wconf 86' lang='lat' dir='ltr'><strong>ab</strong></span> <span class='ocrx_word' id='word_1_152' title='bbox 1018 501 1115 528; x_wconf 85' lang='lat' dir='ltr'><strong>iisdem</strong></span> <span class='ocrx_word' id='word_1_153' title='bbox 1130 503 1262 536; x_wconf 74' lang='lat' dir='ltr'><strong>palpatus,</strong></span> <span class='ocrx_word' id='word_1_154' title='bbox 1279 511 1389 531; x_wconf 85' lang='lat' dir='ltr'><strong>carnem</strong></span> <span class='ocrx_word' id='word_1_155' title='bbox 1407 505 1507 533; x_wconf 86' lang='lat' dir='ltr'><strong>habere</strong></span> <span class='ocrx_word' id='word_1_156' title='bbox 1523 508 1708 541; x_wconf 79' lang='lat' dir='ltr'><strong>deprehensus</strong></span> 
     </span>
    </p>
   </div>
   <div class='ocr_carea' id='block_1_25' title="bbox 925 547 1709 584">
    <p class='ocr_par' dir='ltr' id='par_1_25' title="bbox 925 547 1709 584">
     <span class='ocr_line' id='line_1_25' title="bbox 925 547 1709 584; baseline 0.008 -12"><span class='ocrx_word' id='word_1_157' title='bbox 925 550 976 577; x_wconf 83' lang='lat' dir='ltr'><strong>est,</strong></span> <span class='ocrx_word' id='word_1_158' title='bbox 997 547 1033 573; x_wconf 85' lang='lat' dir='ltr'><strong>ita</strong></span> <span class='ocrx_word' id='word_1_159' title='bbox 1054 553 1079 573; x_wconf 84' lang='lat' dir='ltr'><strong>et</strong></span> <span class='ocrx_word' id='word_1_160' title='bbox 1091 555 1142 574; x_wconf 90' lang='lat' dir='ltr'><strong>nos</strong></span> <span class='ocrx_word' id='word_1_161' title='bbox 1162 555 1345 583; x_wconf 78' lang='lat' dir='ltr'><strong>resurgeuius,</strong></span> <span class='ocrx_word' id='word_1_162' title='bbox 1369 551 1482 584; x_wconf 76' lang='lat' dir='ltr'>ejusque</span> <span class='ocrx_word' id='word_1_163' title='bbox 1501 551 1630 578; x_wconf 83' lang='lat' dir='ltr'><strong>tribunali</strong></span> <span class='ocrx_word' id='word_1_164' title='bbox 1646 560 1709 578; x_wconf 84' lang='lat' dir='ltr'><strong>eum</strong></span> 
     </span>
    </p>
   </div>
   <div class='ocr_carea' id='block_1_26' title="bbox 927 591 1710 629">
    <p class='ocr_par' dir='ltr' id='par_1_26' title="bbox 927 591 1710 629">
     <span class='ocr_line' id='line_1_26' title="bbox 927 591 1710 629; baseline 0.009 -12"><span class='ocrx_word' id='word_1_165' title='bbox 927 591 1022 618; x_wconf 86' lang='lat' dir='ltr'><strong>eodem</strong></span> <span class='ocrx_word' id='word_1_166' title='bbox 1038 599 1154 626; x_wconf 87' lang='lat' dir='ltr'><strong>corpore</strong></span> <span class='ocrx_word' id='word_1_167' title='bbox 1165 598 1245 627; x_wconf 82' lang='lat' dir='ltr'><strong>atque</strong></span> <span class='ocrx_word' id='word_1_168' title='bbox 1256 594 1346 620; x_wconf 86' lang='lat' dir='ltr'><strong>anima</strong></span> <span class='ocrx_word' id='word_1_169' title='bbox 1362 595 1455 622; x_wconf 83' lang='lat' dir='ltr'><strong>eadem</strong></span> <span class='ocrx_word' id='word_1_170' title='bbox 1472 597 1632 629; x_wconf 84' lang='lat' dir='ltr'><strong>astabimus,</strong></span> <span class='ocrx_word' id='word_1_171' title='bbox 1647 605 1710 624; x_wconf 85' lang='lat' dir='ltr'><strong>cum</strong></span> 
     </span>
    </p>
   </div>
   <div class='ocr_carea' id='block_1_27' title="bbox 928 637 1638 676">
    <p class='ocr_par' dir='ltr' id='par_1_27' title="bbox 928 637 1638 676">
     <span class='ocr_line' id='line_1_27' title="bbox 928 637 1638 676; baseline 0.01 -14"><span class='ocrx_word' id='word_1_172' title='bbox 928 637 1028 672; x_wconf 69' lang='lat' dir='ltr'><strong>quibus</strong></span> <span class='ocrx_word' id='word_1_173' title='bbox 1046 643 1074 665; x_wconf 86' lang='lat' dir='ltr'><strong>et</strong></span> <span class='ocrx_word' id='word_1_174' title='bbox 1087 638 1169 673; x_wconf 79' lang='lat' dir='ltr'><strong>hujus</strong></span> <span class='ocrx_word' id='word_1_175' title='bbox 1185 639 1246 666; x_wconf 68' lang='lat' dir='ltr'><strong>vitae</strong></span> <span class='ocrx_word' id='word_1_176' title='bbox 1261 640 1426 667; x_wconf 76' lang='lat' dir='ltr'><strong>cuniculum</strong></span> <span class='ocrx_word' id='word_1_177' title='bbox 1444 643 1638 676; x_wconf 77' lang='lat' dir='ltr'><strong>peregcriinus.</strong></span> 
     </span>
    </p>
   </div>
   <div class='ocr_carea' id='block_1_28' title="bbox 963 682 1709 721">
    <p class='ocr_par' dir='ltr' id='par_1_28' title="bbox 963 682 1709 721">
     <span class='ocr_line' id='line_1_28' title="bbox 963 682 1709 721; baseline 0.009 -13"><span class='ocrx_word' id='word_1_178' title='bbox 963 682 1095 717; x_wconf 73' lang='lat' dir='ltr'>Origenes</span> <span class='ocrx_word' id='word_1_179' title='bbox 1124 684 1196 710; x_wconf 83' lang='lat' dir='ltr'><strong>enim</strong></span> <span class='ocrx_word' id='word_1_180' title='bbox 1222 685 1334 719; x_wconf 78' lang='lat' dir='ltr'><strong>longum</strong></span> <span class='ocrx_word' id='word_1_181' title='bbox 1353 686 1450 718; x_wconf 67' lang='lat' dir='ltr'><strong>valeat,</strong></span> <span class='ocrx_word' id='word_1_182' title='bbox 1478 695 1540 713; x_wconf 87' lang='lat' dir='ltr'><strong>eutn</strong></span> <span class='ocrx_word' id='word_1_183' title='bbox 1571 689 1709 721; x_wconf 85' lang='lat' dir='ltr'><strong>omnibus,</strong></span> 
     </span>
    </p>
   </div>
   <div class='ocr_carea' id='block_1_29' title="bbox 929 729 1710 769">
    <p class='ocr_par' dir='ltr' id='par_1_29' title="bbox 929 729 1710 769">
     <span class='ocr_line' id='line_1_29' title="bbox 929 729 1710 769; baseline 0.009 -15"><span class='ocrx_word' id='word_1_184' title='bbox 929 729 976 763; x_wconf 87' lang='lat' dir='ltr'><strong>qui</strong></span> <span class='ocrx_word' id='word_1_185' title='bbox 993 729 1026 755; x_wconf 89' lang='lat' dir='ltr'><strong>ab</strong></span> <span class='ocrx_word' id='word_1_186' title='bbox 1045 729 1090 755; x_wconf 88' lang='lat' dir='ltr'><strong>illo</strong></span> <span class='ocrx_word' id='word_1_187' title='bbox 1111 734 1216 756; x_wconf 86' lang='lat' dir='ltr'><strong>stantes</strong></span> <span class='ocrx_word' id='word_1_188' title='bbox 1238 731 1356 756; x_wconf 80' lang='lat' dir='ltr'><strong>animant</strong></span> <span class='ocrx_word' id='word_1_189' title='bbox 1382 740 1494 766; x_wconf 84' lang='lat' dir='ltr'><strong>corpore</strong></span> <span class='ocrx_word' id='word_1_190' title='bbox 1517 733 1616 760; x_wconf 83' lang='lat' dir='ltr'><strong>nudam</strong></span> <span class='ocrx_word' id='word_1_191' title='bbox 1633 735 1710 769; x_wconf 82' lang='lat' dir='ltr'><strong>judi-</strong></span> 
     </span>
    </p>
   </div>
   <div class='ocr_carea' id='block_1_30' title="bbox 928 774 1711 808">
    <p class='ocr_par' dir='ltr' id='par_1_30' title="bbox 928 774 1711 808">
     <span class='ocr_line' id='line_1_30' title="bbox 928 774 1711 808; baseline 0.01 -8"><span class='ocrx_word' id='word_1_192' title='bbox 928 774 1001 800; x_wconf 86' lang='lat' dir='ltr'><strong>cium</strong></span> <span class='ocrx_word' id='word_1_193' title='bbox 1017 774 1169 801; x_wconf 85' lang='lat' dir='ltr'><strong>subituram</strong></span> <span class='ocrx_word' id='word_1_194' title='bbox 1183 783 1242 802; x_wconf 79' lang='lat' dir='ltr'><strong>esse</strong></span> <span class='ocrx_word' id='word_1_195' title='bbox 1257 776 1438 808; x_wconf 85' lang='lat' dir='ltr'><strong>tradiderunt,</strong></span> <span class='ocrx_word' id='word_1_196' title='bbox 1455 778 1507 804; x_wconf 87' lang='lat' dir='ltr'><strong>tale</strong></span> <span class='ocrx_word' id='word_1_197' title='bbox 1524 779 1711 808; x_wconf 81' lang='lat' dir='ltr'><strong>liouz-iuisido-</strong></span> 
     </span>
    </p>
   </div>
   <div class='ocr_carea' id='block_1_31' title="bbox 928 820 1713 855">
    <p class='ocr_par' dir='ltr' id='par_1_31' title="bbox 928 820 1713 855">
     <span class='ocr_line' id='line_1_31' title="bbox 928 820 1713 855; baseline 0.01 -10"><span class='ocrx_word' id='word_1_198' title='bbox 928 820 984 846; x_wconf 89' lang='lat' dir='ltr'><strong>llllll</strong></span> <span class='ocrx_word' id='word_1_199' title='bbox 999 820 1024 846; x_wconf 88' lang='lat' dir='ltr'><strong>ei</strong></span> <span class='ocrx_word' id='word_1_200' title='bbox 1041 822 1213 855; x_wconf 76' lang='lat' dir='ltr'><strong>atlaptantcs,</strong></span> <span class='ocrx_word' id='word_1_201' title='bbox 1230 822 1324 855; x_wconf 84' lang='lat' dir='ltr'><strong>quales</strong></span> <span class='ocrx_word' id='word_1_202' title='bbox 1340 823 1407 849; x_wconf 70' lang='lat' dir='ltr'><strong>idea:</strong></span> <span class='ocrx_word' id='word_1_203' title='bbox 1421 828 1485 850; x_wconf 89' lang='lat' dir='ltr'><strong>sunt</strong></span> <span class='ocrx_word' id='word_1_204' title='bbox 1501 832 1515 850; x_wconf 91' lang='lat' dir='ltr'><strong>a</strong></span> <span class='ocrx_word' id='word_1_205' title='bbox 1532 824 1630 852; x_wconf 83' lang='lat' dir='ltr'><strong>Stoicis</strong></span> <span class='ocrx_word' id='word_1_206' title='bbox 1647 835 1713 853; x_wconf 83' lang='lat' dir='ltr'><strong>coit--</strong></span> 
     </span>
    </p>
   </div>
   <div class='ocr_carea' id='block_1_32' title="bbox 929 866 1712 904">
    <p class='ocr_par' dir='ltr' id='par_1_32' title="bbox 929 866 1712 904">
     <span class='ocr_line' id='line_1_32' title="bbox 929 866 1712 904; baseline 0.006 -11"><span class='ocrx_word' id='word_1_207' title='bbox 929 866 1007 899; x_wconf 57' lang='lat' dir='ltr'><strong>fictae,</strong></span> <span class='ocrx_word' id='word_1_208' title='bbox 1024 867 1123 902; x_wconf 73' lang='lat' dir='ltr'><strong>quibus</strong></span> <span class='ocrx_word' id='word_1_209' title='bbox 1140 875 1171 894; x_wconf 84' lang='lat' dir='ltr'><strong>ea</strong></span> <span class='ocrx_word' id='word_1_210' title='bbox 1189 867 1282 899; x_wconf 83' lang='lat' dir='ltr'><strong>etiam,</strong></span> <span class='ocrx_word' id='word_1_211' title='bbox 1302 875 1362 902; x_wconf 58' lang='lat' dir='ltr'><strong>quae</strong></span> <span class='ocrx_word' id='word_1_212' title='bbox 1388 870 1416 895; x_wconf 92' lang='lat' dir='ltr'><strong>in</strong></span> <span class='ocrx_word' id='word_1_213' title='bbox 1445 869 1546 896; x_wconf 88' lang='lat' dir='ltr'><strong>mundo</strong></span> <span class='ocrx_word' id='word_1_214' title='bbox 1573 871 1712 904; x_wconf 77' lang='lat' dir='ltr'><strong>videntur,</strong></span> 
     </span>
    </p>
   </div>
   <div class='ocr_carea' id='block_1_33' title="bbox 87 910 1714 950">
    <p class='ocr_par' dir='ltr' id='par_1_33' title="bbox 87 910 1714 950">
     <span class='ocr_line' id='line_1_33' title="bbox 87 910 1714 950; baseline 0.006 -7"><span class='ocrx_word' id='word_1_215' title='bbox 87 916 178 943; x_wconf 89' lang='lat' dir='ltr'><strong>obiter</strong></span> <span class='ocrx_word' id='word_1_216' title='bbox 191 917 336 949; x_wconf 84' lang='lat' dir='ltr'><strong>subinfert,</strong></span> <span class='ocrx_word' id='word_1_217' title='bbox 354 925 387 944; x_wconf 91' lang='lat' dir='ltr'>ne</span> <span class='ocrx_word' id='word_1_218' title='bbox 412 918 521 944; x_wconf 85' lang='lat' dir='ltr'><strong>tandem</strong></span> <span class='ocrx_word' id='word_1_219' title='bbox 542 918 665 945; x_wconf 86' lang='lat' dir='ltr'><strong>incidant</strong></span> <span class='ocrx_word' id='word_1_220' title='bbox 689 918 717 945; x_wconf 90' lang='lat' dir='ltr'><strong>in</strong></span> <span class='ocrx_word' id='word_1_221' title='bbox 743 919 870 945; x_wconf 78' lang='lat' dir='ltr'><strong>tentatio-</strong></span> <span class='ocrx_word' id='word_1_222' title='bbox 887 910 908 939; x_wconf 73' lang='grc' dir='ltr'><strong><em>Β</em></strong></span> <span class='ocrx_word' id='word_1_223' title='bbox 923 917 1015 940; x_wconf 62' lang='lat' dir='ltr'><strong>Cmam</strong></span> <span class='ocrx_word' id='word_1_224' title='bbox 1032 913 1118 940; x_wconf 63' lang='lat' dir='ltr'><strong>“lisse</strong></span> <span class='ocrx_word' id='word_1_225' title='bbox 1135 914 1300 940; x_wconf 65' lang='grc' dir='ltr'><strong>άοθυονυηῑ·</strong></span> <span class='ocrx_word' id='word_1_226' title='bbox 1314 914 1353 941; x_wconf 65' lang='lat' dir='ltr'><strong>Ad</strong></span> <span class='ocrx_word' id='word_1_227' title='bbox 1372 916 1448 949; x_wconf 59' lang='lat' dir='ltr'><strong>cui“</strong></span> <span class='ocrx_word' id='word_1_228' title='bbox 1460 916 1714 950; x_wconf 57' lang='grc' dir='ltr'><strong>οΡῖηίοηίειθὶὶδυτ·</strong></span> 
     </span>
    </p>
   </div>
   <div class='ocr_carea' id='block_1_34' title="bbox 88 962 873 999">
    <p class='ocr_par' dir='ltr' id='par_1_34' title="bbox 88 962 873 999">
     <span class='ocr_line' id='line_1_34' title="bbox 88 962 873 999; baseline 0.001 -10"><span class='ocrx_word' id='word_1_229' title='bbox 88 970 163 989; x_wconf 89' lang='lat' dir='ltr'><strong>nem.</strong></span> <span class='ocrx_word' id='word_1_230' title='bbox 181 962 281 989; x_wconf 86' lang='lat' dir='ltr'>Deinde</span> <span class='ocrx_word' id='word_1_231' title='bbox 301 964 433 997; x_wconf 72' lang='lat' dir='ltr'><strong>snlijicit:</strong></span> <span class='ocrx_word' id='word_1_232' title='bbox 456 964 521 995; x_wconf 72' lang='lat' dir='ltr'><strong>Qua:</strong></span> <span class='ocrx_word' id='word_1_233' title='bbox 546 969 627 998; x_wconf 83' lang='lat' dir='ltr'><strong>nupta</strong></span> <span class='ocrx_word' id='word_1_234' title='bbox 646 972 696 990; x_wconf 82' lang='lat' dir='ltr'><strong>non</strong></span> <span class='ocrx_word' id='word_1_235' title='bbox 716 968 763 996; x_wconf 75' lang='lat' dir='ltr'><strong>est,</strong></span> <span class='ocrx_word' id='word_1_236' title='bbox 777 966 873 999; x_wconf 80' lang='lat' dir='ltr'><strong>cogitat</strong></span> 
     </span>
    </p>
   </div>
   <div class='ocr_carea' id='block_1_35' title="bbox 89 1007 872 1045">
    <p class='ocr_par' dir='ltr' id='par_1_35' title="bbox 89 1007 872 1045">
     <span class='ocr_line' id='line_1_35' title="bbox 89 1007 872 1045; baseline 0.004 -12"><span class='ocrx_word' id='word_1_237' title='bbox 89 1007 218 1042; x_wconf 80' lang='lat' dir='ltr'><strong>quomodo</strong></span> <span class='ocrx_word' id='word_1_238' title='bbox 233 1007 343 1042; x_wconf 78' lang='lat' dir='ltr'><strong>placebit</strong></span> <span class='ocrx_word' id='word_1_239' title='bbox 360 1008 423 1035; x_wconf 74' lang='lat' dir='ltr'><strong>Deo.</strong></span> <span class='ocrx_word' id='word_1_240' title='bbox 447 1008 537 1044; x_wconf 81' lang='lat' dir='ltr'><strong>Nupta</strong></span> <span class='ocrx_word' id='word_1_241' title='bbox 552 1015 651 1041; x_wconf 78' lang='lat' dir='ltr'><strong>autem,</strong></span> <span class='ocrx_word' id='word_1_242' title='bbox 668 1012 796 1044; x_wconf 84' lang='lat' dir='ltr'><strong>quomodo</strong></span> <span class='ocrx_word' id='word_1_243' title='bbox 812 1011 872 1045; x_wconf 76' lang='lat' dir='ltr'><strong>pla-</strong></span> 
     </span>
    </p>
   </div>
   <div class='ocr_carea' id='block_1_36' title="bbox 89 1053 873 1089">
    <p class='ocr_par' dir='ltr' id='par_1_36' title="bbox 89 1053 873 1089">
     <span class='ocr_line' id='line_1_36' title="bbox 89 1053 873 1089; baseline 0.004 -11"><span class='ocrx_word' id='word_1_244' title='bbox 89 1053 155 1078; x_wconf 82' lang='lat' dir='ltr'><strong>cebit</strong></span> <span class='ocrx_word' id='word_1_245' title='bbox 177 1053 272 1079; x_wconf 70' lang='lat' dir='ltr'><strong>vim&quot;.</strong></span> <span class='ocrx_word' id='word_1_246' title='bbox 299 1053 326 1080; x_wconf 84' lang='lat' dir='ltr'><strong>Si</strong></span> <span class='ocrx_word' id='word_1_247' title='bbox 356 1061 422 1087; x_wconf 81' lang='lat' dir='ltr'><strong>ergo</strong></span> <span class='ocrx_word' id='word_1_248' title='bbox 447 1055 502 1080; x_wconf 85' lang='lat' dir='ltr'><strong>Deo</strong></span> <span class='ocrx_word' id='word_1_249' title='bbox 524 1062 579 1081; x_wconf 89' lang='lat' dir='ltr'><strong>non</strong></span> <span class='ocrx_word' id='word_1_250' title='bbox 599 1055 714 1087; x_wconf 88' lang='lat' dir='ltr'><strong>placeat,</strong></span> <span class='ocrx_word' id='word_1_251' title='bbox 734 1055 873 1089; x_wconf 88' lang='lat' dir='ltr'><strong>quomodo</strong></span> 
     </span>
    </p>
   </div>
   <div class='ocr_carea' id='block_1_37' title="bbox 89 1097 873 1133">
    <p class='ocr_par' dir='ltr' id='par_1_37' title="bbox 89 1097 873 1133">
     <span class='ocr_line' id='line_1_37' title="bbox 89 1097 873 1133; baseline 0.003 -9"><span class='ocrx_word' id='word_1_252' title='bbox 89 1098 264 1125; x_wconf 83' lang='lat' dir='ltr'><strong>servabitur?</strong></span> <span class='ocrx_word' id='word_1_253' title='bbox 281 1097 347 1125; x_wconf 88' lang='lat' dir='ltr'><strong>Item</strong></span> <span class='ocrx_word' id='word_1_254' title='bbox 366 1107 372 1124; x_wconf 92' lang='lat'>:</span> <span class='ocrx_word' id='word_1_255' title='bbox 395 1098 502 1130; x_wconf 75' lang='lat' dir='ltr'><strong>Vellent,</strong></span> <span class='ocrx_word' id='word_1_256' title='bbox 520 1099 618 1133; x_wconf 81' lang='lat' dir='ltr'><strong>inquit.</strong></span> <span class='ocrx_word' id='word_1_257' title='bbox 636 1107 724 1125; x_wconf 75' lang='lat' dir='ltr'><strong>omnes</strong></span> <span class='ocrx_word' id='word_1_258' title='bbox 736 1108 791 1126; x_wconf 66' lang='lat' dir='ltr'><strong>esse</strong></span> <span class='ocrx_word' id='word_1_259' title='bbox 806 1101 873 1126; x_wconf 62' lang='lat' dir='ltr'><strong>sicut</strong></span> 
     </span>
    </p>
   </div>
   <div class='ocr_carea' id='block_1_38' title="bbox 90 1143 874 1178">
    <p class='ocr_par' dir='ltr' id='par_1_38' title="bbox 90 1143 874 1178">
     <span class='ocr_line' id='line_1_38' title="bbox 90 1143 874 1178; baseline 0.003 -10"><span class='ocrx_word' id='word_1_260' title='bbox 90 1150 136 1177; x_wconf 68' lang='lat' dir='ltr'><strong>ego</strong></span> <span class='ocrx_word' id='word_1_261' title='bbox 162 1151 219 1168; x_wconf 86' lang='lat' dir='ltr'><strong>sunt</strong></span> <span class='ocrx_word' id='word_1_262' title='bbox 232 1143 264 1169; x_wconf 57' lang='lat'><strong>5°.</strong></span> <span class='ocrx_word' id='word_1_263' title='bbox 298 1143 362 1170; x_wconf 87' lang='lat' dir='ltr'><strong>Itetn</strong></span> <span class='ocrx_word' id='word_1_264' title='bbox 380 1152 386 1169; x_wconf 93' lang='lat'>:</span> <span class='ocrx_word' id='word_1_265' title='bbox 412 1143 479 1169; x_wconf 86' lang='lat' dir='ltr'><strong>Sunt</strong></span> <span class='ocrx_word' id='word_1_266' title='bbox 496 1145 614 1173; x_wconf 74' lang='lat' dir='ltr'><strong>eunuclti.</strong></span> <span class='ocrx_word' id='word_1_267' title='bbox 633 1144 676 1178; x_wconf 97' lang='lat' dir='ltr'><strong>qui</strong></span> <span class='ocrx_word' id='word_1_268' title='bbox 695 1152 722 1170; x_wconf 74' lang='lat' dir='ltr'><strong>se</strong></span> <span class='ocrx_word' id='word_1_269' title='bbox 743 1150 874 1170; x_wconf 75' lang='lat' dir='ltr'><strong>castrave-</strong></span> 
     </span>
    </p>
   </div>
   <div class='ocr_carea' id='block_1_39' title="bbox 91 1187 874 1220">
    <p class='ocr_par' dir='ltr' id='par_1_39' title="bbox 91 1187 874 1220">
     <span class='ocr_line' id='line_1_39' title="bbox 91 1187 874 1220; baseline 0.005 -8"><span class='ocrx_word' id='word_1_270' title='bbox 91 1187 195 1213; x_wconf 83' lang='lat' dir='ltr'><strong>runt&quot;.</strong></span> <span class='ocrx_word' id='word_1_271' title='bbox 221 1187 283 1214; x_wconf 59' lang='lat' dir='ltr'><strong>[late</strong></span> <span class='ocrx_word' id='word_1_272' title='bbox 307 1188 435 1215; x_wconf 85' lang='lat' dir='ltr'><strong>Ilieracas</strong></span> <span class='ocrx_word' id='word_1_273' title='bbox 460 1196 513 1215; x_wconf 86' lang='lat' dir='ltr'><strong>non</strong></span> <span class='ocrx_word' id='word_1_274' title='bbox 533 1189 621 1215; x_wconf 84' lang='lat' dir='ltr'><strong>solum</strong></span> <span class='ocrx_word' id='word_1_275' title='bbox 638 1189 765 1220; x_wconf 78' lang='lat' dir='ltr'><strong>docelial,</strong></span> <span class='ocrx_word' id='word_1_276' title='bbox 780 1190 826 1216; x_wconf 87' lang='lat' dir='ltr'><strong>sed</strong></span> <span class='ocrx_word' id='word_1_277' title='bbox 847 1195 874 1216; x_wconf 90' lang='lat' dir='ltr'><strong>et</strong></span> 
     </span>
    </p>
   </div>
   <div class='ocr_carea' id='block_1_40' title="bbox 90 1233 874 1268">
    <p class='ocr_par' dir='ltr' id='par_1_40' title="bbox 90 1233 874 1268">
     <span class='ocr_line' id='line_1_40' title="bbox 90 1233 874 1268; baseline 0.005 -11"><span class='ocrx_word' id='word_1_278' title='bbox 90 1238 175 1266; x_wconf 84' lang='lat' dir='ltr'><strong>opere</strong></span> <span class='ocrx_word' id='word_1_279' title='bbox 195 1233 373 1266; x_wconf 72' lang='lat' dir='ltr'><strong>corripiebat:</strong></span> <span class='ocrx_word' id='word_1_280' title='bbox 398 1241 450 1260; x_wconf 82' lang='lat' dir='ltr'><strong>nec</strong></span> <span class='ocrx_word' id='word_1_281' title='bbox 480 1233 636 1267; x_wconf 81' lang='lat' dir='ltr'><strong>patiebatur</strong></span> <span class='ocrx_word' id='word_1_282' title='bbox 659 1242 824 1268; x_wconf 83' lang='lat' dir='ltr'><strong>quemquam</strong></span> <span class='ocrx_word' id='word_1_283' title='bbox 840 1234 874 1261; x_wconf 88' lang='lat' dir='ltr'><strong>ad</strong></span> 
     </span>
    </p>
   </div>
   <div class='ocr_carea' id='block_1_41' title="bbox 90 1279 874 1314">
    <p class='ocr_par' dir='ltr' id='par_1_41' title="bbox 90 1279 874 1314">
     <span class='ocr_line' id='line_1_41' title="bbox 90 1279 874 1314; baseline 0 -8"><span class='ocrx_word' id='word_1_284' title='bbox 90 1285 168 1306; x_wconf 83' lang='lat' dir='ltr'><strong>suam</strong></span> <span class='ocrx_word' id='word_1_285' title='bbox 182 1279 295 1313; x_wconf 68' lang='lat' dir='ltr'><strong>synatin</strong></span> <span class='ocrx_word' id='word_1_286' title='bbox 323 1287 370 1306; x_wconf 77' lang='lat' dir='ltr'><strong>seu</strong></span> <span class='ocrx_word' id='word_1_287' title='bbox 393 1280 614 1306; x_wconf 86' lang='lat' dir='ltr'><strong>communionem</strong></span> <span class='ocrx_word' id='word_1_288' title='bbox 639 1281 744 1311; x_wconf 73' lang='lat' dir='ltr'><strong>venire,</strong></span> <span class='ocrx_word' id='word_1_289' title='bbox 762 1280 808 1314; x_wconf 88' lang='lat' dir='ltr'><strong>qui</strong></span> <span class='ocrx_word' id='word_1_290' title='bbox 827 1284 874 1306; x_wconf 88' lang='lat' dir='ltr'><strong>aut</strong></span> 
     </span>
    </p>
   </div>
   <div class='ocr_carea' id='block_1_42' title="bbox 92 1323 873 1359">
    <p class='ocr_par' dir='ltr' id='par_1_42' title="bbox 92 1323 873 1359">
     <span class='ocr_line' id='line_1_42' title="bbox 92 1323 873 1359; baseline 0.004 -11"><span class='ocrx_word' id='word_1_291' title='bbox 92 1323 255 1356; x_wconf 87' lang='lat' dir='ltr'><strong>monachus,</strong></span> <span class='ocrx_word' id='word_1_292' title='bbox 286 1329 333 1350; x_wconf 87' lang='lat' dir='ltr'><strong>aut</strong></span> <span class='ocrx_word' id='word_1_293' title='bbox 360 1326 517 1355; x_wconf 87' lang='lat' dir='ltr'><strong>continens,</strong></span> <span class='ocrx_word' id='word_1_294' title='bbox 539 1329 586 1351; x_wconf 91' lang='lat' dir='ltr'><strong>aut</strong></span> <span class='ocrx_word' id='word_1_295' title='bbox 609 1325 695 1359; x_wconf 84' lang='lat' dir='ltr'><strong>virgo,</strong></span> <span class='ocrx_word' id='word_1_296' title='bbox 723 1330 771 1351; x_wconf 87' lang='lat' dir='ltr'><strong>aut</strong></span> <span class='ocrx_word' id='word_1_297' title='bbox 793 1326 873 1351; x_wconf 74' lang='lat' dir='ltr'><strong>vidua</strong></span> 
     </span>
    </p>
   </div>
   <div class='ocr_carea' id='block_1_43' title="bbox 92 1368 875 1403">
    <p class='ocr_par' dir='ltr' id='par_1_43' title="bbox 92 1368 875 1403">
     <span class='ocr_line' id='line_1_43' title="bbox 92 1368 875 1403; baseline 0.005 -9"><span class='ocrx_word' id='word_1_298' title='bbox 92 1375 148 1394; x_wconf 92' lang='lat' dir='ltr'><strong>non</strong></span> <span class='ocrx_word' id='word_1_299' title='bbox 162 1373 244 1395; x_wconf 85' lang='lat' dir='ltr'><strong>esset.</strong></span> <span class='ocrx_word' id='word_1_300' title='bbox 264 1368 396 1403; x_wconf 85' lang='lat' dir='ltr'><strong>Spiritum</strong></span> <span class='ocrx_word' id='word_1_301' title='bbox 415 1375 540 1396; x_wconf 80' lang='lat' dir='ltr'><strong>sanctum</strong></span> <span class='ocrx_word' id='word_1_302' title='bbox 565 1370 633 1396; x_wconf 86' lang='lat' dir='ltr'><strong>nihil</strong></span> <span class='ocrx_word' id='word_1_303' title='bbox 660 1371 734 1397; x_wconf 85' lang='lat' dir='ltr'><strong>aliud</strong></span> <span class='ocrx_word' id='word_1_304' title='bbox 755 1379 815 1398; x_wconf 85' lang='lat' dir='ltr'><strong>esse</strong></span> <span class='ocrx_word' id='word_1_305' title='bbox 833 1371 875 1398; x_wconf 87' lang='lat' dir='ltr'><strong>di-</strong></span> 
     </span>
    </p>
   </div>
   <div class='ocr_carea' id='block_1_44' title="bbox 91 1413 874 1450">
    <p class='ocr_par' dir='ltr' id='par_1_44' title="bbox 91 1413 874 1450">
     <span class='ocr_line' id='line_1_44' title="bbox 91 1413 874 1450; baseline 0.006 -11"><span class='ocrx_word' id='word_1_306' title='bbox 91 1413 183 1446; x_wconf 81' lang='lat' dir='ltr'><strong>ccbat,</strong></span> <span class='ocrx_word' id='word_1_307' title='bbox 209 1421 290 1448; x_wconf 75' lang='lat' dir='ltr'><strong>quam</strong></span> <span class='ocrx_word' id='word_1_308' title='bbox 313 1422 376 1441; x_wconf 87' lang='lat' dir='ltr'><strong>eum</strong></span> <span class='ocrx_word' id='word_1_309' title='bbox 403 1416 449 1448; x_wconf 87' lang='lat' dir='ltr'><strong>qui</strong></span> <span class='ocrx_word' id='word_1_310' title='bbox 467 1416 547 1450; x_wconf 73' lang='lat' dir='ltr'><strong>vulgo</strong></span> <span class='ocrx_word' id='word_1_311' title='bbox 574 1416 774 1444; x_wconf 81' lang='lat' dir='ltr'><strong>Melchisedech</strong></span> <span class='ocrx_word' id='word_1_312' title='bbox 806 1420 874 1444; x_wconf 81' lang='lat' dir='ltr'><strong>lere-</strong></span> 
     </span>
    </p>
   </div>
   <div class='ocr_carea' id='block_1_45' title="bbox 94 1461 874 1499">
    <p class='ocr_par' dir='ltr' id='par_1_45' title="bbox 94 1461 874 1499">
     <span class='ocr_line' id='line_1_45' title="bbox 94 1461 874 1499; baseline 0.005 -12"><span class='ocrx_word' id='word_1_313' title='bbox 94 1461 184 1488; x_wconf 88' lang='lat' dir='ltr'><strong>batur.</strong></span> <span class='ocrx_word' id='word_1_314' title='bbox 200 1461 248 1488; x_wconf 83' lang='lat' dir='ltr'><strong>Ilio</strong></span> <span class='ocrx_word' id='word_1_315' title='bbox 265 1463 335 1488; x_wconf 87' lang='lat' dir='ltr'><strong>enint</strong></span> <span class='ocrx_word' id='word_1_316' title='bbox 351 1467 403 1494; x_wconf 80' lang='lat' dir='ltr'><strong>est,</strong></span> <span class='ocrx_word' id='word_1_317' title='bbox 421 1463 520 1497; x_wconf 83' lang='lat' dir='ltr'><strong>inquit,</strong></span> <span class='ocrx_word' id='word_1_318' title='bbox 541 1463 575 1490; x_wconf 86' lang='lat' dir='ltr'><strong>de</strong></span> <span class='ocrx_word' id='word_1_319' title='bbox 599 1471 653 1498; x_wconf 91' lang='lat' dir='ltr'><strong>quo</strong></span> <span class='ocrx_word' id='word_1_320' title='bbox 672 1465 783 1496; x_wconf 90' lang='lat' dir='ltr'><strong>dicitur,</strong></span> <span class='ocrx_word' id='word_1_321' title='bbox 803 1465 874 1499; x_wconf 88' lang='lat' dir='ltr'><strong>quod</strong></span> 
     </span>
    </p>
   </div>
   <div class='ocr_carea' id='block_1_46' title="bbox 93 1507 881 1546">
    <p class='ocr_par' dir='ltr' id='par_1_46' title="bbox 93 1507 881 1546">
     <span class='ocr_line' id='line_1_46' title="bbox 93 1507 881 1546; baseline 0.004 -13"><span class='ocrx_word' id='word_1_322' title='bbox 93 1514 157 1534; x_wconf 81' lang='lat' dir='ltr'><strong>cuin</strong></span> <span class='ocrx_word' id='word_1_323' title='bbox 173 1507 333 1534; x_wconf 75' lang='lat' dir='ltr'><strong>assimilutus</strong></span> <span class='ocrx_word' id='word_1_324' title='bbox 347 1513 381 1535; x_wconf 71' lang='lat' dir='ltr'><strong>sit</strong></span> <span class='ocrx_word' id='word_1_325' title='bbox 398 1508 469 1535; x_wconf 84' lang='lat' dir='ltr'><strong>Filio</strong></span> <span class='ocrx_word' id='word_1_326' title='bbox 481 1509 538 1541; x_wconf 84' lang='lat' dir='ltr'><strong>Dei,</strong></span> <span class='ocrx_word' id='word_1_327' title='bbox 552 1514 640 1536; x_wconf 81' lang='lat' dir='ltr'><strong>manet</strong></span> <span class='ocrx_word' id='word_1_328' title='bbox 649 1512 767 1538; x_wconf 68' lang='lat' dir='ltr'><strong>sacerdos</strong></span> <span class='ocrx_word' id='word_1_329' title='bbox 781 1513 806 1538; x_wconf 83' lang='lat' dir='ltr'><strong>in</strong></span> <span class='ocrx_word' id='word_1_330' title='bbox 818 1520 881 1546; x_wconf 79' lang='lat' dir='ltr'><strong>per—-</strong></span> 
     </span>
    </p>
   </div>
   <div class='ocr_carea' id='block_1_47' title="bbox 930 957 1714 995">
    <p class='ocr_par' dir='ltr' id='par_1_47' title="bbox 930 957 1714 995">
     <span class='ocr_line' id='line_1_47' title="bbox 930 957 1714 995; baseline 0.011 -12"><span class='ocrx_word' id='word_1_331' title='bbox 930 957 1051 984; x_wconf 75' lang='lat' dir='ltr'><strong>dissimtn</strong></span> <span class='ocrx_word' id='word_1_332' title='bbox 1084 958 1194 991; x_wconf 82' lang='lat' dir='ltr'><strong>quidem</strong></span> <span class='ocrx_word' id='word_1_333' title='bbox 1226 959 1315 991; x_wconf 85' lang='lat' dir='ltr'><strong>illius,</strong></span> <span class='ocrx_word' id='word_1_334' title='bbox 1344 960 1602 995; x_wconf 78' lang='lat' dir='ltr'><strong>confirmationem,</strong></span> <span class='ocrx_word' id='word_1_335' title='bbox 1631 965 1714 992; x_wconf 82' lang='lat' dir='ltr'><strong>stulto</strong></span> 
     </span>
    </p>
   </div>
   <div class='ocr_carea' id='block_1_48' title="bbox 929 1003 1711 1043">
    <p class='ocr_par' dir='ltr' id='par_1_48' title="bbox 929 1003 1711 1043">
     <span class='ocr_line' id='line_1_48' title="bbox 929 1003 1711 1043; baseline 0.012 -15"><span class='ocrx_word' id='word_1_336' title='bbox 929 1003 1076 1029; x_wconf 85' lang='lat' dir='ltr'><strong>admodum</strong></span> <span class='ocrx_word' id='word_1_337' title='bbox 1104 1003 1176 1030; x_wconf 86' lang='lat' dir='ltr'><strong>hunc</strong></span> <span class='ocrx_word' id='word_1_338' title='bbox 1201 1005 1315 1038; x_wconf 63' lang='lat' dir='ltr'><strong>apostoli</strong></span> <span class='ocrx_word' id='word_1_339' title='bbox 1334 1005 1410 1032; x_wconf 83' lang='lat' dir='ltr'><strong>Pauli</strong></span> <span class='ocrx_word' id='word_1_340' title='bbox 1438 1006 1528 1034; x_wconf 79' lang='lat' dir='ltr'><strong>locant</strong></span> <span class='ocrx_word' id='word_1_341' title='bbox 1559 1009 1711 1043; x_wconf 76' lang='lat' dir='ltr'><strong>proferunt,</strong></span> 
     </span>
    </p>
   </div>
   <div class='ocr_carea' id='block_1_49' title="bbox 931 1048 1712 1089">
    <p class='ocr_par' dir='ltr' id='par_1_49' title="bbox 931 1048 1712 1089">
     <span class='ocr_line' id='line_1_49' title="bbox 931 1048 1712 1089; baseline 0.012 -15"><span class='ocrx_word' id='word_1_342' title='bbox 931 1049 976 1074; x_wconf 86' lang='lat' dir='ltr'><strong>ubi</strong></span> <span class='ocrx_word' id='word_1_343' title='bbox 991 1049 1030 1075; x_wconf 87' lang='lat' dir='ltr'><strong>sic</strong></span> <span class='ocrx_word' id='word_1_344' title='bbox 1042 1048 1097 1075; x_wconf 83' lang='lat' dir='ltr'><strong>ait:</strong></span> <span class='ocrx_word' id='word_1_345' title='bbox 1111 1048 1265 1076; x_wconf 84' lang='lat' dir='ltr'><strong>Sentimttur</strong></span> <span class='ocrx_word' id='word_1_346' title='bbox 1278 1051 1404 1083; x_wconf 80' lang='lat' dir='ltr'><strong>animule,</strong></span> <span class='ocrx_word' id='word_1_347' title='bbox 1427 1059 1516 1088; x_wconf 78' lang='lat' dir='ltr'><strong>surget</strong></span> <span class='ocrx_word' id='word_1_348' title='bbox 1534 1056 1671 1089; x_wconf 81' lang='lat' dir='ltr'><strong>spirituule</strong></span> <span class='ocrx_word' id='word_1_349' title='bbox 1680 1057 1712 1087; x_wconf 76' lang='grc'><strong>⁵³,</strong></span> 
     </span>
    </p>
   </div>
   <div class='ocr_carea' id='block_1_50' title="bbox 933 1093 1713 1136">
    <p class='ocr_par' dir='ltr' id='par_1_50' title="bbox 933 1093 1713 1136">
     <span class='ocr_line' id='line_1_50' title="bbox 933 1093 1713 1136; baseline 0.012 -16"><span class='ocrx_word' id='word_1_350' title='bbox 933 1093 978 1120; x_wconf 85' lang='lat' dir='ltr'><strong>ubi</strong></span> <span class='ocrx_word' id='word_1_351' title='bbox 996 1102 1043 1128; x_wconf 78' lang='lat' dir='ltr'><strong>per</strong></span> <span class='ocrx_word' id='word_1_352' title='bbox 1055 1095 1198 1129; x_wconf 86' lang='lat' dir='ltr'><strong>spirituale</strong></span> <span class='ocrx_word' id='word_1_353' title='bbox 1214 1103 1315 1130; x_wconf 86' lang='lat' dir='ltr'><strong>corpus</strong></span> <span class='ocrx_word' id='word_1_354' title='bbox 1335 1097 1361 1124; x_wconf 88' lang='lat' dir='ltr'><strong>id</strong></span> <span class='ocrx_word' id='word_1_355' title='bbox 1383 1098 1549 1133; x_wconf 81' lang='lat' dir='ltr'><strong>intelligunt,</strong></span> <span class='ocrx_word' id='word_1_356' title='bbox 1579 1102 1650 1136; x_wconf 86' lang='lat' dir='ltr'><strong>quod</strong></span> <span class='ocrx_word' id='word_1_357' title='bbox 1679 1103 1713 1129; x_wconf 87' lang='lat' dir='ltr'><strong>ad</strong></span> 
     </span>
    </p>
   </div>
   <div class='ocr_carea' id='block_1_51' title="bbox 931 1139 1714 1177">
    <p class='ocr_par' dir='ltr' id='par_1_51' title="bbox 931 1139 1714 1177">
     <span class='ocr_line' id='line_1_51' title="bbox 931 1139 1714 1177; baseline 0.014 -12"><span class='ocrx_word' id='word_1_358' title='bbox 931 1139 1016 1166; x_wconf 77' lang='lat' dir='ltr'><strong>Solam</strong></span> <span class='ocrx_word' id='word_1_359' title='bbox 1031 1140 1150 1167; x_wconf 84' lang='lat' dir='ltr'><strong>hominis</strong></span> <span class='ocrx_word' id='word_1_360' title='bbox 1169 1142 1282 1176; x_wconf 79' lang='lat' dir='ltr'><strong>figuram</strong></span> <span class='ocrx_word' id='word_1_361' title='bbox 1296 1143 1478 1177; x_wconf 80' lang='lat' dir='ltr'><strong>etl&#39;orinatum,</strong></span> <span class='ocrx_word' id='word_1_362' title='bbox 1496 1153 1548 1172; x_wconf 89' lang='lat' dir='ltr'><strong>non</strong></span> <span class='ocrx_word' id='word_1_363' title='bbox 1572 1152 1662 1174; x_wconf 77' lang='lat' dir='ltr'><strong>autem</strong></span> <span class='ocrx_word' id='word_1_364' title='bbox 1681 1157 1714 1176; x_wconf 73' lang='lat' dir='ltr'><strong>ex</strong></span> 
     </span>
    </p>
   </div>
   <div class='ocr_carea' id='block_1_52' title="bbox 931 1187 1712 1222">
    <p class='ocr_par' dir='ltr' id='par_1_52' title="bbox 931 1187 1712 1222">
     <span class='ocr_line' id='line_1_52' title="bbox 931 1187 1712 1222; baseline 0.014 -11"><span class='ocrx_word' id='word_1_365' title='bbox 931 1191 1049 1219; x_wconf 80' lang='lat' dir='ltr'><strong>quatuor</strong></span> <span class='ocrx_word' id='word_1_366' title='bbox 1062 1187 1260 1214; x_wconf 79' lang='lat' dir='ltr'><strong>elementorum</strong></span> <span class='ocrx_word' id='word_1_367' title='bbox 1286 1190 1474 1218; x_wconf 81' lang='lat' dir='ltr'><strong>commistione</strong></span> <span class='ocrx_word' id='word_1_368' title='bbox 1491 1193 1638 1221; x_wconf 74' lang='lat' dir='ltr'><strong>conflatum</strong></span> <span class='ocrx_word' id='word_1_369' title='bbox 1655 1196 1690 1222; x_wconf 75' lang='lat' dir='ltr'><strong>sit</strong></span> <span class='ocrx_word' id='word_1_370' title='bbox 1705 1205 1712 1222; x_wconf 93' lang='lat'>:</span> 
     </span>
    </p>
   </div>
   <div class='ocr_carea' id='block_1_53' title="bbox 931 1232 1714 1276">
    <p class='ocr_par' dir='ltr' id='par_1_53' title="bbox 931 1232 1714 1276">
     <span class='ocr_line' id='line_1_53' title="bbox 931 1232 1714 1276; baseline 0.017 -20"><span class='ocrx_word' id='word_1_371' title='bbox 931 1239 991 1264; x_wconf 68' lang='lat' dir='ltr'><strong>quae</strong></span> <span class='ocrx_word' id='word_1_372' title='bbox 1007 1232 1117 1265; x_wconf 84' lang='lat' dir='ltr'><strong>quidem</strong></span> <span class='ocrx_word' id='word_1_373' title='bbox 1130 1232 1316 1266; x_wconf 78' lang='lat' dir='ltr'><strong>interpretatio</strong></span> <span class='ocrx_word' id='word_1_374' title='bbox 1336 1242 1350 1260; x_wconf 87' lang='lat' dir='ltr'><strong>a</strong></span> <span class='ocrx_word' id='word_1_375' title='bbox 1367 1236 1490 1263; x_wconf 89' lang='lat' dir='ltr'><strong>doctrina</strong></span> <span class='ocrx_word' id='word_1_376' title='bbox 1503 1243 1529 1264; x_wconf 89' lang='lat' dir='ltr'><strong>et</strong></span> <span class='ocrx_word' id='word_1_377' title='bbox 1547 1247 1627 1267; x_wconf 82' lang='lat' dir='ltr'><strong>sensu</strong></span> <span class='ocrx_word' id='word_1_378' title='bbox 1642 1241 1714 1276; x_wconf 87' lang='lat' dir='ltr'><strong>Apo-</strong></span> 
     </span>
    </p>
   </div>
   <div class='ocr_carea' id='block_1_54' title="bbox 931 1277 1714 1318">
    <p class='ocr_par' dir='ltr' id='par_1_54' title="bbox 931 1277 1714 1318">
     <span class='ocr_line' id='line_1_54' title="bbox 931 1277 1714 1318; baseline 0.015 -17"><span class='ocrx_word' id='word_1_379' title='bbox 931 1277 993 1302; x_wconf 83' lang='lat' dir='ltr'><strong>Stoli</strong></span> <span class='ocrx_word' id='word_1_380' title='bbox 1010 1277 1097 1303; x_wconf 70' lang='lat' dir='ltr'><strong>aliena</strong></span> <span class='ocrx_word' id='word_1_381' title='bbox 1121 1283 1171 1304; x_wconf 82' lang='lat' dir='ltr'><strong>est.</strong></span> <span class='ocrx_word' id='word_1_382' title='bbox 1202 1279 1225 1305; x_wconf 87' lang='lat' dir='ltr'><strong>ls</strong></span> <span class='ocrx_word' id='word_1_383' title='bbox 1241 1280 1321 1317; x_wconf 79' lang='lat' dir='ltr'><strong>enim</strong></span> <span class='ocrx_word' id='word_1_384' title='bbox 1337 1281 1369 1306; x_wconf 91' lang='lat' dir='ltr'><strong>ad</strong></span> <span class='ocrx_word' id='word_1_385' title='bbox 1390 1287 1509 1315; x_wconf 78' lang='lat' dir='ltr'><strong>sanctos,</strong></span> <span class='ocrx_word' id='word_1_386' title='bbox 1524 1285 1569 1318; x_wconf 85' lang='lat' dir='ltr'><strong>qui</strong></span> <span class='ocrx_word' id='word_1_387' title='bbox 1591 1285 1714 1313; x_wconf 81' lang='lat' dir='ltr'><strong>Corinthi</strong></span> 
     </span>
    </p>
   </div>
   <div class='ocr_carea' id='block_1_55' title="bbox 930 1322 1715 1360">
    <p class='ocr_par' dir='ltr' id='par_1_55' title="bbox 930 1322 1715 1360">
     <span class='ocr_line' id='line_1_55' title="bbox 930 1322 1715 1360; baseline 0.018 -14"><span class='ocrx_word' id='word_1_388' title='bbox 930 1326 1019 1352; x_wconf 84' lang='lat' dir='ltr'><strong>erant,</strong></span> <span class='ocrx_word' id='word_1_389' title='bbox 1033 1322 1068 1348; x_wconf 89' lang='lat' dir='ltr'><strong>ita</strong></span> <span class='ocrx_word' id='word_1_390' title='bbox 1082 1323 1176 1349; x_wconf 71' lang='lat' dir='ltr'><strong>scribit</strong></span> <span class='ocrx_word' id='word_1_391' title='bbox 1194 1333 1199 1350; x_wconf 91' lang='lat'>:</span> <span class='ocrx_word' id='word_1_392' title='bbox 1216 1323 1266 1350; x_wconf 77' lang='lat' dir='ltr'><strong>Sed</strong></span> <span class='ocrx_word' id='word_1_393' title='bbox 1278 1326 1342 1351; x_wconf 81' lang='lat' dir='ltr'><strong>(licet</strong></span> <span class='ocrx_word' id='word_1_394' title='bbox 1359 1327 1454 1360; x_wconf 80' lang='lat' dir='ltr'><strong>aliquis</strong></span> <span class='ocrx_word' id='word_1_395' title='bbox 1473 1336 1482 1354; x_wconf 89' lang='lat'><em>:</em></span> <span class='ocrx_word' id='word_1_396' title='bbox 1505 1329 1637 1360; x_wconf 81' lang='lat' dir='ltr'><strong>Quomodo</strong></span> <span class='ocrx_word' id='word_1_397' title='bbox 1648 1335 1715 1360; x_wconf 72' lang='lat' dir='ltr'><strong>exci—</strong></span> 
     </span>
    </p>
   </div>
   <div class='ocr_carea' id='block_1_56' title="bbox 932 1369 1716 1408">
    <p class='ocr_par' dir='ltr' id='par_1_56' title="bbox 932 1369 1716 1408">
     <span class='ocr_line' id='line_1_56' title="bbox 932 1369 1716 1408; baseline 0.017 -16"><span class='ocrx_word' id='word_1_398' title='bbox 932 1372 1024 1393; x_wconf 79' lang='lat' dir='ltr'><strong>tantur</strong></span> <span class='ocrx_word' id='word_1_399' title='bbox 1046 1369 1163 1395; x_wconf 85' lang='lat' dir='ltr'><strong>mortui?</strong></span> <span class='ocrx_word' id='word_1_400' title='bbox 1184 1371 1256 1404; x_wconf 83' lang='lat' dir='ltr'><strong>quali</strong></span> <span class='ocrx_word' id='word_1_401' title='bbox 1282 1378 1369 1398; x_wconf 84' lang='lat' dir='ltr'><strong>autem</strong></span> <span class='ocrx_word' id='word_1_402' title='bbox 1392 1381 1498 1408; x_wconf 82' lang='lat' dir='ltr'><strong>corpore</strong></span> <span class='ocrx_word' id='word_1_403' title='bbox 1521 1378 1716 1405; x_wconf 63' lang='lat' dir='ltr'><strong>vt’ntttristtnt.’</strong></span> 
     </span>
    </p>
   </div>
   <div class='ocr_carea' id='block_1_57' title="bbox 931 1412 1717 1454">
    <p class='ocr_par' dir='ltr' id='par_1_57' title="bbox 931 1412 1717 1454">
     <span class='ocr_line' id='line_1_57' title="bbox 931 1412 1717 1454; baseline 0.018 -17"><span class='ocrx_word' id='word_1_404' title='bbox 931 1412 1072 1446; x_wconf 49' lang='lat' dir='ltr'><strong>Innipi&#39;tzns,</strong></span> <span class='ocrx_word' id='word_1_405' title='bbox 1104 1418 1130 1440; x_wconf 88' lang='lat' dir='ltr'><strong>tu</strong></span> <span class='ocrx_word' id='word_1_406' title='bbox 1154 1417 1222 1449; x_wconf 75' lang='lat' dir='ltr'><strong>quod</strong></span> <span class='ocrx_word' id='word_1_407' title='bbox 1247 1419 1370 1450; x_wconf 70' lang='lat' dir='ltr'><strong>seminus,</strong></span> <span class='ocrx_word' id='word_1_408' title='bbox 1399 1427 1449 1445; x_wconf 86' lang='lat' dir='ltr'><strong>non</strong></span> <span class='ocrx_word' id='word_1_409' title='bbox 1476 1421 1632 1454; x_wconf 69' lang='lat' dir='ltr'><strong>ririﬁcntur,</strong></span> <span class='ocrx_word' id='word_1_410' title='bbox 1665 1425 1717 1451; x_wconf 75' lang='lat' dir='ltr'><strong>nisi</strong></span> 
     </span>
    </p>
   </div>
   <div class='ocr_carea' id='block_1_58' title="bbox 943 1459 1715 1505">
    <p class='ocr_par' dir='ltr' id='par_1_58' title="bbox 943 1459 1715 1505">
     <span class='ocr_line' id='line_1_58' title="bbox 943 1459 1715 1505; baseline 0.019 -23"><span class='ocrx_word' id='word_1_411' title='bbox 943 1459 1016 1491; x_wconf 83' lang='lat' dir='ltr'><strong>prius</strong></span> <span class='ocrx_word' id='word_1_412' title='bbox 1040 1459 1191 1487; x_wconf 78' lang='lat' dir='ltr'><strong>moriatur:</strong></span> <span class='ocrx_word' id='word_1_413' title='bbox 1207 1466 1230 1487; x_wconf 71' lang='lat' dir='ltr'><strong>et</strong></span> <span class='ocrx_word' id='word_1_414' title='bbox 1252 1463 1320 1496; x_wconf 83' lang='lat' dir='ltr'><strong>quod</strong></span> <span class='ocrx_word' id='word_1_415' title='bbox 1331 1466 1456 1496; x_wconf 80' lang='lat' dir='ltr'><strong>seminus,</strong></span> <span class='ocrx_word' id='word_1_416' title='bbox 1473 1474 1523 1492; x_wconf 84' lang='lat' dir='ltr'><strong>non</strong></span> <span class='ocrx_word' id='word_1_417' title='bbox 1540 1476 1632 1502; x_wconf 75' lang='lat' dir='ltr'><strong>corpus</strong></span> <span class='ocrx_word' id='word_1_418' title='bbox 1647 1472 1715 1505; x_wconf 82' lang='lat' dir='ltr'><strong>quod</strong></span> 
     </span>
    </p>
   </div>
   <div class='ocr_carea' id='block_1_59' title="bbox 929 1503 1716 1550">
    <p class='ocr_par' dir='ltr' id='par_1_59' title="bbox 929 1503 1716 1550">
     <span class='ocr_line' id='line_1_59' title="bbox 929 1503 1716 1550; baseline 0.019 -22"><span class='ocrx_word' id='word_1_419' title='bbox 929 1503 1048 1536; x_wconf 83' lang='lat' dir='ltr'><strong>[ulurum</strong></span> <span class='ocrx_word' id='word_1_420' title='bbox 1068 1510 1106 1531; x_wconf 81' lang='lat' dir='ltr'><strong>est</strong></span> <span class='ocrx_word' id='word_1_421' title='bbox 1137 1507 1260 1538; x_wconf 68' lang='lat' dir='ltr'><strong>seminus,</strong></span> <span class='ocrx_word' id='word_1_422' title='bbox 1288 1509 1446 1537; x_wconf 80' lang='lat' dir='ltr'><strong>seduudum</strong></span> <span class='ocrx_word' id='word_1_423' title='bbox 1469 1520 1593 1547; x_wconf 81' lang='lat' dir='ltr'><strong>granum,</strong></span> <span class='ocrx_word' id='word_1_424' title='bbox 1621 1503 1716 1550; x_wconf 71' lang='lat' dir='ltr'><strong>utpula</strong></span> 
     </span>
    </p>
   </div>
   <div class='ocr_carea' id='block_1_60' title="bbox 93 1551 874 1598">
    <p class='ocr_par' dir='ltr' id='par_1_60' title="bbox 93 1553 870 1588">
     <span class='ocr_line' id='line_1_60' title="bbox 93 1553 870 1588; baseline 0.008 -9"><span class='ocrx_word' id='word_1_425' title='bbox 93 1557 209 1586; x_wconf 78' lang='lat' dir='ltr'><strong>petitum.</strong></span> <span class='ocrx_word' id='word_1_426' title='bbox 228 1553 267 1580; x_wconf 89' lang='lat' dir='ltr'><strong>Ad</strong></span> <span class='ocrx_word' id='word_1_427' title='bbox 285 1554 342 1581; x_wconf 73' lang='lat' dir='ltr'><strong>haec</strong></span> <span class='ocrx_word' id='word_1_428' title='bbox 360 1555 422 1588; x_wconf 77' lang='lat' dir='ltr'><strong>Quia</strong></span> <span class='ocrx_word' id='word_1_429' title='bbox 438 1555 507 1582; x_wconf 87' lang='lat' dir='ltr'><strong>Filio</strong></span> <span class='ocrx_word' id='word_1_430' title='bbox 519 1555 674 1584; x_wconf 76' lang='lat' dir='ltr'><strong>Paracletus</strong></span> <span class='ocrx_word' id='word_1_431' title='bbox 689 1558 817 1585; x_wconf 74' lang='lat' dir='ltr'><strong>assimilis</strong></span> <span class='ocrx_word' id='word_1_432' title='bbox 829 1562 870 1585; x_wconf 79' lang='lat' dir='ltr'><strong>est</strong></span> 
     </span>
    </p>
   </div>
   <div class='ocr_carea' id='block_1_61' title="bbox 931 1551 1717 1598">
    <p class='ocr_par' dir='ltr' id='par_1_61' title="bbox 933 1551 1717 1597">
     <span class='ocr_line' id='line_1_61' title="bbox 933 1551 1717 1597; baseline 0.019 -22"><span class='ocrx_word' id='word_1_433' title='bbox 933 1551 1020 1581; x_wconf 78' lang='lat' dir='ltr'><strong>tritici,</strong></span> <span class='ocrx_word' id='word_1_434' title='bbox 1039 1557 1085 1578; x_wconf 77' lang='lat' dir='ltr'><strong>(tu!</strong></span> <span class='ocrx_word' id='word_1_435' title='bbox 1108 1552 1221 1587; x_wconf 74' lang='lat' dir='ltr'><strong>alicujus</strong></span> <span class='ocrx_word' id='word_1_436' title='bbox 1246 1559 1410 1583; x_wconf 72' lang='lat' dir='ltr'><strong>cwlerorum.</strong></span> <span class='ocrx_word' id='word_1_437' title='bbox 1434 1557 1502 1584; x_wconf 77' lang='lat' dir='ltr'><strong>Deus</strong></span> <span class='ocrx_word' id='word_1_438' title='bbox 1514 1565 1601 1586; x_wconf 76' lang='lat' dir='ltr'><strong>autem</strong></span> <span class='ocrx_word' id='word_1_439' title='bbox 1623 1570 1717 1597; x_wconf 68' lang='lat' dir='ltr'><strong>corpus</strong></span> 
     </span>
    </p>
   </div>
   <div class='ocr_carea' id='block_1_62' title="bbox 94 1599 879 1639">
    <p class='ocr_par' dir='ltr' id='par_1_62' title="bbox 94 1599 879 1639">
     <span class='ocr_line' id='line_1_62' title="bbox 94 1599 879 1639; baseline 0.01 -16"><span class='ocrx_word' id='word_1_440' title='bbox 94 1604 238 1632; x_wconf 84' lang='lat' dir='ltr'><strong>propterea</strong></span> <span class='ocrx_word' id='word_1_441' title='bbox 249 1599 305 1625; x_wconf 73' lang='lat' dir='ltr'><strong>sine</strong></span> <span class='ocrx_word' id='word_1_442' title='bbox 315 1604 399 1633; x_wconf 85' lang='lat' dir='ltr'><strong>putre,</strong></span> <span class='ocrx_word' id='word_1_443' title='bbox 411 1601 467 1626; x_wconf 75' lang='lat' dir='ltr'><strong>sine</strong></span> <span class='ocrx_word' id='word_1_444' title='bbox 477 1606 569 1633; x_wconf 79' lang='lat' dir='ltr'><strong>matre,</strong></span> <span class='ocrx_word' id='word_1_445' title='bbox 582 1606 604 1628; x_wconf 83' lang='lat' dir='ltr'><strong>et</strong></span> <span class='ocrx_word' id='word_1_446' title='bbox 615 1603 674 1629; x_wconf 68' lang='lat' dir='ltr'><strong>sine</strong></span> <span class='ocrx_word' id='word_1_447' title='bbox 689 1604 841 1639; x_wconf 81' lang='lat' dir='ltr'><strong>genealogia</strong></span> <span class='ocrx_word' id='word_1_448' title='bbox 856 1605 879 1620; x_wconf 81' lang='grc'>⁶¹</span> 
     </span>
    </p>
   </div>
   <div class='ocr_carea' id='block_1_63' title="bbox 95 1643 874 1682">
    <p class='ocr_par' dir='ltr' id='par_1_63' title="bbox 95 1643 874 1682">
     <span class='ocr_line' id='line_1_63' title="bbox 95 1643 874 1682; baseline 0.012 -14"><span class='ocrx_word' id='word_1_449' title='bbox 95 1643 198 1670; x_wconf 82' lang='lat' dir='ltr'><strong>dicitur</strong></span> <span class='ocrx_word' id='word_1_450' title='bbox 213 1653 219 1669; x_wconf 90' lang='lat'>:</span> <span class='ocrx_word' id='word_1_451' title='bbox 237 1645 296 1671; x_wconf 84' lang='lat' dir='ltr'><strong>sine</strong></span> <span class='ocrx_word' id='word_1_452' title='bbox 312 1651 399 1672; x_wconf 87' lang='lat' dir='ltr'><strong>matre</strong></span> <span class='ocrx_word' id='word_1_453' title='bbox 413 1647 536 1680; x_wconf 86' lang='lat' dir='ltr'><strong>quidem,</strong></span> <span class='ocrx_word' id='word_1_454' title='bbox 555 1648 618 1682; x_wconf 87' lang='lat' dir='ltr'><strong>quia</strong></span> <span class='ocrx_word' id='word_1_455' title='bbox 634 1654 747 1676; x_wconf 87' lang='lat' dir='ltr'><strong>matrem</strong></span> <span class='ocrx_word' id='word_1_456' title='bbox 764 1657 874 1677; x_wconf 89' lang='lat' dir='ltr'>sursum</span> 
     </span>
    </p>
   </div>
   <div class='ocr_carea' id='block_1_64' title="bbox 95 1688 878 1727">
    <p class='ocr_par' dir='ltr' id='par_1_64' title="bbox 95 1688 878 1727">
     <span class='ocr_line' id='line_1_64' title="bbox 95 1688 878 1727; baseline 0.01 -14"><span class='ocrx_word' id='word_1_457' title='bbox 95 1694 150 1713; x_wconf 88' lang='lat' dir='ltr'><strong>non</strong></span> <span class='ocrx_word' id='word_1_458' title='bbox 165 1688 256 1719; x_wconf 86' lang='lat' dir='ltr'><strong>habet.</strong></span> <span class='ocrx_word' id='word_1_459' title='bbox 275 1689 334 1716; x_wconf 81' lang='lat' dir='ltr'><strong>sine</strong></span> <span class='ocrx_word' id='word_1_460' title='bbox 351 1695 429 1724; x_wconf 85' lang='lat' dir='ltr'><strong>patre</strong></span> <span class='ocrx_word' id='word_1_461' title='bbox 446 1696 549 1725; x_wconf 84' lang='lat' dir='ltr'><strong>autem,</strong></span> <span class='ocrx_word' id='word_1_462' title='bbox 568 1693 633 1727; x_wconf 81' lang='lat' dir='ltr'><strong>quia</strong></span> <span class='ocrx_word' id='word_1_463' title='bbox 654 1693 681 1720; x_wconf 94' lang='lat' dir='ltr'>in</span> <span class='ocrx_word' id='word_1_464' title='bbox 701 1699 772 1721; x_wconf 84' lang='lat' dir='ltr'><strong>terra</strong></span> <span class='ocrx_word' id='word_1_465' title='bbox 786 1695 878 1721; x_wconf 84' lang='lat' dir='ltr'><strong>nullus</strong></span> 
     </span>
    </p>
   </div>
   <div class='ocr_carea' id='block_1_65' title="bbox 93 1734 276 1768">
    <p class='ocr_par' dir='ltr' id='par_1_65' title="bbox 93 1734 276 1768">
     <span class='ocr_line' id='line_1_65' title="bbox 93 1734 276 1768; baseline 0.011 -9"><span class='ocrx_word' id='word_1_466' title='bbox 93 1734 120 1759; x_wconf 86' lang='lat' dir='ltr'><strong>ei</strong></span> <span class='ocrx_word' id='word_1_467' title='bbox 136 1738 211 1768; x_wconf 90' lang='lat' dir='ltr'><strong>pater</strong></span> <span class='ocrx_word' id='word_1_468' title='bbox 223 1739 276 1761; x_wconf 85' lang='lat' dir='ltr'><strong>est.</strong></span> 
     </span>
    </p>
   </div>
   <div class='ocr_carea' id='block_1_66' title="bbox 130 1779 876 1820">
    <p class='ocr_par' dir='ltr' id='par_1_66' title="bbox 130 1779 876 1820">
     <span class='ocr_line' id='line_1_66' title="bbox 130 1779 876 1820; baseline 0.009 -15"><span class='ocrx_word' id='word_1_469' title='bbox 130 1779 217 1814; x_wconf 80' lang='lat' dir='ltr'><strong>Hujus</strong></span> <span class='ocrx_word' id='word_1_470' title='bbox 237 1787 319 1814; x_wconf 89' lang='lat' dir='ltr'><strong>porro</strong></span> <span class='ocrx_word' id='word_1_471' title='bbox 341 1781 577 1816; x_wconf 82' lang='lat' dir='ltr'><strong>interpretationis</strong></span> <span class='ocrx_word' id='word_1_472' title='bbox 599 1791 695 1812; x_wconf 81' lang='lat' dir='ltr'><strong>ansam</strong></span> <span class='ocrx_word' id='word_1_473' title='bbox 708 1793 740 1812; x_wconf 79' lang='lat' dir='ltr'><strong>ex</strong></span> <span class='ocrx_word' id='word_1_474' title='bbox 758 1785 876 1820; x_wconf 84' lang='lat' dir='ltr'><strong>quodam</strong></span> 
     </span>
    </p>
   </div>
   <div class='ocr_carea' id='block_1_67' title="bbox 95 1825 880 1864">
    <p class='ocr_par' dir='ltr' id='par_1_67' title="bbox 95 1825 880 1864">
     <span class='ocr_line' id='line_1_67' title="bbox 95 1825 880 1864; baseline 0.008 -14"><span class='ocrx_word' id='word_1_475' title='bbox 95 1825 256 1858; x_wconf 78' lang='lat' dir='ltr'><strong>apocrypho</strong></span> <span class='ocrx_word' id='word_1_476' title='bbox 270 1825 364 1852; x_wconf 87' lang='lat' dir='ltr'><strong>libello</strong></span> <span class='ocrx_word' id='word_1_477' title='bbox 383 1827 540 1861; x_wconf 81' lang='lat' dir='ltr'><strong>expiscatus</strong></span> <span class='ocrx_word' id='word_1_478' title='bbox 555 1833 607 1860; x_wconf 83' lang='lat' dir='ltr'><strong>est,</strong></span> <span class='ocrx_word' id='word_1_479' title='bbox 631 1830 709 1864; x_wconf 84' lang='lat' dir='ltr'><strong>cujus</strong></span> <span class='ocrx_word' id='word_1_480' title='bbox 738 1829 880 1864; x_wconf 82' lang='lat' dir='ltr'><strong>inscriptio</strong></span> 
     </span>
    </p>
   </div>
   <div class='ocr_carea' id='block_1_68' title="bbox 96 1871 876 1910">
    <p class='ocr_par' dir='ltr' id='par_1_68' title="bbox 96 1871 876 1910">
     <span class='ocr_line' id='line_1_68' title="bbox 96 1871 876 1910; baseline 0.008 -15"><span class='ocrx_word' id='word_1_481' title='bbox 96 1874 168 1902; x_wconf 88' lang='lat' dir='ltr'><strong>erat,</strong></span> <span class='ocrx_word' id='word_1_482' title='bbox 180 1871 372 1904; x_wconf 87' lang='lat' dir='ltr'><strong>Auabaticum,</strong></span> <span class='ocrx_word' id='word_1_483' title='bbox 387 1880 435 1899; x_wconf 90' lang='lat' dir='ltr'>seu</span> <span class='ocrx_word' id='word_1_484' title='bbox 449 1873 482 1900; x_wconf 89' lang='lat' dir='ltr'><strong>de</strong></span> <span class='ocrx_word' id='word_1_485' title='bbox 496 1874 665 1901; x_wconf 79' lang='lat' dir='ltr'><strong>Ascensione</strong></span> <span class='ocrx_word' id='word_1_486' title='bbox 682 1874 768 1906; x_wconf 73' lang='lat' dir='ltr'><strong>Isaiae,</strong></span> <span class='ocrx_word' id='word_1_487' title='bbox 785 1875 810 1902; x_wconf 94' lang='lat' dir='ltr'><strong>in</strong></span> <span class='ocrx_word' id='word_1_488' title='bbox 823 1882 876 1910; x_wconf 91' lang='lat' dir='ltr'><strong>quo</strong></span> 
     </span>
    </p>
   </div>
   <div class='ocr_carea' id='block_1_69' title="bbox 97 1915 878 1952">
    <p class='ocr_par' dir='ltr' id='par_1_69' title="bbox 97 1915 878 1952">
     <span class='ocr_line' id='line_1_69' title="bbox 97 1915 878 1952; baseline 0.006 -11"><span class='ocrx_word' id='word_1_489' title='bbox 97 1915 134 1941; x_wconf 88' lang='lat' dir='ltr'><strong>ita</strong></span> <span class='ocrx_word' id='word_1_490' title='bbox 153 1916 304 1943; x_wconf 87' lang='lat' dir='ltr'><strong>scribitur:</strong></span> <span class='ocrx_word' id='word_1_491' title='bbox 332 1916 453 1951; x_wconf 79' lang='lat' dir='ltr'><strong>Angelus</strong></span> <span class='ocrx_word' id='word_1_492' title='bbox 476 1919 523 1952; x_wconf 92' lang='lat' dir='ltr'><strong>qui</strong></span> <span class='ocrx_word' id='word_1_493' title='bbox 548 1919 705 1946; x_wconf 84' lang='lat' dir='ltr'><strong>ambulabat</strong></span> <span class='ocrx_word' id='word_1_494' title='bbox 732 1925 795 1946; x_wconf 87' lang='lat' dir='ltr'><strong>ante</strong></span> <span class='ocrx_word' id='word_1_495' title='bbox 824 1927 878 1952; x_wconf 89' lang='lat' dir='ltr'><strong>me,</strong></span> 
     </span>
    </p>
   </div>
   <div class='ocr_carea' id='block_1_70' title="bbox 97 1961 879 1999">
    <p class='ocr_par' dir='ltr' id='par_1_70' title="bbox 97 1961 879 1999">
     <span class='ocr_line' id='line_1_70' title="bbox 97 1961 879 1999; baseline 0.006 -12"><span class='ocrx_word' id='word_1_496' title='bbox 97 1961 219 1988; x_wconf 83' lang='lat' dir='ltr'><strong>ostendit</strong></span> <span class='ocrx_word' id='word_1_497' title='bbox 233 1961 312 1995; x_wconf 86' lang='lat' dir='ltr'><strong>mihi,</strong></span> <span class='ocrx_word' id='word_1_498' title='bbox 330 1967 358 1990; x_wconf 89' lang='lat' dir='ltr'><strong>et</strong></span> <span class='ocrx_word' id='word_1_499' title='bbox 374 1963 527 1995; x_wconf 71' lang='lat' dir='ltr'><strong>dixitmihi</strong></span> <span class='ocrx_word' id='word_1_500' title='bbox 542 1973 548 1992; x_wconf 92' lang='lat'>:</span> <span class='ocrx_word' id='word_1_501' title='bbox 567 1964 635 1997; x_wconf 82' lang='lat' dir='ltr'>Quis</span> <span class='ocrx_word' id='word_1_502' title='bbox 649 1969 691 1992; x_wconf 90' lang='lat' dir='ltr'><strong>est</strong></span> <span class='ocrx_word' id='word_1_503' title='bbox 712 1965 757 1992; x_wconf 90' lang='lat' dir='ltr'><strong>ille</strong></span> <span class='ocrx_word' id='word_1_504' title='bbox 784 1965 830 1999; x_wconf 87' lang='lat' dir='ltr'><strong>qui</strong></span> <span class='ocrx_word' id='word_1_505' title='bbox 845 1965 879 1992; x_wconf 89' lang='lat' dir='ltr'><strong>ad</strong></span> 
     </span>
    </p>
   </div>
   <div class='ocr_carea' id='block_1_71' title="bbox 97 1999 881 2043">
    <p class='ocr_par' dir='ltr' id='par_1_71' title="bbox 97 1999 881 2043">
     <span class='ocr_line' id='line_1_71' title="bbox 97 1999 881 2043; baseline 0.009 -13"><span class='ocrx_word' id='word_1_506' title='bbox 97 1999 235 2032; x_wconf 70' lang='lat' dir='ltr'><strong>dexteram</strong></span> <span class='ocrx_word' id='word_1_507' title='bbox 253 2006 300 2033; x_wconf 91' lang='lat' dir='ltr'><strong>Dei</strong></span> <span class='ocrx_word' id='word_1_508' title='bbox 313 2007 413 2035; x_wconf 80' lang='lat' dir='ltr'><strong>sedet?</strong></span> <span class='ocrx_word' id='word_1_509' title='bbox 429 2014 458 2035; x_wconf 89' lang='lat' dir='ltr'><strong>et</strong></span> <span class='ocrx_word' id='word_1_510' title='bbox 474 2009 602 2043; x_wconf 81' lang='lat' dir='ltr'><strong>respondi</strong></span> <span class='ocrx_word' id='word_1_511' title='bbox 619 2009 646 2036; x_wconf 86' lang='lat' dir='ltr'><strong>ei</strong></span> <span class='ocrx_word' id='word_1_512' title='bbox 660 2018 666 2035; x_wconf 89' lang='lat'><strong>:</strong></span> <span class='ocrx_word' id='word_1_513' title='bbox 683 2009 724 2036; x_wconf 85' lang='lat' dir='ltr'><strong>Tu</strong></span> <span class='ocrx_word' id='word_1_514' title='bbox 741 2010 807 2041; x_wconf 77' lang='lat' dir='ltr'><strong>scis,</strong></span> <span class='ocrx_word' id='word_1_515' title='bbox 828 2010 881 2036; x_wconf 88' lang='lat' dir='ltr'><strong>Do-</strong></span> 
     </span>
    </p>
   </div>
   <div class='ocr_carea' id='block_1_72' title="bbox 98 2049 878 2081">
    <p class='ocr_par' dir='ltr' id='par_1_72' title="bbox 98 2049 878 2081">
     <span class='ocr_line' id='line_1_72' title="bbox 98 2049 878 2081; baseline 0.008 -6"><span class='ocrx_word' id='word_1_516' title='bbox 98 2049 171 2076; x_wconf 85' lang='lat' dir='ltr'><strong>mine</strong></span> <span class='ocrx_word' id='word_1_517' title='bbox 187 2055 235 2077; x_wconf 85' lang='lat' dir='ltr'><strong>:et</strong></span> <span class='ocrx_word' id='word_1_518' title='bbox 246 2051 314 2077; x_wconf 74' lang='lat' dir='ltr'><strong>dixit</strong></span> <span class='ocrx_word' id='word_1_519' title='bbox 328 2051 394 2079; x_wconf 86' lang='lat' dir='ltr'><strong>:Hic</strong></span> <span class='ocrx_word' id='word_1_520' title='bbox 405 2057 447 2080; x_wconf 85' lang='lat' dir='ltr'><strong>est</strong></span> <span class='ocrx_word' id='word_1_521' title='bbox 461 2053 589 2081; x_wconf 87' lang='lat' dir='ltr'><strong>dilectus.</strong></span> <span class='ocrx_word' id='word_1_522' title='bbox 606 2053 726 2081; x_wconf 80' lang='lat' dir='ltr'><strong>Rursum</strong></span> <span class='ocrx_word' id='word_1_523' title='bbox 742 2054 778 2081; x_wconf 90' lang='lat' dir='ltr'><strong>ita</strong></span> <span class='ocrx_word' id='word_1_524' title='bbox 789 2054 858 2081; x_wconf 70' lang='lat' dir='ltr'><strong>dixit</strong></span> <span class='ocrx_word' id='word_1_525' title='bbox 872 2063 878 2081; x_wconf 90' lang='lat'>:</span> 
     </span>
    </p>
   </div>
   <div class='ocr_carea' id='block_1_73' title="bbox 98 2094 880 2131">
    <p class='ocr_par' dir='ltr' id='par_1_73' title="bbox 98 2094 880 2131">
     <span class='ocr_line' id='line_1_73' title="bbox 98 2094 880 2131; baseline 0.009 -11"><span class='ocrx_word' id='word_1_526' title='bbox 98 2094 165 2126; x_wconf 85' lang='lat' dir='ltr'>Quis</span> <span class='ocrx_word' id='word_1_527' title='bbox 190 2101 231 2122; x_wconf 87' lang='lat' dir='ltr'><strong>est</strong></span> <span class='ocrx_word' id='word_1_528' title='bbox 254 2096 334 2129; x_wconf 88' lang='lat' dir='ltr'><strong>alter,</strong></span> <span class='ocrx_word' id='word_1_529' title='bbox 362 2098 410 2131; x_wconf 88' lang='lat' dir='ltr'><strong>qui</strong></span> <span class='ocrx_word' id='word_1_530' title='bbox 438 2105 453 2124; x_wconf 86' lang='lat' dir='ltr'><strong>a</strong></span> <span class='ocrx_word' id='word_1_531' title='bbox 480 2098 599 2126; x_wconf 83' lang='lat' dir='ltr'><strong>sinistris</strong></span> <span class='ocrx_word' id='word_1_532' title='bbox 616 2101 692 2127; x_wconf 87' lang='lat' dir='ltr'><strong>venit</strong></span> <span class='ocrx_word' id='word_1_533' title='bbox 715 2100 739 2127; x_wconf 88' lang='lat' dir='ltr'><strong>ei</strong></span> <span class='ocrx_word' id='word_1_534' title='bbox 764 2101 880 2127; x_wconf 83' lang='lat' dir='ltr'><strong>similis?</strong></span> 
     </span>
    </p>
   </div>
   <div class='ocr_carea' id='block_1_74' title="bbox 98 2139 880 2177">
    <p class='ocr_par' dir='ltr' id='par_1_74' title="bbox 98 2139 880 2177">
     <span class='ocr_line' id='line_1_74' title="bbox 98 2139 880 2177; baseline 0.008 -11"><span class='ocrx_word' id='word_1_535' title='bbox 98 2139 174 2167; x_wconf 86' lang='lat' dir='ltr'><strong>Tunc</strong></span> <span class='ocrx_word' id='word_1_536' title='bbox 191 2142 318 2175; x_wconf 85' lang='lat' dir='ltr'><strong>respondi</strong></span> <span class='ocrx_word' id='word_1_537' title='bbox 334 2143 360 2169; x_wconf 89' lang='lat' dir='ltr'><strong>ei</strong></span> <span class='ocrx_word' id='word_1_538' title='bbox 374 2151 380 2170; x_wconf 88' lang='lat'><strong>:</strong></span> <span class='ocrx_word' id='word_1_539' title='bbox 397 2144 438 2170; x_wconf 90' lang='lat' dir='ltr'>Tu</span> <span class='ocrx_word' id='word_1_540' title='bbox 454 2145 518 2177; x_wconf 84' lang='lat' dir='ltr'><strong>seis,</strong></span> <span class='ocrx_word' id='word_1_541' title='bbox 534 2145 649 2172; x_wconf 85' lang='lat' dir='ltr'><strong>Domine</strong></span> <span class='ocrx_word' id='word_1_542' title='bbox 665 2151 712 2173; x_wconf 86' lang='lat' dir='ltr'><strong>:et</strong></span> <span class='ocrx_word' id='word_1_543' title='bbox 726 2147 812 2174; x_wconf 82' lang='lat' dir='ltr'><strong>dixit:</strong></span> <span class='ocrx_word' id='word_1_544' title='bbox 831 2147 880 2173; x_wconf 87' lang='lat' dir='ltr'><strong>Hie</strong></span> 
     </span>
    </p>
   </div>
   <div class='ocr_carea' id='block_1_75' title="bbox 97 2187 881 2226">
    <p class='ocr_par' dir='ltr' id='par_1_75' title="bbox 97 2187 881 2226">
     <span class='ocr_line' id='line_1_75' title="bbox 97 2187 881 2226; baseline 0.009 -14"><span class='ocrx_word' id='word_1_545' title='bbox 97 2190 140 2213; x_wconf 85' lang='lat' dir='ltr'><strong>est</strong></span> <span class='ocrx_word' id='word_1_546' title='bbox 167 2187 287 2221; x_wconf 80' lang='lat' dir='ltr'><strong>Spiritus</strong></span> <span class='ocrx_word' id='word_1_547' title='bbox 309 2193 420 2216; x_wconf 84' lang='lat' dir='ltr'><strong>sanctus</strong></span> <span class='ocrx_word' id='word_1_548' title='bbox 444 2191 490 2225; x_wconf 93' lang='lat' dir='ltr'><strong>qui</strong></span> <span class='ocrx_word' id='word_1_549' title='bbox 520 2190 643 2225; x_wconf 88' lang='lat' dir='ltr'><strong>loquitur</strong></span> <span class='ocrx_word' id='word_1_550' title='bbox 665 2192 692 2218; x_wconf 90' lang='lat' dir='ltr'>in</span> <span class='ocrx_word' id='word_1_551' title='bbox 718 2196 743 2219; x_wconf 88' lang='lat' dir='ltr'><strong>te</strong></span> <span class='ocrx_word' id='word_1_552' title='bbox 767 2197 795 2219; x_wconf 89' lang='lat' dir='ltr'><strong>et</strong></span> <span class='ocrx_word' id='word_1_553' title='bbox 818 2200 881 2226; x_wconf 89' lang='lat' dir='ltr'><strong>pro-</strong></span> 
     </span>
    </p>
   </div>
   <div class='ocr_carea' id='block_1_76' title="bbox 933 1595 1716 1642">
    <p class='ocr_par' dir='ltr' id='par_1_76' title="bbox 933 1595 1716 1642">
     <span class='ocr_line' id='line_1_76' title="bbox 933 1595 1716 1642; baseline 0.017 -21"><span class='ocrx_word' id='word_1_554' title='bbox 933 1595 973 1621; x_wconf 75' lang='lat' dir='ltr'><strong>il’i</strong></span> <span class='ocrx_word' id='word_1_555' title='bbox 985 1598 1040 1627; x_wconf 81' lang='lat' dir='ltr'><strong>dat,</strong></span> <span class='ocrx_word' id='word_1_556' title='bbox 1053 1598 1118 1624; x_wconf 81' lang='lat' dir='ltr'><strong>sicut</strong></span> <span class='ocrx_word' id='word_1_557' title='bbox 1134 1599 1222 1629; x_wconf 84' lang='lat' dir='ltr'><strong>voluit.</strong></span> <span class='ocrx_word' id='word_1_558' title='bbox 1238 1605 1261 1626; x_wconf 86' lang='lat' dir='ltr'><strong>et</strong></span> <span class='ocrx_word' id='word_1_559' title='bbox 1279 1601 1416 1636; x_wconf 79' lang='lat' dir='ltr'><strong>unicuique</strong></span> <span class='ocrx_word' id='word_1_560' title='bbox 1437 1605 1565 1630; x_wconf 78' lang='lat' dir='ltr'><strong>seminum</strong></span> <span class='ocrx_word' id='word_1_561' title='bbox 1580 1608 1716 1642; x_wconf 78' lang='lat' dir='ltr'><strong>proprium</strong></span> 
     </span>
    </p>
   </div>
   <div class='ocr_carea' id='block_1_77' title="bbox 934 1643 1712 1688">
    <p class='ocr_par' dir='ltr' id='par_1_77' title="bbox 934 1643 1712 1688">
     <span class='ocr_line' id='line_1_77' title="bbox 934 1643 1712 1688; baseline 0.019 -23"><span class='ocrx_word' id='word_1_562' title='bbox 934 1649 1039 1675; x_wconf 71' lang='lat' dir='ltr'><strong>corpus.</strong></span> <span class='ocrx_word' id='word_1_563' title='bbox 1057 1643 1116 1668; x_wconf 69' lang='lat' dir='ltr'><strong>[Ion</strong></span> <span class='ocrx_word' id='word_1_564' title='bbox 1132 1645 1216 1670; x_wconf 79' lang='lat' dir='ltr'><strong>omnis</strong></span> <span class='ocrx_word' id='word_1_565' title='bbox 1236 1653 1311 1677; x_wconf 75' lang='lat' dir='ltr'><strong>caro,</strong></span> <span class='ocrx_word' id='word_1_566' title='bbox 1327 1649 1417 1673; x_wconf 78' lang='lat' dir='ltr'><strong>eadem</strong></span> <span class='ocrx_word' id='word_1_567' title='bbox 1435 1657 1506 1682; x_wconf 84' lang='lat' dir='ltr'><strong>caro,</strong></span> <span class='ocrx_word' id='word_1_568' title='bbox 1523 1652 1569 1676; x_wconf 71' lang='lat' dir='ltr'><strong>sed</strong></span> <span class='ocrx_word' id='word_1_569' title='bbox 1580 1652 1633 1679; x_wconf 85' lang='lat' dir='ltr'><strong>nliu</strong></span> <span class='ocrx_word' id='word_1_570' title='bbox 1650 1655 1712 1688; x_wconf 68' lang='lat' dir='ltr'><strong>qui&lt;</strong></span> 
     </span>
    </p>
   </div>
   <div class='ocr_carea' id='block_1_78' title="bbox 933 1686 1717 1728">
    <p class='ocr_par' dir='ltr' id='par_1_78' title="bbox 933 1686 1717 1728">
     <span class='ocr_line' id='line_1_78' title="bbox 933 1686 1717 1728; baseline 0.017 -16"><span class='ocrx_word' id='word_1_571' title='bbox 933 1686 992 1713; x_wconf 79' lang='lat' dir='ltr'><strong>dem</strong></span> <span class='ocrx_word' id='word_1_572' title='bbox 1004 1688 1150 1718; x_wconf 81' lang='lat' dir='ltr'><strong>hominum.</strong></span> <span class='ocrx_word' id='word_1_573' title='bbox 1168 1689 1220 1715; x_wconf 84' lang='lat' dir='ltr'><strong>uliu</strong></span> <span class='ocrx_word' id='word_1_574' title='bbox 1244 1699 1373 1724; x_wconf 64' lang='lat' dir='ltr'><strong>pecorum,</strong></span> <span class='ocrx_word' id='word_1_575' title='bbox 1393 1694 1453 1720; x_wconf 18' lang='lat' dir='ltr'><strong>talia</strong></span> <span class='ocrx_word' id='word_1_576' title='bbox 1468 1695 1587 1728; x_wconf 63' lang='lat' dir='ltr'><strong>piscium,</strong></span> <span class='ocrx_word' id='word_1_577' title='bbox 1604 1686 1659 1724; x_wconf 75' lang='lat' dir='ltr'><strong>aliti</strong></span> <span class='ocrx_word' id='word_1_578' title='bbox 1673 1707 1717 1725; x_wconf 76' lang='lat' dir='ltr'><strong>uo-</strong></span> 
     </span>
    </p>
   </div>
   <div class='ocr_carea' id='block_1_79' title="bbox 932 1731 1714 1774">
    <p class='ocr_par' dir='ltr' id='par_1_79' title="bbox 932 1731 1714 1774">
     <span class='ocr_line' id='line_1_79' title="bbox 932 1731 1714 1774; baseline 0.013 -17"><span class='ocrx_word' id='word_1_579' title='bbox 932 1731 1044 1759; x_wconf 76' lang='lat' dir='ltr'><strong>luerunt.</strong></span> <span class='ocrx_word' id='word_1_580' title='bbox 1056 1734 1122 1760; x_wconf 86' lang='lat' dir='ltr'><strong>Item</strong></span> <span class='ocrx_word' id='word_1_581' title='bbox 1138 1743 1144 1760; x_wconf 88' lang='lat'><strong>:</strong></span> <span class='ocrx_word' id='word_1_582' title='bbox 1157 1734 1272 1769; x_wconf 84' lang='lat' dir='ltr'><strong>Corpora</strong></span> <span class='ocrx_word' id='word_1_583' title='bbox 1285 1736 1409 1770; x_wconf 69' lang='lat' dir='ltr'><strong>cozlcstia,</strong></span> <span class='ocrx_word' id='word_1_584' title='bbox 1420 1743 1443 1764; x_wconf 87' lang='lat' dir='ltr'><strong>et</strong></span> <span class='ocrx_word' id='word_1_585' title='bbox 1451 1747 1561 1774; x_wconf 83' lang='lat' dir='ltr'><strong>corpora</strong></span> <span class='ocrx_word' id='word_1_586' title='bbox 1571 1744 1714 1774; x_wconf 71' lang='lat' dir='ltr'><strong>terrestria,</strong></span> 
     </span>
    </p>
   </div>
   <div class='ocr_carea' id='block_1_80' title="bbox 932 1777 1716 1817">
    <p class='ocr_par' dir='ltr' id='par_1_80' title="bbox 932 1777 1716 1817">
     <span class='ocr_line' id='line_1_80' title="bbox 932 1777 1716 1817; baseline 0.015 -14"><span class='ocrx_word' id='word_1_587' title='bbox 932 1777 977 1803; x_wconf 75' lang='lat' dir='ltr'><strong>sed</strong></span> <span class='ocrx_word' id='word_1_588' title='bbox 993 1778 1048 1804; x_wconf 86' lang='lat' dir='ltr'><strong>alia</strong></span> <span class='ocrx_word' id='word_1_589' title='bbox 1064 1779 1167 1812; x_wconf 72' lang='lat' dir='ltr'><strong>quit/cm</strong></span> <span class='ocrx_word' id='word_1_590' title='bbox 1182 1781 1324 1807; x_wconf 71' lang='lat' dir='ltr'><strong>cwleatiunt</strong></span> <span class='ocrx_word' id='word_1_591' title='bbox 1340 1782 1437 1817; x_wconf 81' lang='lat' dir='ltr'><strong>gloria,</strong></span> <span class='ocrx_word' id='word_1_592' title='bbox 1453 1784 1506 1811; x_wconf 79' lang='lat' dir='ltr'><strong>alia</strong></span> <span class='ocrx_word' id='word_1_593' title='bbox 1524 1791 1612 1812; x_wconf 78' lang='lat' dir='ltr'><strong>autem</strong></span> <span class='ocrx_word' id='word_1_594' title='bbox 1633 1792 1716 1815; x_wconf 86' lang='lat' dir='ltr'><strong>terre-</strong></span> 
     </span>
    </p>
   </div>
   <div class='ocr_carea' id='block_1_81' title="bbox 932 1823 1715 1864">
    <p class='ocr_par' dir='ltr' id='par_1_81' title="bbox 932 1823 1715 1864">
     <span class='ocr_line' id='line_1_81' title="bbox 932 1823 1715 1864; baseline 0.017 -17"><span class='ocrx_word' id='word_1_595' title='bbox 932 1823 1036 1850; x_wconf 74' lang='lat' dir='ltr'><strong>strium.</strong></span> <span class='ocrx_word' id='word_1_596' title='bbox 1052 1824 1112 1850; x_wconf 84' lang='lat' dir='ltr'><strong>Alia</strong></span> <span class='ocrx_word' id='word_1_597' title='bbox 1129 1825 1239 1852; x_wconf 78' lang='lat' dir='ltr'><strong>claritas</strong></span> <span class='ocrx_word' id='word_1_598' title='bbox 1251 1828 1324 1858; x_wconf 77' lang='lat' dir='ltr'><strong>solis,</strong></span> <span class='ocrx_word' id='word_1_599' title='bbox 1338 1829 1392 1855; x_wconf 84' lang='lat' dir='ltr'><strong>alia</strong></span> <span class='ocrx_word' id='word_1_600' title='bbox 1406 1829 1514 1856; x_wconf 70' lang='lat' dir='ltr'><strong>claritas</strong></span> <span class='ocrx_word' id='word_1_601' title='bbox 1525 1831 1604 1864; x_wconf 75' lang='lat' dir='ltr'><strong>lttnw,</strong></span> <span class='ocrx_word' id='word_1_602' title='bbox 1621 1838 1644 1859; x_wconf 81' lang='lat' dir='ltr'><strong>et</strong></span> <span class='ocrx_word' id='word_1_603' title='bbox 1661 1835 1715 1861; x_wconf 77' lang='lat' dir='ltr'><strong>alia</strong></span> 
     </span>
    </p>
   </div>
   <div class='ocr_carea' id='block_1_82' title="bbox 933 1867 1716 1913">
    <p class='ocr_par' dir='ltr' id='par_1_82' title="bbox 933 1867 1716 1913">
     <span class='ocr_line' id='line_1_82' title="bbox 933 1867 1716 1913; baseline 0.017 -20"><span class='ocrx_word' id='word_1_604' title='bbox 933 1867 1046 1895; x_wconf 70' lang='lat' dir='ltr'><strong>claritas</strong></span> <span class='ocrx_word' id='word_1_605' title='bbox 1068 1870 1216 1897; x_wconf 74' lang='lat' dir='ltr'><strong>stellarum.</strong></span> <span class='ocrx_word' id='word_1_606' title='bbox 1242 1871 1324 1899; x_wconf 84' lang='lat' dir='ltr'><strong>Stella</strong></span> <span class='ocrx_word' id='word_1_607' title='bbox 1346 1875 1414 1900; x_wconf 86' lang='lat' dir='ltr'><strong>enim</strong></span> <span class='ocrx_word' id='word_1_608' title='bbox 1435 1884 1450 1902; x_wconf 80' lang='grc' dir='ltr'><em>α</em></span> <span class='ocrx_word' id='word_1_609' title='bbox 1472 1877 1549 1904; x_wconf 80' lang='lat' dir='ltr'><strong>stella</strong></span> <span class='ocrx_word' id='word_1_610' title='bbox 1576 1879 1661 1913; x_wconf 68' lang='lat' dir='ltr'><strong>diﬁ&#39;crt</strong></span> <span class='ocrx_word' id='word_1_611' title='bbox 1688 1881 1716 1906; x_wconf 81' lang='lat' dir='ltr'><strong>in</strong></span> 
     </span>
    </p>
   </div>
   <div class='ocr_carea' id='block_1_83' title="bbox 932 1913 1716 1951">
    <p class='ocr_par' dir='ltr' id='par_1_83' title="bbox 932 1913 1716 1951">
     <span class='ocr_line' id='line_1_83' title="bbox 932 1913 1716 1951; baseline 0.015 -12"><span class='ocrx_word' id='word_1_612' title='bbox 932 1913 1066 1947; x_wconf 77' lang='lat' dir='ltr'><strong>claritate,</strong></span> <span class='ocrx_word' id='word_1_613' title='bbox 1080 1917 1117 1942; x_wconf 82' lang='lat' dir='ltr'><strong>sic</strong></span> <span class='ocrx_word' id='word_1_614' title='bbox 1138 1921 1161 1942; x_wconf 80' lang='lat' dir='ltr'><strong>et</strong></span> <span class='ocrx_word' id='word_1_615' title='bbox 1185 1919 1339 1945; x_wconf 75' lang='lat' dir='ltr'><strong>resurrectio</strong></span> <span class='ocrx_word' id='word_1_616' title='bbox 1368 1924 1540 1949; x_wconf 85' lang='lat' dir='ltr'><strong>mortuorum.</strong></span> <span class='ocrx_word' id='word_1_617' title='bbox 1561 1922 1716 1951; x_wconf 75' lang='lat' dir='ltr'><strong>Seminalur</strong></span> 
     </span>
    </p>
   </div>
   <div class='ocr_carea' id='block_1_84' title="bbox 931 1959 1714 2001">
    <p class='ocr_par' dir='ltr' id='par_1_84' title="bbox 931 1959 1714 2001">
     <span class='ocr_line' id='line_1_84' title="bbox 931 1959 1714 2001; baseline 0.015 -17"><span class='ocrx_word' id='word_1_618' title='bbox 931 1959 960 1985; x_wconf 85' lang='lat' dir='ltr'><strong>in</strong></span> <span class='ocrx_word' id='word_1_619' title='bbox 982 1961 1161 1994; x_wconf 82' lang='lat' dir='ltr'><strong>corruptione,</strong></span> <span class='ocrx_word' id='word_1_620' title='bbox 1186 1963 1316 1989; x_wconf 69' lang='lat' dir='ltr'><strong>excitatur</strong></span> <span class='ocrx_word' id='word_1_621' title='bbox 1342 1964 1369 1990; x_wconf 79' lang='lat' dir='ltr'><strong>in</strong></span> <span class='ocrx_word' id='word_1_622' title='bbox 1396 1964 1613 2001; x_wconf 79' lang='lat' dir='ltr'><strong>incorruptione:</strong></span> <span class='ocrx_word' id='word_1_623' title='bbox 1635 1971 1714 1996; x_wconf 74' lang='lat' dir='ltr'><strong>rumi-</strong></span> 
     </span>
    </p>
   </div>
   <div class='ocr_carea' id='block_1_85' title="bbox 933 2005 1714 2044">
    <p class='ocr_par' dir='ltr' id='par_1_85' title="bbox 933 2005 1714 2044">
     <span class='ocr_line' id='line_1_85' title="bbox 933 2005 1714 2044; baseline 0.015 -15"><span class='ocrx_word' id='word_1_624' title='bbox 933 2010 1013 2030; x_wconf 84' lang='lat' dir='ltr'><strong>natur</strong></span> <span class='ocrx_word' id='word_1_625' title='bbox 1028 2005 1054 2031; x_wconf 84' lang='lat' dir='ltr'><strong>in</strong></span> <span class='ocrx_word' id='word_1_626' title='bbox 1068 2006 1239 2040; x_wconf 68' lang='lat' dir='ltr'><strong>ignobilitate,</strong></span> <span class='ocrx_word' id='word_1_627' title='bbox 1256 2013 1344 2043; x_wconf 75' lang='lat' dir='ltr'><strong>surget</strong></span> <span class='ocrx_word' id='word_1_628' title='bbox 1356 2011 1383 2036; x_wconf 85' lang='lat' dir='ltr'><strong>in</strong></span> <span class='ocrx_word' id='word_1_629' title='bbox 1397 2011 1482 2044; x_wconf 87' lang='lat' dir='ltr'><strong>gloria</strong></span> <span class='ocrx_word' id='word_1_630' title='bbox 1498 2019 1507 2036; x_wconf 90' lang='lat'><em>:</em></span> <span class='ocrx_word' id='word_1_631' title='bbox 1523 2015 1670 2040; x_wconf 77' lang='lat' dir='ltr'><strong>seminatur</strong></span> <span class='ocrx_word' id='word_1_632' title='bbox 1687 2017 1714 2041; x_wconf 80' lang='lat' dir='ltr'><strong>in</strong></span> 
     </span>
    </p>
   </div>
   <div class='ocr_carea' id='block_1_86' title="bbox 930 2049 1715 2094">
    <p class='ocr_par' dir='ltr' id='par_1_86' title="bbox 930 2049 1715 2094">
     <span class='ocr_line' id='line_1_86' title="bbox 930 2049 1715 2094; baseline 0.015 -19"><span class='ocrx_word' id='word_1_633' title='bbox 930 2049 1095 2084; x_wconf 79' lang='lat' dir='ltr'><strong>inﬁrmitate,</strong></span> <span class='ocrx_word' id='word_1_634' title='bbox 1113 2058 1201 2087; x_wconf 75' lang='lat' dir='ltr'><strong>surgat</strong></span> <span class='ocrx_word' id='word_1_635' title='bbox 1213 2053 1240 2080; x_wconf 90' lang='lat' dir='ltr'><strong>in</strong></span> <span class='ocrx_word' id='word_1_636' title='bbox 1256 2054 1349 2082; x_wconf 78' lang='lat' dir='ltr'><strong>virtute</strong></span> <span class='ocrx_word' id='word_1_637' title='bbox 1365 2063 1373 2082; x_wconf 91' lang='lat'><em>:</em></span> <span class='ocrx_word' id='word_1_638' title='bbox 1389 2058 1534 2084; x_wconf 72' lang='lat' dir='ltr'><strong>sentiuntur</strong></span> <span class='ocrx_word' id='word_1_639' title='bbox 1549 2067 1641 2094; x_wconf 66' lang='lat' dir='ltr'><strong>corpus</strong></span> <span class='ocrx_word' id='word_1_640' title='bbox 1656 2062 1715 2088; x_wconf 78' lang='lat' dir='ltr'><strong>arti-</strong></span> 
     </span>
    </p>
   </div>
   <div class='ocr_carea' id='block_1_87' title="bbox 931 2095 1423 2135">
    <p class='ocr_par' dir='ltr' id='par_1_87' title="bbox 931 2095 1423 2135">
     <span class='ocr_line' id='line_1_87' title="bbox 931 2095 1423 2135; baseline 0.016 -14"><span class='ocrx_word' id='word_1_641' title='bbox 931 2095 1012 2127; x_wconf 86' lang='lat' dir='ltr'><strong>male,</strong></span> <span class='ocrx_word' id='word_1_642' title='bbox 1032 2102 1121 2131; x_wconf 73' lang='lat' dir='ltr'><strong>surget</strong></span> <span class='ocrx_word' id='word_1_643' title='bbox 1136 2107 1229 2133; x_wconf 78' lang='lat' dir='ltr'><strong>corpus</strong></span> <span class='ocrx_word' id='word_1_644' title='bbox 1243 2101 1381 2135; x_wconf 79' lang='lat' dir='ltr'><strong>spirituale</strong></span> <span class='ocrx_word' id='word_1_645' title='bbox 1392 2103 1423 2130; x_wconf 75' lang='grc'><strong>⁸⁴.</strong></span> 
     </span>
    </p>
   </div>
   <div class='ocr_carea' id='block_1_88' title="bbox 967 2142 1714 2182">
    <p class='ocr_par' dir='ltr' id='par_1_88' title="bbox 967 2142 1714 2182">
     <span class='ocr_line' id='line_1_88' title="bbox 967 2142 1714 2182; baseline 0.019 -15"><span class='ocrx_word' id='word_1_646' title='bbox 967 2142 1072 2174; x_wconf 84' lang='lat' dir='ltr'><strong>Quibus</strong></span> <span class='ocrx_word' id='word_1_647' title='bbox 1086 2143 1171 2171; x_wconf 67' lang='lat' dir='ltr'><strong>verbis</strong></span> <span class='ocrx_word' id='word_1_648' title='bbox 1196 2152 1244 2172; x_wconf 87' lang='lat' dir='ltr'><strong>eos</strong></span> <span class='ocrx_word' id='word_1_649' title='bbox 1262 2146 1382 2178; x_wconf 85' lang='lat' dir='ltr'><strong>instruit,</strong></span> <span class='ocrx_word' id='word_1_650' title='bbox 1399 2156 1515 2182; x_wconf 89' lang='lat' dir='ltr'><strong>quorum</strong></span> <span class='ocrx_word' id='word_1_651' title='bbox 1531 2159 1613 2179; x_wconf 90' lang='lat' dir='ltr'><strong>aures</strong></span> <span class='ocrx_word' id='word_1_652' title='bbox 1635 2160 1714 2180; x_wconf 81' lang='lat' dir='ltr'><strong>ceru-</strong></span> 
     </span>
    </p>
   </div>
   <div class='ocr_carea' id='block_1_89' title="bbox 932 2189 1712 2231">
    <p class='ocr_par' dir='ltr' id='par_1_89' title="bbox 932 2189 1712 2231">
     <span class='ocr_line' id='line_1_89' title="bbox 932 2189 1712 2231; baseline 0.018 -17"><span class='ocrx_word' id='word_1_653' title='bbox 932 2189 1006 2216; x_wconf 87' lang='lat' dir='ltr'><strong>mine</strong></span> <span class='ocrx_word' id='word_1_654' title='bbox 1039 2189 1208 2219; x_wconf 84' lang='lat' dir='ltr'><strong>inﬁdelitatis</strong></span> <span class='ocrx_word' id='word_1_655' title='bbox 1245 2193 1456 2230; x_wconf 87' lang='lat' dir='ltr'><strong>haudquaquam</strong></span> <span class='ocrx_word' id='word_1_656' title='bbox 1495 2198 1712 2231; x_wconf 78' lang='lat' dir='ltr'><strong>obsurduerunt.</strong></span> 
     </span>
    </p>
   </div>
   <div class='ocr_carea' id='block_1_90' title="bbox 98 2233 874 2274">
    <p class='ocr_par' dir='ltr' id='par_1_90' title="bbox 98 2233 874 2274">
     <span class='ocr_line' id='line_1_90' title="bbox 98 2233 874 2274; baseline 0.009 -15"><span class='ocrx_word' id='word_1_657' title='bbox 98 2233 189 2268; x_wconf 89' lang='lat' dir='ltr'><strong>phetis</strong></span> <span class='ocrx_word' id='word_1_658' title='bbox 203 2243 211 2260; x_wconf 88' lang='lat'><strong>:</strong></span> <span class='ocrx_word' id='word_1_659' title='bbox 225 2239 254 2262; x_wconf 88' lang='lat' dir='ltr'><strong>et</strong></span> <span class='ocrx_word' id='word_1_660' title='bbox 267 2241 326 2262; x_wconf 83' lang='lat' dir='ltr'><strong>erat</strong></span> <span class='ocrx_word' id='word_1_661' title='bbox 340 2236 439 2264; x_wconf 86' lang='lat' dir='ltr'><strong>similis</strong></span> <span class='ocrx_word' id='word_1_662' title='bbox 453 2237 566 2265; x_wconf 88' lang='lat' dir='ltr'><strong>dilecto.</strong></span> <span class='ocrx_word' id='word_1_663' title='bbox 583 2238 686 2266; x_wconf 82' lang='lat' dir='ltr'><strong>Pueros</strong></span> <span class='ocrx_word' id='word_1_664' title='bbox 700 2239 812 2274; x_wconf 84' lang='lat' dir='ltr'><strong>insuper</strong></span> <span class='ocrx_word' id='word_1_665' title='bbox 833 2240 874 2273; x_wconf 83' lang='lat' dir='ltr'><strong>qui</strong></span> 
     </span>
    </p>
   </div>
   <div class='ocr_carea' id='block_1_91' title="bbox 931 2233 1714 2274">
    <p class='ocr_par' dir='ltr' id='par_1_91' title="bbox 931 2234 1714 2274">
     <span class='ocr_line' id='line_1_91' title="bbox 931 2234 1714 2274; baseline 0.02 -16"><span class='ocrx_word' id='word_1_666' title='bbox 931 2234 1015 2267; x_wconf 88' lang='lat' dir='ltr'><strong>quod,</strong></span> <span class='ocrx_word' id='word_1_667' title='bbox 1025 2236 1253 2269; x_wconf 76' lang='lat' dir='ltr'><strong>quemadmodum</strong></span> <span class='ocrx_word' id='word_1_668' title='bbox 1263 2247 1376 2273; x_wconf 81' lang='lat' dir='ltr'><strong>granum</strong></span> <span class='ocrx_word' id='word_1_669' title='bbox 1388 2241 1514 2269; x_wconf 82' lang='lat' dir='ltr'><strong>frumenti</strong></span> <span class='ocrx_word' id='word_1_670' title='bbox 1527 2244 1552 2270; x_wconf 93' lang='lat' dir='ltr'><strong>in</strong></span> <span class='ocrx_word' id='word_1_671' title='bbox 1565 2246 1714 2274; x_wconf 71' lang='lat' dir='ltr'><strong>visceribus</strong></span> 
     </span>
    </p>
   </div>
   <div class='ocr_carea' id='block_1_92' title="bbox 99 2285 881 2319">
    <p class='ocr_par' dir='ltr' id='par_1_92' title="bbox 99 2285 881 2319">
     <span class='ocr_line' id='line_1_92' title="bbox 99 2285 881 2319; baseline 0.005 -13"><span class='ocrx_word' id='word_1_672' title='bbox 99 2286 264 2314; x_wconf 65' lang='lat' dir='ltr'><strong>prmmatura</strong></span> <span class='ocrx_word' id='word_1_673' title='bbox 294 2286 374 2310; x_wconf 70' lang='lat' dir='ltr'><strong>aztate</strong></span> <span class='ocrx_word' id='word_1_674' title='bbox 396 2289 581 2316; x_wconf 87' lang='lat' dir='ltr'><strong>morerentur,</strong></span> <span class='ocrx_word' id='word_1_675' title='bbox 607 2290 752 2319; x_wconf 84' lang='lat' dir='ltr'><strong>antequam</strong></span> <span class='ocrx_word' id='word_1_676' title='bbox 771 2285 818 2311; x_wconf 87' lang='lat' dir='ltr'><strong>Dei</strong></span> <span class='ocrx_word' id='word_1_677' title='bbox 836 2293 881 2312; x_wconf 90' lang='lat' dir='ltr'><strong>co-</strong></span> 
     </span>
    </p>
   </div>
   <div class='ocr_carea' id='block_1_93' title="bbox 97 2325 882 2363">
    <p class='ocr_par' dir='ltr' id='par_1_93' title="bbox 97 2325 882 2363">
     <span class='ocr_line' id='line_1_93' title="bbox 97 2325 882 2363; baseline 0.005 -12"><span class='ocrx_word' id='word_1_678' title='bbox 97 2325 247 2360; x_wconf 77' lang='lat' dir='ltr'><strong>gnitionem</strong></span> <span class='ocrx_word' id='word_1_679' title='bbox 277 2327 369 2361; x_wconf 88' lang='lat' dir='ltr'><strong>adepti</strong></span> <span class='ocrx_word' id='word_1_680' title='bbox 396 2333 487 2355; x_wconf 86' lang='lat' dir='ltr'><strong>essent</strong></span> <span class='ocrx_word' id='word_1_681' title='bbox 514 2328 588 2363; x_wconf 82' lang='lat' dir='ltr'><strong>regni</strong></span> <span class='ocrx_word' id='word_1_682' title='bbox 616 2329 734 2356; x_wconf 62' lang='lat' dir='ltr'><strong>caelestis</strong></span> <span class='ocrx_word' id='word_1_683' title='bbox 760 2329 882 2355; x_wconf 73' lang='lat' dir='ltr'><strong>hazredes</strong></span> 
     </span>
    </p>
   </div>
   <div class='ocr_carea' id='block_1_94' title="bbox 96 2373 881 2408">
    <p class='ocr_par' dir='ltr' id='par_1_94' title="bbox 96 2373 881 2408">
     <span class='ocr_line' id='line_1_94' title="bbox 96 2373 881 2408; baseline 0.005 -11"><span class='ocrx_word' id='word_1_684' title='bbox 96 2377 155 2397; x_wconf 86' lang='lat' dir='ltr'><strong>esse</strong></span> <span class='ocrx_word' id='word_1_685' title='bbox 176 2379 230 2398; x_wconf 88' lang='lat' dir='ltr'><strong>non</strong></span> <span class='ocrx_word' id='word_1_686' title='bbox 255 2379 335 2406; x_wconf 84' lang='lat' dir='ltr'><strong>posse</strong></span> <span class='ocrx_word' id='word_1_687' title='bbox 349 2373 470 2405; x_wconf 76' lang='lat' dir='ltr'><strong>dicebat,</strong></span> <span class='ocrx_word' id='word_1_688' title='bbox 488 2375 536 2408; x_wconf 87' lang='lat' dir='ltr'><strong>qui</strong></span> <span class='ocrx_word' id='word_1_689' title='bbox 559 2375 692 2402; x_wconf 92' lang='lat' dir='ltr'><strong>nimirum</strong></span> <span class='ocrx_word' id='word_1_690' title='bbox 710 2382 763 2402; x_wconf 85' lang='lat' dir='ltr'><strong>non</strong></span> <span class='ocrx_word' id='word_1_691' title='bbox 779 2379 881 2401; x_wconf 86' lang='lat' dir='ltr'><strong>certas-</strong></span> 
     </span>
    </p>
   </div>
   <div class='ocr_carea' id='block_1_95' title="bbox 96 2415 880 2453">
    <p class='ocr_par' dir='ltr' id='par_1_95' title="bbox 96 2415 880 2453">
     <span class='ocr_line' id='line_1_95' title="bbox 96 2415 880 2453; baseline 0.005 -13"><span class='ocrx_word' id='word_1_692' title='bbox 96 2419 166 2441; x_wconf 83' lang='lat' dir='ltr'><strong>sent.</strong></span> <span class='ocrx_word' id='word_1_693' title='bbox 186 2415 223 2442; x_wconf 87' lang='lat' dir='ltr'><strong>lta</strong></span> <span class='ocrx_word' id='word_1_694' title='bbox 235 2417 307 2443; x_wconf 85' lang='lat' dir='ltr'><strong>enim</strong></span> <span class='ocrx_word' id='word_1_695' title='bbox 323 2417 410 2452; x_wconf 89' lang='lat' dir='ltr'><strong>inquit</strong></span> <span class='ocrx_word' id='word_1_696' title='bbox 425 2427 432 2445; x_wconf 71' lang='grc' dir='ltr'>ε</span> <span class='ocrx_word' id='word_1_697' title='bbox 447 2419 475 2445; x_wconf 81' lang='lat' dir='ltr'><strong>Si</strong></span> <span class='ocrx_word' id='word_1_698' title='bbox 490 2418 537 2453; x_wconf 91' lang='lat' dir='ltr'><strong>qui</strong></span> <span class='ocrx_word' id='word_1_699' title='bbox 549 2423 637 2445; x_wconf 80' lang='lat' dir='ltr'><strong>certat</strong></span> <span class='ocrx_word' id='word_1_700' title='bbox 651 2427 707 2446; x_wconf 90' lang='lat' dir='ltr'><strong>non</strong></span> <span class='ocrx_word' id='word_1_701' title='bbox 734 2424 880 2446; x_wconf 86' lang='lat' dir='ltr'><strong>coronatur</strong></span> 
     </span>
    </p>
   </div>
   <div class='ocr_carea' id='block_1_96' title="bbox 99 2461 876 2500">
    <p class='ocr_par' dir='ltr' id='par_1_96' title="bbox 99 2461 876 2500">
     <span class='ocr_line' id='line_1_96' title="bbox 99 2461 876 2500; baseline 0.006 -14"><span class='ocrx_word' id='word_1_702' title='bbox 99 2461 152 2487; x_wconf 74' lang='lat' dir='ltr'><strong>nisi</strong></span> <span class='ocrx_word' id='word_1_703' title='bbox 175 2462 296 2496; x_wconf 76' lang='lat' dir='ltr'><strong>legitime</strong></span> <span class='ocrx_word' id='word_1_704' title='bbox 316 2465 473 2495; x_wconf 82' lang='lat' dir='ltr'><strong>certaverit,</strong></span> <span class='ocrx_word' id='word_1_705' title='bbox 491 2470 593 2499; x_wconf 85' lang='lat' dir='ltr'><strong>quanto</strong></span> <span class='ocrx_word' id='word_1_706' title='bbox 614 2466 705 2493; x_wconf 83' lang='lat' dir='ltr'><strong>minus</strong></span> <span class='ocrx_word' id='word_1_707' title='bbox 720 2465 743 2492; x_wconf 89' lang='lat' dir='ltr'><strong>is</strong></span> <span class='ocrx_word' id='word_1_708' title='bbox 765 2465 812 2500; x_wconf 88' lang='lat' dir='ltr'><strong>qui</strong></span> <span class='ocrx_word' id='word_1_709' title='bbox 842 2464 876 2491; x_wconf 89' lang='lat' dir='ltr'><strong>ad</strong></span> 
     </span>
    </p>
   </div>
   <div class='ocr_carea' id='block_1_97' title="bbox 74 2499 511 2539">
    <p class='ocr_par' dir='ltr' id='par_1_97' title="bbox 74 2499 511 2539">
     <span class='ocr_line' id='line_1_97' title="bbox 74 2499 511 2539; baseline 0.014 -6"><span class='ocrx_word' id='word_1_710' title='bbox 74 2499 76 2502; x_wconf 19' lang='grc' dir='ltr'>ν</span> <span class='ocrx_word' id='word_1_711' title='bbox 98 2513 236 2535; x_wconf 84' lang='lat' dir='ltr'><strong>certamen</strong></span> <span class='ocrx_word' id='word_1_712' title='bbox 251 2513 364 2536; x_wconf 63' lang='grc' dir='ltr'><strong>νοειιιιις</strong></span> <span class='ocrx_word' id='word_1_713' title='bbox 380 2518 433 2538; x_wconf 91' lang='lat' dir='ltr'><strong>non</strong></span> <span class='ocrx_word' id='word_1_714' title='bbox 448 2512 511 2539; x_wconf 81' lang='lat' dir='ltr'><strong>est?</strong></span> 
     </span>
    </p>
   </div>
   <div class='ocr_carea' id='block_1_98' title="bbox 235 2575 734 2613">
    <p class='ocr_par' dir='ltr' id='par_1_98' title="bbox 235 2575 734 2613">
     <span class='ocr_line' id='line_1_98' title="bbox 235 2575 734 2613; baseline 0 -10"><span class='ocrx_word' id='word_1_715' title='bbox 235 2575 367 2604; x_wconf 68' lang='lat' dir='ltr'><strong>Htrreseos</strong></span> <span class='ocrx_word' id='word_1_716' title='bbox 391 2578 560 2612; x_wconf 64' lang='lat' dir='ltr'><strong>procedentis</strong></span> <span class='ocrx_word' id='word_1_717' title='bbox 580 2578 734 2613; x_wconf 76' lang='lat' dir='ltr'><strong>confatalia.</strong></span> 
     </span>
    </p>
   </div>
   <div class='ocr_carea' id='block_1_99' title="bbox 132 2642 878 2681">
    <p class='ocr_par' dir='ltr' id='par_1_99' title="bbox 132 2642 878 2681">
     <span class='ocr_line' id='line_1_99' title="bbox 132 2642 878 2681; baseline 0.007 -12"><span class='ocrx_word' id='word_1_718' title='bbox 132 2642 232 2676; x_wconf 62' lang='lat' dir='ltr'><strong>Isjnon</strong></span> <span class='ocrx_word' id='word_1_719' title='bbox 247 2649 306 2670; x_wconf 87' lang='lat' dir='ltr'><strong>erat</strong></span> <span class='ocrx_word' id='word_1_720' title='bbox 332 2645 471 2676; x_wconf 79' lang='lat' dir='ltr'><strong>Hieracas.</strong></span> <span class='ocrx_word' id='word_1_721' title='bbox 493 2646 539 2681; x_wconf 87' lang='lat' dir='ltr'><strong>qui</strong></span> <span class='ocrx_word' id='word_1_722' title='bbox 564 2648 750 2674; x_wconf 81' lang='lat' dir='ltr'><strong>venatieorum</strong></span> <span class='ocrx_word' id='word_1_723' title='bbox 769 2654 878 2681; x_wconf 72' lang='lat' dir='ltr'><strong>przrpe-</strong></span> 
     </span>
    </p>
   </div>
   <div class='ocr_carea' id='block_1_100' title="bbox 97 2690 879 2726">
    <p class='ocr_par' dir='ltr' id='par_1_100' title="bbox 97 2690 879 2726">
     <span class='ocr_line' id='line_1_100' title="bbox 97 2690 879 2726; baseline 0.003 -11"><span class='ocrx_word' id='word_1_724' title='bbox 97 2692 207 2723; x_wconf 85' lang='lat' dir='ltr'><strong>tumque</strong></span> <span class='ocrx_word' id='word_1_725' title='bbox 222 2690 352 2724; x_wconf 71' lang='grc' dir='ltr'><strong>ἱεράκων,</strong></span> <span class='ocrx_word' id='word_1_726' title='bbox 366 2690 418 2718; x_wconf 87' lang='lat' dir='ltr'><strong>hoc</strong></span> <span class='ocrx_word' id='word_1_727' title='bbox 432 2695 484 2723; x_wconf 86' lang='lat' dir='ltr'><strong>est,</strong></span> <span class='ocrx_word' id='word_1_728' title='bbox 505 2690 665 2726; x_wconf 85' lang='lat' dir='ltr'><strong>accipitrum</strong></span> <span class='ocrx_word' id='word_1_729' title='bbox 681 2699 757 2718; x_wconf 87' lang='lat' dir='ltr'><strong>more</strong></span> <span class='ocrx_word' id='word_1_730' title='bbox 772 2691 879 2717; x_wconf 86' lang='lat' dir='ltr'><strong>divinas</strong></span> 
     </span>
    </p>
   </div>
   <div class='ocr_carea' id='block_1_101' title="bbox 96 2734 878 2772">
    <p class='ocr_par' dir='ltr' id='par_1_101' title="bbox 96 2734 878 2772">
     <span class='ocr_line' id='line_1_101' title="bbox 96 2734 878 2772; baseline 0.003 -12"><span class='ocrx_word' id='word_1_731' title='bbox 96 2734 250 2769; x_wconf 87' lang='lat' dir='ltr'><strong>Scripturas</strong></span> <span class='ocrx_word' id='word_1_732' title='bbox 266 2735 352 2763; x_wconf 81' lang='lat' dir='ltr'><strong>oculis</strong></span> <span class='ocrx_word' id='word_1_733' title='bbox 366 2736 608 2769; x_wconf 84' lang='lat' dir='ltr'><strong>circumlustrarct,</strong></span> <span class='ocrx_word' id='word_1_734' title='bbox 623 2742 704 2772; x_wconf 88' lang='lat' dir='ltr'><strong>atque</strong></span> <span class='ocrx_word' id='word_1_735' title='bbox 720 2737 878 2772; x_wconf 83' lang='lat' dir='ltr'><strong>dogmatutn</strong></span> 
     </span>
    </p>
   </div>
   <div class='ocr_carea' id='block_1_102' title="bbox 97 2781 880 2817">
    <p class='ocr_par' dir='ltr' id='par_1_102' title="bbox 97 2781 880 2817">
     <span class='ocr_line' id='line_1_102' title="bbox 97 2781 880 2817; baseline 0.005 -11"><span class='ocrx_word' id='word_1_736' title='bbox 97 2781 236 2808; x_wconf 85' lang='lat' dir='ltr'><strong>veritatem</strong></span> <span class='ocrx_word' id='word_1_737' title='bbox 262 2781 381 2816; x_wconf 88' lang='lat' dir='ltr'><strong>undique</strong></span> <span class='ocrx_word' id='word_1_738' title='bbox 401 2789 549 2810; x_wconf 82' lang='lat' dir='ltr'><strong>venaretur</strong></span> <span class='ocrx_word' id='word_1_739' title='bbox 570 2791 576 2809; x_wconf 89' lang='lat'>:</span> <span class='ocrx_word' id='word_1_740' title='bbox 595 2787 642 2810; x_wconf 88' lang='lat' dir='ltr'><strong>aut</strong></span> <span class='ocrx_word' id='word_1_741' title='bbox 662 2783 758 2810; x_wconf 84' lang='lat' dir='ltr'><strong>saltem</strong></span> <span class='ocrx_word' id='word_1_742' title='bbox 779 2782 880 2817; x_wconf 85' lang='lat' dir='ltr'><strong>aquilis</strong></span> 
     </span>
    </p>
   </div>
   <div class='ocr_carea' id='block_1_103' title="bbox 122 2841 826 2874">
    <p class='ocr_par' dir='ltr' id='par_1_103' title="bbox 122 2841 826 2874">
     <span class='ocr_line' id='line_1_103' title="bbox 122 2841 826 2874; baseline 0 -6"><span class='ocrx_word' id='word_1_743' title='bbox 122 2841 144 2856; x_wconf 86' lang='lat'><strong>&quot;‘</strong></span> <span class='ocrx_word' id='word_1_744' title='bbox 164 2841 233 2868; x_wconf 83' lang='lat' dir='ltr'><strong>Ile&#39;o.</strong></span> <span class='ocrx_word' id='word_1_745' title='bbox 245 2849 302 2871; x_wconf 81' lang='lat' dir='ltr'><strong>xm.</strong></span> <span class='ocrx_word' id='word_1_746' title='bbox 314 2842 340 2868; x_wconf 71' lang='grc' dir='ltr'><strong>Δ.</strong></span> <span class='ocrx_word' id='word_1_747' title='bbox 379 2843 399 2858; x_wconf 81' lang='lat'><strong>&#39;°</strong></span> <span class='ocrx_word' id='word_1_748' title='bbox 416 2843 426 2870; x_wconf 91' lang='lat' dir='ltr'><strong>I</strong></span> <span class='ocrx_word' id='word_1_749' title='bbox 440 2843 502 2871; x_wconf 83' lang='lat' dir='ltr'><strong>Cor.</strong></span> <span class='ocrx_word' id='word_1_750' title='bbox 517 2850 563 2874; x_wconf 87' lang='lat' dir='ltr'><strong>vn,</strong></span> <span class='ocrx_word' id='word_1_751' title='bbox 579 2842 622 2869; x_wconf 73' lang='grc'><strong>54.</strong></span> <span class='ocrx_word' id='word_1_752' title='bbox 679 2843 701 2858; x_wconf 83' lang='grc'>⁶⁰</span> <span class='ocrx_word' id='word_1_753' title='bbox 723 2842 790 2874; x_wconf 81' lang='lat' dir='ltr'><strong>Ibid.</strong></span> <span class='ocrx_word' id='word_1_754' title='bbox 802 2843 826 2869; x_wconf 88' lang='lat' dir='ltr'><strong>&#39;l.</strong></span> 
     </span>
    </p>
   </div>
   <div class='ocr_carea' id='block_1_104' title="bbox 96 2875 327 2903">
    <p class='ocr_par' dir='ltr' id='par_1_104' title="bbox 96 2875 327 2903">
     <span class='ocr_line' id='line_1_104' title="bbox 96 2875 327 2903; baseline 0 -1"><span class='ocrx_word' id='word_1_755' title='bbox 96 2876 118 2892; x_wconf 79' lang='lat'>“</span> <span class='ocrx_word' id='word_1_756' title='bbox 131 2875 199 2903; x_wconf 80' lang='lat' dir='ltr'><strong>Ibid.</strong></span> <span class='ocrx_word' id='word_1_757' title='bbox 213 2877 256 2903; x_wconf 75' lang='lat'><strong>35.</strong></span> <span class='ocrx_word' id='word_1_758' title='bbox 272 2884 327 2903; x_wconf 74' lang='lat' dir='ltr'><strong>seu.</strong></span> 
     </span>
    </p>
   </div>
   <div class='ocr_carea' id='block_1_105' title="bbox 884 2841 1151 2875">
    <p class='ocr_par' dir='ltr' id='par_1_105' title="bbox 884 2841 1151 2875">
     <span class='ocr_line' id='line_1_105' title="bbox 884 2841 1151 2875; baseline 0.007 -7"><span class='ocrx_word' id='word_1_759' title='bbox 884 2841 1012 2870; x_wconf 76' lang='lat' dir='ltr'><strong>“Matth.</strong></span> <span class='ocrx_word' id='word_1_760' title='bbox 1030 2850 1086 2875; x_wconf 75' lang='lat' dir='ltr'><strong>xu,</strong></span> <span class='ocrx_word' id='word_1_761' title='bbox 1109 2844 1151 2870; x_wconf 79' lang='grc'><strong>12.</strong></span> 
     </span>
    </p>
   </div>
   <div class='ocr_carea' id='block_1_106' title="bbox 924 2282 1714 2324">
    <p class='ocr_par' dir='ltr' id='par_1_106' title="bbox 924 2282 1714 2324">
     <span class='ocr_line' id='line_1_106' title="bbox 924 2282 1714 2324; baseline 0.019 -19"><span class='ocrx_word' id='word_1_762' title='bbox 924 2283 1011 2322; x_wconf 37' lang='lat' dir='ltr'><strong>‘tcrrze</strong></span> <span class='ocrx_word' id='word_1_763' title='bbox 1023 2282 1147 2313; x_wconf 88' lang='lat' dir='ltr'><strong>moritur,</strong></span> <span class='ocrx_word' id='word_1_764' title='bbox 1159 2287 1186 2309; x_wconf 87' lang='lat' dir='ltr'><strong>et</strong></span> <span class='ocrx_word' id='word_1_765' title='bbox 1203 2291 1252 2310; x_wconf 87' lang='lat' dir='ltr'><strong>suo</strong></span> <span class='ocrx_word' id='word_1_766' title='bbox 1269 2290 1390 2319; x_wconf 79' lang='lat' dir='ltr'><strong>tempore</strong></span> <span class='ocrx_word' id='word_1_767' title='bbox 1406 2290 1532 2324; x_wconf 83' lang='lat' dir='ltr'><strong>resurgit,</strong></span> <span class='ocrx_word' id='word_1_768' title='bbox 1544 2298 1599 2317; x_wconf 92' lang='lat' dir='ltr'><strong>non</strong></span> <span class='ocrx_word' id='word_1_769' title='bbox 1610 2291 1714 2320; x_wconf 89' lang='lat' dir='ltr'><strong>nudum</strong></span> 
     </span>
    </p>
   </div>
   <div class='ocr_carea' id='block_1_107' title="bbox 930 2325 1713 2366">
    <p class='ocr_par' dir='ltr' id='par_1_107' title="bbox 930 2325 1713 2366">
     <span class='ocr_line' id='line_1_107' title="bbox 930 2325 1713 2366; baseline 0.02 -16"><span class='ocrx_word' id='word_1_770' title='bbox 930 2325 1052 2359; x_wconf 77' lang='lat' dir='ltr'><strong>quidem,</strong></span> <span class='ocrx_word' id='word_1_771' title='bbox 1078 2331 1106 2353; x_wconf 86' lang='lat' dir='ltr'><strong>et</strong></span> <span class='ocrx_word' id='word_1_772' title='bbox 1133 2328 1213 2362; x_wconf 84' lang='lat' dir='ltr'><strong>quale</strong></span> <span class='ocrx_word' id='word_1_773' title='bbox 1232 2330 1394 2358; x_wconf 89' lang='lat' dir='ltr'><strong>seminatum</strong></span> <span class='ocrx_word' id='word_1_774' title='bbox 1409 2337 1461 2365; x_wconf 69' lang='lat' dir='ltr'><strong>est,</strong></span> <span class='ocrx_word' id='word_1_775' title='bbox 1491 2336 1537 2362; x_wconf 87' lang='lat' dir='ltr'><strong>sed</strong></span> <span class='ocrx_word' id='word_1_776' title='bbox 1566 2337 1669 2365; x_wconf 90' lang='lat' dir='ltr'><strong>clarum</strong></span> <span class='ocrx_word' id='word_1_777' title='bbox 1685 2345 1713 2366; x_wconf 87' lang='lat' dir='ltr'><strong>et</strong></span> 
     </span>
    </p>
   </div>
   <div class='ocr_carea' id='block_1_108' title="bbox 929 2372 1714 2414">
    <p class='ocr_par' dir='ltr' id='par_1_108' title="bbox 929 2372 1714 2414">
     <span class='ocr_line' id='line_1_108' title="bbox 929 2372 1714 2414; baseline 0.02 -18"><span class='ocrx_word' id='word_1_778' title='bbox 929 2372 1136 2406; x_wconf 87' lang='lat' dir='ltr'><strong>perpulchrum,</strong></span> <span class='ocrx_word' id='word_1_779' title='bbox 1160 2379 1242 2408; x_wconf 84' lang='lat' dir='ltr'><strong>atque</strong></span> <span class='ocrx_word' id='word_1_780' title='bbox 1258 2382 1290 2402; x_wconf 80' lang='lat' dir='ltr'><strong>ex</strong></span> <span class='ocrx_word' id='word_1_781' title='bbox 1308 2377 1415 2410; x_wconf 85' lang='lat' dir='ltr'><strong>pristini</strong></span> <span class='ocrx_word' id='word_1_782' title='bbox 1437 2382 1562 2414; x_wconf 87' lang='lat' dir='ltr'><strong>corporis</strong></span> <span class='ocrx_word' id='word_1_783' title='bbox 1586 2383 1714 2411; x_wconf 80' lang='lat' dir='ltr'><strong>substan-</strong></span> 
     </span>
    </p>
   </div>
   <div class='ocr_carea' id='block_1_109' title="bbox 931 2418 1713 2462">
    <p class='ocr_par' dir='ltr' id='par_1_109' title="bbox 931 2418 1713 2462">
     <span class='ocr_line' id='line_1_109' title="bbox 931 2418 1713 2462; baseline 0.013 -19"><span class='ocrx_word' id='word_1_784' title='bbox 931 2419 966 2443; x_wconf 86' lang='lat' dir='ltr'><strong>tia</strong></span> <span class='ocrx_word' id='word_1_785' title='bbox 980 2426 985 2442; x_wconf 93' lang='lat'>:</span> <span class='ocrx_word' id='word_1_786' title='bbox 1000 2418 1036 2444; x_wconf 89' lang='lat' dir='ltr'><strong>ita</strong></span> <span class='ocrx_word' id='word_1_787' title='bbox 1050 2420 1132 2446; x_wconf 86' lang='lat' dir='ltr'><strong>etiam</strong></span> <span class='ocrx_word' id='word_1_788' title='bbox 1150 2427 1249 2454; x_wconf 89' lang='lat' dir='ltr'><strong>corpus</strong></span> <span class='ocrx_word' id='word_1_789' title='bbox 1262 2426 1384 2449; x_wconf 88' lang='lat' dir='ltr'><strong>nostrum</strong></span> <span class='ocrx_word' id='word_1_790' title='bbox 1401 2425 1504 2453; x_wconf 92' lang='lat' dir='ltr'><strong>nudum</strong></span> <span class='ocrx_word' id='word_1_791' title='bbox 1527 2429 1648 2462; x_wconf 88' lang='lat' dir='ltr'><strong>quidem,</strong></span> <span class='ocrx_word' id='word_1_792' title='bbox 1672 2431 1713 2457; x_wconf 81' lang='lat' dir='ltr'><strong>in.</strong></span> 
     </span>
    </p>
   </div>
   <div class='ocr_carea' id='block_1_110' title="bbox 928 2462 1709 2508">
    <p class='ocr_par' dir='ltr' id='par_1_110' title="bbox 928 2462 1709 2508">
     <span class='ocr_line' id='line_1_110' title="bbox 928 2462 1709 2508; baseline 0.017 -19"><span class='ocrx_word' id='word_1_793' title='bbox 928 2462 1014 2490; x_wconf 80' lang='lat' dir='ltr'><strong>formo</strong></span> <span class='ocrx_word' id='word_1_794' title='bbox 1022 2469 1049 2490; x_wconf 92' lang='lat' dir='ltr'><strong>et</strong></span> <span class='ocrx_word' id='word_1_795' title='bbox 1057 2464 1200 2499; x_wconf 82' lang='lat' dir='ltr'><strong>inglorium</strong></span> <span class='ocrx_word' id='word_1_796' title='bbox 1212 2470 1292 2493; x_wconf 63' lang='lat' dir='ltr'><strong>terra:</strong></span> <span class='ocrx_word' id='word_1_797' title='bbox 1310 2469 1503 2504; x_wconf 84' lang='lat' dir='ltr'><strong>committitur,</strong></span> <span class='ocrx_word' id='word_1_798' title='bbox 1515 2473 1624 2508; x_wconf 81' lang='lat' dir='ltr'><strong>elegans</strong></span> <span class='ocrx_word' id='word_1_799' title='bbox 1634 2482 1709 2506; x_wconf 83' lang='lat' dir='ltr'><strong>vero,</strong></span> 
     </span>
    </p>
   </div>
   <div class='ocr_carea' id='block_1_111' title="bbox 929 2510 1711 2550">
    <p class='ocr_par' dir='ltr' id='par_1_111' title="bbox 929 2510 1711 2550">
     <span class='ocr_line' id='line_1_111' title="bbox 929 2510 1711 2550; baseline 0.017 -16"><span class='ocrx_word' id='word_1_800' title='bbox 929 2510 1092 2536; x_wconf 88' lang='lat' dir='ltr'><strong>concinnum</strong></span> <span class='ocrx_word' id='word_1_801' title='bbox 1104 2515 1132 2536; x_wconf 84' lang='lat' dir='ltr'><strong>et</strong></span> <span class='ocrx_word' id='word_1_802' title='bbox 1151 2511 1292 2544; x_wconf 85' lang='lat' dir='ltr'><strong>spirituale</strong></span> <span class='ocrx_word' id='word_1_803' title='bbox 1304 2515 1431 2550; x_wconf 77' lang='lat' dir='ltr'><strong>resurgit.</strong></span> <span class='ocrx_word' id='word_1_804' title='bbox 1441 2515 1672 2549; x_wconf 88' lang='lat' dir='ltr'><strong>Quemadmodum</strong></span> <span class='ocrx_word' id='word_1_805' title='bbox 1682 2520 1711 2547; x_wconf 89' lang='lat' dir='ltr'><strong>in</strong></span> 
     </span>
    </p>
   </div>
   <div class='ocr_carea' id='block_1_112' title="bbox 929 2553 1711 2594">
    <p class='ocr_par' dir='ltr' id='par_1_112' title="bbox 929 2553 1711 2594">
     <span class='ocr_line' id='line_1_112' title="bbox 929 2553 1711 2594; baseline 0.017 -15"><span class='ocrx_word' id='word_1_806' title='bbox 929 2553 1080 2581; x_wconf 86' lang='lat' dir='ltr'><strong>seminibus</strong></span> <span class='ocrx_word' id='word_1_807' title='bbox 1092 2562 1201 2589; x_wconf 86' lang='lat' dir='ltr'><strong>quoque</strong></span> <span class='ocrx_word' id='word_1_808' title='bbox 1222 2557 1367 2586; x_wconf 86' lang='lat' dir='ltr'><strong>videmus:</strong></span> <span class='ocrx_word' id='word_1_809' title='bbox 1391 2568 1502 2594; x_wconf 80' lang='lat' dir='ltr'><strong>germen</strong></span> <span class='ocrx_word' id='word_1_810' title='bbox 1520 2563 1592 2589; x_wconf 93' lang='lat' dir='ltr'><strong>enim</strong></span> <span class='ocrx_word' id='word_1_811' title='bbox 1619 2565 1711 2593; x_wconf 76' lang='lat' dir='ltr'><strong>aristis</strong></span> 
     </span>
    </p>
   </div>
   <div class='ocr_carea' id='block_1_113' title="bbox 929 2599 1709 2641">
    <p class='ocr_par' dir='ltr' id='par_1_113' title="bbox 929 2599 1709 2641">
     <span class='ocr_line' id='line_1_113' title="bbox 929 2599 1709 2641; baseline 0.017 -18"><span class='ocrx_word' id='word_1_812' title='bbox 929 2599 1064 2625; x_wconf 89' lang='lat' dir='ltr'><strong>munitum</strong></span> <span class='ocrx_word' id='word_1_813' title='bbox 1080 2599 1220 2633; x_wconf 88' lang='lat' dir='ltr'><strong>emittunt,</strong></span> <span class='ocrx_word' id='word_1_814' title='bbox 1234 2609 1288 2629; x_wconf 93' lang='lat' dir='ltr'><strong>non</strong></span> <span class='ocrx_word' id='word_1_815' title='bbox 1306 2609 1396 2631; x_wconf 88' lang='lat' dir='ltr'><strong>autem</strong></span> <span class='ocrx_word' id='word_1_816' title='bbox 1412 2605 1526 2638; x_wconf 90' lang='lat' dir='ltr'><strong>nudum,</strong></span> <span class='ocrx_word' id='word_1_817' title='bbox 1539 2608 1617 2641; x_wconf 90' lang='lat' dir='ltr'><strong>quale</strong></span> <span class='ocrx_word' id='word_1_818' title='bbox 1627 2610 1709 2636; x_wconf 85' lang='lat' dir='ltr'><strong>etiam</strong></span> 
     </span>
    </p>
   </div>
   <div class='ocr_carea' id='block_1_114' title="bbox 926 2645 1710 2685">
    <p class='ocr_par' dir='ltr' id='par_1_114' title="bbox 926 2645 1710 2685">
     <span class='ocr_line' id='line_1_114' title="bbox 926 2645 1710 2685; baseline 0.017 -16"><span class='ocrx_word' id='word_1_819' title='bbox 926 2648 1006 2671; x_wconf 76' lang='lat' dir='ltr'><strong>terrae</strong></span> <span class='ocrx_word' id='word_1_820' title='bbox 1023 2645 1199 2672; x_wconf 84' lang='lat' dir='ltr'><strong>commissum</strong></span> <span class='ocrx_word' id='word_1_821' title='bbox 1217 2652 1270 2679; x_wconf 81' lang='lat' dir='ltr'><strong>est,</strong></span> <span class='ocrx_word' id='word_1_822' title='bbox 1285 2649 1399 2682; x_wconf 85' lang='lat' dir='ltr'><strong>proinde</strong></span> <span class='ocrx_word' id='word_1_823' title='bbox 1412 2657 1509 2685; x_wconf 89' lang='lat' dir='ltr'><strong>corpus</strong></span> <span class='ocrx_word' id='word_1_824' title='bbox 1524 2652 1593 2679; x_wconf 92' lang='lat' dir='ltr'><strong>idem</strong></span> <span class='ocrx_word' id='word_1_825' title='bbox 1608 2660 1710 2682; x_wconf 78' lang='lat' dir='ltr'><strong>excita-</strong></span> 
     </span>
    </p>
   </div>
   <div class='ocr_carea' id='block_1_115' title="bbox 927 2690 1708 2730">
    <p class='ocr_par' dir='ltr' id='par_1_115' title="bbox 927 2690 1708 2730">
     <span class='ocr_line' id='line_1_115' title="bbox 927 2690 1708 2730; baseline 0.018 -15"><span class='ocrx_word' id='word_1_826' title='bbox 927 2694 982 2716; x_wconf 88' lang='lat' dir='ltr'><strong>tur.</strong></span> <span class='ocrx_word' id='word_1_827' title='bbox 995 2690 1080 2725; x_wconf 83' lang='lat' dir='ltr'><strong>Hujus</strong></span> <span class='ocrx_word' id='word_1_828' title='bbox 1092 2693 1164 2718; x_wconf 78' lang='lat' dir='ltr'><strong>enim</strong></span> <span class='ocrx_word' id='word_1_829' title='bbox 1177 2693 1214 2719; x_wconf 90' lang='lat' dir='ltr'><strong>rei</strong></span> <span class='ocrx_word' id='word_1_830' title='bbox 1230 2693 1287 2727; x_wconf 87' lang='lat' dir='ltr'><strong>ipse</strong></span> <span class='ocrx_word' id='word_1_831' title='bbox 1296 2702 1406 2730; x_wconf 88' lang='lat' dir='ltr'><strong>quoque</strong></span> <span class='ocrx_word' id='word_1_832' title='bbox 1421 2697 1520 2725; x_wconf 80' lang='lat' dir='ltr'><strong>Paulus</strong></span> <span class='ocrx_word' id='word_1_833' title='bbox 1534 2704 1630 2727; x_wconf 88' lang='lat' dir='ltr'><strong>auctor</strong></span> <span class='ocrx_word' id='word_1_834' title='bbox 1648 2708 1708 2729; x_wconf 69' lang='lat' dir='ltr'><strong>est:</strong></span> 
     </span>
    </p>
   </div>
   <div class='ocr_carea' id='block_1_116' title="bbox 930 2734 1708 2778">
    <p class='ocr_par' dir='ltr' id='par_1_116' title="bbox 930 2734 1708 2778">
     <span class='ocr_line' id='line_1_116' title="bbox 930 2734 1708 2778; baseline 0.014 -16"><span class='ocrx_word' id='word_1_835' title='bbox 930 2734 1072 2770; x_wconf 78' lang='lat' dir='ltr'><strong>Unicuique</strong></span> <span class='ocrx_word' id='word_1_836' title='bbox 1092 2739 1237 2772; x_wconf 74' lang='lat' dir='ltr'><strong>resurgenti</strong></span> <span class='ocrx_word' id='word_1_837' title='bbox 1256 2741 1349 2767; x_wconf 77' lang='lat' dir='ltr'><strong>semini</strong></span> <span class='ocrx_word' id='word_1_838' title='bbox 1363 2743 1497 2777; x_wconf 78' lang='lat' dir='ltr'><strong>proprium</strong></span> <span class='ocrx_word' id='word_1_839' title='bbox 1510 2752 1603 2778; x_wconf 71' lang='lat' dir='ltr'><strong>corpus</strong></span> <span class='ocrx_word' id='word_1_840' title='bbox 1618 2747 1708 2774; x_wconf 74' lang='lat' dir='ltr'><strong>datur.</strong></span> 
     </span>
    </p>
   </div>
   <div class='ocr_carea' id='block_1_117' title="bbox 965 2781 1696 2820">
    <p class='ocr_par' dir='ltr' id='par_1_117' title="bbox 965 2781 1696 2820">
     <span class='ocr_line' id='line_1_117' title="bbox 965 2781 1696 2820; baseline 0.018 -13"><span class='ocrx_word' id='word_1_841' title='bbox 965 2781 1038 2808; x_wconf 79' lang='lat' dir='ltr'><strong>Idem</strong></span> <span class='ocrx_word' id='word_1_842' title='bbox 1056 2788 1187 2817; x_wconf 56' lang='lat' dir='ltr'><strong>praeterea</strong></span> <span class='ocrx_word' id='word_1_843' title='bbox 1203 2786 1303 2813; x_wconf 69' lang='lat' dir='ltr'><strong>astruit</strong></span> <span class='ocrx_word' id='word_1_844' title='bbox 1317 2793 1370 2813; x_wconf 92' lang='lat' dir='ltr'><strong>non</strong></span> <span class='ocrx_word' id='word_1_845' title='bbox 1386 2796 1440 2816; x_wconf 93' lang='lat' dir='ltr'><strong>uno</strong></span> <span class='ocrx_word' id='word_1_846' title='bbox 1455 2789 1481 2818; x_wconf 87' lang='lat' dir='ltr'><strong>in</strong></span> <span class='ocrx_word' id='word_1_847' title='bbox 1499 2791 1602 2818; x_wconf 65' lang='lat' dir='ltr'><strong>honore</strong></span> <span class='ocrx_word' id='word_1_848' title='bbox 1618 2799 1696 2820; x_wconf 71' lang='lat' dir='ltr'><strong>resur</strong></span> 
     </span>
    </p>
   </div>
   <div class='ocr_carea' id='block_1_118' title="bbox 1206 2841 1696 2886">
    <p class='ocr_par' dir='ltr' id='par_1_118' title="bbox 1206 2841 1696 2886">
     <span class='ocr_line' id='line_1_118' title="bbox 1206 2841 1696 2886; baseline 0.016 -15"><span class='ocrx_word' id='word_1_849' title='bbox 1206 2845 1228 2861; x_wconf 76' lang='grc'><strong>⁸³</strong></span> <span class='ocrx_word' id='word_1_850' title='bbox 1245 2841 1313 2873; x_wconf 73' lang='lat' dir='ltr'><strong>Heb.</strong></span> <span class='ocrx_word' id='word_1_851' title='bbox 1331 2854 1378 2880; x_wconf 79' lang='lat' dir='ltr'><strong>vn,</strong></span> <span class='ocrx_word' id='word_1_852' title='bbox 1393 2847 1419 2874; x_wconf 81' lang='lat'><strong>&#39;5.</strong></span> <span class='ocrx_word' id='word_1_853' title='bbox 1459 2850 1480 2865; x_wconf 86' lang='grc'><strong>⁶³</strong></span> <span class='ocrx_word' id='word_1_854' title='bbox 1494 2849 1578 2878; x_wconf 83' lang='lat' dir='ltr'><strong>lCor.</strong></span> <span class='ocrx_word' id='word_1_855' title='bbox 1596 2859 1642 2886; x_wconf 80' lang='lat' dir='ltr'><strong>xv,</strong></span> <span class='ocrx_word' id='word_1_856' title='bbox 1661 2851 1696 2878; x_wconf 72' lang='grc' dir='ltr'>Η</span> 
     </span>
    </p>
   </div>
  </div>
