1927 3085
214 128 280 160 1327

823 122 972 153 NICETIE
992 122 1198 154 (ΣΗΟΝΙΑΤᾸΞ.

1766 122 1861 153 13ῗὸ

212 193 349 218 ret-turos,
375 184 422 212 sed
454 187 563 210 sanctos
586 179 778 216 peccatoribus
803 180 933 207 clariores
953 179 994 206 fu-
1010 183 1030 209 A
1045 181 1125 216 gebat
1146 182 1214 217 :qui
1241 182 1296 209 Deo
1316 181 1413 209 similis
1438 181 1539 208 nullam
1555 180 1635 208 aliam
1659 181 1695 208 ob
1721 188 1865 209 causam

212 240 298 266 turos,
313 231 408 260 eadem
424 227 638 263 comparatione,
651 235 703 262 qua
715 233 744 253 se
761 233 872 261 quoque
887 225 988 252 habent

210 286 325 313 corpora
342 274 466 303 cmlcstia
491 273 524 300 ad
541 277 660 299 terrena.
677 270 748 303 Quin
765 270 807 296 vel
826 270 897 297 inter
919 270 993 303 ipsos

210 327 298 362 jrsms
311 324 382 351 idem
397 320 528 349 claritatis
545 319 666 346 futurum
682 318 841 349 discrimen,
857 324 912 351 quo
928 316 993 343 luna

212 360 226 398 a
251 371 319 401 sole,
349 372 376 395 et
400 374 454 402 quo
481 365 622 393 stellarum
643 363 744 390 chorus
766 370 782 389 a
807 362 872 388 luna
888 360 992 388 diflert.

211 415 335 444 Animale
361 417 453 440 autem
480 418 581 445 corpus
607 407 812 442 intelligendum
841 409 893 438 est,
921 405 993 439 quod

213 460 380 490 animalibus
400 457 579 484 facultatibus
601 455 703 489 regitur
717 460 744 480 et
759 456 896 483 movetur,
911 455 993 485 atque

214 509 315 537 idcirco
342 506 375 532 iis
397 503 607 537 haudquaquam
629 505 701 534 eget,
719 506 780 533 quae
803 497 837 524 ad
864 497 995 524 crassitu‘

213 554 306 580 dinem
322 549 476 578 neceSsaria
504 551 579 579 sunt,
607 550 689 580 prout
704 551 820 578 corpora
836 547 899 569 ante
922 549 994 568 mor-

214 606 266 627 tem
285 597 388 625 omnia.
404 593 551 629 Spirituale
570 598 646 623 vero,
662 590 735 624 quod
753 592 865 616 sanctus
876 587 995 622 Spiritus

212 645 372 681 operatione
392 642 469 669 dives
494 644 545 671 est,
567 638 601 665 ab
628 637 674 664 illo
697 636 795 668 fertur,
819 642 880 662 cum
906 635 995 681 anima

214 677 333 725 demque
349 689 408 723 ipsa
424 686 593 722 gubernatur
609 692 614 709 :
633 683 676 709 vel
696 681 763 708 alias
781 688 830 715 per
852 677 995 713 spiritualc

213 737 280 765 illud
306 732 443 768 intelligit,
464 730 536 766 quod
554 728 732 762 'corruptioni
759 734 814 753 non
832 725 992 756 obnoxium,

213 783 259 810 sed
277 779 377 808 subtile
402 782 430 804 et
459 777 517 803 leve
541 779 593 806 est,
607 779 690 807 atque
710 771 788 806 quasi
806 778 855 805 per
874 777 938 797 aera
953 776 996 795 ve-

212 834 313 859 ctatur,
331 830 358 853 et
373 823 406 851 ad
419 822 566 850 mtheream
579 819 760 846 substantiam
780 816 914 846 ascendit,
944 822 995 841 nec

214 874 266 901 nlla
292 849 465 899 terrenorum
496 866 647 901 cupiditate
677 864 807 899 capitur:
842 862 995 896 cuiusmodi
1013 849 1034 878 Β

212 920 295 946 etiam
313 923 427 951 corpora
444 917 538 941 nostra
555 917 615 947 post
643 909 871 937 resurrectionem
898 915 913 934 a
941 906 998 933 Deo

214 967 293 996 limit,
320 962 366 997 qui
395 959 516 987 coelestia
533 958 668 985 elementa
696 963 727 983 ea
755 954 913 982 conditione
936 960 999 986 pro-

213 1008 300 1040 d..xit,
321 1011 349 1033 ut
368 1004 434 1031 nulli
455 1003 543 1035 senio,
567 1001 688 1036 nullique
713 999 799 1026 labori
822 997 939 1026 obnoxia
956 1005 998 1024 es-

213 1057 284 1078 St'lll.

248 1098 306 1124 .taln
322 1103 376 1131 quo
386 1095 464 1130 jure,
480 1100 590 1128 quas»,
608 1091 724 1118 animam
749 1089 783 1117 ad
807 1094 908 1116 aeterna
934 1096 1000 1123 sup-

214 1144 313 1178 plicia,
343 1140 386 1167 vel
410 1146 525 1167 coronas
561 1144 723 1173 perpetuum
750 1136 915 1166 duraturus,
940 1135 999 1161 sine

214 1196 329 1223 corpore
344 1187 442 1214 abduci
460 1185 566 1218 doceat,
585 1191 646 1211 cum
664 1191 718 1218 quo
732 1183 773 1210 vel
786 1183 847 1217 pia,
865 1181 906 1208 vel
919 1181 1000 1215 impia

216 1241 330 1270 quaeque
345 1231 492 1260 commisit.

251 1278 358 1314 lndigni
379 1285 461 1314 porro
473 1279 546 1307 sunt,
563 1275 609 1310 qui
627 1274 778 1302 nalivitatis
792 1273 863 1300 diem
880 1278 1000 1306 unquam

215 1326 344 1357 viderint,
380 1324 538 1358 quicunque
561 1321 665 1348 nullum
698 1327 791 1347 eorum
816 1319 862 1353 qui
893 1318 1002 1352 nuptias

216 1371 401 1401 contraxerint
433 1373 569 1397 servatum
599 1367 632 1395 iri
662 1366 805 1394 affirmant.
835 1365 1001 1398 Paulumque

218 1417 351 1446 mendacii
367 1416 410 1444 sui
430 1419 525 1443 testem
539 1413 702 1449 proferunt,
719 1412 765 1439 ubi
781 1411 819 1438 ait
835 1419 842 1437 :
865 1409 929 1437 Volo
945 1417 1002 1435 om-

218 1473 263 1491 ne;
279 1471 333 1490 esse
349 1464 416 1489 sicut
432 1466 455 1488 et
475 1469 520 1496 ego
536 1460 569 1487 ⁸⁵.
584 1460 651 1486 ltcm
668 1468 674 1486 :
690 1456 837 1492 Sequimini
861 1456 1003 1483 sanctimo-

1045 228 1135 255 dictus
1162 231 1254 260 esset,
1279 235 1362 262 quam
1398 227 1462 261 quia
1485 226 1559 254 solus
1597 228 1721 253 omnium
1766 227 1863 261 apud

1044 273 1145 300 Mosem
1160 274 1218 301 sine
1233 274 1389 309 genealogia
1402 276 1484 303 esset,
1498 277 1527 299 et
1543 272 1618 306 quia,
1634 276 1664 298 ut
1676 273 1714 298 ita
1729 272 1859 302 dicam.

1042 318 1124 353 panis
1140 324 1168 346 et
1183 320 1239 346 vini
1263 318 1401 345 oblatione
1423 318 1641 344 benevolentiam
1663 325 1744 344 suam
1777 326 1858 352 erga

1045 364 1182 391 Abraham
1201 365 1375 396 declarasset,
1393 371 1455 391 cum
1469 372 1484 390 a
1497 363 1620 398 quinque
1637 370 1733 398 regum
1760 364 1857 390 exci-

1046 410 1090 436 dio
1108 415 1310 441 reverteretur,
1334 418 1395 445 quae
1410 410 1520 444 quidem
1538 409 1630 435 omnia
1649 408 1767 436 Christo
1789 408 1854 435 mi-

1046 463 1107 482 rum
1125 456 1151 483 in
1167 457 1277 483 modum
1293 455 1469 483 conveniunt.
1483 455 1550 482 Nam
1568 455 1770 489 generationem
1788 455 1856 485 eiu

1046 503 1102 536 quis
1119 502 1253 528 enarrabit
1277 502 1320 529 “i
1337 502 1465 535 illamque
1482 503 1550 527 adeo
1570 501 1693 535 mysterii
1723 502 1854 527 institu-

1047 549 1148 575 tionem
1166 553 1246 575 nocte
1263 548 1309 575 illa
1324 548 1433 580 factata,
1447 555 1498 582 qua
1512 547 1684 579 tradebatur,
1710 554 1791 580 pane
1821 551 1853 573 et

1047 595 1111 621 vino
1127 594 1261 621 definiunt
1276 595 1309 620 ⁷³.
1328 595 1420 620 Dicam
1436 601 1499 620 vero
1517 592 1646 627 quiddam
1662 592 1739 619 aliud
1757 592 1851 618 tertio

1046 640 1118 673 loco,
1131 641 1203 674 quod
1219 649 1233 667 a
1248 640 1341 667 multis
1354 641 1504 674 ignoratur.
1521 638 1580 666 Uno
1596 638 1752 673 eodemque
1771 643 1846 665 tem-

1047 693 1115 719 pore
1146 685 1216 712 duos
1243 685 1362 720 insigncs
1397 685 1497 719 pietate
1536 684 1610 711 viros
1645 685 1849 710 Abrahamum

1048 731 1152 758 scilicet
1167 735 1194 758 et
1209 731 1436 758 Melchisedecum
1447 752 1455 763 ,
1471 730 1594 757 ﬂoruisse
1610 730 1698 756 Moses
1713 731 1822 757 scribit
1839 738 1847 756 :

1047 784 1162 810 quorum
1185 781 1274 802 tamen
1297 775 1341 803 ille
1363 776 1389 802 in
1413 774 1633 806 circumcisione,
1649 774 1693 801 hic
1719 775 1748 801 in
1770 782 1847 808 pra--

1049 822 1124 857 putio
1151 826 1344 849 testamentutn
1380 825 1534 856 acceperat.
1561 820 1680 848 Proinde
1708 820 1847 847 Christus

1049 867 1177 894 sacerdos
1198 867 1349 894 secundum
1374 867 1497 894 ordinem
1529 866 1720 894 Melchisedeci
1748 867 1848 892 nomi-

1050 918 1141 944 natur,
1156 921 1210 940 non
1232 914 1319 940 solum
1338 913 1401 947 quia
1418 919 1487 947 pane
1507 915 1535 938 et
1558 911 1630 943 vino,
1656 912 1847 946 quemadmo-

1050 959 1114 986 dum
1130 963 1157 985 et
1173 959 1228 990 ille,
1245 960 1358 994 mystice
1372 958 1436 985 fecit
1454 965 1460 983 :
1476 957 1524 984 sed
1538 957 1619 984 etiam
1638 957 1702 992 quia
1717 958 1846 984 circurn-

1050 1005 1181 1031 cisionem
1208 1004 1235 1030 in
1260 1004 1393 1038 praeputio
1417 1003 1575 1035 benedixit,
1602 1001 1844 1037 quemadmodum

1051 1050 1232 1078 hlelcbisedec
1248 1051 1275 1077 in
1291 1051 1423 1085 prreputio
1437 1049 1629 1076 circumcisum
1648 1048 1844 1075 Abrahamum

1051 1097 1238 1124 benedixcrat.

1087 1144 1187 1170 Eorum
1203 1149 1282 1176 porro
1296 1142 1342 1177 qui
1359 1145 1521 1176 praematura
1540 1144 1626 1167 morte
1644 1140 1759 1174 obeunt,
1779 1143 1845 1169 vita:

1054 1190 1216 1217 brevitatem
1233 1189 1278 1216 alii
1295 1188 1476 1224 prognostica:
1492 1195 1582 1215 rerum
1601 1188 1725 1215 omnium
1740 1189 1840 1216 Provi-

1052 1235 1151 1263 dentize
1166 1235 1327 1266 ascribunt,
1344 1238 1374 1262 ut
1399 1234 1528 1261 nimirum
1554 1239 1738 1261 subsecutum
1770 1234 1843 1261 mala

1052 1286 1080 1308 et
1094 1281 1202 1316 exleges
1228 1283 1349 1308 actiones
1375 1287 1443 1315 quas
1465 1279 1647 1315 perpetraturi
1667 1283 1767 1312 erant,
1791 1280 1843 1306 hac

1055 1327 1160 1354 ratione
1175 1326 1375 1361 praecidantur;
1399 1325 1444 1351 alii
1461 1325 1494 1351 ad
1520 1330 1661 1359 parentum
1684 1325 1844 1359 castigatio-

1055 1381 1116 1400 nem
1134 1373 1267 1405 referunt,
1288 1379 1348 1406 qua:
1364 1379 1415 1398 nec
1435 1371 1536 1405 absque
1564 1370 1695 1398 ineffabili
1720 1370 1765 1397 illa
1785 1370 1842 1397 Nu-

1054 1419 1135 1446 minis
1149 1418 1320 1453 providentia
1340 1417 1396 1444 fiat.
1413 1417 1502 1452 Atque
1518 1416 1535 1443 ii
1552 1409 1662 1451 quidem
1686 1417 1733 1451 qui
1760 1424 1841 1444 sacro

1056 1464 1156 1491 initiati
1179 1463 1314 1498 baptismo
1338 1470 1393 1490 non
1417 1467 1498 1493 sunt,
1516 1463 1619 1497 quique
1639 1462 1804 1497 parentibus
1826 1469 1841 1488 ι

219 1513 291 1538 niam
320 1509 446 1544 carparis,
469 1515 525 1534 sine
545 1514 598 1541 qua
625 1513 699 1532 nemo
724 1505 826 1531 visurus
851 1507 889 1529 est
912 1501 1003 1528 Denti-

1059 1515 1129 1538 recta
1145 1510 1198 1538 fide
1214 1516 1307 1538 nostra
1323 1509 1420 1538 alienis
1436 1512 1488 1538 orti
1505 1515 1579 1543 sunt,
1603 1517 1658 1536 non
1672 1517 1753 1536 secus
1766 1508 1841 1535 dam-

218 1564 281 1582 num
307 1555 341 1581 ".
372 1553 428 1580 Nec
457 1551 530 1578 enim
554 1549 742 1578 sanctimonia:
769 1547 880 1574 nomine
903 1547 1003 1574 Paulus

218 1601 375 1628 caelibatum
392 1598 537 1632 intelligit,
553 1596 600 1623 sed
618 1595 774 1622 connubium
790 1594 900 1628 quidem
922 1595 1003 1620 hono-

218 1646 314 1677 rnivile,
330 1649 415 1672 turum
436 1651 502 1670 vero
518 1641 719 1669 inmtaculatum
736 1640 818 1667 tradit
840 1640 861 1655 ⁶⁷
875 1648 882 1672 ;
908 1647 1003 1674 quem-

218 1693 366 1719 admodum
385 1690 456 1717 Deus
486 1695 594 1723 quoque
612 1685 771 1722 pra‘linivit,
791 1685 886 1712 dicens
914 1693 920 1711 :
943 1684 1003 1710 Non

219 1743 255 1766 est
273 1739 368 1764 bonum
388 1737 518 1763 hominem
540 1741 594 1761 esse
618 1732 713 1765 solum,
726 1732 855 1767 faciamus
877 1732 901 1758 ei
923 1731 1003 1765 adju-

221 1785 317 1812 torium
340 1783 425 1810 simile
442 1782 491 1816 ipsi
506 1780 538 1807 ιε.
565 1779 618 1806 Sed
642 1778 742 1806 Paulus
766 1777 869 1804 Christi
891 1776 1004 1811 vestigia

223 1836 345 1862 Secutus,
372 1829 418 1863 qui
443 1826 544 1863 primas
566 1824 716 1859 virginitati
741 1823 858 1855 detulit,
884 1830 947 1850 cum
973 1829 1006 1849 ex

227 1874 504 1910 Virgine‘sccundum
517 1878 626 1899 carnem
642 1875 721 1897 natus
735 1874 787 1902 est,
803 1869 925 1903 dixitque
937 1876 944 1896 2
955 1867 1006 1900 Qui

224 1928 306 1960 potest
323 1929 425 1957 capere,
441 1921 528 1954 capiat
546 1919 567 1934 ⁶⁹
592 1925 599 1944 :
618 1917 728 1951 nuptias
741 1922 850 1950 quoque
873 1914 1009 1949 legitimas

225 1979 284 1999 esse
300 1969 390 2000 decet,
405 1968 499 2002 eisque
519 1965 701 2000 virginitatem
727 1962 850 1997 prafert,
866 1961 959 1995 seipso
980 1960 1008 1987 in

226 2016 381 2050 exemplum
402 2015 553 2049 proposito,
571 2012 617 2046 qui
633 2009 794 2038 Pharisaicaa
812 2007 874 2034 vita
888 2007 1008 2041 regulam

224 2068 402 2098 sequeretur,
425 2066 485 2094 qua:
520 2058 590 2085 inter
614 2060 711 2083 caetera
736 2054 872 2081 haereseos
890 2059 945 2078 sua:
968 2058 1011 2077 as-

225 2097 312 2137 seclas
327 2115 342 2134 a
355 2105 462 2132 feminis
478 2103 614 2130 abstinere
635 2100 759 2136 iubebat.
782 2099 862 2133 Atqui
888 2097 1011 2132 corporis

226 2152 406 2182 sanctimonia
454 2150 572 2177 femineo
609 2146 756 2175 concubitu
798 2145 1009 2179 haudquaquam

1057 1557 1205 1590 nabuntur,
1224 1563 1306 1592 atque
1326 1564 1455 1592 parentes
1471 1565 1565 1584 eorum
1578 1576 1585 1588 ,
1604 1556 1651 1591 qui
1674 1556 1736 1582 illos
1757 1555 1838 1582 simul

1057 1608 1139 1637 atque
1166 1603 1222 1630 nati
1249 1609 1330 1636 sunt,
1360 1611 1374 1630 a
1404 1603 1539 1637 baptismo
1573 1602 1746 1632 alienarunt,
1772 1608 1840 1636 quos

1057 1649 1166 1684 quidem
1181 1649 1296 1676 Davides
1307 1649 1333 1675 in
1343 1649 1447 1684 judicio
1465 1648 1576 1675 minime
1589 1651 1794 1674 resurrecturos
1807 1647 1838 1678 ",

1057 1702 1147 1730 neque
1180 1695 1207 1721 in
1235 1694 1379 1721 consilium
1402 1695 1539 1729 justorum
1569 1699 1699 1721 venturos
1727 1693 1765 1720 ait
1788 1702 1795 1719 :
1821 1692 1838 1719 ii

1057 1749 1142 1774 vero,
1165 1741 1211 1775 qui
1229 1741 1389 1776 parentibus
1413 1741 1506 1768 divino
1535 1740 1657 1767 intinctis
1680 1732 1854 1774 baptismate

1058 1786 1113 1814 nati
1130 1791 1211 1819 sunt,
1235 1786 1369 1820 aquisque
1391 1786 1550 1813 lustralibus
1573 1790 1691 1812 veterem
1707 1790 1839 1812 exuerunt

1059 1832 1217 1864 hominem,
1234 1832 1341 1859 tametsi
1363 1832 1473 1859 coronis
1489 1832 1543 1858 illis
1558 1831 1701 1866 privantur
1712 1849 1721 1861 ,
1742 1831 1840 1865 quibus

1059 1879 1179 1906 redimiti
1193 1884 1258 1905 sunt
1270 1878 1394 1908 athlette,
1410 1886 1464 1905 non
1484 1877 1543 1904 sine
1562 1877 1693 1912 sanguine
1716 1881 1743 1904 et
1758 1876 1838 1904 sudo-

1060 1925 1155 1957 ribus,
1180 1924 1227 1958 qui
1254 1924 1280 1950 in
1308 1923 1465 1958 huiusmodi
1488 1923 1684 1950 certaminibus
1709 1921 1838 1949 exantlari

1060 1971 1158 2002 solent,
1179 1971 1273 2005 requie
1289 1974 1379 1997 tamen
1398 1970 1443 1997 illa
1461 1977 1515 1996 non
1535 1969 1682 2000 excidunt,
1702 1976 1755 2002 qua
1772 1968 1838 1995 beati

1061 2008 1209 2047 fruuntur,
1228 2024 1289 2050 quae
1305 2016 1416 2050 quidem
1436 2015 1462 2042 in
1484 2015 1583 2041 multas
1608 2019 1636 2042 et
1656 2014 1746 2040 varias
1769 2021 1840 2040 man-

1061 2062 1152 2088 siones
1169 2061 1255 2088 divisa
1269 2065 1320 2088 est.
1333 2061 1392 2088 Non
1406 2061 1478 2087 enim
1491 2068 1523 2086 ex
1538 2060 1672 2094 professo,
1686 2064 1714 2086 et
1726 2059 1839 2086 melioris

1061 2107 1203 2134 sententiae
1225 2106 1414 2133 imtnutatione
1428 2125 1435 2137 ,
1458 2106 1506 2133 sed
1528 2107 1730 2140 extemporaria
1754 2107 1838 2141 potius

1062 2152 1220 2179 certaminis
1246 2152 1454 2186 interruptione,
1484 2151 1606 2186 martyrii
1628 2151 1754 2178 effectum
1782 2160 1837 2186 per-

227 2197 473 2228 circumscribitur,
499 2194 548 2222 sed
567 2193 665 2220 latiore
680 2191 819 2218 intellectu
836 2194 934 2225 patet:
956 2195 1010 2222 quo
1026 2183 1049 2213 ι)
1064 2197 1204 2224 didm-um.
1225 2196 1292 2229 Qui“
1309 2183 1375 2224 γε,ῖο
1396 2197 1476 2231 primi
1492 2183 1619 2231 parehles
1642 2196 1669 2223 in
1696 2196 1754 2230 ipso
1777 2183 1837 2223 ᾑυη

229 2245 341 2273 l’anlina
367 2247 476 2277 quoque
499 2238 582 2265 verba
598 2235 757 2272 accipienda
782 2239 856 2266 sunt,
883 2233 930 2268 qui
954 2233 1011 2267 ple-

232 2293 325 2325 risque
339 2288 407 2316 locis
421 2286 605 2322 Epistolarum
624 2288 717 2310 monet
730 2282 763 2314 το,
775 2285 804 2308 ut
818 2281 852 2308 ab
867 2280 1011 2312 adulterio,

228 2335 422 2366 fornitatione,
441 2332 552 2362 invidia,
576 2327 754 2359 detractione,
771 2325 931 2357 mendacio,
953 2331 1015 2359 per-

227 2383 310 2420 iurio,
330 2379 453 2415 crapula,
472 2382 500 2405 et
518 2375 624 2404 caeteris
645 2374 747 2410 peccati
781 2371 923 2399 vestibulis
952 2369 1013 2403 puri

228 2431 325 2457 simus.

263 2474 330 2501 Nam
351 2471 373 2499 si
394 2471 494 2498 anilem
510 2469 628 2496 llieraca:
649 2464 824 2493 traditionem
842 2463 929 2491 secuti
951 2462 1014 2497 qui-

231 2526 339 2553 cunque
371 2516 473 2545 Christi
503 2513 616 2541 nomine
639 2514 804 2542 censentur,
830 2517 846 2536 a
867 2508 1014 2535 mulierum

231 2565 374 2600 complexu
387 2563 567 2590 abstinerent,
583 2563 679 2585 omnes
695 2557 729 2583 ad
746 2563 830 2582 unum
847 2563 901 2582 una
920 2557 947 2581 in
967 2561 1015 2588 ge-

232 2611 373 2640 neratione
393 2607 574 2636 deflectemus
590 2611 598 2630 :
619 2609 754 2637 nemoque
769 2601 821 2629 sibi
837 2600 1013 2636 superstitem

230 2657 386 2691 relinquere
402 2657 519 2687 curaret,
546 2653 568 2681 si
595 2658 690 2679 revera
712 2649 814 2676 cultum
838 2655 867 2675 se
885 2651 1015 2682 prmstare

232 2702 348 2732 Domino
363 2699 538 2735 intelligeret.

268 2749 341 2776 Idem
362 2745 551 2773 Melchisedcci
583 2744 694 2772 nomine
722 2741 890 2770 Paracletum
915 2740 1034 2778 intellig

269 2807 318 2834 “1
339 2806 402 2834 Cor.
417 2813 465 2837 vn,
483 2805 508 2830 7.

235 2843 305 2872 αλ.
344 2843 364 2856 ⁷*
377 2841 427 2868 lsa.
439 2847 496 2872 Llll,
507 2839 533 2866 8.

549 2804 571 2819 ⁶⁶
595 2803 677 2830 Hebr.
694 2810 741 2834 xtl,
762 2801 804 2828 Η.

572 2839 595 2855 ⁷³
605 2839 615 2866 ι
627 2838 690 2866 Cor.
704 2846 740 2870 Μ,
751 2837 797 2865 θὶό.
840 2837 942 2865 “Psal.
957 2846 975 2871 ι,

871 2802 963 2840 _llebr.
977 2812 1034 2840 ml,
1063 2809 1090 2837 4,

1060 2243 1148 2270 a-tatis
1161 2242 1304 2269 confestim
1319 2242 1347 2269 in
1362 2242 1494 2269 mundum
1510 2242 1636 2276 producti
1653 2247 1728 2268 sunt.
1743 2242 1837 2269 Resur-

1061 2289 1192 2315 rectionis
1207 2292 1298 2315 autem
1321 2287 1343 2314 is
1368 2295 1467 2322 scopus
1491 2292 1519 2314 et
1542 2287 1605 2314 finis
1620 2292 1679 2320 est,
1706 2292 1736 2314 ut
1750 2292 1837 2314 natura

1062 2333 1182 2360 humana
1208 2333 1242 2360 ad
1267 2333 1405 2367 antiquam
1429 2333 1501 2360 illam
1525 2335 1677 2367 primorum
1704 2337 1836 2367 parentum

1064 2378 1255 2405 formationem
1273 2383 1435 2410 revocetur,
1452 2378 1555 2405 idcirco
1575 2383 1603 2405 et
1617 2378 1662 2412 qtti
1684 2379 1761 2405 senio
1781 2386 1838 2406 con-

1062 2424 1126 2451 fecti
1142 2429 1216 2456 sunt,
1232 2428 1260 2451 et
1274 2424 1320 2459 qui
1335 2424 1376 2451 vel
1392 2424 1470 2450 cunis
1490 2423 1518 2450 in
1536 2423 1603 2458 ipsis
1622 2423 1740 2450 animam
1762 2423 1835 2450 exha-

1063 2471 1131 2502 lant,
1145 2470 1241 2497 eadem
1257 2470 1345 2497 aetatis
1360 2477 1489 2497 mensura
1507 2473 1661 2504 resurgent,
1678 2476 1729 2495 nec
1749 2473 1834 2495 natura

1064 2518 1105 2545 eis
1119 2517 1155 2544 ob
1174 2516 1371 2552 magnitudinis
1386 2516 1573 2543 diversitatem
1594 2515 1791 2542 immutabitur.

1354 2573 1429 2600 CAP.
1452 2572 1560 2600 XXXV.

1070 2620 1209 2648 Triceaima
1227 2619 1318 2655 quinta
1337 2619 1453 2649 haeresis.
1475 2617 1731 2681 follyridianorum.
1746 2617 1778 2645 Hi
1794 2626 1836 2645 uu-

1420 2662 1471 2681 uun
1486 2661 1527 2680 ur.

1420 2661 1527 2689 gunrur.

1104 2700 1350 2737 Collyridianorum
1361 2707 1471 2735 quoque
1483 2699 1598 2727 haeresis
1616 2699 1642 2726 in
1654 2699 1752 2727 Arabia
1761 2699 1835 2734 pullu-

1069 2749 1145 2780 lavit,
1158 2747 1235 2774 initio
1250 2754 1264 2774 a
1275 2746 1439 2782 quibusdam
1457 2745 1566 2773 feminis
1578 2753 1594 2773 e
1607 2745 1724 2773 Thracia
1737 2750 1763 2773 et
1782 2746 1835 2780 Sc)-

1131 2807 1152 2823 “
1165 2806 1232 2834 Gen.
1258 2814 1287 2840 II,
1307 2805 1363 2838 18.,
1396 2806 1418 2822 ⁸³
1436 2805 1529 2832 Matth.
1547 2813 1601 2837 xu,
1620 2805 1663 2831 η.
1693 2804 1716 2820 ’⁸
1733 2804 1836 2831 lThess.
