1927 3085
113 96 188 129 1:29
435 96 498 117 «οτι-τ

743 98 938 129 TIIESAURI
957 98 1033 129 LIB.
1057 98 1107 129 IV.

1664 81 1730 126 13:10

109 152 173 179 thia
187 151 464 186 superioreoriundis
483 157 601 188 sumpto.
629 153 662 180 Hi
688 153 791 188 majore
817 160 897 188 quam
911 155 989 185 Aest
1021 157 1150 180 voventes
1193 156 1240 180 aut
1270 153 1414 186 precantes
1441 148 1604 185 significant.
1630 148 1733 175 Doreut

107 204 164 231 par
177 201 250 225 esset
265 196 369 224 honore
398 201 516 225 sanctam
545 198 593 225 Dei
617 198 780 226 Genitricem
804 205 899 232 prose-

108 247 240 276 quentes.
275 250 334 270 eam
370 242 419 270 Dei
464 244 585 276 nomine,
625 249 653 272 et
690 245 765 272 cultu
799 248 898 279 praeter

109 287 248 314 rationem
289 287 483 321 dignabantur,
513 288 676 324 feminisque
705 289 771 323 ipsis
807 288 897 315 eidem

109 340 194 359 saera
231 332 332 364 facere,
369 340 452 368 atque
489 334 653 361 sacrificium
686 339 814 368 tanquam
843 334 898 360 Deo

108 377 216 404 offerre
230 378 438 412 permittebant:
458 387 519 413 qua:
545 379 656 413 quidem
681 379 789 406 feminae
816 386 899 406 curru

109 430 162 450 seu
201 424 327 452 vehiculo
358 425 503 457 instructo,
539 425 653 452 linteum
683 426 899 460 quadrangulum

110 468 281 502 pandebant.
321 471 366 497 cui
394 471 546 506 collyridia,
574 479 622 498 seu
654 479 768 506 parvum
801 478 899 505 panem

110 512 298 547 imponentes,
313 515 340 541 in
367 517 477 543 nomine
498 516 589 544 Mariae
617 524 728 544 sursum
753 516 898 548 tollebant,

110 563 198 592 atque
215 559 297 587 itaex
328 568 362 588 eo
386 563 624 590 eommunieabant
651 570 757 595 omnes,
780 566 809 589 et
839 561 900 589 aliis

111 603 353 638 impertiebantur.

256 651 392 679 Ha'reseoa
416 653 584 687 praecedentis
602 654 759 687 confatalia.

150 695 210 722 Non
231 697 290 724 sine
307 698 491 731 magnalaude
515 699 634 726 virtutes
662 698 819 726 nominibus
845 707 903 726 me-

112 739 289 767 diocritatum
312 741 458 776 designata:
486 748 570 775 sunt;
599 751 729 770 excessus
755 748 845 771 autem
874 748 902 770 et

111 785 237 812 defectus
248 794 298 820 pro
324 786 431 813 honesti
461 789 721 822 transgressionibus
740 794 767 816 et
793 790 902 824 optimae

113 831 216 864 cuique
231 831 487 860 actionicontrariis
501 841 608 867 semper
633 834 720 860 hahiti
744 838 817 861 sunt.
845 834 902 861 Etsi

113 877 188 902 cnim
203 876 299 903 iisdem
316 878 342 903 in
356 877 460 905 aedibus
474 878 606 911 habitant,
626 883 655 905 ιιι
667 879 702 905 ita
717 879 817 910 dicam,
831 880 904 907 alia:-

113 930 170 956 que
181 923 242 950 aliis
254 923 414 956 inhaereant,
445 932 499 951 non
518 929 607 952 tamen
632 925 734 952 idcirco
750 926 904 953 actionibus

114 967 189 996 inter
203 976 231 995 se
240 971 418 997 conveniunt.

121 1028 124 1030 ν
155 1015 274 1042 Proinde
285 1015 331 1049 qui
350 1016 442 1042 divino
469 1017 579 1043 Nnmini
589 1017 692 1044 cultum
707 1018 836 1051 majorem
854 1018 904 1045 im.

114 1060 228 1094 pendet,
243 1069 324 1095 quam
337 1069 386 1096 par
403 1066 455 1093 est,
468 1070 604 1096 quamque
617 1071 631 1090 a
648 1063 700 1098 piis
712 1064 777 1090 viris
790 1071 904 1098 accepe-

116 1106 163 1138 rit,
178 1106 384 1142 haudquaquam
409 1107 465 1134 Deo
480 1111 608 1140 acceptus
631 1109 694 1138 erit.
717 1115 763 1136 aut
786 1109 901 1138 salutem

115 1153 170 1179 hoc
185 1158 263 1188 pacto
277 1158 471 1188 consequetur,
485 1153 591 1181 etiamsi
617 1161 715 1188 corpus
738 1156 904 1184 comburen-

116 1201 182 1227 dum
197 1201 294 1231 tradat.
306 1201 415 1230 etiamsi
425 1203 495 1230 bona
504 1211 552 1230 sua
566 1205 731 1238 pauperibus
744 1205 899 1240 distribuat,

117 1246 218 1274 imone
233 1255 359 1282 magnum
387 1248 497 1282 quidem
527 1249 591 1283 quid
625 1249 722 1277 fecisse
734 1250 902 1285 dicetur,qui

116 1292 150 1318 ad
168 1293 294 1320 virtutem
309 1293 361 1320 alia
374 1293 415 1320 via
434 1294 595 1329 aspiraverlt
609 1303 761 1330 quamqua:
774 1296 904 1324 coelicolis

117 1336 249 1364 arrideat.

155 1381 183 1409 Si
201 1383 263 1417 quis
280 1385 458 1419 enimjejuuii
475 1385 547 1413 vires
573 1393 620 1413 eas
645 1394 706 1414 esse
735 1387 842 1419 doutus,
875 1392 904 1415 ut

119 1435 218 1461 pravos
235 1429 348 1456 affectus
360 1430 393 1457 de
407 1431 496 1458 medio
509 1431 593 1461 tollat,
620 1439 722 1466 eosque
749 1432 900 1467 ingeneret,

947 199 1021 226 enim
1034 199 1102 226 nihil
1117 198 1191 225 aliud
1203 198 1235 224 ad
1248 197 1385 225 daemonas
1397 194 1565 229 ell‘ugandos,
1594 190 1730 221 animam~

949 251 1032 279 quea
1076 244 1167 278 pravis
1200 242 1345 270 affectibus
1379 240 1564 271 asserendam,
1600 238 1732 265 orationis

948 289 1152 324 perseverantia
1172 288 1309 315 efﬁcacius
1325 294 1397 315 esse.
1428 285 1514 312 lidem
1560 283 1733 317 Euphemin

949 341 1069 369 quoque,
1082 335 1134 361 hoc
1148 338 1189 361 est
1201 334 1289 361 fausta
1313 336 1467 367 precantes,
1482 338 1528 357 seu
1544 337 1590 356 ore
1600 330 1732 357 faventes.

950 381 1016 408 item
1029 380 1197 415 Martyriani,
1209 383 1237 406 et
1252 378 1390 406 Sataniani
1406 377 1546 404 dicuntur.
1563 373 1734 410 Euphemitzc

950 426 1072 461 quidem,
1087 426 1150 460 quia
1163 421 1277 455 caeteris.
1298 424 1403 451 orando
1414 428 1441 450 et
1459 421 1647 449 benedicendo
1666 420 1732 450 Deo,

950 471 1155 499 exercitatiores
1175 478 1235 498 esse
1269 470 1416 501 videntur;
1447 467 1602 502 lllartyriani
1632 470 1732 496 autem,

951 518 1014 552 quia
1029 525 1061 544 ex
1070 517 1126 544 suis
1138 516 1286 544 nonnullos
1296 516 1329 543 ab
1344 515 1503 542 orthodoxis
1518 513 1622 541 occisos
1635 516 1734 546 martyc

952 562 1028 589 ribus
1039 565 1225 589 accensercnt.
1236 560 1376 588 Sataniani
1394 560 1524 594 denique,
1535 559 1597 594 quia
1608 558 1734 585 Satanam

950 608 1051 634 fortem
1065 607 1252 634 existimantes
1269 614 1331 633 eum
1350 605 1561 633 venerabantur.
1573 611 1608 631 ne
1623 603 1691 631 mala
1709 603 1735 629 in

951 653 1002 684 eis,
1017 659 1047 680 ut
1059 653 1197 685 dicebant,
1217 657 1386 687 operaretur.

989 699 1210 726 Ilnssalianorum
1232 705 1314 732 porro
1331 698 1467 724 limreseos
1483 695 1572 731 capita
1582 702 1616 723 ex
1639 701 1734 721 eorum

952 744 1031 772 lihris
1043 747 1169 777 excerpta
1188 744 1245 769 haec
1260 748 1333 770 sunt.

988 790 1014 816 1.
1031 789 1108 822 Quod
1124 789 1237 816 Satanas
1254 787 1470 823 enhypostatice,
1496 787 1549 813 hoc
1579 789 1621 812 est
1643 791 1738 811 revela

955 835 1059 863 homini
1084 834 1232 866 cohabitet,
1259 833 1339 868 eique
1372 833 1398 860 in
1421 832 1549 859 omnibus
1573 831 1737 858 dominetur.

988 882 1015 908 2.
1030 880 1106 914 Quod
1130 880 1245 907 Satanas
1276 883 1303 907 et
1329 879 1466 906 da‘mones
1493 877 1643 904 humanum
1680 877 1741 902 ani-

954 935 1028 953 mum
1048 926 1217 961 possideant,
1242 925 1416 958 humanaque
1442 924 1511 951 adeo
1538 927 1635 950 natura
1660 922 1741 956 spiri-

955 977 1031 999 tuum
1047 971 1177 1006 nequitiae
1191 978 1306 998 consors
1321 976 1348 997 et
1360 970 1451 997 socius
1467 970 1513 996 sit.

989 1019 1015 1045 5.
1030 1017 1107 1050 Quod
1139 1017 1252 1044 Satanas
1277 1022 1304 1044 et
1333 1015 1451 1050 Spiritus
1490 1020 1602 1043 sanctus
1636 1012 1738 1040 homini

954 1064 1123 1093 cohabitcnt.
1147 1063 1275 1098 quodque
1298 1070 1333 1089 ne
1363 1062 1478 1097 apostoli
1507 1061 1618 1096 quidem
1640 1067 1655 1086 a
1678 1067 1742 1086 con-

955 1110 1038 1136 traria
1073 1110 1195 1145 energia,
1233 1117 1280 1136 seu
1309 1109 1464 1136 tisamonum
1496 1110 1640 1142 potestate,
1661 1105 1740 1132 liberi

954 1156 1068 1183 fuerint.

989 1201 1016 1227 4.
1033 1200 1110 1233 Quod
1126 1208 1214 1234 neque
1247 1200 1400 1235 baptismns
1425 1200 1563 1227 hominem
1591 1197 1741 1234 perfectum

955 1247 1060 1276 reddat.
1093 1253 1181 1281 neque
1196 1245 1351 1272 divinorum
1379 1245 1571 1281 mysteriorum
1601 1243 1743 1278 perceptio

955 1293 1071 1321 animam
1083 1297 1225 1327 expurget,
1237 1292 1284 1320 sed
1299 1293 1366 1324 sola,
1392 1299 1452 1327 quae
1475 1291 1509 1318 ab
1530 1291 1584 1318 illis
1598 1294 1729 1318 censetur

955 1340 1051 1367 oratio.

991 1385 1018 1411 5.
1033 1380 1220 1417 Quod'homo,
1236 1383 1320 1411 etiam
1344 1387 1406 1418 post
1434 1382 1612 1417 baptismum,
1631 1386 1743 1416 peccato

955 1431 1115 1464 inquinatus
1129 1435 1180 1461 est,
1197 1431 1325 1465 quodque
1349 1437 1403 1456 non
1422 1428 1560 1462 baptismi,
1582 1428 1628 1455 sed
1642 1427 1746 1454 oratio-

119 1473 166 1507 qui
181 1474 370 1502 mediocritate
397 1483 444 1502 sua
467 1476 617 1503 laudabiles
639 1477 704 1509 sint,
731 1484 790 1503 eam
820 1479 908 1505 conli-
921 1475 941 1504 C
958 1474 1001 1500 nis
1016 1473 1149 1501 beneﬁcio
1167 1473 1223 1503 fiat.
1241 1478 1271 1500 ut
1284 1473 1371 1511 fidelis
1386 1473 1535 1500 immortali
1551 1473 1596 1499 illa
1609 1476 1636 1500 et
1651 1471 1743 1498 divina

120 1519 241 1546 nentiam
254 1520 329 1547 nullo
340 1521 420 1547 modo
440 1521 617 1556 prosequitur
642 1527 669 1548 et
699 1523 807 1555 excolit,
829 1524 908 1559 cujus

121 1570 235 1598 capames
249 1565 441 1592 hominesesse
457 1571 569 1600 queant,
595 1567 642 1594 sed
659 1567 743 1594 frenis
768 1568 829 1602 ejus
860 1576 908 1595 ex-

121 1611 218 1642 cussis,
233 1611 316 1638 nimia
331 1611 518 1639 imbecillitate
536 1620 636 1647 corpus
662 1613 822 1644 attenuarit,
850 1614 908 1641 ani-

122 1664 246 1691 mamque
259 1657 295 1684 ita
314 1657 465 1685 miserrime
483 1658 590 1685 tandem
602 1658 757 1689 'clllaverit,
786 1660 906 1694 seipsum

121 1702 212 1736 potius
228 1703 369 1735 occidisse,
386 1711 466 1737 quam
483 1703 586 1738 jejunio
599 1711 660 1731 cum
674 1705 778 1739 angelis
789 1710 908 1733 certasse

121 1748 269 1775 videbitur.
312 1748 546 1781 Quemadmodum
592 1758 682 1784 neque
719 1756 832 1786 martyr,
860 1751 907 1777 sed

122 1793 162 1820 sui
179 1793 264 1827 ipsius
281 1793 440 1820 interfector
463 1793 631 1824 censebitur,
649 1802 739 1828 neque
765 1796 909 1822 sanctitate

123 1837 167 1865 illa
179 1838 276 1872 dignus
298 1838 456 1869 habebitur,
470 1846 523 1872 qua
541 1839 633 1865 lidclcs
650 1840 775 1866 exornari
808 1840 908 1873 solent,

122 1883 278 1919 quicunque
291 1884 410 1919 gladium
430 1884 456 1910 in
470 1884 574 1912 viscera
598 1885 709 1919 propria
726 1885 908 1919 distrinxerit,

122 1931 197 1965 quasi
215 1930 268 1957 hoc
283 1935 362 1964 pacto
373 1937 423 1964 pro
441 1929 541 1957 Christi
554 1930 664 1957 nomine
683 1935 799 1957 mortem
825 1931 907 1963 ferat,

123 1980 152 2002 ut
178 1976 344 2010 martyribus
377 1981 566 2004 aceenseatur.
591 1975 693 2003 Eodem
717 1976 798 2003 etiam
828 1977 909 2003 modo

121 2020 294 2056 Collyridiani
311 2022 370 2056 ejus
383 2026 455 2048 certe
470 2021 542 2054 fidei,
560 2029 612 2055 qua
625 2021 764 2048 Christum
777 2029 910 2048 veneran-

124 2071 167 2093 tur
181 2074 245 2101 ergo
258 2067 428 2101 amplexandi
442 2072 526 2094 sunt:
547 2067 618 2101 quod
645 2075 711 2094 vero
728 2067 774 2094 Dei
789 2067 910 2094 Genitri-

124 2119 180 2139 cem
196 2113 280 2139 Deum
295 2113 462 2144 existiment,
473 2113 554 2147 eique
576 2120 652 2140 sacra
676 2112 787 2144 faciant,
816 2120 910 2140 sacer-

958 1523 1034 1546 Veste
1055 1519 1172 1547 fruatur.

993 1565 1016 1591 6.
1034 1564 1112 1597 Quod
1140 1565 1320 1600 amplexanda
1351 1564 1522 1600 estapathia,
1548 1571 1600 1591 ooc
1625 1566 1668 1591 est
1685 1570 1746 1598 per-

960 1610 1143 1638 turbationum
1157 1612 1288 1642 vacuitas,
1305 1612 1433 1646 quodque
1448 1611 1564 1646 spiritus
1593 1609 1746 1637 communi-

958 1657 1030 1684 catio
1044 1665 1125 1684 sensu
1144 1663 1171 1685 et
1187 1666 1281 1689 reapse
1294 1658 1470 1693 percipienda
1482 1658 1528 1685 sit.

995 1703 1020 1729 7.
1035 1702 1112 1735 Quod
1121 1703 1212 1729 anima
1226 1703 1271 1730 tali
1282 1703 1402 1730 cmlcstis
1413 1703 1494 1738 hujus
1504 1702 1595 1737 sponsi
1607 1702 1749 1730 consortio

959 1748 1011 1775 frui
1026 1748 1132 1777 debeat.
1144 1749 1216 1783 quali
1232 1754 1288 1776 tum
1314 1749 1417 1785 fruitur
1440 1756 1509 1776 uxor.
1532 1755 1594 1776 cum
1628 1748 1656 1775 in
1692 1748 1747 1775 viri.

960 1794 1130 1828 amplexibus
1142 1794 1222 1829 jacet.

995 1838 1021 1865 8,
1037 1838 1114 1871 Quod
1131 1839 1175 1872 qui
1192 1838 1292 1873 Spiritu
1312 1842 1439 1873 aguntur,
1469 1842 1610 1873 peccatum
1632 1842 1659 1864 ct
1684 1846 1746 1868 gra-

960 1884 1036 1912 tiam.
1056 1889 1109 1911 tam
1134 1890 1272 1918 operatam
1286 1892 1367 1919 quant
1387 1890 1556 1919 operantem.
1579 1885 1694 1911 interius
1718 1889 1747 1911 et

959 1929 1080 1956 eXIcrius
1102 1929 1221 1956 videant.

994 1975 1022 2002 9.
1037 1975 1114 2007 Quod
1130 1975 1259 2002 revelatio
1276 1975 1321 2007 sit,
1339 1983 1400 2010 qua:
1412 1983 1494 2003 sensu
1514 1981 1542 2002 ct
1569 1975 1661 2003 divina
1697 1975 1742 2010 hy-

960 2021 1061 2055 postasi
1081 2021 1135 2051 fiat,
1152 2022 1239 2055 qualis
1254 2024 1296 2048 est
1312 2021 1458 2048 hatreseos.

996 2065 1037 2092 l0.
1053 2065 1130 2098 Quod
1144 2066 1214 2101 ignis
1229 2065 1284 2092 vim
1300 2066 1510 2100 procreatricem
1526 2065 1636 2093 habeat.

997 2111 1039 2137 ll.
1055 2111 1132 2144 Quod
1144 2111 1245 2142 anima,
1259 2119 1320 2146 qua:
1337 2111 1476 2139 Christum
1508 2119 1590 2139 sensu
1622 2115 1649 2139 et
1672 2113 1745 2138 onth

124 2158 230 2184 dotibus
244 2158 352 2184 feminis
366 2158 398 2185 ad
421 2157 448 2185 id
464 2158 618 2190 destinatis,
633 2159 733 2193 quibus
751 2166 785 2185 ne
808 2159 908 2193 templa
925 2168 945 2195 η
961 2157 1121 2191 operatione
1135 2164 1188 2184 non
1207 2157 1300 2189 habet,
1330 2157 1468 2192 reptilium
1492 2161 1520 2184 et
1547 2162 1744 2185 venenatorum

123 2202 230 2236 quidem
245 2203 357 2229 omnino
371 2207 474 2236 patent.
490 2208 603 2238 propter
619 2203 716 2230 sordes
740 2203 811 2234 illas,
840 2210 909 2237 quas

124 2248 173 2274 sibi
184 2255 198 2274 a
212 2252 305 2275 natura
317 2253 521 2280 contraxerunt,
542 2249 610 2276 sacri
627 2256 741 2283 prorsus
757 2254 784 2275 ct
797 2251 908 2275 intesta-

124 2293 189 2320 biles
209 2301 223 2319 a
246 2293 371 2320 fidelibus
402 2294 519 2320 habendi
551 2298 635 2321 sunt:
670 2301 721 2320 nec
760 2294 907 2328 quidquam

124 2338 298 2365 lncriauimzr
311 2346 375 2366 suae,
400 2346 461 2364 meo
485 2338 595 2372 quidem
618 2338 731 2372 judicio,
760 2338 909 2372 acquirunt

125 2390 155 2408 ex
170 2382 202 2409 iis
216 2391 275 2416 quae
290 2384 489 2418 quadamtenus
511 2385 554 2418 pie
581 2391 676 2418 gerere
703 2383 840 2410 videntur.
862 2383 909 2410 Illa

125 2428 193 2454 enim
206 2432 315 2462 propter
337 2429 453 2456 aliorum
472 2429 710 2464 improbationem,
732 2428 810 2456 irrita
841 2437 910 2464 quo-

126 2479 175 2505 que
185 2477 212 2498 et
228 2473 453 2510 prorsusinutilia
473 2474 746 2506 evadent.Quoniam
762 2477 809 2509 qui
823 2483 907 2502 unum

126 2518 190 2552 legis
221 2518 376 2544 mandatum
403 2518 595 2552 autiqunverit,
641 2521 679 2547 ila
710 2521 910 2548 condemnatur

127 2571 154 2590 ac
171 2563 193 2590 si
207 2567 289 2590 totum
304 2563 390 2598 legem
407 2569 595 2599 transgressus
613 2570 696 2594 esset.

400 2619 484 2652 ,CAP.
502 2620 621 2648 XXXVI.

128 2663 265 2691 Tricca-im:
283 2669 356 2692 sexta
372 2665 486 2696 Iurresis,
502 2665 736 2698 Massaliauorum,
766 2667 819 2694 sive
853 2667 907 2694 Eu-

161 2700 300 2736 chitarum.
325 2701 358 2726 Hi
388 2704 532 2735 unguntur,
561 2705 589 2726 tt!
619 2702 777 2736 quibusdam‘
810 2702 907 2736 placet,

157 2734 208 2766 vel,
232 2739 258 2761 ut
273 2735 341 2766 aliis,
355 2734 534 2770 boptizantur,
557 2734 628 2770 quod
644 2737 750 2771 quidem
770 2734 892 2772 praestat.

162 2792 310 2819 \lassaliani
329 2793 384 2824 ipsa
397 2794 534 2821 notatione
562 2794 681 2824 nominis
702 2794 840 2825 Euchitas.
858 2796 908 2823 hoc

960 2203 1129 2234 animalium,
1146 2202 1199 2230 hoc
1221 2207 1263 2230 est
1273 2204 1362 2231 omnis
1389 2203 1532 2231 contraria:
1555 2203 1673 2236 virtutis,
1699 2203 1746 2230 ha-

960 2248 1110 2275 bitaculum
1131 2253 1182 2276 est.

997 2294 1040 2320 12.
1059 2293 1137 2326 Quod
1153 2299 1249 2321 natura
1261 2293 1392 2321 malorum
1406 2294 1465 2321 fons
1479 2298 1507 2322 et
1520 2294 1596 2328 origo
1611 2294 1657 2321 sit.

996 2337 1038 2364 l5.
1059 2337 1136 2371 Quod
1171 2338 1255 2365 Maria
1278 2343 1306 2366 et
1343 2346 1436 2366 semen
1468 2344 1497 2367 et
1525 2339 1643 2367 Verbum
1679 2346 1746 2366 con—

960 2383 1073 2417 ceperit.

998 2429 1041 2455 14.
1055 2428 1132 2461 Quod
1154 2429 1284 2462 Adamus,
1308 2430 1390 2457 etiam
1405 2434 1467 2456 ante
1491 2429 1743 2464 transgressionem,

959 2482 1021 2502 cum
1039 2475 1096 2502 Eva
1119 2475 1188 2503 citra
1215 2477 1295 2503 ullam
1308 2477 1392 2504 animi
1418 2476 1653 2511 perturbationem
1677 2483 1745 2501 con-

960 2520 1112 2548 cumberet.

996 2565 1039 2592 l5.
1053 2566 1130 2599 Quod
1167 2566 1271 2594 homini
1315 2567 1376 2594 dna:
1413 2565 1468 2592 sint
1496 2565 1604 2595 animae,
1627 2571 1743 2597 quarum

959 2612 1042 2639 altera
1054 2613 1160 2640 caeteris
1172 2613 1329 2641 hominibus
1344 2612 1508 2643 communis,
1521 2611 1607 2638 altera
1623 2609 1743 2637 cmlcsti-

960 2658 1011 2686 bus
1026 2660 1135 2694 propria
1149 2660 1193 2686 sit.
1297 2658 1302 2662 ”

965 2702 967 2706 ⁴
996 2705 1038 2732 16.
1053 2704 1130 2738 Quod
1166 2705 1223 2732 fieri
1267 2705 1362 2740 possit,
1391 2708 1421 2730 ut
1450 2704 1532 2730 homo
1573 2710 1665 2734 sensu,
1693 2701 1747 2729 hoo

959 2754 999 2776 est
1010 2755 1153 2784 reapsc,el
1169 2750 1243 2777 omni
1265 2749 1434 2785 operatione,
1461 2749 1594 2784 Spiritutu
1620 2752 1749 2776 sanctum

961 2795 1099 2824 suscipiat.
