1927 3085
185 78 254 111 1331

182 183 281 217 possit,
293 183 422 218 quodque
432 185 579 218 aliquando
589 192 733 219 procerum
746 185 857 220 quidam
869 186 969 221 depre-

183 229 286 256 hensus
304 229 396 262 fuerit,
414 237 477 257 cum
506 230 540 257 ad
565 230 652 258 altare
677 230 775 259 astanti
806 234 861 258 tres
887 239 971 265 panes

182 273 244 302 oieo
261 275 322 309 pisti
333 281 547 309 apponerentur.

218 319 262 346 18.
277 320 354 352 Quod
370 321 517 348 lllassiliani
535 329 604 356 opus
616 330 697 349 omne
711 326 881 354 aversantur,
896 322 969 357 quod

183 366 311 392 matribus
327 367 365 396 lit.
382 371 509 401 tanquam
522 367 694 394 Christianos
716 368 828 394 minime
842 368 948 394 deceat.

219 410 261 438 l9.
293 411 321 438 ln
350 417 426 445 parte
450 420 517 439 vero
543 413 770 440 inbumanitatem
804 421 914 447 quoque
942 413 968 440 in

182 464 316 491 pauperes
331 457 521 484 introducunt.
537 458 641 492 Negant
656 459 729 485 cuitu
743 466 790 485 eos
802 459 847 493 qui
868 458 970 485 mundo

182 503 420 535 renuntiaverint,
439 504 480 530 vel
502 505 616 530 omnino
638 504 787 538 quidquam
806 504 868 530 boni
889 512 970 538 agere

181 548 331 578 voluerint.
347 549 380 575 iis
392 549 541 583 quidquam
556 556 669 584 erogare
682 554 827 582 oportere.
847 550 894 583 qui
919 550 970 576 sti-

182 602 243 628 pem
272 595 380 629 publice
398 594 554 626 mendicat,
580 599 627 621 aut
654 595 770 622 desertis
795 595 896 627 viduis,
910 599 970 622 ,aut

183 641 217 667 iis
242 641 289 674 qui
304 641 377 667 varia
395 641 516 674 pericula
534 640 690 670 subierunt.
703 646 750 667 aut
773 648 888 674 corpore
911 648 971 667 mu-

183 686 263 718 tilati,
281 691 328 713 aut
342 689 437 713 morbo
452 686 555 716 afﬂicti.
572 691 619 713 aut
641 687 809 713 creditorum
827 687 968 717 saevitiam,

182 737 229 758 aut
255 732 436 758 Barbarornni
458 733 636 759 excursiones
650 752 657 764 ,
674 737 720 758 aut
742 732 809 759 alias
835 732 861 759 id
883 740 970 766 genus

183 777 352 804 calamitates
375 777 499 811 experti,
524 785 615 804 rerum
640 785 750 804 suarum
772 778 907 811 jacturam
928 778 968 805 fe-

183 828 291 855 cerunt,
314 823 362 850 sed
384 823 435 850 sibi
453 824 528 858 ipsis,
547 824 593 858 qui
611 831 745 859 pauperes
756 824 854 860 spiritu
874 831 968 851 revera

183 869 250 900 sint,
262 869 352 895 omnia
367 868 567 902 suppeditanda
580 876 640 896 esse
658 869 747 896 aiunt.

217 914 263 941 20.
294 913 342 941 llis
368 915 545 941 ecclesiarum
576 919 604 941 et
627 915 754 942 altarium
782 919 968 949 contemptum

182 961 298 992 addunt.
322 961 398 996 quasi
414 968 462 988 eos
476 962 522 995 qui
538 961 667 995 pietatem
685 961 846 996 profitentur
859 981 865 993 ,
881 961 969 988 haud-

183 1013 321 1039 quaquam
346 1005 372 1031 in
393 1005 588 1033 ecclesiasticis
614 1006 854 1033 eommunionibus
877 1013 971 1040 perse-

183 1059 279 1078 verare
302 1051 407 1082 decent,
433 1052 466 1078 iis
491 1051 621 1086 precibus
646 1057 799 1082 contentos,
824 1059 891 1086 quas
917 1051 968 1086 ipsi

183 1098 240 1124 suis
257 1097 283 1124 in
306 1097 433 1124 oratoriis
454 1097 510 1126 Deo
537 1097 665 1124 fundunt.
690 1098 788 1124 Preces
809 1098 881 1124 enim
906 1105 970 1124 suas

184 1143 252 1170 tanti
277 1144 408 1178 ponderis
430 1151 489 1171 esse
516 1143 622 1174 dicunt,
656 1148 686 1170 ut
714 1143 766 1169 sibi
794 1147 822 1170 et
850 1143 884 1170 iis
901 1150 970 1177 quos

182 1180 333 1216 instituunt
354 1189 473 1224 Spiritus
489 1193 599 1216 sanctus
619 1195 752 1224 apparere
767 1196 850 1216 sensu
874 1188 970 1223 depre-

183 1235 330 1262 ltendatur.

219 1293 264 1320 2|.
283 1293 450 1319 Fabulantur
462 1293 544 1320 etiam
561 1293 674 1324 decere,
704 1297 732 1318 ut
758 1293 803 1326 qui
824 1291 890 1318 salvi
911 1298 971 1318 esse

183 1339 299 1370 volunt,
318 1338 411 1365 taudiu
430 1343 509 1365 orent
521 1359 527 1368 .
542 1339 609 1365 nihil
625 1338 698 1365 aliud
714 1346 825 1372 prorsus
850 1342 970 1371 agentes,

185 1384 273 1411 donec
289 1388 442 1418 peccatum,
458 1389 586 1419 tanquam
612 1385 716 1411 fumum
737 1389 785 1410 aut
800 1383 897 1416 ignem,
926 1387 972 1410 aut

186 1429 346 1459 draconem.
372 1434 420 1456 aut
451 1430 477 1456 id
502 1437 587 1463 genus
613 1430 698 1456 ferant
725 1429 850 1462 quamvis
878 1429 970 1460 aliam,

186 1475 319 1501 orationis
337 1475 362 1501 vi
376 1475 460 1509 abigi,
473 1483 488 1501 a
510 1483 594 1509 seque
612 1475 760 1502 abscedere
784 1482 865 1501 sensu
882 1474 972 1509 perci-
988 1480 1008 1508 ο

186 1522 273 1555 piant,
289 1525 317 1547 et
331 1521 450 1547 vicissim
469 1528 555 1548 sancti
575 1522 694 1555 Spiritus
718 1521 866 1548 enicaciam
891 1528 973 1548 sensu

188 1566 326 1601 excipiant
339 1575 346 1593 :
359 1566 588 1601 manifestumque
605 1567 770 1594 introeuntis
789 1567 849 1602 ejus
863 1574 974 1594 sensum

187 1614 279 1639 animo
300 1612 518 1646 deprehendant.
541 1613 630 1647 Atque
653 1613 723 1639 hanc
749 1613 860 1639 demum
882 1620 974 1639 veram

186 1658 406 1686 Christianorum
423 1658 644 1685 communionem
660 1665 720 1685 esse
732 1658 840 1685 dicunt.

222 1716 267 1743 ‘22.
287 1716 392 1750 Negant
408 1715 481 1743 enim
499 1716 527 1743 in
552 1715 680 1743 Ecclesia:
696 1715 842 1750 baptismo,
859 1721 904 1742 aut
921 1717 976 1743 cle-

188 1762 309 1789 ricorum
324 1762 516 1793 electionibus,
532 1770 580 1789 eos
592 1762 638 1796 qui
655 1761 846 1796 baptizantur.
863 1767 910 1789 aut
925 1763 975 1789 eli-

190 1813 306 1844 guntur,
328 1809 414 1835 sancti
437 1807 556 1842 Spiritus
577 1807 725 1842 participes
742 1815 812 1839 esse,
841 1807 893 1834 nisi
919 1809 977 1836 suis

191 1857 312 1891 ipsorum
332 1855 462 1890 precibus
478 1855 628 1882 studiosius
645 1854 916 1881 eommunicaverint.
937 1854 975 1882 ita

190 1907 220 1928 ut
249 1902 352 1934 cuivis,
383 1901 465 1928 etiam
493 1901 552 1927 sine
585 1900 737 1934 baptismo,
762 1900 976 1927 communicatio

190 1949 307 1984 Spiritus
331 1948 419 1976 sancti
449 1951 540 1982 pateat
566 1956 572 1974 :
603 1946 684 1973 modo
716 1945 824 1972 assidue
859 1946 916 1972 suis
950 1946 977 1973 in

190 1996 308 2022 ctetibus
331 1993 447 2026 versari,
468 2000 583 2028 qumque
617 1991 653 2019 ibi
671 1991 797 2026 dogmata
813 1991 976 2023 traduntur,

189 2041 312 2068 ediscere
330 2040 407 2067 velit.

227 2099 271 2125 25.
286 2098 363 2125 Unde
380 2105 443 2124 cum
458 2094 608 2131 presbyteri
626 2094 769 2122 orthodoxi
784 2093 907 2128 quaedam
923 2093 976 2120 illis

191 2143 367 2177 objccissent,
382 2146 446 2176 puta
462 2140 534 2175 quod
552 2140 614 2169 fide,
631 2147 685 2165 non
701 2146 780 2165 sensu
792 2157 800 2168 ,
819 2146 868 2165 nos
890 2138 976 2172 Spiri-

193 2194 237 2216 tus
253 2189 339 2216 sancti
354 2187 500 2222 participes
515 2186 573 2213 fieri
589 2184 761 2215 confitentur.
781 2184 817 2210 illi
843 2184 900 2210 suis
917 2192 977 2218 pre-

194 2235 272 2261 cibus
296 2242 407 2261 sensum
436 2239 545 2267 quoque
572 2230 690 2265 Spiritus
719 2229 805 2257 sancti
836 2229 978 2264 obtingere

195 2281 248 2308 sibi
267 2280 481 2315 responderunt.

230 2338 274 2364 ξω.
293 2337 380 2364 Tanto
398 2339 488 2362 autem
504 2334 666 2370 arrogantiae
685 2333 755 2361 fastu
770 2332 931 2361 efferuntur,
949 2335 978 2357 ut

195 2392 242 2411 eos
257 2382 303 2417 qui
319 2388 412 2409 secum
435 2381 552 2415 Spiritus
575 2379 660 2406 sancti
686 2386 796 2405 sensum
823 2377 978 2412 percipiunt

194 2432 289 2457 beatus
311 2428 458 2463 praedicent
483 2436 489 2454 :
516 2430 643 2460 tanquam
670 2423 782 2459 perfecti
803 2422 882 2450 etab
905 2421 978 2448 omni

196 2480 308 2512 peccato
336 2472 558 2507 liberi,denique
585 2471 712 2498 meliores
734 2469 895 2497 evaserint:
917 2474 979 2494 cos-

195 2524 258 2550 dem
271 2523 353 2550 etiam
375 2527 482 2548 summo
503 2526 595 2546 amore
611 2520 822 2552 prosequantur,
836 2518 864 2541 et
877 2514 978 2545 colant,

196 2569 288 2603 utqui
306 2576 360 2595 non
373 2566 490 2601 amplius
510 2563 611 2599 peccati
630 2555 759 2597 periculis
781 2561 836 2589 sint
856 2559 978 2586 obnoxii.

197 2616 251 2643 Sed
269 2615 295 2641 in
316 2618 455 2648 posterum
471 2611 574 2646 quiete,
597 2609 721 2636 ciborum
747 2606 881 2641 cupediis,
904 2604 979 2633 omni

197 2661 352 2695 largitionis
375 2665 485 2694 genere.
501 2656 607 2684 deliciis
624 2653 829 2687 honoribusque
843 2652 979 2678 fruantur.

196 2709 318 2742 Quorum
336 2705 460 2741 plerique
473 2702 544 2738 apud
561 2709 608 2728 eos
621 2699 778 2735 huiusmodi
795 2697 979 2724 testimonium

196 2753 373 2790 perfectionis
391 2751 482 2786 adepti
495 2771 503 2781 .
531 2750 602 2776 intcr
621 2752 750 2775 externos
775 2746 863 2790 (quos
881 2751 914 2769 ne
930 2751 981 2790 no-

198 2788 271 2826 imm
290 2797 399 2832 quidem
418 2795 635 2824 Christianorum
653 2789 821 2826 dignantur)
845 2789 871 2815 in
893 2788 981 2815 varias

798 82 944 112 N!CET/E
965 83 1167 114 CHONIATrE

236 137 262 164 7.
277 137 355 170 Quod
388 139 533 166 orantibus
555 146 621 166 crux
648 139 674 166 in
706 139 808 166 lumine
836 148 966 174 apparere
983 144 1003 172 Α
1019 143 1217 175 obscenitatcs,

1752 87 1858 119 133i

1257 145 1434 178 pecuniarum
1460 145 1530 173 furta
1571 150 1599 173 et
1627 147 1860 176 scortationes

1023 189 1189 216 inciderunt.

1055 235 1100 262 95.
1122 235 1183 262 Hmc
1201 238 1228 263 et
1245 236 1372 270 pleraque
1388 237 1414 264 id
1433 244 1519 272 genus
1542 238 1594 265 alia
1613 241 1756 272 portenta
1781 240 1852 267 de-

1020 280 1121 311 sinant,
1138 280 1174 306 ita
1193 285 1222 307 ut
1236 281 1346 314 nuptias
1360 282 1442 308 etiam
1459 282 1593 316 legitimas
1604 283 1747 311 facillime
1772 284 1848 311 dis-

1019 326 1135 356 solvant.
1149 332 1176 353 et
1192 334 1240 353 eos
1254 327 1300 361 qui
1317 334 1331 353 a
1347 327 1450 361 nuptiis
1464 327 1546 354 alieni
1559 333 1633 360 sunt,
1650 337 1706 356 non
1738 337 1848 357 secus

1020 376 1102 404 atque
1116 371 1276 401 monachos.
1293 379 1383 398 serum
1399 373 1538 399 aSciseunt
1551 393 1558 404 ,
1576 373 1733 409 beatosque
1752 383 1847 408 pra:-

1020 415 1123 442 dicant.
1139 416 1228 450 Atque
1242 416 1311 443 adeo
1331 416 1515 450 persuadent,
1543 421 1573 444 ut
1593 422 1670 452 patre
1683 437 1691 448 .
1728 423 1845 446 matre

1020 461 1171 495 liberisque
1197 462 1285 495 (quos
1305 461 1423 488 educare
1440 461 1614 493 debuerant)
1633 463 1841 496 posthabitis,

1020 506 1054 532 ad
1073 514 1102 533 se
1121 512 1218 534 cuncta
1233 511 1418 541 coruportent.

1057 552 1100 579 ‘26.
1134 551 1233 580 Servos
1254 560 1269 579 a
1293 553 1412 581 dominis
1437 553 1571 587 fugientes
1589 553 1710 580 libenter
1740 555 1838 581 exci-

1021 597 1099 633 piunt
1119 607 1125 624 :
1146 598 1230 624 variis
1251 599 1368 632 peccatis
1382 599 1497 626 infames
1521 599 1554 625 ad
1582 607 1612 625 se
1634 599 1834 630 accedentes.

1021 643 1124 676 absque
1141 642 1196 669 ullo
1211 643 1379 677 poenitentiae
1396 643 1498 676 fructu,
1516 644 1620 678 absque
1643 645 1832 671 auctoritate

1021 688 1193 720 sacerdotali,
1214 689 1317 723 absque
1336 689 1478 724 gradibus,
1494 690 1541 724 qui
1555 690 1711 717 eanonibus
1724 691 1833 717 eccle-

1020 732 1137 760 siasticis
1153 734 1376 768 prmseribuntur.
1393 735 1427 761 ab
1442 735 1517 762 omni
1540 743 1570 762 se
1585 740 1699 769 peccato
1722 743 1830 770 quan-

1022 779 1110 805 tocius
1150 779 1308 812 expiaturos
1339 780 1524 814 promittunt,
1567 780 1591 808 si
1627 781 1690 815 quis
1731 780 1830 807 modo

1025 823 1146 850 triviales
1160 831 1255 850 eorum
1273 832 1368 858 preces
1381 826 1453 859 apud
1468 832 1515 852 eos
1532 825 1680 852 meditatus
1705 829 1824 852 extem-

1024 875 1160 902 porancus
1177 869 1306 902 nequitiae
1319 870 1448 898 sacerdos
1460 871 1589 897 evaserit.

1059 913 1103 940 27.
1119 914 1213 948 Itaque
1230 915 1387 947 nonnullos,
1402 915 1484 943 etiam
1499 920 1645 949 antequam
1660 923 1674 942 a
1689 916 1826 950 peccatis

1024 958 1202 986 absolvantur
1226 959 1277 993 ipsi
1302 960 1336 986 ad
1360 960 1524 987 clericorum
1550 961 1702 988 electiones
1724 960 1827 988 addu-

1024 1009 1099 1034 cunt.
1113 1011 1140 1031 et
1155 1004 1188 1032 ab
1203 1005 1340 1040 episcopis
1355 1005 1418 1032 dolo
1444 1006 1581 1040 persuasis
1607 1014 1742 1033 manuum
1765 1006 1825 1033 im-

1024 1050 1189 1085 positionem
1212 1055 1385 1085 extorquent.
1409 1058 1478 1084 quos
1500 1051 1628 1078 nimirum
1653 1051 1825 1078 testimonio

1024 1103 1120 1123 eorum
1139 1096 1273 1126 inescant.
1291 1096 1338 1130 qui
1356 1097 1427 1130 apud
1443 1104 1491 1123 eos
1506 1097 1632 1123 monachi
1648 1101 1820 1124 censentur.

1030 1145 1035 1148 '
1061 1141 1105 1167 28.
1136 1140 1164 1166 ld
1191 1145 1221 1167 ut
1247 1141 1357 1172 faciant,
1388 1148 1442 1167 non
1469 1149 1502 1168 eo
1527 1143 1714 1175 adducuntur,
1740 1141 1822 1176 quod

1024 1186 1187 1213 clericorum
1209 1185 1310 1220 gradus
1338 1186 1670 1222 honorabilesjudicent.
1697 1187 1748 1221 qui
1775 1187 1820 1214 vel

1026 1233 1115 1266 ipsos,
1130 1232 1240 1265 quoties
1261 1233 1423 1259 collubitum
1440 1236 1492 1264 est,
1519 1233 1664 1267 episcopos
1688 1237 1822 1259 contem-

1025 1277 1083 1312 ptui
1109 1277 1221 1308 habent,
1248 1277 1296 1304 sed
1325 1283 1354 1305 ut
1378 1282 1542 1312 potestatem
1567 1283 1594 1305 et
1617 1278 1817 1305 auctoritatem

1026 1324 1078 1350 sibi
1096 1328 1265 1357 comparent.

1060 1370 1105 1396 9.0.
1136 1370 1265 1396 Nonnulli
1299 1377 1382 1404 porro
1413 1378 1510 1398 eorum
1550 1377 1583 1396 nc
1614 1369 1815 1404 mysteriorum

996 1436 1002 1442 .
1026 1415 1136 1450 quidem
1153 1415 1338 1441 communioni
1355 1423 1384 1442 sc
1400 1423 1519 1449 unquam
1532 1414 1689 1442 interfuisse
1703 1413 1815 1444 dicunt,

1026 1462 1077 1488 nisi
1103 1462 1188 1488 sancti
1224 1461 1344 1495 Spiritus
1373 1461 1555 1495 praesentiam,
1584 1468 1645 1494 quae
1671 1460 1717 1487 illa
1745 1460 1817 1487 hora

1029 1508 1119 1539 fiebat,
1134 1513 1226 1542 aperte
1244 1508 1378 1534 sentirent
1393 1513 1419 1533 et
1434 1508 1637 1542 experirentur.

1061 1552 1106 1579 5t).
1123 1551 1178 1578 Nec
1194 1551 1295 1578 desunt
1321 1551 1392 1577 inter
1408 1551 1467 1577 illus
1479 1571 1486 1582 ,
1503 1551 1550 1585 qui
1566 1550 1601 1577 ad
1627 1550 1717 1578 virilia
1733 1556 1812 1577 rese-

1027 1597 1125 1626 canda.
1145 1597 1166 1624 si
1183 1597 1228 1630 qui
1246 1596 1316 1623 forte
1330 1597 1427 1635 velint,
1442 1596 1633 1623 exhortentur.

1062 1644 1106 1670 3|.
1125 1642 1319 1676 Separationcs
1337 1641 1410 1676 (quae
1427 1643 1507 1676 vulgo
1524 1641 1737 1676 degradationes
1765 1647 1813 1675 ap-

1028 1690 1176 1726 pellantur)
1197 1691 1275 1717 facile
1292 1695 1485 1717 contemnunt.

1061 1737 1105 1762 32.
1120 1735 1258 1762 Audacter
1273 1735 1375 1769 jurant,
1394 1739 1421 1760 et
1437 1735 1570 1768 pejeraut.

1061 1783 1106 1809 55.
1122 1782 1244 1816 Denique
1260 1781 1301 1808 vel
1316 1789 1392 1808 suam
1406 1781 1528 1815 ipsorum
1541 1781 1657 1808 haeresin
1671 1780 1752 1808 tacite
1766 1779 1813 1807 de-

1028 1831 1173 1854 testantur.

1169 1894 1303 1922 erescos
1316 1893 1486 1928 prmcedcntis
1512 1893 1670 1927 confatalia.

1065 1960 1228 1994 Deploraudi
1243 1965 1317 1988 certe
1344 1964 1410 1987 sunt
1430 1960 1564 1991 Euchitte,
1586 1964 1698 1993 propter
1717 1958 1810 1985 ιιιυιιίο

1027 2005 1125 2040 pliccm
1156 2006 1228 2032 illam
1271 2005 1398 2036 bmresin.
1424 2009 1507 2040 atque
1537 2004 1645 2039 piorum
1683 2002 1807 2037 precibus

1028 2051 1188 2079 sublevandi
1207 2057 1236 2079 ut
1254 2051 1364 2078 tandem
1381 2051 1530 2085 aliquando
1552 2058 1566 2077 a
1584 2049 1745 2077 temeritatis
1761 2056 1806 2075 ve-

1029 2103 1109 2124 terno
1133 2098 1255 2129 excitati.
1270 2098 1414 2132 Deumque
1443 2102 1652 2131 cognoscentes.
1683 2103 1697 2122 a
1720 2095 1806 2123 stultis

995 2149 1015 2176 ο
1034 2145 1087 2172 illis
1116 2145 1246 2179 precibus
1271 2145 1439 2174 abstineant.
1463 2149 1545 2178 atque
1568 2145 1726 2177 dogmatum
1743 2149 1808 2168 suo—

1030 2199 1091 2217 rum
1109 2191 1208 2218 fabulis
1238 2191 1348 2225 longum
1371 2190 1464 2217 valere
1485 2190 1579 2225 jussis,
1594 2189 1723 2223 pietatem
1749 2195 1806 2222 per—

1029 2236 1148 2263 discant.

1065 2282 1133 2308 Vera
1151 2282 1223 2308 enim
1237 2281 1376 2308 dementia
1389 2285 1441 2314 est,
1460 2281 1482 2307 si
1499 2280 1562 2314 quis
1573 2276 1804 2308 existimetenhy—

1031 2327 1175 2361 postatice,
1205 2327 1258 2353 hoc
1281 2331 1323 2353 est
1340 2334 1445 2356 revera.
1469 2326 1597 2352 Satanam
1621 2328 1650 2351 et
1676 2322 1801 2356 Spiritum

1029 2378 1152 2400 sanctum
1169 2372 1272 2399 homini
1291 2373 1445 2399 inhabitare
1462 2381 1469 2399 :
1487 2379 1548 2399 cum
1564 2370 1714 2404 prtesertim
1736 2368 1802 2394 Deus

1031 2419 1169 2446 hominem
1185 2426 1218 2445 ex
1231 2417 1321 2444 anima
1333 2423 1359 2444 et
1374 2425 1490 2452 corpore
1508 2415 1709 2450 composuerit,
1735 2413 1799 2440 alie-

1031 2474 1152 2500 numque
1168 2473 1183 2492 a
1215 2465 1321 2492 Salanus
1338 2464 1454 2495 ditione,
1483 2463 1535 2490 sub
1560 2462 1618 2497 ipsa
1645 2460 1735 2487 mundi
1753 2459 1803 2493 pri-

1031 2511 1135 2539 mordia
1162 2510 1334 2537 formaverit.
1352 2510 1427 2536 ldem
1457 2509 1530 2536 enim
1545 2508 1603 2542 ipse
1623 2505 1721 2533 ctelum
1736 2512 1800 2538 quo-

1030 2566 1082 2592 que
1099 2556 1231 2591 appendit
1241 2555 1405 2585 etfirmavit.
1420 2556 1465 2589 qui
1475 2554 1616 2588 hominum
1626 2550 1800 2586 generispira-

1032 2604 1123 2632 culutn
1134 2603 1193 2629 vita-
1202 2602 1278 2628 dedit
1298 2601 1385 2629 Jamsi
1397 2600 1512 2628 Satanas
1520 2599 1623 2626 homini
1632 2597 1800 2628 cobabitarcl,

1029 2651 1110 2684 eique
1128 2648 1376 2678 συνενυπόστατθς,
1396 2647 1448 2673 hoc
1472 2650 1514 2673 est
1541 2652 1638 2672 revera
1655 2642 1751 2670 insitus
1775 2645 1800 2668 et

1032 2695 1169 2722 immistus
1194 2693 1395 2724 dominaretur,
1420 2698 1561 2724 nunquam
1589 2697 1603 2717 a
1634 2688 1734 2716 sanctis
1751 2687 1800 2714 cal-

1032 2745 1109 2768 catus
1122 2740 1324 2772 iucrepatusve.
1351 2742 1479 2771 tanquam
1498 2735 1548 2762 vile
1567 2733 1742 2768 mancipium.
1756 2738 1800 2758 nec

1032 2787 1110 2814 aliter
1124 2793 1205 2820 quam
1222 2785 1345 2812 misellus
1365 2783 1542 2819 passerculus
1563 2781 1687 2809 ludibrio
1699 2779 1797 2807 habitus
