1927 3085
92 106 173 137 1333

727 99 928 130 THESAURI
950 100 1024 130 LIB.
1044 100 1093 131 ιν.

1651 96 1721 129 133(

88 162 213 188 fuisset.
247 159 321 188 Alias
344 159 427 187 etiam
458 159 518 187 ﬁeri
541 167 593 186 non
626 161 727 194 potest,
752 161 782 184 ut
815 155 886 191 apud
903 159 924 186 Δ
940 155 1023 182 unius
1039 155 1123 182 divini
1139 159 1167 182 et
1181 153 1277 181 aeterni
1294 152 1422 188 principii
1436 152 1555 187 cognitio
1573 152 1634 181 orbl
1664 156 1720 180 ter-

90 213 191 234 uttum
205 206 385 239 cumdetttque
415 205 553 232 hominem
573 205 634 232 duae
661 203 809 232 contrariae
831 202 887 229 vir-

91 257 190 284 tutes,
206 257 327 283 sanctus,
345 252 470 286 inquam,
487 251 607 285 Spiritus
622 255 649 277 et
665 250 790 281 Satanas,
804 247 886 277 simul

92 298 286 324 conveniant.
310 297 366 324 Nec
385 297 458 324 enim
483 297 592 324 illorum
619 303 773 323 concursus
794 295 817 321 is
833 298 887 326 est,

91 343 151 377 qui
166 343 305 375 accidere,
321 347 369 369 aut
381 344 438 370 ullo
456 350 575 376 unquam
591 348 716 377 tempore
728 341 887 375 contingere

93 390 203 423 possit.
234 389 280 416 [lle
304 389 377 415 enim
394 389 464 415 Deus
486 393 572 416 estet
592 388 749 422 angelorum
766 391 886 417 creator,

93 435 147 462 hic
179 442 244 461 vero
269 434 417 469 apostolica
447 433 626 468 maleﬁcaqne
655 433 788 467 potentia,
828 439 888 466 quae

92 486 218 514 propter
235 480 346 506 insitam
366 479 524 513 superbiam
537 479 570 506 ab
585 479 632 505 illo
648 478 744 513 procul
760 478 887 509 exsulat;

92 529 126 551 et
140 525 219 559 juxta
235 525 339 551 Domini
361 525 487 556 verbum,
500 528 631 555 tanquam
654 523 745 558 fulgur
760 530 812 550 una
825 530 888 550 cum

93 570 226 604 ejusdem
258 569 422 597 rebellionis
442 569 618 596 consortibus
645 568 776 604 potentiis
794 576 808 594 ε
823 566 886 594 uela

93 615 200 642 decidit
215 615 249 642 7*.

140 659 172 687 2.
190 660 288 687 Divino
307 668 391 695 porro
409 661 586 696 baptismate.
614 659 772 694 Christique
786 664 889 695 myste-

96 707 209 733 riorum
228 707 418 741 perceptione,
431 707 560 738 animam,
579 713 659 733 unattt
675 705 785 740 quidem
802 706 888 738 illam,

97 758 155 777 nec
175 751 296 785 duplicis
326 756 442 783 naturaa,
471 755 501 778 ut.
514 751 640 778 Euchila:
657 756 808 786 uagantur.
824 759 889 785 pur-

96 795 162 829 gari
191 795 387 830 hominemque
411 795 564 831 perfectum
595 797 684 829 reddi,
718 797 804 830 ipsius
842 797 888 824 Dei

98 839 197 868 verbis
213 845 334 873 constat,
353 848 415 876 qua:
432 842 621 869 remissionem
634 846 822 877 peecatorttnt,
834 841 889 876 spi-

99 885 285 919 ritualemque
312 887 419 914 caelitus
443 886 541 914 factam
566 887 811 922 regenerationem,
839 887 890 914 ba-

98 930 237 962 ptismum
254 935 364 958 vocant.
376 931 472 959 Divina
482 940 590 967 quoque
604 940 718 959 munera
729 933 820 959 cibum
828 940 889 960 esse

99 974 250 1006 novimus,
275 975 321 1010 qui
362 984 503 1011 nunquam
531 977 694 1004 absumatur
721 983 748 1005 et
768 983 888 1012 pereat:

98 1019 150 1052 qui
177 1027 277 1047 manna
303 1023 361 1055 ipso
381 1021 460 1056 longe
488 1022 524 1049 sit
550 1023 648 1049 melior
661 1023 696 1048 ".
727 1022 785 1050 Hoc
815 1023 890 1050 enim

98 1063 211 1090 Ilebraai
223 1064 340 1100 [Egypto
353 1071 485 1093 exeuntes
498 1067 525 1093 in
537 1067 687 1094 solitudine
698 1068 890 1099 comederunt,

97 1114 128 1136 et
147 1110 249 1136 mortui
275 1115 361 1138 sunt:
386 1111 432 1138 illa
458 1119 523 1138 vero
541 1112 771 1139 immortalitatem
798 1113 891 1140 confe-

100 1159 170 1180 runt
188 1163 196 1181 :
214 1156 355 1190 tnultoqtte
368 1157 466 1183 melius
477 1157 595 1184 animant
610 1158 644 1184 ab
655 1158 819 1191 animalibus
834 1166 891 1185 ma«

99 1200 172 1226 cnlzs
189 1200 385 1228 inhamantibus
399 1207 561 1237 expurgant,
577 1210 657 1236 quam
669 1203 752 1230 carbo
766 1203 811 1229 ille
831 1204 890 1238 qui,

100 1246 207 1280 forcipe
236 1255 250 1273 a
267 1246 406 1274 Cherubin
437 1247 512 1274 Isaia:
541 1247 650 1275 oblatus
675 1249 762 1276 est".
785 1249 820 1277 Ut
836 1256 890 1276 uno

101 1291 189 1317 verbo
207 1291 355 1324 absolvam,
385 1292 451 1319 nihil
470 1293 544 1319 aliud
577 1293 621 1319 illa
636 1297 712 1325 sunt,
736 1301 817 1328 quant
843 1301 889 1320 co-

103 1336 169 1370 pula
200 1337 324 1370 quaedam
343 1345 404 1364 cum
423 1337 543 1369 Christo,
572 1346 690 1373 veraque
716 1339 779 1366 vita:
796 1347 888 1367 causa.

102 1383 231 1409 Christus
258 1385 331 1410 enim
351 1384 377 1409 in
394 1384 548 1418 Evattgcliis
569 1384 636 1411 dixit
652 1392 660 1411 :
677 1384 727 1417 Qui
748 1386 891 1412 manduca:

102 1436 188 1453 meum
204 1436 322 1459 carnem,
338 1429 365 1454 in
382 1436 422 1454 me
435 1433 532 1459 manet,
548 1434 571 1454 et
588 1437 632 1462 ego
659 1430 685 1455 in
703 1437 732 1455 eo
748 1430 781 1456 ⁷⁷.
799 1430 863 1456 Item
882 1439 888 1457 :

940 208 1031 227 rarum
1048 201 1120 228 clare
1134 200 1264 227 innotuit.

975 246 1003 273 4.
1035 246 1119 272 Porro
1145 245 1166 272 si
1195 245 1256 280 quis
1290 244 1362 272 dicet
1398 244 1498 271 malum
1541 244 1723 271 ὲνυπόστατον

939 299 1010 322 esse,
1033 291 1086 318 hoc
1105 295 1156 321 est,
1179 298 1273 317 revera
1310 291 1479 320 consistere,
1496 290 1561 324 quid
1581 290 1654 316 aliud
1671 290 1723 316 hoc

941 341 994 368 est,
1011 344 1091 371 quant
1115 344 1210 363 eorum
1238 336 1374 371 impietas,
1397 336 1443 370 qui
1462 336 1534 362 bono
1553 335 1608 363 Deo
1625 336 1723 362 tnalam

941 381 1242 416 quamdatn;potentiam
1253 382 1364 416 opponi,
1377 385 1404 408 et
1417 386 1544 415 tattquam
1553 381 1723 408 coutrariunt

940 426 1017 461 quid,
1043 435 1094 453 una
1121 434 1182 453 cum
1201 435 1233 453 co
1253 427 1331 461 qttasi
1355 434 1388 453 ex
1412 427 1529 453 adverso
1551 433 1722 460 comparere,

940 478 1055 500 censent
1068 477 1096 500 et
1115 473 1299 507 profitentur?
1314 473 1387 508 qttod
1405 474 1478 500 nullo
1493 474 1575 501 modo
1594 473 1651 501 ﬁeri
1674 481 1724 508 po-

942 524 1002 546 test.
1032 519 1134 546 Battum
1160 519 1232 546 enim
1251 523 1278 546 et
1295 519 1393 545 ntalum
1412 524 1507 546 mutuo
1527 526 1557 546 se
1586 518 1724 545 vicissim-

940 573 993 600 que
1011 565 1145 598 perimere
1159 569 1267 592 constat
1284 573 1290 591 :
1309 565 1372 599 quia
1389 564 1517 591 nimirum
1535 563 1586 591 sibi
1608 563 1724 591 invicem

941 611 1090 645 irrequiete
1104 615 1267 645 repugnant,
1283 614 1311 637 et
1337 609 1473 636 inﬁrmius
1495 618 1510 636 a
1526 609 1639 637 fortiore
1664 617 1724 636 cor-

941 657 1086 691 rumpitttr.
1107 657 1184 688 Quod
1201 657 1223 683 si
1238 648 1300 691 quis
1322 663 1400 690 aequo
1418 656 1462 682 illa
1487 655 1608 689 pondere
1633 655 1726 683 existi-

941 706 1006 733 met,
1022 706 1155 736 perpetuo
1172 702 1246 729 inter
1271 709 1301 728 se
1330 702 1402 729 bello
1433 701 1575 731 dimicare,
1591 705 1674 735 atque
1692 709 1725 728 es

941 748 1140 781 consequentia
1158 751 1280 774 mutuam
1298 747 1350 774 sibi
1372 747 1484 775 assidue
1503 747 1654 781 perniciem
1681 747 1727 773 in-

942 793 1013 821 ferre
1033 793 1219 827 deprehendet
1236 801 1242 820 :
1257 800 1319 820 eum
1345 793 1459 820 alternis
1477 798 1593 826 utraque
1611 793 1725 819 vincant

941 844 969 866 et
991 839 1147 866 vincantur.
1165 838 1216 871 Qui
1234 838 1306 866 enim
1325 843 1423 866 cuncta
1439 838 1466 865 itt
1484 845 1574 864 rerum
1601 842 1725 864 naturam

943 885 1083 919 produxit,
1101 885 1216 912 honesta
1232 889 1259 911 et
1285 885 1355 912 bona
1375 884 1466 911 omnia
1486 883 1600 914 creavit,
1628 887 1657 909 ut
1679 883 1726 915 qui

941 929 1075 958 ltonestus
1090 935 1118 958 et
1133 931 1222 958 bonus
1236 935 1320 958 esset.
1337 929 1431 964 Neque
1445 929 1518 956 enim
1536 929 1592 956 vita
1607 932 1724 955 mortetn

941 980 1063 1011 generat,
1086 983 1175 1011 neque
1192 976 1283 1003 lumen
1301 983 1316 1003 e
1333 975 1451 1002 tenebris
1467 975 1566 1002 oritur.
1596 973 1647 1007 Qui
1669 973 1728 1001 ﬁeri

941 1029 1006 1057 ergo
1021 1024 1121 1056 potest.
1137 1026 1167 1048 ut
1183 1022 1285 1049 malum
1300 1028 1315 1048 a
1331 1020 1387 1048 Deo
1404 1019 1515 1047 mimine
1535 1023 1658 1046 creatum
1676 1026 1726 1044 na—

943 1072 1003 1095 tura
1013 1068 1230 1104 enhypostatica,
1240 1075 1287 1095 seu
1298 1075 1346 1103 per
1358 1075 1386 1094 se
1402 1067 1569 1094 subsistente
1580 1064 1725 1099 praeditum

942 1112 994 1139 sit?
1009 1113 1108 1140 Malum
1122 1117 1197 1140 certe
1211 1120 1271 1140 esse
1288 1120 1369 1139 nemo
1383 1112 1433 1139 ibit
1457 1111 1574 1139 inﬁcias.
1589 1110 1618 1137 ld
1634 1114 1726 1137 autem

942 1158 1082 1185 viventem
1098 1163 1125 1186 et
1139 1159 1286 1185 animatam
1308 1157 1502 1188 substantiam,
1527 1161 1573 1184 aut
1602 1160 1728 1183 naturam

942 1204 1072 1238 nequitiae
1087 1208 1226 1238 parentem
1238 1224 1245 1235 ,
1264 1210 1394 1238 negamus
1411 1212 1417 1229 :
1437 1202 1484 1230 sed
1503 1201 1677 1228 all'cctionem
1697 1201 1726 1228 in

944 1249 1034 1276 anima
1052 1249 1155 1276 idcirco
1169 1249 1265 1276 virtuti
1282 1253 1478 1283 repugnantem
1495 1247 1654 1277 asset-imus,
1664 1245 1728 1280 quia

943 1294 977 1321 ab
995 1294 1111 1321 honesto
1124 1297 1152 1321 et
1168 1293 1241 1320 bono
1255 1293 1331 1328 lapsa
1349 1294 1395 1324 sit,
1415 1300 1475 1326 qua:
1491 1291 1603 1326 quidem
1623 1291 1730 1326 ignavis

942 1339 1106 1371 innascitur,
1123 1346 1179 1366 non
1194 1339 1381 1370 extrinsecus,
1395 1342 1444 1364 aut
1462 1343 1561 1372 praeter
1578 1338 1662 1364 animi
1680 1345 1728 1365 vo-

942 1385 1075 1412 luntatem
1105 1392 1112 1410 :
1143 1383 1246 1418 alioqui
1274 1383 1485 1418 nequelcgibus
1505 1384 1531 1409 in
1557 1383 1729 1410 facinorosos

943 1438 1029 1466 preme
1048 1430 1176 1460 decretae,
1193 1437 1282 1464 neque
1299 1429 1434 1463 St‘pplicla
1453 1429 1480 1456 in
1491 1428 1600 1455 eosdem
1618 1436 1632 1455 a
1654 1428 1730 1463 judi-

101 1474 158 1500 Nisi
171 1475 388 1501 main/numerius
399 1482 505 1501 carnem
522 1473 584 1500 Filii
599 1475 718 1505 hominis.
740 1480 763 1505 et
776 1475 891 1502 bilveritis
907 1485 928 1512 α
945 1477 1023 1520 cibus
1041 1476 1114 1502 illata
1133 1476 1260 1503 fuissent.
1278 1475 1355 1508 Quod
1383 1479 1474 1501 autettt
1500 1474 1599 1500 tnalunt
1624 1481 1675 1500 nec.
1700 1473 1728 1500 in

101 1519 158 1552 ejus
178 1519 342 1552 sanguinem,
360 1527 410 1545 non
433 1519 532 1545 habetis
553 1520 632 1545 vitam
659 1520 684 1545 in
700 1521 767 1546 vobis
781 1521 813 1546 ⁷⁸.

137 1565 163 1591 5.
189 1564 281 1591 Oratio
311 1569 402 1591 autctn
425 1564 571 1591 virtutibus
598 1565 742 1599 conjuncta
763 1574 822 1598 qua:
849 1567 882 1593 ad

102 1611 173 1644 piam
189 1611 271 1637 vitam
290 1611 479 1643 introducunt,
496 1611 610 1645 gratiam
633 1611 752 1645 Spiritus
769 1620 883 1639 conser-

102 1661 155 1687 vat,
173 1664 232 1690 qua!
251 1665 298 1690 per
315 1657 452 1682 lavacrum
473 1657 691 1690 regenerationis
720 1662 748 1683 et
770 1658 884 1691 partici-

102 1702 237 1736 pztionetn
265 1702 390 1736 corporis
416 1707 444 1729 ct
472 1703 612 1736 sanguinis
629 1702 730 1729 Christi
749 1702 782 1729 iis
795 1703 839 1737 qui
855 1711 886 1730 ea

103 1745 174 1779 (“sui
189 1751 253 1772 sunt
267 1746 432 1772 infunditur.
451 1746 505 1772 Nec
518 1754 584 1772 vero
597 1747 652 1772 sola
669 1754 718 1780 per
732 1755 761 1773 se
774 1747 806 1773 ad
822 1747 884 1774 lidei

104 1790 309 1816 lundattn-nlum
336 1789 499 1816 assumenda
524 1795 589 1817 est:
622 1799 672 1817 nec
700 1793 734 1817 ad
772 1792 886 1818 salutem

105 1834 272 1869 precantium
306 1835 456 1868 quidquam
490 1836 607 1862 confert.
635 1835 695 1867 Quo
723 1836 796 1862 enim
817 1836 888 1863 reie-

105 1886 180 1906 rctur
214 1880 313 1911 oratio,
339 1880 392 1906 nisi
417 1880 504 1914 pictas
520 1881 605 1913 illam,
638 1880 741 1915 Deique
767 1883 887 1916 cognitio

105 1926 262 1960 prtecedat?
280 1933 360 1960 quem
374 1925 485 1960 quidem
503 1933 597 1955 sensu.
613 1926 763 1960 hyposlasi,
780 1932 807 1954 et
823 1935 886 1962 per-

104 1971 194 2006 spicue
210 1970 303 1997 videre
320 1970 424 1997 nemini
440 1969 531 1997 itdhuc
552 1979 648 1998 eorum
673 1972 788 2007 contigit
803 1981 809 2005 ;
837 1973 884 2007 qui

105 2016 204 2043 terreni
221 2015 343 2050 corporis
353 2015 491 2051 ergastulo
503 2022 676 2042 coercentur.
693 2017 791 2044 Paucis
802 2023 889 2050 certe,

105 2063 193 2096 iisque
213 2061 380 2096 expurgatis,
407 2069 469 2088 cum
498 2065 628 2095 tanquam
646 2062 673 2089 in
693 2063 847 2097 mgnimatis
860 2068 888 2091 et

105 2107 253 2134 visionibus
280 2106 407 2133 obscuris
436 2106 596 2140 apparuisse
616 2112 732 2134 constat.
760 2108 887 2140 Quando-

943 1517 1035 1548 rerum
1045 1524 1142 1547 natura
1149 1520 1292 1551 consistat,
1304 1527 1352 1546 nec
1362 1527 1376 1545 a
1387 1519 1441 1546 Deo
1451 1518 1614 1553 productum
1624 1518 1669 1549 sit,
1679 1517 1727 1545 sed

940 1566 1029 1593 eidem
1042 1574 1075 1593 ex
1090 1565 1205 1592 adverso
1216 1569 1357 1598 repugnet,
1367 1564 1430 1590 hinc
1440 1563 1612 1597 perspicuum
1623 1562 1678 1589 nat.
1689 1562 1726 1589 Ex

944 1611 1053 1638 honesti
1074 1609 1455 1645 trausgressionibus.malutn
1480 1609 1570 1635 oritur
1588 1617 1594 1635 :
1617 1616 1669 1634 non
1685 1615 1729 1635 sc-

942 1666 992 1685 cus
1013 1663 1094 1691 atque
1108 1658 1251 1683 secedente
1276 1655 1380 1682 lumine
1405 1655 1526 1682 tenebrae
1543 1654 1698 1681 succi-dunt
1717 1663 1723 1680 :

942 1709 1024 1737 atque
1047 1711 1080 1729 ex
1102 1703 1167 1729 boui
1186 1702 1369 1728 declinatione
1384 1708 1544 1735 progressus
1568 1700 1600 1727 ad
1625 1700 1725 1726 ntalunt

941 1748 1075 1774 nascitur.
1091 1748 1214 1774 Virtutes
1234 1747 1305 1774 enim
1325 1746 1438 1780 singula:
1459 1753 1521 1772 cum
1547 1745 1654 1772 atlixum
1673 1745 1727 1772 sibi

941 1793 1038 1819 vitium
1071 1793 1199 1823 habeant,
1219 1792 1271 1818 nisi
1303 1792 1472 1818 inconcussas
1502 1791 1640 1825 ﬁrmatque
1668 1799 1727 1817 ma-

942 1842 1035 1869 neant,
1049 1837 1218 1864 contrarium
1234 1837 1329 1863 vitium
1341 1836 1528 1863 substituunt:
1546 1836 1726 1870 quemadmo-

941 1881 1005 1908 dum
1024 1890 1126 1916 corpus
1149 1881 1221 1916 quod
1238 1881 1375 1916 splendori
1392 1881 1457 1908 solis
1470 1881 1647 1914 obtenditur,
1665 1889 1726 1907 lllll-

940 1927 1028 1954 bram.
1045 1927 1125 1954 Verbi
1139 1928 1235 1962 gratia,
1254 1935 1314 1953 cum
1334 1926 1466 1953 fortitudo
1482 1931 1610 1961 tanquam
1638 1927 1726 1954 virtus

941 1973 1118 2000 mediocritas
1138 1974 1190 2004 sit,
1205 1972 1415 1999 contrarietales
1434 1972 1572 2006 utrinque,
1590 1972 1723 1999 timidita-

942 2023 1008 2048 tem.
1018 2018 1141 2052 inquam,
1156 2022 1183 2044 et
1198 2016 1349 2047 audaciam,
1361 2018 1441 2044 tacite
1453 2017 1616 2045 substitutas
1631 2017 1724 2044 habet.

941 2064 1067 2096 Quandiu
1086 2071 1151 2098 ergo
1172 2064 1249 2090 lirma
1268 2069 1295 2090 et
1312 2069 1456 2093 constans,
1480 2071 1585 2097 suoqtte
1613 2064 1725 2090 nomine

942 2109 1023 2140 digna
1043 2113 1145 2139 manet,
1165 2108 1303 2135 timiditati
1320 2113 1347 2134 ct
1363 2108 1484 2134 audacia:
1498 2108 1589 2136 nullus
1600 2114 1725 2143 superest

106 2152 213 2187 quidem
244 2152 344 2182 Moses,
374 2159 436 2178 cum
463 2151 587 2185 petiisset
617 2156 646 2178 ιιι
665 2152 748 2178 Deum
770 2153 886 2184 videret,
905 2161 926 2188 ι)
941 2154 1030 2180 locus.
1047 2153 1148 2180 llarum
1161 2161 1226 2180 vero
1242 2154 1373 2180 alterutra
1389 2154 1550 2187 obrepente,
1567 2154 1610 2181 illa
1625 2155 1725 2182 obscu-

107 2198 205 2225 audivit
217 2207 223 2225 :
239 2197 321 2224 Nemo
335 2198 428 2224 videbit
444 2198 537 2231 faciem
547 2206 641 2229 meant,
652 2203 677 2225 el
688 2199 752 2226 vivet
766 2200 787 2215 7"
798 2209 805 2227 :
817 2200 888 2227 unde

107 2244 199 2279 dignus
214 2244 294 2270 etiam
310 2243 421 2270 habitus
437 2248 489 2275 est,
506 2244 551 2278 qui
566 2245 750 2278 posteriorum
767 2246 885 2280 partiunt

107 2295 213 2324 aspectu
231 2289 381 2322 frueretur,
397 2296 568 2323 quacunque
593 2289 703 2316 tandem
722 2291 888 2324 posteriores

109 2336 150 2362 Dei
164 2339 256 2369 partes
274 2335 329 2362 sint
355 2343 362 2361 :
380 2334 428 2369 qui
446 2334 473 2361 in
489 2335 616 2362 columna
641 2335 732 2367 nubis,
761 2337 886 2371 caligine,

107 2387 130 2408 οι
147 2382 256 2408 turbine
275 2382 346 2408 venti
364 2382 467 2412 Mosen,
482 2381 611 2415 etjustos
635 2389 698 2408 eutn
726 2382 886 2410 subsccutos

109 2428 238 2454 allocutus
253 2431 305 2454 est.
325 2427 399 2454 ldem
413 2427 495 2454 etiant
516 2427 589 2453 Deus
605 2435 676 2454 unus
705 2432 747 2454 est
767 2428 814 2462 qui
830 2436 885 2456 una

110 2474 132 2500 it.
149 2473 303 2504 Divinitate,
316 2477 343 2500 et
361 2474 542 2507 hypostascon
553 2473 689 2500 Trinitate
703 2473 884 2508 dignoscitur:

109 2524 182 2551 quem
199 2516 225 2542 in
242 2516 331 2548 Patre,
351 2516 419 2543 Filio
435 2520 463 2543 et
480 2516 583 2551 Spiritu
609 2517 770 2545 adoramus.
795 2519 885 2554 Atque

110 2563 169 2589 Mosi
195 2562 305 2596 quidem
331 2566 359 2589 et
387 2563 529 2598 prophetis
557 2571 737 2598 personarum
767 2564 886 2592 Trinitas

110 2609 217 2646 obscure
240 2611 342 2634 retecta
357 2613 399 2636 est
418 2617 425 2635 :
447 2607 474 2635 in
500 2608 605 2636 ultimis
627 2617 692 2636 vero
715 2610 885 2644 temporibus

111 2660 164 2680 cum
181 2652 265 2680 Filius
287 2652 334 2680 Dei
359 2658 480 2681 nostram
507 2654 654 2688 assumpsit
668 2655 884 2689 corruptionem,

143 2753 162 2767 "
179 2753 243 2781 Luc.
261 2762 288 2785 χ,
310 2755 351 2783 18,

394 2756 416 2772 ’⁸
435 2755 520 2783 Exod.
533 2763 589 2788 XVI,
609 2756 640 2783 l5
653 2764 659 2788 ;
673 2755 751 2784 Joan.
765 2764 789 2782 Vl
800 2777 806 2788 ,
823 2755 867 2783 3i.

114 2794 201 2819 utut,
219 2791 263 2815 20.

905 2756 926 2772 "
946 2757 996 2784 lsa.
1014 2765 1050 2789 vt,
1064 2757 1088 2784 6.
1123 2758 1144 2773 ⁷⁷
1159 2757 1235 2784 Joan.
1251 2763 1287 2787 vt,
1301 2755 1344 2782 57.
1377 2755 1398 2770 ⁷⁸
1412 2754 1480 2782 ibid.
1501 2755 1544 2782 54.

941 2205 1028 2231 ratur,
1046 2200 1260 2234 vetteraltilequc
1279 2207 1377 2226 nomen
1399 2198 1500 2225 amittit
1522 2207 1529 2226 :
1551 2205 1632 2234 atque
1654 2200 1724 2227 adeo

941 2249 1071 2279 tanquam
1099 2244 1221 2272 inaudita
1249 2244 1330 2279 perit,
1358 2249 1385 2270 et
1414 2244 1478 2271 vitia
1496 2252 1509 2271 a
1528 2252 1556 2271 se
1580 2245 1723 2273 cll‘ormata

939 2290 1081 2317 substituit
1099 2298 1106 2317 :
1125 2295 1155 2317 ut
1169 2298 1262 2316 arcum
1278 2290 1304 2316 iit
1323 2289 1443 2317 nubibus
1459 2290 1596 2324 hyposta‘si
1611 2292 1723 2326 propria

939 2339 1077 2362 carentem
1090 2335 1210 2370 atquein
1226 2335 1282 2361 sole
1296 2335 1449 2369 parltelium
1466 2341 1513 2361 seu
1527 2335 1642 2370 virgam,
1654 2343 1725 2371 quos

939 2381 1037 2415 vulgus
1052 2381 1124 2408 soles
1141 2384 1232 2411 vocat,
1247 2380 1338 2407 videre
1352 2384 1404 2407 est.

977 2427 1002 2454 5.
1023 2426 1056 2453 At
1080 2434 1157 2458 vero,
1175 2427 1240 2461 quid
1258 2426 1327 2454 adeo
1342 2426 1443 2454 tttalum
1463 2428 1515 2455 dici
1530 2431 1631 2462 potest,
1648 2428 1721 2463 quod

939 2481 995 2500 non
1009 2473 1026 2500 ii
1044 2473 1198 2507 designent,
1223 2473 1270 2507 qui
1291 2480 1360 2507 opus
1378 2481 1457 2501 omne
1473 2475 1626 2509 defugiunt,
1640 2473 1721 2501 nulli-

939 2528 991 2555 que
1007 2519 1051 2546 alii
1069 2523 1174 2551 vacant,
1190 2519 1241 2545 nisi
1271 2524 1298 2546 ut
1325 2527 1356 2546 ea
1376 2519 1630 2551 comntiniscantur,
1659 2527 1720 2554 qua:

939 2573 953 2592 a
980 2572 1046 2592 vero
1072 2571 1185 2599 prorsus
1211 2564 1299 2591 aliena
1325 2564 1379 2590 sint
1394 2564 1405 2590 ?
1420 2563 1488 2590 Cum
1505 2563 1578 2591 enim
1596 2563 1688 2591 statim
1706 2573 1720 2590 a

939 2610 1156 2644 transgressione
1173 2609 1310 2636 hominem
1326 2609 1441 2635 Deusiin
1457 2608 1550 2636 labore
1573 2614 1600 2636 et
1620 2609 1720 2636 sudore

939 2662 1037 2690 panem
1063 2655 1115 2682 sibi
1131 2653 1427 2689 compararejusserit,
1453 2654 1606 2688 Paulusque
1627 2660 1722 2689 aperte

1592 2756 1614 2772 "’
1631 2757 1716 2784 Exod.
