1927 3085
189 97 258 130 1333

799 103 948 136 NlCET/E
969 107 1173 138 (ΞΗΟΝΙΑΤᾸΞ

1823 106 1841 138 1
1848 106 1911 138 336

187 157 323 184 exclamet
337 156 408 190 :Qui
432 165 482 184 non
511 158 614 185 laborat
641 167 692 186 non
720 165 859 187 manducet
877 161 900 177 ‘°
921 171 929 189 :
951 162 979 189 hi
995 165 1016 192 Α
1065 164 1143 198 Quod
1159 172 1225 192 vero
1238 172 1332 192 semen
1351 166 1377 192 in
1396 167 1517 202 Virginis
1541 173 1650 196 uterum
1692 172 1798 195 una
1837 172 1912 192 eun

186 209 259 236 opus
290 202 363 229 inter
387 207 498 235 peccata
526 203 810 233 recensuerunt...lam
830 204 853 231 si
881 211 978 232 omnes

188 248 328 279 homines,
344 252 373 274 ut
390 248 434 274 isti
446 248 552 279 volunt,
568 249 686 275 orationi
700 249 760 276 sine
775 250 978 278 intermissione

190 299 322 320 vacarent
338 301 390 320 nec
406 301 504 320 eorum
518 294 670 329 quidquam
688 300 830 327 curarent,
858 303 919 330 quae
944 296 978 322 ad

191 339 317 373 corporis
344 340 570 367 constitutionem
596 341 745 375 pertinent,
771 341 841 369 fame
867 349 979 376 prorsus

192 385 283 411 ciieeti
301 390 416 411 mortem
434 385 557 412 omnium
576 386 693 413 maxime
705 385 888 430 miserandam
897 387 980 414 obiis-

190 435 262 458 sent.
277 429 330 457 Sed
352 430 440 463 dices,
459 438 476 458 ο
503 431 631 462 Euchita,
650 435 675 457 te
691 431 786 458 herbis
800 429 828 458 et
842 431 980 458 fructibus

190 482 287 511 sponte
297 484 345 511 per
353 477 418 503 anni
429 480 519 511 partes
530 477 724 504 enascentibus
734 484 794 504 esse
807 481 978 504 contentum.

191 523 284 562 Quid?
310 531 373 550 cum
390 523 435 550 illa
449 523 566 557 colligis,
583 530 674 550 nonne
694 523 817 557 operaris
832 523 843 549 ἵ
858 530 948 550 nonne
963 530 978 549 a

191 571 332 605 perpetuis
342 570 395 596 illis
407 569 536 604 precibus
552 569 586 596 ad
606 573 715 603 tempus
732 569 907 603 supersedes,
924 577 977 595 non

192 623 272 642 secus
286 620 378 649 atque,
392 623 445 649 quo
458 623 507 649 per
520 617 605 642 otium
619 615 701 641 liceat
717 615 758 641 ori
776 619 822 641 tuo
837 615 978 642 esculenta

194 668 352 695 suggerere,
369 660 511 686 cautiones
526 660 586 686 illas
600 665 628 687 et
641 667 737 695 preces
753 660 780 686 in
799 664 872 686 tuam
886 660 979 693 perni-

192 707 262 734 ciem
278 713 293 732 a
312 711 337 733 te
363 706 423 733 cani
449 706 557 737 solitas,
583 705 769 732 intermittis?
785 705 863 732 Absit
887 705 978 737 enim,

193 757 224 780 ut
238 760 284 779 eas
303 757 329 779 te
345 753 400 779 Deo
416 759 515 779 canere
531 751 634 778 dicam.

229 799 256 825 6.
277 799 311 826 Ut
324 802 415 824 autem
433 798 537 824 interea
553 797 618 824 dum
638 798 672 825 ab
687 797 760 824 omni
777 805 860 832 opere
871 804 980 824 cessan-

1029 212 1120 239 Verbo
1136 211 1289 240 immissum
1303 212 1387 240 fuisse
1400 213 1540 247 fabularis,
1555 215 1581 242 id
1604 223 1619 242 a
1638 214 1762 242 nullo
1782 218 1910 239 rerum

1029 252 1185 284 divinat’um
1210 259 1362 292 interprete
1387 267 1504 294 unquam
1530 262 1707 296 accepimus
1738 268 1753 287 τ
1784 263 1862 286 aut
1882 263 1909 285 tu

1030 304 1152 339 ﬁgmenti
1168 304 1250 339 hujus
1265 305 1341 332 solus
1357 310 1453 333 auctor
1469 314 1509 338 es,
1525 308 1570 342 qui
1587 311 1663 335 certe
1703 311 1909 340 tanquam

1031 351 1133 377 malum
1149 354 1178 378 et
1196 351 1333 385 ingratum
1348 359 1453 384 semen,
1479 352 1612 388 vanisque
1642 351 1910 380 seﬂnonibus

1029 396 1162 431 gaudens,
1177 397 1323 424 emersisti.
1339 397 1514 432 iniquissime
1528 406 1610 432 porro
1618 403 1801 426 naturam
1818 403 1906 432 quo

1029 448 1082 475 que
1095 440 1215 468 divinam
1230 441 1376 468 mutationi
1390 442 1535 469 obnoxiam
1547 450 1607 470 esse
1617 448 1713 478 atque
1742 443 1907 470 idcirco

1030 488 1131 514 animis
1146 487 1192 522 qui
1210 495 1241 514 ea
1257 487 1332 521 digni
1350 488 1417 519 sint,
1433 489 1605 516 commisceri
1621 489 1758 516 dicitis-
1776 489 1903 522 Atqui

1031 540 1123 559 rerum
1141 540 1238 560 earum
1263 541 1325 568 qua:
1342 538 1442 561 creatte
1459 538 1534 566 sunt,
1559 536 1676 562 mutatio
1710 535 1899 563 dicitur.

1031 587 1092 613 qua:
1106 579 1149 606 vel
1166 579 1305 606 voluntate
1321 584 1474 612 mutantur,
1490 585 1520 608 ut
1541 582 1641 615 angeli,
1669 586 1702 608 et
1741 582 1901 608 anim:

1030 627 1113 657 prout
1133 623 1160 649 in
1175 622 1246 650 bono
1259 623 1417 657 proﬁciunt,
1432 628 1460 651 et
1473 624 1506 651 ad
1524 625 1624 652 malum
1654 631 1872 653 moventur
1887 632 1898 653 :

1030 667 1072 694 vel
1087 668 1151 701 quia
1163 672 1262 694 creata‘
1274 672 1301 695 et
1312 669 1457 696 mutationi
1474 670 1599 697 obnoxiae
1612 676 1688 702 sunt,
1702 679 1719 698 u
1728 676 1744 698 ι
1768 671 1896 706 quid—

1031 713 1096 748 quid
1116 714 1305 748 corrumpitur
1320 719 1348 741 et
1363 715 1458 742 interit
1475 724 1481 741 :
1497 716 1589 750 qualia
1608 720 1686 747 sunt.
1707 725 1807 752 quae
1850 718 1889 743 in

1031 759 1134 786 mundo
1150 764 1301 787 cernuntur
1323 761 1425 788 omnia.
1441 761 1514 789 Deus
1530 767 1620 789 autem
1636 770 1735 797 neque
1766 771 1889 791 crea-

1033 809 1087 837 tus,
1104 813 1193 840 neque
1210 806 1354 834 mutationi
1379 808 1514 835 obnoxius
1531 813 1584 836 est.
1604 808 1673 841 Quia
1690 810 1792 836 enim
1820 818 1886 836 es—

193 845 271 879 dum,
283 852 315 871 ex
327 844 445 871 assiduis
459 844 589 878 precibus
603 843 801 879 invigilandum
814 851 875 871 esse
887 844 980 871 doces.

1041 849 1130 876 sentire
1146 850 1207 885 ejus
1220 850 1290 877 ratio
1308 851 1342 878 iis
1356 852 1494 878 contraria
1507 858 1559 885 est,
1576 860 1637 887 qua
1651 854 1878 888 generatio-ai

194 889 363 925 persuadeas
381 889 425 920 iis,
441 896 510 923 quos
526 889 582 916 tuis
596 889 710 916 initiasti
727 889 866 924 mysteriis
878 910 885 921 ,
907 893 935 915 ut
954 890 980 915 in

194 940 220 962 te
237 935 338 966 solum,
354 935 400 968 qui
417 934 534 962 Orationi
551 934 690 969 invigiles,
707 934 862 969 spirituque
877 942 982 969 pauper

194 980 320 1008 exsistas.
341 980 551 1007 beneficentiam
567 985 722 1012 exerceant,
739 980 896 1014 nulliusque
912 987 982 1014 prm-

195 1030 270 1053 terca
281 1027 473 1058 misereantur,
483 1026 621 1053 Christum
632 1033 741 1060 quoque
759 1030 855 1052 testem
870 1026 982 1058 allegas.

195 1073 241 1106 qui
257 1072 326 1099 citra
341 1072 475 1099 delectum
501 1072 528 1099 in
558 1079 782 1106 unumquemque
802 1072 982 1106 cleemo-ynze

196 1117 298 1143 bonum
325 1115 528 1142 extendendum
549 1124 609 1143 esse
627 1115 751 1147 tradidit,
778 1121 807 1142 ut
824 1115 876 1141 hnc
903 1119 983 1149 pacto

195 1162 302 1189 Patrem
320 1162 471 1192 imitemur,
488 1161 533 1196 qui
550 1161 576 1188 in
595 1162 672 1189 eoi-lis
690 1165 740 1194 est,
758 1162 802 1196 qui
815 1161 894 1187 solem
906 1168 984 1187 suum

195 1208 260 1234 oriri
271 1208 335 1241 facit
346 1215 429 1241 super
444 1211 554 1237 terram,
567 1215 761 1241 quamcunque
772 1215 821 1233 suo
834 1207 929 1233 lustrat
943 1206 984 1232 lu-

197 1255 271 1280 mine
289 1262 296 1279 :
316 1258 340 1280 et
353 1253 420 1288 pluit
433 1254 604 1288 superjustos
618 1259 642 1280 et
655 1254 767 1288 injustas
784 1253 816 1279 ".
836 1252 892 1279 Nisi
910 1252 983 1278 enim

196 1300 256 1334 ejus
266 1304 291 1327 te
302 1299 440 1331 misereat,
452 1300 497 1334 qui
513 1299 675 1326 vulneribus
686 1304 772 1326 scatet
785 1309 791 1326 :
802 1307 864 1326 cum
871 1298 984 1330 vestias,

197 1347 243 1380 qui
257 1347 347 1373 nudus
363 1345 473 1372 oberrat
490 1355 495 1372 :
510 1353 571 1372 eum
585 1346 704 1379 denique
719 1335 834 1374 nutrias.
847 1345 892 1379 qui
915 1345 986 1370 fame

198 1391 370 1418 contabescit
389 1398 395 1416 :
415 1390 442 1417 in
457 1398 617 1425 quemnam.
629 1397 730 1424 quteso.
746 1390 828 1416 alium
845 1389 986 1416 beneficus

198 1437 282 1463 Deum
298 1436 393 1464 coles?
404 1444 438 1463 an
452 1436 479 1463 in
494 1436 626 1471 teipsum?
636 1436 716 1470 Atqui
734 1435 786 1462 hoc
799 1434 986 1461 misericordia

199 1490 255 1509 non
271 1486 313 1509 est
327 1502 334 1514 ,
351 1482 400 1510 sed
427 1482 586 1509 divitiarum
611 1481 786 1508 conservatio
802 1501 810 1513 ,
839 1487 986 1514 moresque

1033 895 1149 922 obnoxia
1173 901 1248 927 sunt,
1267 903 1297 923 ea
1313 896 1346 924 de
1361 904 1443 924 causa
1461 905 1512 924 nec
1527 897 1560 924 iis
1576 898 1741 933 subjicitur,
1778 899 1878 934 qui-

1032 942 1085 968 bus
1114 941 1159 968 illa
1172 942 1271 977 subjici
1288 942 1387 970 solent.
1404 942 1451 970 llla
1466 943 1540 970 enim
1565 944 1678 971 mobilia
1697 950 1776 972 sunt.
1806 945 1874 973 hic

1033 992 1124 1014 autem
1142 992 1238 1015 natura
1265 988 1416 1016 immobilis
1430 994 1472 1016 est
1492 998 1499 1016 :
1516 994 1544 1017 ct
1572 997 1656 1024 supra
1688 996 1804 1018 motus
1850 999 1870 1017 a

1035 1033 1209 1068 philosophis
1235 1033 1390 1069 descriptos
1405 1055 1412 1066 ,
1436 1035 1620 1070 quantitatis,
1658 1036 1832 1070 qualitatis
1856 1057 1867 1067 .

1034 1084 1062 1106 et
1086 1079 1138 1106 loci
1163 1087 1263 1114 expers
1282 1088 1288 1106 :
1307 1079 1397 1108 tnodis
1420 1080 1540 1116 denique
1567 1081 1702 1109 omnibus
1731 1082 1866 1110 immu-

1036 1125 1139 1152 labilis.

1071 1171 1098 1198 9.
1120 1171 1206 1204 Quam
1221 1179 1289 1199 vero
1304 1171 1418 1206 impium
1432 1171 1486 1200 hoc
1508 1180 1618 1207 quoque
1640 1172 1739 1200 dicitis
1755 1172 1857 1208 quod

1035 1215 1182 1242 humanam
1208 1220 1333 1242 naturam
1354 1216 1426 1243 Deus
1452 1216 1622 1244 daemonibus
1646 1217 1755 1244 servire
1781 1223 1857 1242 vo-

1035 1260 1136 1288 luerit:
1150 1261 1214 1288 hinc
1225 1261 1297 1289 enim
1315 1262 1398 1289 Deum
1409 1270 1519 1297 quoque
1535 1268 1676 1290 auctorem
1690 1263 1850 1289 malorum

1035 1314 1096 1333 esse
1113 1307 1208 1334 inferri
1233 1311 1337 1341 posset.
1353 1307 1387 1334 At
1401 1315 1454 1334 non
1470 1308 1508 1334 ita
1531 1315 1561 1335 se
1587 1308 1631 1335 res
1648 1307 1735 1334 habet
1752 1316 1759 1334 :
1774 1307 1850 1334 imo

1036 1359 1100 1378 vero
1115 1351 1253 1379 hominem
1273 1351 1313 1379 sui
1329 1351 1410 1386 juris,
1428 1356 1455 1379 et
1471 1359 1485 1378 a
1509 1352 1666 1379 da'monum
1685 1352 1846 1379 consortio

1036 1400 1064 1423 et
1090 1396 1291 1424 consuetudine
1308 1397 1427 1424 alienum
1444 1397 1516 1424 Deus
1531 1396 1702 1424 eﬁ‘ormavit.
1723 1398 1846 1425 Daemo-

1037 1450 1086 1469 nas
1103 1450 1186 1476 porro
1212 1446 1373 1477 potestatem
1400 1447 1498 1470 natura
1515 1451 1570 1469 non
1585 1443 1676 1470 solum
1693 1443 1723 1470 in
1741 1443 1843 1471 homi-

1038 1494 1098 1515 nes.
1113 1486 1160 1513 sed
1179 1495 1213 1514 ne
1231 1486 1258 1514 in
1283 1487 1365 1514 bruta
1391 1487 1502 1522 quidem
1520 1495 1654 1515 exercere
1675 1496 1769 1523 posse,
1786 1489 1839 1516 vel

199 1529 331 1561 hominis,
346 1529 392 1563 qui
422 1533 518 1555 mutuo
544 1528 650 1555 nullum
676 1535 769 1555 anmre
796 1528 1018 1562 prosequitur.C
1035 1532 1099 1559 hinc
1117 1536 1201 1566 patet,
1227 1532 1300 1567 quod
1327 1533 1364 1559 illi
1384 1533 1463 1568 jussu
1487 1533 1589 1561 Christi
1613 1534 1640 1561 in
1659 1542 1762 1569 porcos
1790 1535 1840 1562 in-

199 1574 255 1600 imo
266 1575 348 1600 etiam
361 1574 463 1608 privata
475 1573 599 1606 qumdam
612 1573 797 1608 ingurgitatio,
808 1581 889 1605 quam
903 1580 984 1600 nemo

202 1627 255 1646 non
268 1620 334 1646 vitio
348 1623 447 1646 vertat.
462 1619 539 1646 Absit
553 1626 619 1646 vero
633 1626 648 1646 a
663 1619 743 1646 nobis
758 1624 830 1646 tanta
857 1619 985 1646 inhuma—

202 1666 284 1692 nitas.
303 1665 440 1692 Diabolica
452 1665 512 1692 hac
532 1664 672 1697 doctrina,
689 1669 715 1692 et
731 1672 746 1692 a
766 1664 867 1692 Christi
883 1672 985 1699 praece-

202 1711 256 1745 ptis
270 1710 359 1738 aliena
372 1715 425 1738 est.

239 1757 265 1783 Ἰ.
282 1756 406 1790 Quonam
424 1761 515 1784 autem
527 1756 653 1790 artiﬁcio,
664 1756 733 1784 heus
744 1761 785 1787 tu,
801 1755 908 1783 interim
921 1755 985 1782 dum

202 1803 319 1829 orationi
335 1810 424 1835 vacas,
443 1808 588 1838 peccatum
605 1807 682 1830 tuum
703 1802 770 1829 fumi
788 1806 815 1829 et
832 1802 913 1837 ignis,
930 1802 987 1828 sive

203 1848 309 1876 cruenti
322 1849 403 1876 etiam
418 1850 544 1877 dramnis
557 1850 654 1878 instar.
667 1854 714 1876 tuo
729 1849 860 1875 excedere
874 1855 988 1882 corpore

203 1894 322 1922 videbis?
336 1895 416 1922 Nullo
429 1903 542 1928 prorsus
559 1903 566 1921 :
579 1895 630 1921 nisi
645 1895 810 1925 daemonum,
826 1902 896 1928 quos
910 1893 987 1924 colis,

203 1942 304 1976 aliquis
332 1945 358 1968 te
389 1941 467 1968 solita
494 1948 625 1967 vesanum
653 1940 744 1974 adigat
770 1939 931 1973 impostura,
959 1943 989 1965 ut

205 1988 353 2023 praestigiis
369 1986 526 2022 hujusmodi
543 1986 652 2016 credas,
664 1987 742 2021 cujus
757 1986 839 2013 etiam
858 1985 928 2012 dolis
948 1985 987 2015 ﬁt,

205 2038 235 2059 ut
254 2039 344 2060 mente
362 2037 459 2067 captus
474 2032 604 2066 precibus
617 2032 671 2058 tuis
682 2031 742 2066 plus
755 2027 895 2066 ponderis,
907 2038 988 2065 quam

204 2079 298 2106 divino
327 2078 499 2113 baptismati.
527 2077 678 2110 attribuas,
710 2077 743 2104 ad
769 2077 988 2111 consequendam

204 2128 378 2160 peccatorum
402 2124 602 2154 remissionem,
628 2131 811 2157 manuumque
835 2123 990 2157 impositio-

205 2178 279 2201 nem,
297 2177 356 2203 quae
365 2169 527 2196 sacerdotali
544 2169 579 2195 sit
591 2168 777 2196 excellentior.
788 2173 815 2194 et
832 2168 888 2194 sola
904 2167 989 2194 divini

1036 1577 1120 1612 gressi
1146 1578 1201 1604 sint
1226 1577 1259 1604 ".
1286 1578 1386 1606 Verum
1403 1579 1477 1606 cnim
1504 1587 1570 1607 vero
1588 1579 1691 1608 Paulus
1715 1588 1837 1615 quoque

1036 1622 1076 1649 sic
1090 1622 1127 1649 ait
1145 1631 1151 1649 :
1168 1622 1226 1650 Non
1241 1628 1277 1650 est
1294 1623 1366 1650 nobis
1383 1629 1514 1651 certamen
1530 1625 1655 1652 adversus
1670 1627 1833 1660 sanguinem

1036 1672 1061 1695 et
1074 1677 1191 1701 carnem,
1207 1670 1253 1696 sed
1267 1670 1391 1697 adversus
1421 1671 1596 1705 principatus,
1610 1671 1737 1698 adversus
1756 1678 1834 1703 pole-

1036 1719 1127 1745 states,
1144 1715 1267 1741 adversus
1280 1715 1431 1748 spiritualia
1447 1717 1570 1751 nequitia?
1593 1717 1684 1743 mundi
1699 1717 1781 1747 huius
1796 1717 1831 1747 ",

1038 1760 1115 1794 quasi
1131 1759 1211 1786 nobis
1221 1767 1283 1786 cum
1298 1760 1344 1786 illo
1360 1760 1489 1788 conferre
1500 1761 1597 1795 pedem
1609 1761 1833 1789 formidantibus

1039 1805 1144 1832 animos
1159 1805 1274 1835 addens,
1295 1811 1377 1840 atque
1394 1806 1437 1833 his
1452 1807 1546 1833 verbis
1563 1813 1703 1833 exacuens
1722 1815 1729 1832 :
1747 1807 1832 1834 Assu-

1040 1851 1102 1877 mitc
1120 1856 1289 1877 armaturam
1305 1851 1399 1882 Dei,ut
1416 1852 1518 1885 possitis
1536 1853 1656 1878 resistere
1670 1851 1695 1868 “
1716 1852 1833 1880 insidiis

1040 1895 1189 1922 adversarii
1213 1895 1328 1922 diaboli.
1361 1895 1529 1922 Enumerata
1556 1895 1657 1922 deinde
1685 1900 1830 1922 armatura

1040 1941 1097 1968 inec
1114 1948 1223 1974 quoque
1238 1940 1374 1966 subinfert
1390 1949 1396 1965 :
1423 1940 1513 1967 Estote
1528 1941 1661 1975 praecincti
1678 1940 1774 1966 lumbis
1792 1948 1833 1966 ue-

1038 1987 1100 2013 stris
1112 1987 1137 2012 in
1151 1986 1273 2017 veritate,
1287 1990 1311 2012 et
1326 1985 1411 2012 induti
1427 1987 1560 2012 thoracem
1571 1986 1832 2020 justitite,tafceati—

1041 2040 1090 2067 que
1105 2032 1183 2066 pedes
1201 2032 1228 2058 in
1247 2032 1441 2066 pra'paratione
1455 2031 1594 2067 Evangelii
1606 2031 1731 2066 pacian
1747 2032 1833 2057 omni-

1041 2079 1087 2106 bus
1103 2083 1266 2105 assumenles
1283 2083 1387 2104 scutum
1411 2077 1484 2111 ﬁdei.
1498 2079 1525 2104 in
1542 2086 1592 2112 quo
1608 2078 1728 2112 poteritis
1740 2078 1831 2104 omnia

1043 2125 1094 2152 tela
1110 2125 1220 2159 maligni
1235 2125 1317 2158 ignita
1329 2124 1526 2158 exstinguere".
1539 2123 1744 2151 ltem:Caleam
1758 2123 1832 2150 salu-

1041 2173 1075 2198 tis
1088 2172 1226 2201 nssumite,
1239 2175 1263 2197 et
1279 2170 1395 2205 gladium
1417 2169 1542 2205 Spiritus,
1561 2169 1630 2204 quod
1654 2174 1694 2195 est
1721 2169 1830 2196 verbum

205 2216 326 2251 Spiritus
349 2222 488 2242 accessum
505 2219 631 2249 suggerat
651 2224 656 2240 :
675 2214 720 2249 qui
739 2218 813 2241 certe
837 2214 990 2248 baptismus
1007 2220 1028 2246 ι)
1043 2216 1091 2243 Dei
1106 2216 1139 2242 “.
1158 2217 1186 2243 Si
1212 2216 1274 2251 quis
1292 2217 1342 2243 hac
1363 2221 1499 2243 armatura
1525 2215 1707 2250 praemunitus
1732 2215 1828 2245 fuerit,

206 2271 220 2290 θ
238 2263 316 2289 nobis
330 2262 489 2289 orthodoxis
507 2261 613 2288 initium
638 2265 666 2288 et
692 2261 899 2288 fundamentum
926 2260 988 2287 fidei

206 2313 334 2336 censetur
348 2316 355 2334 :
373 2313 455 2341 atque
470 2307 539 2334 adeo
560 2314 656 2338 causa,
673 2314 733 2340 quae
752 2312 875 2334 sanctum
890 2306 922 2333 ad
939 2313 990 2333 nos

206 2353 338 2389 Spiritan
351 2353 463 2384 alliciat,
474 2357 501 2379 ut
514 2352 675 2379 confirmare
690 2360 798 2387 possum
814 2360 846 2379 ex
860 2359 989 2379 manuum

207 2398 432 2433 impositonihus,
451 2405 511 2432 qua!
532 2398 559 2424 in
576 2397 716 2432 discipulis
740 2397 842 2424 Christi
861 2401 922 2431 post
946 2397 993 2423 ba-

207 2446 350 2481 ptismum,
364 2449 416 2471 tam
432 2444 554 2471 eflieaees
566 2444 688 2476 fuerunt,
703 2448 732 2470 ut
757 2444 845 2478 palam
875 2443 992 2478 Spiritus

207 2491 399 2519 descenderet.
420 2490 494 2518 Idem
512 2490 615 2525 Virgini
635 2498 744 2525 quoque
768 2490 858 2517 Maria:
885 2489 993 2516 inhabi-

207 2542 270 2564 tans
284 2545 343 2564 eam
359 2537 522 2572 praeparavit
542 2541 569 2563 et
585 2535 774 2567 sanctiﬁeavit,
792 2540 820 2562 ut
837 2536 870 2562 ab
887 2543 920 2562 co
936 2543 991 2562 non

207 2591 287 2610 secus
297 2587 378 2618 atque
386 2583 478 2610 divino
487 2582 597 2617 templo,
606 2582 724 2609 Verbum
733 2581 780 2608 Dei
788 2582 990 2615 conciperetur.

205 2634 236 2657 ct
263 2630 299 2656 ita
329 2633 430 2655 nostra:
455 2629 552 2655 salutis
570 2627 705 2662 primitias
726 2627 845 2661 Spiritus
860 2632 990 2661 operatus

207 2679 260 2707 est,
280 2674 360 2702 simul
378 2680 459 2708 atque
475 2673 580 2708 Virgilii
596 2673 682 2700 virtus
698 2673 841 2706 Altissimi,
857 2673 936 2700 Patre
953 2673 991 2700 ita

209 2721 329 2754 volente,
345 2720 531 2747 obumbravit.

244 2778 265 2792 '“
282 2778 301 2806 ll
332 2778 429 2805 Thess.
457 2786 496 2808 In.
515 2778 554 2804 l0.

607 2777 627 2794 "
644 2777 738 2805 Matth.
758 2786 784 2810 ν,
805 2778 848 2804 ili.

208 2811 232 2827 "
249 2813 315 2840 lbi-l.
335 2813 376 2840 η.
437 2814 459 2829 ⁸⁸
477 2813 545 2840 Ibid.
562 2813 601 2840 l7.

901 2778 922 2793 9'
939 2777 1033 2804 Matth.
1061 2785 1117 2809 \‘lll,
1135 2777 1166 2804 ’51
1182 2785 1259 2811 seqq.

1044 2270 1104 2297 quae
1119 2262 1234 2289 telorum
1250 2262 1368 2296 jactibus
1384 2263 1421 2290 ita
1436 2261 1551 2293 resistit,
1569 2266 1699 2295 tantoque
1723 2261 1830 2295 fulgore

1043 2307 1209 2341 resplendet.
1226 2307 1286 2341 quis
1302 2307 1407 2333 daemon
1423 2311 1518 2333 contra
1530 2310 1721 2335 occurret.nec
1738 2305 1830 2339 potius

1042 2361 1155 2380 aversus
1169 2349 1299 2387 aufugie't,
1323 2351 1350 2378 in
1365 2351 1460 2386 primis
1478 2351 1500 2378 si
1520 2351 1621 2378 talibus
1631 2350 1717 2377 armis
1728 2350 1830 2376 instru-

1041 2404 1101 2426 ctus
1114 2398 1266 2426 orationem
1283 2402 1311 2425 et
1327 2398 1459 2433 jejunium
1472 2397 1600 2425 asciseat?
1609 2397 1776 2429 orationem,
1789 2396 1829 2422 in-

1041 2453 1134 2479 quam,
1153 2452 1206 2472 non
1225 2445 1333 2479 qualem
1356 2451 1405 2470 vos
1423 2443 1562 2470 curiosius
1585 2443 1740 2473 exercetis,
1768 2450 1827 2476 qu:e

1042 2497 1138 2518 revera
1152 2490 1257 2517 inutilis
1273 2494 1326 2520 est.
1340 2497 1391 2516 nec
1405 2489 1560 2524 ell'ugandis
1577 2488 1752 2515 daemonibus
1766 2488 1824 2515 idos

1042 2545 1104 2564 nea.
1123 2536 1174 2569 Qui
1192 2537 1265 2563 cnim
1282 2535 1340 2562 ﬁeri
1356 2539 1456 2570 potest,
1478 2540 1507 2562 ut
1527 2535 1574 2570 qui
1593 2534 1757 2562 inﬁdelitate
1784 2542 1826 2569 ge-

1043 2582 1076 2609 sti
1089 2586 1116 2613 it,
1133 2589 1184 2608 nec
1200 2581 1365 2615 baptismate
1379 2580 1415 2608 sit
1428 2581 1564 2614 expiatus,
1586 2580 1692 2615 jejunio
1717 2584 1746 2606 et
1767 2586 1826 2606 ora-

1043 2627 1117 2654 tione
1140 2627 1277 2654 (ingruonas
1292 2626 1392 2660 ejicere
1418 2625 1514 2660 possit,
1530 2624 1684 2659 quamlibet
1707 2629 1736 2651 et
1758 2624 1825 2650 fame

1042 2674 1241 2708 disrumpatur,
1254 2677 1301 2700 aut
1318 2672 1453 2699 orationis
1468 2671 1641 2698 vehementia
1655 2669 1825 2704 praefocetnr!

1041 2720 1164 2753 Quorum
1182 2719 1256 2747 enim
1271 2719 1338 2746 ﬁdes
1352 2717 1468 2754 reproba
1484 2721 1511 2745 et
1527 2716 1634 2744 inﬁrma
1651 2720 1705 2747 est,
1717 2723 1824 2742 eorum-

1321 2776 1342 2791 ¹²
1359 2775 1459 2811 liphcs.
1484 2783 1518 2806 γι,
1547 2775 1587 2801 1'2.
1653 2774 1675 2788 "
1692 2773 1760 2801 lbid.
1784 2773 1821 2800 l3-
1852 2782 1855 2784 ·
