1927 3085
109 127 184 161 ιθιι

731 131 929 162 THESAURI
951 132 1027 163 LIB.
1046 132 1096 163 IV.

1658 129 1726 163 ι3ιε

100 186 208 214 chorea
224 188 253 212 et
270 184 416 212 saltatione
437 185 522 212 Deum
544 184 655 219 hymnis
669 189 696 212 et
711 186 827 213 canticis
849 194 893 214 ee-
905 188 929 216 Α
944 195 1126 223 quascumque
1151 188 1184 215 de
1211 188 1318 223 judicio
1338 188 1432 216 futuro
1448 192 1473 216 et
1503 187 1726 222 decantatissima

106 232 222 259 lebrent
241 231 296 258 :ad
320 231 395 258 illius
415 231 546 257 nimirum
561 231 669 258 eboreze
695 232 888 264 imitationem,

105 287 190 313 quam
217 279 277 306 sinu
299 279 382 305 maris
391 277 478 305 Rubri
491 279 618 314 traiecto,
631 279 720 307 Moses
733 284 758 307 ct
776 281 836 315 ejus
845 288 891 307 so—

105 333 154 352 ror
174 325 255 352 Maria
274 325 467 351 instituerunt.

248 381 384 407 lla'reseos
409 380 578 414 pra‘cetlenlis
595 381 699 415 confutu
706 383 750 408 tio.

144 436 235 463 "ctera
247 437 443 469 prtrterierunl,
459 445 514 463 ecce
526 445 592 463 "ora
609 437 680 470 facta
693 443 752 464 sunt
769 439 857 465 omnia
869 441 890 471 ',

104 483 254 516 litteraque
279 482 418 509 decedens
444 483 572 516 spiritum
607 483 735 510 libertate
766 484 890 511 donavit.

105 527 203 561 Itaque
229 535 282 553 nou
305 528 361 562 jaiu
392 527 482 559 nobis,
509 528 555 561 qui
577 528 675 562 spiritu
705 529 822 563 agimur,
845 534 893 557 aut

104 573 186 599 chori
209 572 396 603 instattraudi,
418 577 466 599 aut
496 574 604 600 cantica
622 573 793 600 eoneinenda
809 579 890 600 sunt:

103 618 155 645 sed
181 619 271 653 potius
288 619 372 645 Deum
388 614 471 646 corde
497 619 635 651 conﬁteri,
656 621 771 654 ejusque
789 619 894 654 magni-

106 665 158 690 iica
172 671 254 699 opera
268 672 315 691 ore.
341 672 449 694 canere,
473 665 614 692 stautesin
639 665 756 699 templis
778 673 840 692 cum
861 665 894 690 ti-

105 716 184 736 more
198 716 225 736 et
240 710 334 736 habitu
351 710 490 744 religionis
506 710 611 741 indice,
633 718 683 737 nos
697 710 825 737 addecet.
843 709 895 736 Ne-

105 763 171 790 gare
192 755 283 783 obiter
304 763 453 790 possumus
467 755 585 782 feminas
610 760 673 790 post
699 755 892 790 Egyptiornm

105 800 327 828 submersiouem
341 800 408 827 viris
435 801 584 835 pertnistas
613 800 764 830 saltavisse.
784 807 893 833 unaque

107 853 172 871 cum
192 846 245 872 illis
273 846 330 872 Deo
355 846 456 880 gratias
482 846 668 873 concinuisse.
695 846 787 872 Mosen
819 845 892 871 enim
909 847 930 875 Β

106 898 231 917 seorsum
262 898 324 918 eum
353 891 420 918 viris
445 892 584 918 canticum
625 891 797 926 traiectionis
823 890 894 918 ecci-

107 936 192 968 nisse,
221 944 344 964 sororem
376 944 443 964 vero
468 938 528 971 ejus
560 937 672 964 Mariam
695 945 757 964 eum
785 937 892 964 eteteris

106 981 218 1009 ιἰιιιιίιιὶε
245 983 362 1010 choreas
396 984 565 1011 instaurasse
602 990 669 1011 vero
692 983 814 1010 similius
841 988 892 1010 est.

108 1029 148 1055 Ex
164 1037 219 1064 quo
238 1029 268 1056 fit
284 1034 313 1056 ttt
326 1037 386 1064 qute
410 1030 444 1057 ab
464 1031 555 1057 Eeetis
574 1030 766 1064 designantur,
781 1035 894 1064 practer-

107 1083 190 1108 quam
199 1075 272 1110 quod
286 1075 321 1102 ab
337 1076 482 1110 iniquitate
501 1076 546 1102 illa
565 1076 736 1110 discrepent,
750 1083 765 1102 a
782 1080 894 1102 sancto-

108 1127 170 1146 rum
192 1128 301 1155 quoque
325 1121 436 1149 Patrum
467 1126 495 1149 et
515 1129 529 1148 a
547 1121 650 1149 nostris
674 1122 794 1156 ipsorum
811 1120 894 1148 tradi—

108 1165 231 1193 tionibus
242 1166 330 1193 aliena
343 1167 410 1193 sint.

389 1223 465 1250 CAP.
486 1223 609 1251 XXXIX.

109 1266 254 1295 Tricesimu
270 1277 340 1296 nona
360 1269 465 1296 lia'resis
476 1290 483 1300 ,
505 1269 748 1296 (ἱηοδὶηιαεΙιονιιηι.

448 1309 558 1339 gtttttttr.

784 1268 818 1295 lli
846 1275 895 1295 ur:-

142 1357 316 1386 Guosimaehi
348 1342 662 1387 cuivis‘Cbr'stiauismi
690 1360 838 1394 cognitioni
867 1364 894 1387 et

109 1405 228 1430 scicntia:
243 1405 385 1437 resistunt,
413 1406 528 1439 illosque
548 1407 648 1432 frustra
672 1406 797 1433 laborare
821 1415 895 1434 assc-

109 1451 184 1478 runt,
201 1448 246 1481 qtti
258 1449 343 1474 sacris
355 1449 380 1475 in
397 1449 550 1483 Scripturis
564 1450 708 1477 Scientiatn
733 1455 778 1477 aut
794 1451 892 1484 cogiti-

111 1494 212 1520 tionem
233 1493 409 1528 investigarit,
437 1503 499 1521 cum
520 1497 671 1529 praesertim
696 1504 711 1522 a
732 1496 894 1524 Christianis

110 1539 182 1565 I‘eus
193 1545 292 1573 praeter
303 1540 375 1568 bona
387 1548 481 1574 opera,
494 1542 562 1568 nihil
585 1543 729 1576 requirat:
758 1547 787 1569 ut
801 1543 835 1569 sit
850 1551 893 1569 sa-

111 1584 176 1613 tius.
189 1584 211 1610 si
223 1585 284 1618 quis
294 1585 446 1619 simplicius
458 1586 590 1619 ambulet,
604 1595 654 1614 nec
663 1587 802 1614 curiosius
813 1588 894 1622 quid-

111 1638 191 1664 quam
202 1636 403 1665 perserutetur.

250 1687 385 1714 [hereseos
409 1696 479 1723 ιιι-ατ
484 1688 581 1716 edentis
596 1690 751 1724 confutatio.

144 1745 268 1777 Quilibet
293 1745 484 1774 Gnosimachis
516 1747 552 1774 ita
581 1748 748 1782 respondere
782 1751 890 1782 potest:

110 1791 269 1824 Eequonam
300 1792 381 1818 modo
410 1793 473 1826 quis
503 1791 710 1827 Seripturarttm
733 1801 890 1823 sacrarum.

115 1845 212 1864 carum
244 1838 407 1872 prmsertim,
428 1846 489 1872 qua:
516 1839 698 1865 obscuritatis
720 1839 837 1873 caligine
852 1839 893 1865 in-

113 1883 270 1912 volvuntur.
306 1890 417 1909 sensum
437 1883 575 1917 explicare
608 1884 719 1918 poterit,
736 1884 788 1911 nisi
807 1884 891 1918 aliqui

109 1933 207 1961 [πωςιο
223 1928 279 1954 sint
291 1928 472 1962 interpretes,
493 1935 564 1962 quos
589 1928 706 1963 Spiritus
719 1929 892 1964 profunditas

111 1982 164 2000 non
186 1973 288 2000 lateat?

148 2021 240 2055 Itaque
261 2020 283 2047 si
306 2027 339 2046 ex
354 2027 476 2047 erronem
495 2020 651 2047 traditionis
665 2025 763 2048 vestrze
788 2029 891 2056 regum,

111 2067 228 2093 lectione
257 2074 397 2095 sacrarum
428 2067 634 2102 Seripturarum
659 2068 792 2099 contenti,
817 2069 891 2095 milia

110 2113 232 2140 >eientiaz
245 2118 273 2141 et
294 2113 469 2148 cogitationis
491 2114 582 2140 habita
602 2113 720 2144 ratione,
743 2114 826 2140 vitam
841 2122 891 2140 no-

109 2164 192 2186 stram
207 2159 430 2191 instituissemus.
447 2160 512 2195 quid
535 2161 656 2191 tandem,
684 2169 788 2195 quaeso,
809 2162 889 2188 utili-

942 233 988 260 illa
1017 233 1223 261 resurrectione
1256 234 1416 262 traduntur.
1445 234 1514 261 Nam
1540 235 1562 262 si
1596 235 1728 262 mortales

941 282 1006 304 sunt
1026 280 1135 310 animze,
1148 279 1224 306 nullo
1245 286 1360 314 prorsus
1384 279 1465 306 tnodo
1483 279 1509 306 in
1532 279 1666 313 judicium
1687 288 1730 306 re-

942 329 1064 357 surgent.
1088 332 1139 351 nec
1159 326 1365 359 uniuscujusque
1397 333 1461 359 opus
1484 325 1564 359 quale
1591 330 1627 352 est
1659 326 1727 360 ignis

942 369 1060 402 probabit
1076 370 1096 400 ³,
1118 375 1146 396 ιιι
1167 370 1259 402 magni
1290 370 1363 397 illius
1385 371 1518 402 pra-conis
1540 371 1616 397 Pauli
1633 371 1727 397 verbis

947 419 1017 440 utar.
1035 414 1093 441 lam
1119 416 1166 448 qui
1186 416 1242 441 fieri
1262 416 1359 449 possit.
1385 420 1413 442 ut
1442 416 1540 442 animre
1563 416 1727 442 mertalitati

943 459 1138 493 subiiciantur.
1155 467 1216 486 cum
1243 465 1282 486 tot
1296 461 1397 487 tnortui
1413 468 1426 486 a
1441 461 1563 492 Christo,
1585 461 1728 495 prophetis

943 505 1117 538 etapostolis
1145 505 1256 531 excitati
1282 504 1356 531 sint?
1375 504 1401 531 Si
1418 505 1491 531 enim
1514 505 1644 531 mortales
1659 505 1728 531 fuis-

943 556 1014 582 sent,
1028 551 1054 577 in
1080 558 1194 584 corpora
1211 556 1284 578 certe
1315 551 1424 585 propria
1444 558 1583 584 nunquam
1606 558 1729 577 remeas-

946 599 1017 623 sent.
1036 596 1093 622 lmo
1110 603 1175 622 vero
1192 595 1290 622 anima:
1314 600 1377 623 sunt
1405 596 1583 626 immortales,
1597 601 1628 622 ut
1646 603 1730 623 sacrae

943 642 1042 676 passim
1061 645 1196 668 testantur
1210 641 1330 673 Littera',
1344 641 1378 668 de
1394 641 1494 676 quibus
1509 642 1646 676 sigillatim
1671 641 1731 668 dis-

943 693 1035 713 serere
1053 685 1221 720 superfluum
1246 685 1338 716 fuerit,
1358 689 1388 712 ut
1406 693 1501 712 omnes
1517 685 1596 712 facile
1613 689 1727 712 norunt.

943 731 1015 764 Quin
1026 731 1107 758 etiam
1124 731 1141 757 ii
1162 731 1208 764 qui
1226 731 1259 756 de
1273 731 1366 757 mundi
1378 731 1482 765 origine
1498 731 1646 765 conscripti
1663 735 1729 758 sunt

944 779 1018 809 libri,
1056 778 1128 804 inter
1145 777 1286 803 hominum
1302 781 1330 803 et
1354 777 1496 803 brutorutu
1511 777 1617 803 animas
1633 776 1732 803 dist-ri-

945 824 1027 850 minis
1055 823 1108 850 hoc
1121 827 1257 854 statuunt,
1282 827 1313 849 ut
1328 823 1470 848 brutorum
1497 823 1587 848 anima
1620 823 1731 858 sanguis

944 869 1102 897 earumdem
1117 868 1236 897 dicatur,
1251 871 1280 894 ut
1302 875 1355 893 una
1372 874 1433 893 cum
1449 874 1564 900 corpore
1587 867 1723 899 intereat;

945 913 1085 940 hominum
1102 920 1166 939 vero
1194 911 1292 938 animae
1305 910 1436 944 spiraculi
1463 910 1548 937 divini
1567 918 1665 937 nomen
1687 916 1731 938 at-

947 959 1079 986 tribuitur
1097 967 1104 985 :
1122 959 1194 993 quod
1210 957 1321 992 quidem
1339 956 1507 991 spiraculum
1537 957 1655 984 animam
1684 965 1731 984 ra-

946 1005 1028 1032 tionis
1041 1009 1069 1032 et
1082 1004 1240 1031 intellectus
1254 1002 1428 1038 participem.
1442 1006 1524 1037 atque
1537 1002 1605 1030 adeo
1619 1003 1732 1030 immor-

945 1052 1025 1079 talem
1039 1051 1167 1078 dicimus.

981 1097 1056 1124 Alias
1076 1103 1141 1123 vero
1167 1094 1361 1122 communibus
1379 1094 1503 1121 omnium
1525 1097 1553 1121 et
1572 1092 1733 1122 notionibul

943 1147 969 1169 et
986 1141 1162 1176 opinionibus
1184 1139 1282 1174 dogma
1297 1139 1455 1174 huiusmodi
1475 1143 1621 1174 repugnat.
1651 1137 1733 1165 Com-

944 1188 1021 1215 muni
1036 1187 1109 1214 enitn
1127 1186 1263 1220 gentium,
1286 1189 1422 1220 quotquot
1434 1190 1498 1212 sunt
1515 1192 1663 1216 consensu,
1678 1185 1731 1211 im-

944 1232 1076 1260 mortales
1106 1239 1166 1259 esse
1195 1231 1293 1257 animo:
1319 1230 1473 1257 videntur:
1499 1230 1632 1264 multique
1663 1230 1732 1257 adeo

945 1279 1138 1306 net-romantia:
1163 1276 1278 1304 studiosi
1302 1277 1407 1303 animas
1423 1280 1583 1308 evocarunt,
1598 1279 1626 1303 et
1642 1275 1675 1302 de
1686 1283 1730 1302 re-

945 1325 997 1351 bus
1021 1323 1122 1351 futuris
1142 1322 1293 1356 percontati
1309 1326 1383 1349 sunt.

981 1369 1142 1396 Aristoteles
1157 1377 1233 1402 ergo.
1247 1373 1273 1394 et
1287 1367 1412 1402 quisquis
1427 1367 1502 1394 illum
1515 1371 1627 1394 secutus
1641 1367 1733 1394 Thuc-

948 1415 1140 1449 topsyeliicus,
1171 1413 1291 1440 animam
1312 1413 1470 1440 mortalitati
1493 1413 1640 1440 obnoxiam
1668 1413 1732 1439 lana

947 1460 1111 1489 redimitus,
1134 1465 1331 1493 unguentoque
1359 1459 1518 1490 delibutus,
1549 1457 1731 1484 hirundinum

908 1518 928 1547 ε
948 1515 1023 1533 more
1051 1506 1161 1532 asserit.
1190 1505 1229 1531 Ab
1254 1512 1349 1530 eorum
1376 1510 1448 1531 cortu
1474 1503 1654 1537 explodatur,
1682 1503 1732 1538 qui

944 1553 1054 1579 Christo
1069 1551 1178 1577 nomina
1194 1550 1253 1576 dmi.
1267 1555 1340 1577 runt.
1357 1550 1424 1576 Nam
1440 1549 1565 1576 Christus
1578 1557 1593 1576 a
1615 1549 1732 1576 mortuis

943 1598 1073 1627 surrexit,
1092 1603 1118 1623 et
1134 1596 1191 1622 fore
1211 1595 1349 1630 politeiltts
1365 1600 1424 1627 est,
1452 1599 1480 1622 ut
1493 1600 1521 1622 et
1536 1602 1587 1622 nos
1605 1594 1731 1629 aliquan-

943 1643 978 1670 do
994 1650 1178 1676 resurgatnus.

977 1691 1054 1724 Quod
1072 1695 1162 1717 autem
1183 1689 1311 1716 Salomon
1326 1689 1364 1715 ait
1385 1698 1390 1714 :
1415 1688 1479 1720 Quis
1501 1689 1572 1714 novit
1585 1688 1607 1714 si
1623 1687 1731 1722 spiritus

943 1737 1060 1771 ﬁliorum
1081 1736 1166 1762 Attum
1188 1735 1313 1762 ascendat
1339 1743 1455 1762 sursum.
1480 1739 1505 1760 et
1523 1735 1545 1760 si
1559 1735 1668 1768 spiritus
1684 1734 1732 1768 ju-

943 1787 1089 1809 mentorum
1105 1781 1243 1808 descendat
1262 1781 1383 1807 deorsum
1398 1780 1420 1807 δῖ)
1442 1780 1467 1807 id
1484 1787 1548 1806 vero
1568 1779 1646 1814 longe
1658 1778 1732 1806 aliud

943 1834 995 1857 est.
1015 1829 1070 1855 Nec
1084 1827 1156 1854 enim
1174 1827 1207 1854 de
1235 1827 1393 1853 hotninibus
1414 1830 1442 1853 et
1463 1826 1552 1853 brutis
1569 1833 1603 1853 eo
1621 1825 1648 1852 in
1671 1825 1731 1852 loco

943 1874 1027 1902 verba
1045 1873 1120 1905 facit,
1150 1878 1286 1908 quatenus
1311 1873 1453 1900 hominum
1474 1873 1564 1900 anima
1591 1872 1704 1899 rationis
1718 1892 1726 1905 ,

942 1921 1088 1947 bruterum
1104 1924 1196 1946 autem
1212 1920 1272 1946 vitae
1289 1923 1394 1946 tantum
1405 1919 1488 1954 idque
1497 1919 1640 1954 sanguinis
1651 1918 1733 1946 benc-

943 1967 1005 1993 ﬁcio
1019 1965 1156 2000 particeps
1172 1969 1222 1996 est,
1243 1972 1292 1992 nec
1306 1965 1403 1991 horum
1430 1965 1580 1999 quidquam
1602 1972 1617 1991 a
1638 1969 1728 1990 morte

943 2016 1089 2046 superest:
1118 2016 1145 2037 et
1175 2018 1227 2038 una
1256 2019 1318 2038 cum
1345 2018 1460 2045 corpore
1500 2011 1591 2037 anima
1621 2017 1731 2044 quoqtte

943 2059 1002 2092 ipsa
1018 2057 1187 2084 dissolvitur.
1208 2055 1352 2083 Hominum
1366 2064 1447 2091 porro
1462 2056 1532 2083 ﬁlios
1543 2057 1595 2083 hoc
1608 2056 1667 2083 loco
1682 2062 1734 2082 eos

944 2105 970 2131 iu
986 2104 1080 2138 primis
1095 2107 1183 2135 vocat,
1210 2103 1257 2137 qui
1273 2110 1307 2130 ex
1333 2103 1448 2130 rationis
1462 2102 1623 2137 praescripto
1645 2102 1729 2128 vitam

945 2151 1103 2182 instituunt,
1127 2154 1156 2176 et
1181 2150 1240 2175 suis
1254 2140 1399 2177 affectibus
1412 2149 1557 2184 imperant.
1572 2156 1619 2175 eus
1633 2153 1729 2175 contra

109 2206 173 2232 mis
188 2213 221 2233 ex
247 2207 313 2241 ipsis
339 2185 580 2242 ,eporiagsemus?
604 2185 656 2234 an;
670 2185 789 2241 ηξιοηθηξ
810 2207 891 2234 modo
908 2185 930 2212 θ
945 2197 990 2232 qui
1008 2197 1034 2223 in
1063 2200 1162 2222 terram
1181 2196 1278 2222 ceruui
1292 2199 1320 2222 et
1336 2195 1436 2230 obstipi
1454 2195 1648 2230 procumbunt,
1666 2202 1728 2221 cum

109 2252 181 2287 quod
208 2253 359 2284 credimus,
382 2253 408 2280 id
434 2254 560 2280 oratione
587 2253 793 2281 setseitantibus
807 2255 893 2289 expli-

108 2305 169 2325 care
185 2298 383 2333 potuissemus?

422 2356 496 2384 CAP.
515 2357 571 2384 XL.

108 2399 316 2435 Quadragesima
330 2403 448 2433 htrresis,
472 2402 752 2438 TImetopsyr/iitarum
765 2423 772 2432 .
789 2403 837 2438 liae
854 2408 891 2430 est

141 2443 229 2473 eorum
242 2437 448 2473 quianimurum
462 2438 687 2473 immortalitatem
704 2445 811 2471 negant.
825 2437 890 2473 [llos

142 2471 397 2508 roufututprigenfs
410 2473 480 2507 apud
494 2471 647 2507 Eusebium,
663 2473 710 2500 lib.
724 2480 761 2505 vt,
771 2471 834 2508 cap:
843 2474 888 2506 26,

142 2505 244 2532 Hister.
264 2505 376 2540 Eccles.]

139 2559 379 2596 Tlinetopsycbita:
390 2561 532 2588 hominum
547 2563 680 2595 animam.
706 2563 806 2590 animm
819 2563 884 2589 hru-

108 2612 198 2634 torum
217 2608 334 2634 similem
348 2614 419 2639 esse,
435 2612 518 2641 atque
532 2616 586 2635 una
601 2617 663 2636 eum
675 2616 792 2644 corpore
814 2609 885 2635 inte-

107 2653 159 2680 rire
171 2656 307 2682 asserunt.

247 2708 382 2736 [hereseos
397 2709 567 2744 pra'cetlentis
588 2711 743 2745 confatalia.

143 2766 218 2792 Falsa
239 2760 304 2793 sunt
319 2773 395 2801 ergo,
413 2766 434 2793 si
450 2766 514 2794 huic
540 2767 679 2795 traditioni
693 2768 770 2796 locus
794 2768 885 2799 detur,

140 2823 148 2838 '
169 2823 191 2850 II
205 2824 268 2850 Cor.
288 2833 314 2857 ν,
330 2825 374 2851 Π.
414 2824 424 2840 ³
439 2825 460 2851 11
472 2825 536 2852 Cor.
551 2833 591 2852 ιιι.
610 2826 652 2852 15.

704 2827 713 2841 ⁸
725 2827 816 2854 Ecele.
832 2834 873 2859 ut,
892 2827 936 2854 3|.

941 2242 1073 2278 jumcutis
1085 2240 1191 2268 confert
1205 2240 1333 2268 Salomon
1347 2242 1419 2268 idem
1446 2241 1502 2273 ille,
1516 2241 1563 2275 qui
1590 2241 1734 2274 justorum.

942 2291 1047 2317 animas
1071 2288 1098 2314 in
1126 2286 1172 2313 Dei
1201 2288 1327 2315 manibus
1347 2293 1410 2315 esse
1435 2287 1489 2315 alio
1517 2287 1544 2314 in
1570 2287 1630 2315 loco
1655 2293 1737 2314 δεδο-

942 2336 996 2365 rait
1010 2338 1032 2365 ".

1250 2395 1324 2423 CAP.
1339 2394 1408 2421 XLI.

941 2442 949 2451 '
966 2441 1174 2475 tharagcsima
1191 2442 1278 2476 prima
1290 2441 1395 2467 lucraris
1409 2460 1415 2469 .
1433 2437 1667 2472 Christolytarum,
1681 2434 1729 2461 hoc

1011 2483 1060 2508 est,
1075 2485 1164 2503 eorum
1179 2478 1223 2510 qui
1235 2476 1331 2504 Christi
1349 2480 1475 2502 naturam
1491 2477 1638 2500 destruunt.

975 2533 1133 2568 Christolyti
1156 2533 1300 2560 Dominum
1326 2536 1450 2560 nostrum
1476 2529 1567 2558 Jesum
1585 2527 1731 2555 Christum

942 2584 1003 2613 post
1028 2579 1257 2606 resurrectionem
1273 2587 1288 2605 a
1311 2577 1445 2606 mortuis,
1469 2574 1589 2601 animato
1611 2579 1730 2606 corpore

940 2633 990 2652 suo
1010 2625 1035 2652 iu
1049 2625 1132 2652 terris
1143 2625 1250 2656 relicto,
1273 2631 1326 2651 una
1345 2631 1406 2650 cum
1423 2620 1496 2648 nuda
1508 2624 1536 2647 et
1551 2617 1669 2653 simplici
1682 2616 1724 2644 di-

941 2669 1052 2696 vinitate
1065 2669 1090 2696 itt
1107 2669 1190 2697 cmlos
1202 2669 1357 2696 ascendisse
1370 2666 1550 2694 contendunt.

1090 2723 1226 2751 llwrescos
1241 2723 1411 2758 prrrcctlentis
1425 2721 1581 2755 confutatio.

975 2769 1056 2804 Atqui
1073 2769 1172 2804 angeli.
1193 2769 1239 2803 qui
1254 2767 1384 2802 apostolis
1407 2771 1471 2793 tunc
1485 2764 1616 2799 temporis
1639 2771 1724 2799 appao

973 2828 983 2842 ³
995 2827 1058 2862 Stp.
1075 2835 1116 2859 in,
1137 2828 1159 2853 Ι.
