1927 3085
186 99 258 132 13$?!

181 160 308 186 ruerunt.
325 163 378 190 quo
393 156 518 184 Christus
533 163 593 183 cum
606 162 718 190 corpore
735 155 762 182 in
777 155 860 182 caelos
871 162 968 182 ascen-

180 201 234 234 dit,
261 202 298 228 ita
316 201 464 228 dicebam:
487 200 541 228 Viri
569 201 691 232 Culilwi,
718 201 780 235 quid
796 201 968 226 admit-nmini

181 247 348 280 suspicientes
371 247 397 272 in
423 245 542 272 emtum?
560 245 607 272 Hic
630 245 723 275 Iesus,
740 247 793 280 'qm’
817 250 967 279 assumptus

181 295 220 316 est
239 299 255 317 α
272 290 356 321 vobis,
373 291 409 317 ita
423 292 505 317 veniet
519 299 620 321 rursus,
634 291 854 325 quemadmodum
869 291 967 317 vidistis

182 343 240 360 eum
256 336 437 362 ascendentem
451 337 477 361 in
492 335 582 362 caelum
599 336 619 362 ⁸.
660 357 664 359 .

218 380 269 406 Sed
283 385 433 415 martyrum
448 388 556 415 quoque
581 381 776 415 antesignanus
798 381 966 415 Stephanus,

182 432 245 451 eum
269 426 377 459 jainjam
399 427 471 453 saxis
498 434 513 452 a
532 426 632 453 Judaeis
661 425 855 454 adobruendus
875 432 967 454 esset:

187 470 264 502 Ecce,
277 471 376 505 inquit,
393 472 466 498 video
486 472 561 498 cwlos
575 478 689 506 apertos,
706 478 729 499 et
745 473 840 500 Filium
858 474 968 501 hominis

181 520 295 541 stantem
311 525 327 542 (ι
343 516 442 543 dextris
461 517 507 544 Dei
521 517 540 543 ⁷.
558 518 656 545 Filium
672 519 719 550 Dei
736 524 825 552 vocat,
843 527 897 546 non
921 520 968 554 qui

185 561 281 587 relicto
296 569 423 595 corpore,
452 570 514 589 cum
542 564 598 590 sola
626 568 650 592 et
679 564 796 598 simplici
826 564 969 591 divinitate

184 606 350 640 asaenderit,
370 608 416 634 sed
433 609 478 642 qui
495 616 605 636 carnem
621 617 713 637 secum
728 611 755 637 in
773 611 857 637 ctelos
871 618 970 638 ascen-

185 651 254 678 dens
270 653 464 686 asportaverit.
484 654 561 686 Quod
581 655 631 681 nisi
649 663 677 682 se
695 655 732 682 ita
756 663 800 682 res
816 656 968 688 habuisset,

185 703 299 730 corpore
311 703 384 724 certe
398 703 511 725 exutum
522 699 568 726 Dei
586 700 683 726 Filium
704 700 827 727 dixisset.
845 701 969 736 Evange-

185 740 247 766 lista
263 748 344 774 porro
359 741 398 768 ait
414 751 420 768 :
442 742 568 769 Dominus
584 744 687 776 quidem
710 749 849 779 postquam
867 745 968 773 locutus

186 789 224 810 est
241 787 286 818 eis,
305 793 453 821 assumptus
472 793 510 814 est
535 789 563 815 in
582 789 692 821 mlum,
709 794 732 816 et
744 790 814 817 sedet
840 799 856 817 a
871 791 969 818 dextris

186 830 234 856 Dei
248 830 268 857 ⁸.
283 832 444 866 Assumptus
470 837 522 863 est,
548 834 679 868 inquam,
707 842 739 861 eo
764 843 826 861 cum
846 844 971 870 corpore,

186 883 317 910 cumquo
334 884 429 910 passus
445 878 543 911 fueral,
561 884 760 912 resurrexerat,
781 888 865 916 seque
890 881 974 908 disci-

187 922 314 956 pulorum
330 923 457 952 manibus
471 926 699 953 contrectandum
717 928 883 962 przebuerat.

493 991 568 1019 CAP.
580 993 662 1021 XLII.

188 1043 398 1087 Quqdragesima
432 1049 547 1087 secunda
581 1050 709 1087 hafresis,
745 1051 973 1087 Ethnephronum,

239 1081 286 1123 hoc
305 1085 359 1123 ‘ext,
386 1089 475 1108 eorum
497 1085 541 1118 qui
551 1085 660 1119 gentiles
680 1081 878 1121 superstitiones
910 1081 974 1123 effe:

238 1120 354 1144 ctantur.

221 1172 443 1209 Etlinophrones,
460 1176 511 1203 hoc
537 1181 589 1209 cst,
601 1179 744 1212 gentilium
769 1180 871 1208 rituum
887 1186 914 1209 et
931 1189 976 1209 su-

187 1220 380 1252 perstitionum
399 1221 569 1256 imitatores,
583 1228 613 1250 ut
630 1225 734 1252 caeteris
757 1225 784 1252 in
813 1227 896 1254 rebus
911 1236 973 1254 cum

188 1262 353 1293 Christianis
379 1268 539 1295 orthodoxis
564 1270 740 1300 conveniant.
769 1271 796 1298 in
821 1272 873 1299 hoc
901 1279 975 1301 certe

188 1309 367 1343 dissentiunt,
393 1315 466 1347 quod
479 1315 590 1348 gentilis
606 1316 811 1349 superstitionis
828 1318 976 1345 studiosio-

188 1354 233 1381 res
245 1363 334 1389 aequo,
354 1358 478 1392 genesi",
498 1358 552 1386 hoc
563 1363 604 1386 est
621 1359 776 1387 natalitium
801 1361 887 1393 sidus,
918 1362 976 1389 for-

188 1403 294 1432 tunam,
307 1400 404 1433 l‘ptum,
422 1404 627 1437 astronomiam,
641 1409 669 1431 et
685 1406 860 1440 astrologiam
888 1407 976 1434 intro-

188 1445 293 1473 ducunt
307 1451 334 1473 et
354 1449 499 1483 recipiunt.
519 1449 586 1477 Item
599 1450 729 1478 vaticinia
738 1456 765 1478 et
779 1451 974 1487 divinationes,

187 1499 248 1525 qua:
265 1494 394 1527 auguriis,
421 1497 561 1530 auspiciis,
579 1497 768 1531 cledonismis,
795 1499 846 1526 hoc
875 1505 917 1527 est
934 1500 976 1527 in-

187 1537 257 1563 certi
280 1540 402 1566 auctoris
427 1541 603 1573 rumoribus,
633 1542 856 1576 expiationibus,
883 1545 976 1579 prodi-

188 1582 250 1615 giis,
273 1583 517 1618 incantationibus,
530 1591 558 1614 et
575 1588 684 1614 caeteris
699 1588 725 1614 id
743 1597 828 1623 genus
838 1595 975 1622 constant,

190 1635 243 1654 non
258 1628 316 1656 sine
333 1629 452 1662 dierum,
482 1632 628 1664 mensium,
657 1637 809 1667 temporum
828 1642 977 1662 annorum-

189 1680 242 1707 que
256 1674 460 1708 observatione,
476 1677 678 1711 amplexantur.

332 1730 468 1759 Ila'reseos
485 1733 656 1767 pra'cedentis
667 1735 824 1769 confutatis.

227 1785 289 1812 [late
302 1794 412 1821 quoque
428 1788 520 1815 omnia
544 1788 710 1818 Christianis
725 1791 883 1821 hominibus
900 1802 978 1822 aver-

190 1831 275 1858 sanda
291 1836 365 1864 sunt,
391 1841 508 1867 quorum
523 1842 586 1869 spes
599 1837 690 1863 omnis
703 1845 717 1864 a
735 1837 791 1865 Deo
804 1840 910 1873 optimo
922 1849 978 1868 ma-

191 1875 265 1904 ximo
283 1877 430 1912 dependet.
463 1879 530 1906 Nam
559 1881 582 1908 si
608 1882 678 1916 apud
708 1883 791 1911 Deum
817 1885 860 1912 Vel
886 1887 976 1921 capilli

191 1923 278 1949 nostri
299 1924 436 1951 numerati
450 1930 525 1958 sunt,
542 1934 593 1953 nec
606 1927 678 1954 ullus
693 1935 843 1962 passerum,
855 1930 901 1964 qui
917 1939 978 1959 asse

191 1973 321 2002 \eneuut,
341 1969 366 1996 in
386 1970 547 2005 cujusquam
573 1977 631 1999 rete
647 1973 750 2008 absque
772 1974 818 2001 Dei
837 1976 978 2004 voluntate

191 2016 265 2042 cadit
283 2017 292 2032 ³
310 2025 316 2043 :
335 2016 449 2051 ipseque
469 2017 538 2044 adeo
565 2018 651 2045 Jobus
678 2019 762 2046 animi
790 2021 977 2054 magnitudine

191 2067 307 2089 caeteros
330 2071 426 2091 omnes
439 2064 619 2096 antecellens,
638 2072 700 2091 cum
724 2073 836 2092 uxorem
854 2067 979 2102 increpa-

191 2115 235 2134 ret
253 2117 259 2134 :
277 2108 307 2135 Si
321 2109 399 2143 bona,
413 2110 532 2142 dicebat,
551 2111 582 2137 de
596 2119 676 2138 manu
688 2111 792 2139 Domini
806 2115 977 2148 suscepimus,

193 2154 265 2182 mala
279 2164 361 2190 quare
376 2164 426 2182 non
437 2157 612 2183 sustinuimus
628 2158 648 2172 ¹⁰
664 2158 675 2184 ?
697 2158 762 2185 hinc
775 2159 898 2186 divinum
929 2168 980 2187 au-

192 2199 286 2226 xilium
315 2205 414 2234 prmsto
443 2202 550 2229 cunctis
578 2201 660 2230 rebus
691 2210 774 2236 esse,
803 2205 979 2238 perspicuum

191 2250 243 2272 CSI.

227 2291 278 2324 Qui
293 2300 358 2327 ergo
373 2292 431 2327 fieri
446 2298 546 2328 potest,
566 2299 596 2321 ut
610 2303 643 2322 ex
655 2295 811 2330 huiusmodi
829 2296 981 2324 all‘ectioui-

193 2335 254 2368 bus,
271 2337 391 2372 itemque
406 2346 439 2366 cx
467 2344 603 2367 astrorum
627 2341 828 2375 progressibus,
847 2342 979 2377 regressi-

193 2383 255 2415 bus,
274 2383 356 2411 variis
369 2384 472 2419 ﬁguris,
484 2391 511 2413 et
531 2394 624 2413 earum
640 2387 891 2419 observationibus,
905 2396 981 2416 com-

194 2429 267 2457 modi
285 2435 333 2457 aut
350 2429 517 2459 incommodi
531 2433 678 2467 quidquam
694 2433 718 2460 ei
739 2433 866 2460 accidere
881 2438 975 2469 queat,

193 2474 241 2509 qui
258 2475 341 2502 rebus
355 2475 408 2503 illis
432 2476 554 2504 intentus
568 2477 674 2505 fuerit?
691 2478 719 2505 Si
734 2478 806 2505 enim
831 2479 979 2510 elementa.

194 2529 250 2548 non
263 2529 341 2550 secus
359 2528 442 2557 atque
467 2523 593 2551 homines
613 2523 676 2558 ipsi,
691 2525 814 2559 subjecta
829 2529 893 2552 sunt
909 2524 980 2552 divi-

194 2575 230 2593 no
248 2568 337 2600 nutui,
364 2576 417 2603 quo
431 2569 538 2596 tandem
567 2569 647 2596 modo
663 2569 788 2597 humanm
811 2571 978 2606 conjecturae

195 2618 289 2649 pati-re
301 2619 447 2649 poterunt,
465 2615 491 2642 in
505 2616 605 2650 quibus
618 2616 730 2643 divinus
749 2616 794 2643 ille
816 2621 911 2644 contra
929 2625 979 2645 nos

197 2666 232 2685 ni:
245 2663 298 2691 tus,
323 2659 563 2687 observationibus
580 2661 689 2688 illorum
710 2661 866 2688 contrarius
882 2661 981 2696 depre-

196 2704 354 2733 henditur?
384 2707 450 2734 Nam
483 2707 617 2739 sicunde,
642 2707 720 2735 verbi
749 2708 835 2743 gratia
850 2728 857 2740 ,
879 2707 981 2736 bellum

234 2797 243 2811 ‘
257 2798 315 2825 Act.
329 2807 348 2831 ι,
365 2799 404 2826 ll.

445 2800 454 2815 '
470 2799 531 2827 Act.
545 2808 598 2833 vn,
699 2802 708 2814 "
720 2800 801 2828 Marc.
829 2807 884 2832 xvi,
904 2799 944 2827 19.

798 99 949 131 NICETIE
963 97 1166 129 CHONIATzE

1747 98 1796 130 13
1803 97 1869 128 44

983 154 1005 182 Α
1022 152 1174 187 irrumpat,
1197 155 1245 180 aut
1259 152 1286 180 in
1303 152 1371 180 mari
1391 156 1537 188 tempestas
1558 154 1713 187 exoriatur,
1742 154 1867 181 Deus

1019 202 1071 230 est,
1089 198 1136 232 qui
1152 205 1228 225 mare
1251 198 1409 229 conturbat,
1435 198 1624 233 permittitque
1639 203 1670 226 ut
1687 199 1862 226 militum

1019 243 1046 270 in
1064 243 1172 277 noslfiat
1187 243 1318 270 incursio.
1334 243 1468 276 Quocirca
1484 244 1584 270 bellum
1597 244 1770 275 suscitasse.
1810 248 1863 271 ul

1019 296 1051 315 ex
1068 289 1205 322 plerisque
1219 289 1375 316 divinarum
1403 288 1606 322 Seripturarum
1628 289 1700 316 locis
1717 289 1861 316 videre

1018 339 1072 365 est,
1089 334 1130 360 vel
1148 342 1244 361 navem
1257 342 1311 361 una
1337 341 1399 361 cum
1427 334 1620 369 navigantibus
1639 334 1860 361 demersisse

1020 379 1118 406 merito
1137 379 1255 407 dicatur.
1289 379 1390 407 Contra
1414 387 1497 412 vero,
1522 379 1566 406 hic
1590 381 1672 407 astris
1695 380 1856 406 inhians

1019 425 1208 453 Mamaeuthus
1224 425 1298 458 duci,
1319 425 1365 452 cui
1380 425 1542 456 internecio,
1559 425 1693 459 naviSque
1710 425 1855 460 guber-

1019 471 1130 503 natori,
1153 471 1198 498 cui
1231 471 1403 505 naufragium
1428 472 1587 504 immineat,
1613 470 1716 498 ofﬁciis
1746 471 1858 496 artis

1020 520 1102 542 utens
1115 535 1122 546 ,
1138 522 1199 548 quae
1220 515 1310 542 laetum
1327 519 1353 541 et
1373 514 1540 542 fortunatum
1556 515 1628 542 diem
1656 514 1855 549 pollicean-

1021 565 1076 591 tur,
1093 560 1131 586 illi
1153 560 1275 594 quidem,
1292 565 1322 586 ut
1343 560 1428 587 aciem
1448 560 1580 590 instruat,
1604 559 1669 586 huic
1686 568 1772 591 vero,
1798 565 1851 586 ul.

1020 613 1096 632 oram
1113 605 1212 636 solvat,
1233 606 1348 640 velaque
1367 605 1514 639 expandat,
1533 610 1630 632 auctor
1644 609 1696 632 est.
1725 605 1849 632 Num-

1021 656 1082 675 nam
1113 649 1195 684 igitur
1210 653 1345 676 astrorum
1362 657 1512 676 concursus
1535 655 1561 677 et
1589 650 1727 688 connexio
1747 657 1850 676 con—

1021 693 1114 720 silium
1133 694 1180 720 Dei
1199 695 1381 728 praevertisse.
1399 699 1446 721 aut
1470 695 1586 729 energize
1610 699 1693 729 atque
1721 695 1848 724 efﬁca-

1021 740 1069 766 ciae
1087 740 1214 774 majoris,
1232 747 1313 774 quiam
1342 740 1398 774 ipsa
1417 741 1607 772 cunctipotens
1632 740 1679 767 Dei
1713 748 1850 768 manus

1021 792 1080 811 esse
1092 784 1219 811 dicetur?
1247 785 1349 819 Impius
1362 789 1436 813 certe
1451 785 1543 818 fuerit,
1560 787 1582 813 si
1603 787 1665 821 quis
1681 787 1726 814 vel
1745 787 1818 813 laci
1831 802 1842 806 -

1024 835 1067 857 tus
1077 831 1114 858 ita
1129 838 1221 857 secum
1234 835 1353 866 reputet.

1058 877 1109 909 Qui
1124 877 1153 904 fit
1167 882 1270 910 autem,
1283 883 1312 905 ut
1328 885 1359 904 ex
1374 877 1483 906 duobus
1495 879 1617 913 regibus,
1643 879 1691 914 qui
1713 879 1836 906 iisdem

1023 930 1136 957 prorsus
1149 923 1278 950 omnibus
1294 929 1432 951 certamen
1445 924 1575 956 inierunt,
1592 929 1710 959 utroque
1728 925 1837 952 victo-

1024 969 1092 995 riam
1110 977 1142 995 ex
1166 969 1296 1004 astrologi
1330 969 1471 996 familiaris
1491 970 1720 1005 praniictionibus
1749 977 1832 1004 spe-

1027 1020 1116 1046 rante,
1133 1015 1178 1042 ille
1200 1015 1310 1050 quidem
1341 1020 1472 1051 tropaeum
1487 1017 1591 1051 erigat,
1615 1016 1659 1043 hic
1677 1020 1772 1043 alitem
1789 1016 1828 1042 in

1026 1059 1132 1086 vincula
1145 1061 1295 1095 coniectus,
1315 1061 1469 1095 turpissima
1486 1069 1601 1096 qumque
1621 1061 1716 1087 subire
1733 1068 1829 1095 coga-

1029 1106 1094 1132 tur?
1120 1106 1246 1140 quamvis
1265 1106 1362 1133 eodem
1378 1107 1530 1141 horoscopo
1547 1115 1612 1134 usus
1636 1106 1721 1133 fuerit
1735 1127 1743 1139 ,
1760 1113 1828 1142 quo

1025 1152 1081 1179 dux
1099 1152 1155 1184 ille,
1170 1152 1214 1179 cui
1230 1152 1386 1185 succubuit,
1405 1160 1471 1179 usus
1485 1152 1547 1179 est?

1062 1196 1123 1224 HRI‘C
1135 1204 1216 1231 porro
1233 1197 1254 1224 si
1272 1197 1334 1231 quis
1358 1197 1522 1232 exquisitius
1544 1197 1719 1228 consideret,
1747 1197 1830 1224 utri-

1027 1251 1113 1278 usque
1137 1245 1254 1271 l‘ortuna:
1278 1248 1306 1271 et
1321 1244 1380 1275 fati.
1402 1252 1453 1271 nec
1467 1252 1522 1271 non
1543 1244 1658 1272 curiosae
1674 1249 1825 1271 astrorum

1025 1290 1226 1324 disquisitionis
1249 1290 1322 1317 vires
1333 1290 1421 1316 nullas
1435 1298 1506 1322 esse,
1520 1290 1562 1317 vel
1573 1298 1605 1317 ex
1623 1291 1686 1325 Cyri
1698 1296 1727 1318 et
1737 1291 1825 1318 Cra:—

1027 1336 1048 1363 si
1065 1336 1188 1368 historia,
1204 1336 1401 1370 deprehendet.
1423 1336 1535 1364 Crassus
1560 1337 1633 1364 enim
1657 1337 1750 1370 Lydia:
1768 1345 1827 1364 rex

1026 1386 1054 1408 et
1066 1381 1268 1416 provinciarum
1292 1383 1426 1413 omnium,
1442 1390 1502 1417 quae
1528 1383 1562 1409 ad
1577 1383 1713 1409 Tharsum
1729 1391 1824 1418 usque

1027 1428 1247 1462 protenduntur,
1274 1427 1346 1463 Cyro
1371 1432 1504 1455 terrorem
1528 1436 1560 1455 ex
1586 1436 1619 1456 eo
1643 1429 1822 1460 incutiebat,

989 1486 1010 1515 ο
1027 1474 1100 1508 quod
1113 1474 1237 1508 pecuniis
1251 1474 1414 1505 abundaret.
1432 1482 1547 1509 quarum
1561 1475 1730 1502 adminiculo
1743 1475 1825 1502 (ιι-ευ-

1030 1527 1077 1547 cos
1091 1523 1120 1547 et
1134 1520 1202 1547 alios
1228 1520 1344 1555 populos
1361 1521 1393 1547 ad
1414 1521 1573 1548 societatem
1598 1525 1625 1548 et
1637 1521 1740 1548 auxilia
1756 1522 1823 1556 pel-

1029 1565 1112 1593 licere
1127 1569 1230 1600 posset.
1258 1565 1346 1600 Cyrus
1360 1572 1375 1592 e
1389 1566 1526 1592 contrario
1539 1565 1663 1594 Croesum
1680 1572 1813 1600 pet-terre

1029 1611 1155 1643 faciebat,
1175 1611 1334 1638 bellicarum
1347 1619 1438 1637 rerum
1449 1632 1456 1643 ,
1473 1615 1707 1645 stratagematum.
1731 1613 1823 1640 aciei—

1029 1665 1084 1692 que
1108 1657 1277 1684 instruendae
1293 1656 1404 1691 peritia,
1424 1664 1478 1691 qua
1491 1656 1602 1691 quidem
1625 1662 1722 1691 gentes
1734 1665 1823 1692 quam

1030 1702 1164 1738 plurimas
1176 1702 1331 1737 subegerat,
1349 1706 1377 1728 et
1393 1709 1450 1729 sua:
1461 1702 1558 1729 ditioni
1569 1702 1735 1736 subjecerat.
1749 1701 1824 1729 Cum

1031 1748 1113 1782 igitur
1137 1752 1253 1782 uterque
1267 1755 1298 1774 ea
1318 1751 1504 1782 praeparasset,
1521 1755 1582 1782 qua:
1605 1747 1678 1774 bello
1695 1747 1825 1781 gerendo

1030 1794 1187 1822 necessaria
1214 1793 1389 1825 videbantur,
1408 1793 1520 1820 Croesus
1535 1792 1646 1827 quidem
1671 1793 1699 1819 in
1722 1793 1824 1827 prmio

1030 1839 1186 1868 succubuit.
1204 1838 1249 1865 vel
1261 1838 1396 1870 Apollinis
1411 1838 1535 1870 oraculo,
1550 1838 1623 1873 quod
1646 1838 1683 1864 ita
1699 1846 1825 1872 prmmo-

1031 1888 1144 1911 nuerat.
1164 1883 1266 1910 Croesus
1292 1882 1389 1916 Halym
1407 1890 1548 1917 superans,
1575 1891 1701 1917 magnam
1724 1890 1825 1909 consu-

1031 1934 1083 1956 met
1105 1937 1181 1964 opum
1206 1930 1275 1960 vim;
1304 1929 1383 1963 cujus
1416 1927 1526 1962 quidem
1569 1928 1672 1955 oraCuli
1706 1928 1828 1956 nomine

1030 1975 1183 2009 Apollinem
1196 1967 1326 2001 ducentis
1336 1973 1468 2000 lateribus
1480 1974 1573 2001 aureis
1585 1973 1748 2004 donaverat.
1765 1981 1828 2009 quo

1033 2026 1156 2055 tempore
1178 2024 1206 2047 et
1233 2020 1345 2047 oraculo
1368 2020 1443 2054 ipso,
1469 2024 1497 2046 et
1519 2024 1736 2054 astronugonum
1754 2028 1822 2054 prae

1031 2066 1200 2094 dictionibus
1226 2065 1311 2092 fretus
1340 2073 1415 2092 arma
1440 2069 1536 2092 contra
1559 2065 1659 2100 Cyrum
1687 2070 1819 2091 moverat

1032 2113 1118 2148 Cyrus
1132 2121 1197 2139 vero
1216 2117 1312 2139 contra
1329 2111 1553 2146 pra-dictionibus
1569 2111 1772 2145 astrologorum
1793 2111 1829 2138 ab

997 2160 1016 2188 ι)
1032 2158 1205 2193 expeditione
1230 2162 1325 2185 contra
1348 2157 1472 2184 Croesum
1499 2156 1674 2191 suscipienda
1707 2163 1826 2184 revoca-

1032 2205 1113 2231 batur
1127 2203 1255 2238 (quorum
1272 2202 1384 2238 quidem
1408 2207 1475 2229 nutu
1493 2201 1638 2229 Chaldaica
1663 2201 1740 2236 regio
1758 2207 1826 2228 tunc

1032 2250 1163 2284 temporis
1180 2257 1235 2284 pm
1259 2249 1367 2276 caeteris
1387 2247 1516 2275 omnibus
1529 2248 1652 2282 gentium
1675 2248 1826 2282 previnciis

1032 2294 1286 2328 administrabatur)
1312 2299 1396 2329 atque
1416 2293 1485 2320 adeo
1511 2293 1545 2320 ab
1564 2293 1617 2320 illis
1644 2294 1825 2320 monebatur.

1031 2346 1062 2369 ut
1080 2341 1153 2368 aliud
1168 2341 1195 2368 in
1214 2345 1322 2375 tempus
1338 2340 1537 2374 profectionem
1554 2339 1688 2366 dill‘erret.
1716 2340 1825 2367 Divinis

1031 2392 1122 2414 autem
1136 2386 1255 2414 Daniclis
1274 2385 1396 2413 consiliis
1420 2392 1570 2420 persuasus
1583 2406 1590 2418 ,
1611 2386 1658 2420 qui
1688 2391 1822 2413 cunctan-

1030 2435 1095 2462 dum
1123 2442 1178 2461 non
1193 2441 1274 2465 esse,
1294 2432 1343 2459 sed
1370 2436 1465 2458 contra
1494 2431 1699 2466 procedendum
1726 2436 1822 2458 auctor

1029 2486 1099 2512 erat,
1114 2480 1179 2515 quia
1201 2479 1330 2506 nimirum
1360 2479 1433 2505 Deus
1457 2478 1605 2512 gloriosam
1625 2477 1663 2504 illi
1677 2477 1822 2503 victoriam

1030 2531 1175 2562 paraturus
1191 2529 1286 2556 esset,
1305 2524 1400 2559 paucis
1415 2524 1517 2558 przeliis
1538 2523 1663 2551 Crmsum
1685 2523 1713 2550 in
1733 2523 1822 2558 fugam

1030 2572 1125 2604 vertit,
1142 2571 1288 2605 vivumque
1311 2569 1420 2597 tandem
1432 2569 1516 2604 cepit,
1529 2570 1613 2596 totius
1635 2569 1757 2603 denique
1775 2569 1820 2595 im-

1034 2617 1103 2653 perii
1119 2617 1178 2652 ejus
1191 2615 1266 2643 brevi
1285 2619 1408 2648 tempore
1419 2614 1547 2641 dominus
1561 2613 1661 2640 evasit.

1070 2662 1140 2689 Audi
1154 2669 1218 2688 vero
1239 2665 1279 2693 tu,
1300 2660 1347 2695 qui
1360 2660 1536 2686 astronomia:
1561 2660 1699 2691 addictus,
1716 2663 1745 2687 et
1765 2658 1820 2686 die:

1036 2714 1063 2736 et
1079 2713 1200 2743 tempora
1221 2709 1363 2740 observas,
1381 2706 1448 2741 quid
1470 2705 1601 2741 Babyloni
1625 2706 1760 2734 Dominus
1776 2710 1820 2740 per

985 2799 1102 2827 I’Matth.
1118 2807 1143 2833 ιι,
1175 2798 1219 2831 9‘),
1236 2798 1279 2825 50.
1325 2796 1408 2825 "Job
1424 2803 1453 2830 ll,
1475 2797 1517 2825 10.
