1927 3085
113 123 197 155 1345

741 121 939 153 THESAURI
958 121 992 150 ιι
999 121 1034 151 Β.
1055 120 1105 151 IV.

1667 117 1737 149 1346

110 182 167 208 Dei
187 179 342 207 ministrum
357 178 516 213 prophetam
544 178 641 205 Isaiam
659 177 740 208 dicat,
760 184 842 212 super
859 177 903 209 iis,
919 180 941 207 Α
956 181 993 203 est
1011 186 1027 203 a
1048 183 1099 203 me.
1125 175 1188 202 Sine
1210 182 1289 202 causa
1315 179 1402 202 autem
1426 173 1515 200 colunt
1539 182 1580 200 me
1593 194 1600 206 ,
1617 174 1738 201 docentes

111 233 182 260 quae
201 223 454 252 Nabuchodonosor
470 228 564 249 contra
584 222 679 250 urbem
704 222 904 257 Hierosolymo-

110 277 182 296 rum
198 268 368 303 designavit,
389 275 452 295 cum
471 267 517 294 illa
534 267 592 294 solo
609 272 714 302 mqnata
725 287 732 299 ,
746 268 904 301 temploque

110 315 238 342 llammis
266 314 411 348 absumpto
423 332 431 344 ,
453 313 583 347 populum
613 312 751 346 captivum
767 312 880 338 ahduxit
896 320 902 337 :

111 359 270 393 Propterea
310 358 384 393 quod
411 358 548 384 desertam
587 357 727 384 reddidisti
766 357 903 384 civitatem

112 411 220 435 meam,
233 410 282 430 nec
292 403 383 437 populi
395 402 446 429 mei
458 402 585 429 misertus
598 409 637 433 es,
656 402 778 429 desertos
792 402 903 429 reddam

113 457 217 476 muros
242 454 314 480 tuos,
342 454 369 476 et
391 456 517 482 campum
532 448 708 475 desolationis
731 452 848 474 statuam
868 453 903 474 te.

114 495 353 529 Exsurgantergo
374 494 502 528 astrOIOgi
517 494 566 526 tui,
587 498 615 520 et
629 493 788 528 praedicant,
805 493 828 520 si
841 501 906 527 pos-

115 539 161 566 sis
174 539 295 574 eﬂ‘ugere
312 547 420 566 manum
436 539 542 566 Domini
560 539 592 565 “.

157 585 219 612 Alia
238 592 349 620 quoque
366 585 497 612 nonnulla
521 584 703 619 propheticus
724 584 796 611 liber
809 584 842 611 de
858 584 907 611 fal-

118 631 242 665 siloquis
266 631 410 666 astrologis
430 632 577 666 percurrit,
604 639 664 665 qua:
683 630 750 658 mihi
775 631 907 658 memoria

118 677 308 709 exciderunt,
325 677 361 704 ila
390 681 420 703 ut
444 677 578 704 verbatim
594 677 639 703 illa
655 677 757 703 referre
777 676 831 712 jam
852 683 908 703 non

119 723 162 750 sit
189 723 337 757 integrum.
359 722 505 749 Perierunt
530 722 603 748 enim
626 721 707 753 libri,
723 729 827 756 eosque
847 726 909 748 tan-

120 775 209 802 quam
224 767 252 794 in
274 766 337 794 Orci
360 771 501 798 ventrcm,
517 766 559 793 vrl
583 765 746 793 Laconicam
763 765 907 797 latebram,

121 813 286 841 Latinorum
306 816 433 843 ventres,
451 819 504 839 una
521 819 584 838 cum
609 812 709 846 opibus
732 816 759 839 et
784 812 909 846 pecuniis

122 858 199 885 meis
214 857 412 892 absorpserunt
428 865 434 883 :
452 857 545 884 multis
557 857 666 891 quidem
686 857 750 890 illis,
769 865 820 884 nec
832 857 912 884 lucu-

122 896 211 930 lentis
227 902 281 929 illis
294 901 393 936 opibus
406 902 554 934 absimiles,
573 910 633 936 quas
656 902 838 937 imperialium
855 902 912 929 oili-

123 949 234 975 ciorum
250 948 374 979 fuerunt,
398 947 501 982 quibus
527 948 624 976 ordine
649 948 790 984 graduque
817 948 912 975 debito

124 1002 189 1021 sum
207 993 415 1021 cohonestatus.

164 1040 237 1073 Quin
265 1045 293 1067 et
309 1039 420 1072 Paulus,
441 1047 472 1067 os
486 1039 575 1074 ipsum
598 1040 711 1073 Christi,
732 1041 834 1076 quique
852 1047 912 1067 om-

126 1093 192 1113 nem
208 1086 264 1112 fere
279 1090 390 1116 terram,
405 1090 644 1120 quantamcunque
670 1086 710 1113 sol
725 1086 912 1123 pulcherrimo

127 1132 186 1166 igni
204 1138 254 1158 suo
270 1130 420 1164 expositam
432 1130 515 1161 foret,
533 1131 707 1165 praedicando
720 1131 867 1165 percurrit,
885 1131 912 1158 in

128 1177 252 1211 Epistola
274 1175 307 1202 ad
320 1175 428 1203 Galatas
442 1175 478 1202 ita
490 1175 596 1208 dicens,
614 1175 829 1210 deprehenditur
845 1185 851 1202 :
864 1176 914 1203 Sed

129 1228 193 1249 tunc
215 1221 319 1257 quidem
344 1222 494 1256 ignorari/es
515 1221 616 1253 Deum,
637 1222 668 1248 iis
686 1222 731 1256 qui
748 1226 846 1248 natura
862 1230 913 1248 non

128 1273 191 1295 sunt
218 1268 265 1300 dii,
292 1267 451 1294 servicbatis.
473 1266 548 1293 Nam:
579 1270 666 1294 autem
686 1274 746 1293 cum
767 1268 915 1302 cognoveri-

131 1315 164 1341 tis
182 1314 274 1345 Deum,
292 1313 345 1340 imo
363 1313 460 1348 cogniti
471 1313 527 1339 sitis
544 1321 560 1338 a
577 1312 640 1345 Deo,
658 1312 786 1347 quomodo
810 1321 915 1339 tonuer-

133 1361 220 1388 timini
235 1362 329 1386 iterum
355 1358 389 1386 ad
404 1359 511 1392 inﬁrma
527 1363 550 1384 et
571 1367 649 1393 egena
664 1359 802 1390 elementa,
821 1359 915 1394 quibus

132 1407 218 1432 denuo
229 1405 326 1431 servire
341 1403 418 1430 vultis
432 1403 444 1429 ?
464 1402 522 1428 Dies
539 1402 682 1429 obseruatis
694 1422 701 1434 ,
718 1407 743 1428 et
759 1411 874 1435 menses,
892 1407 915 1430 et

134 1457 263 1488 tempora,
291 1455 316 1478 et
329 1458 422 1478 annos.
442 1449 527 1476 Timeo
545 1457 598 1482 uos,
615 1457 647 1475 ne
675 1449 740 1483 forte
756 1451 811 1477 sine
836 1459 916 1478 causa

954 223 1087 249 doctrinas
1113 226 1137 249 et
1164 222 1291 249 mandata
1323 222 1475 253 hominum,
1502 220 1665 247 attendentes
1687 222 1740 255 spi-

955 268 1045 294 ritibus
1070 269 1180 300 erroris,
1202 271 1226 293 et
1249 267 1283 293 ad
1304 265 1461 300 falsiloquas
1475 265 1514 298 l‘;
1539 269 1631 292 vatum
1658 265 1740 300 nugis

956 315 1077 341 animum
1102 314 1268 348 appellantes
1284 321 1291 339 :
1308 313 1371 347 quia
1396 319 1427 339 ea
1452 310 1562 346 quidem
1589 311 1659 338 scire
1686 311 1739 338 sibi

956 361 1096 394 videntur,
1114 369 1174 396 quae
1189 368 1270 395 supra
1283 360 1365 387 coalos
1378 380 1385 392 ,
1402 363 1430 386 et
1449 359 1500 385 sub
1515 362 1586 384 terra
1600 360 1673 388 sunt,
1688 364 1740 383 nec

957 406 1065 433 interim
1078 407 1234 437 advertunt,
1247 411 1347 440 quanta
1357 404 1457 430 mentis
1469 399 1590 430 excitate
1603 403 1739 433 laborent,

957 456 984 478 et
1003 455 1171 485 quantopere
1187 450 1324 480 fallantur.
1346 453 1428 482 atque
1453 449 1479 474 in
1499 447 1623 474 eamdem
1647 454 1740 473 secum

958 496 1092 528 fraudem,
1105 501 1132 524 et
1148 497 1217 523 idem
1231 496 1364 527 exitium,
1381 502 1428 521 eos
1453 493 1630 528 pertrahant,
1657 500 1741 527 quos-

959 549 1065 576 cunque
1078 550 1142 569 suos
1158 542 1185 568 in
1201 548 1291 568 casses
1308 540 1436 575 pellicere
1451 539 1602 573 potuerint.

994 588 1029 614 lis
1043 588 1115 614 enim
1143 587 1189 621 qui
1207 594 1301 621 parum
1320 585 1430 619 sapiunt
1442 605 1448 616 ,
1464 591 1515 610 ne:
1540 592 1616 617 spem
1632 590 1741 610 omnem

959 633 987 660 in
1007 633 1062 660 Deo
1082 637 1272 667 reposuerunt.
1291 632 1397 658 facilem
1407 635 1434 657 et
1454 630 1597 664 quibusvis
1619 637 1744 663 exprom-

960 681 1033 712 ptam
1045 684 1105 704 esse
1114 677 1268 703 futurorum
1278 670 1460 710 cognitionem
1473 675 1647 709 persuadent,
1661 679 1744 709 atque

961 723 1046 749 motui
1065 727 1200 749 astrorum
1218 730 1249 749 ea
1263 722 1425 752 tribuentes,
1442 727 1503 754 quae
1521 720 1618 746 divinm
1635 719 1744 754 praecel—

960 768 1052 795 lentia:
1063 767 1173 802 propria
1189 771 1217 794 et
1243 766 1392 801 peculiaria
1411 771 1485 798 sunt,
1504 774 1517 792 a
1535 773 1599 793 sana
1630 765 1744 792 erroris-

962 821 1015 849 que
1029 814 1118 841 nescia
1130 814 1259 848 opinione
1272 820 1319 840 eos
1341 812 1514 844 abstrahunt,
1541 813 1698 846 quicunque
1711 811 1744 838 ad

964 860 1076 887 anilium
1098 866 1228 893 nugarum
1253 859 1498 885 insusurrationcm
1521 860 1656 893 proclives
1686 858 1745 884 fue-

962 905 1019 932 rint
1037 914 1044 932 ε
1061 904 1291 939 quemadmodum
1305 905 1386 931 etiam
1400 905 1534 939 propheta
1549 905 1674 931 Ezechiel
1687 905 1744 931 ait:

963 950 1024 977 Htcc
1033 951 1094 977 dicit
1104 950 1228 977 Dominus
1239 950 1327 977 Deus:
1344 949 1388 977 Va:
1410 951 1540 985 prophetis
1553 950 1744 985 insipientibus,

963 996 1006 1030 qui
1013 1000 1159 1030 sequuntur
1167 996 1291 1029 spiritum
1300 1003 1388 1028 suum,
1396 1000 1420 1022 et
1430 995 1493 1022 nihil
1504 996 1600 1022 rident.
1613 994 1747 1029 Numquid

964 1048 1016 1066 non
1031 1040 1158 1066 uisionem
1173 1048 1274 1066 cassam
1291 1041 1391 1067 vidistis
1403 1059 1410 1071 ,
1427 1045 1451 1066 et
1472 1041 1658 1067 diuinationem
1676 1049 1747 1066 ηιιιιι-

963 1086 1055 1112 dacem
1070 1085 1149 1112 locuti
1162 1086 1245 1112 estis?
1260 1091 1397 1120 propterea
1415 1087 1465 1112 erit
1488 1095 1581 1112 manus
1598 1094 1654 1112 mea
1668 1094 1746 1120 super

964 1132 1120 1166 prophetas,
1148 1133 1192 1167 qui
1215 1133 1303 1159 vident
1324 1140 1412 1164 vana,
1435 1136 1459 1158 et
1484 1132 1605 1159 divinant
1635 1136 1747 1159 menda-

964 1178 1031 1204 cium
1048 1177 1079 1203 ”.
1320 1170 1322 1172 ’
1494 1208 1500 1215 _

1000 1222 1068 1255 Quia
1083 1229 1148 1250 vero
1173 1222 1238 1256 ipsae
1260 1230 1370 1257 quoque
1402 1223 1561 1250 milierculaa
1588 1223 1744 1250 futurorum

965 1268 1147 1303 cognitionem
1166 1275 1179 1295 s
1192 1269 1216 1295 bi
1235 1269 1407 1296 vindicabant
1421 1289 1427 1302 ,
1444 1277 1541 1296 rursus
1556 1269 1592 1296 ait
1609 1269 1749 1304 proph-ltte

965 1313 1117 1341 Dominus:
1147 1314 1180 1346 Et
1197 1319 1235 1346 tu,
1262 1314 1302 1348 [ili
1321 1315 1432 1342 hominis
1445 1336 1452 1348 ,
1477 1322 1544 1348 pone
1560 1315 1652 1349 faciem
1675 1321 1748 1340 tuam

966 1363 1057 1385 contra
1069 1359 1141 1391 ﬁlias
1155 1359 1245 1394 populi
1262 1361 1309 1393 tui,
1323 1368 1381 1394 quw
1392 1360 1548 1394 prophetarit
1560 1359 1591 1386 de
1599 1360 1676 1386 corde
1689 1367 1747 1389 suo,

966 1408 990 1430 et
1008 1403 1150 1430 uaticinare
1167 1412 1245 1438 super
1262 1413 1315 1436 eas,
1335 1409 1358 1431 et
1372 1405 1412 1431 dic
1428 1413 1437 1431 :
1463 1404 1523 1431 "(eo
1537 1405 1598 1431 dicit
1621 1404 1749 1430 Dominus

968 1450 1035 1477 Deus
1048 1459 1058 1478 :
1074 1451 1115 1478 Vre
1134 1459 1193 1486 qua:
1206 1456 1334 1478 consumit
1352 1451 1474 1486 pulvillos
1498 1451 1547 1477 sub
1569 1451 1641 1477 omni
1664 1451 1749 1477 cubito

135 1497 308 1524 laboraverim
325 1497 352 1523 in
378 1495 456 1522 vobis.
480 1494 568 1522 Estote
584 1497 650 1521 sicut
667 1503 712 1529 ego
724 1515 730 1526 ,
747 1496 809 1530 quia
834 1500 858 1522 et
871 1505 916 1531 ego
930 1505 952 1534 ρ
968 1504 1062 1523 manus
1078 1504 1087 1523 :
1113 1501 1136 1523 et
1159 1497 1259 1531 faciunt
1281 1495 1419 1524 cervicalia
1448 1496 1493 1523 sub
1513 1497 1597 1531 capite
1624 1496 1750 1522 uniuersis

133 1546 198 1571 sicut
209 1551 252 1571 vos
269 1543 300 1570 ".

171 1589 265 1624 Itaque
279 1586 404 1623 quisquis
425 1587 610 1615 observationi
622 1588 760 1615 astrorum
787 1587 917 1615 immora-

137 1642 193 1667 tur,
210 1635 296 1670 iisque
311 1634 391 1661 fidem
409 1633 500 1665 habet,
519 1641 579 1667 qua
604 1634 637 1660 ab
655 1633 797 1668 astrologis
818 1633 917 1660 dicun-

138 1687 193 1713 tur,
212 1681 292 1707 tacite
307 1680 486 1710 Mercurium.
508 1679 667 1710 Saturnum,
687 1678 811 1710 Martem,
826 1684 918 1706 eteae—

139 1731 194 1753 tera
209 1727 298 1752 sidera
315 1726 390 1756 colit,
406 1731 467 1759 quae
481 1728 555 1751 motu
586 1731 635 1750 suo
649 1724 675 1750 in
688 1725 783 1750 orhem
797 1725 916 1750 circnm-

138 1772 271 1798 feruntur.
295 1769 424 1802 Quamvis
442 1769 514 1796 enim
539 1776 590 1796 nec
604 1776 689 1796 aereas
703 1769 771 1800 illis.
788 1768 917 1803 neclapi-

138 1816 203 1843 deas
226 1815 357 1849 imagines
373 1818 526 1846 consecret,
557 1821 608 1841 nec
633 1818 694 1840 actu
709 1814 742 1840 ad
765 1814 918 1840 orationem

139 1868 192 1895 pra:
209 1867 238 1888 se
254 1860 332 1892 ferat,
348 1860 381 1887 iis
398 1864 486 1886 tamen
503 1860 585 1886 altum
601 1859 704 1885 cultum
723 1859 853 1886 exhibere
870 1867 917 1886 co-

139 1905 281 1940 arguitur,
311 1913 345 1933 eo
370 1905 442 1940 quod
472 1913 504 1932 ex
533 1905 641 1931 illorum
666 1904 918 1932 circumvolutionis

140 1951 281 1979 eﬂ‘ectibus
303 1951 449 1986 dependet.
475 1950 589 1984 Oportet
614 1950 706 1982 enim,
729 1954 760 1977 ut
785 1951 832 1985 qui
860 1952 918 1978 veri

140 1997 283 2024 Christiani
297 2003 397 2023 nomen
416 2003 470 2022 non
489 1995 668 2027 mentiuntur,
685 1996 776 2022 omnia
801 2003 858 2022 uno
874 2004 921 2023 eo-

141 2042 254 2076 demque
271 2041 352 2067 modo
368 2041 513 2067 cnuntient
527 2059 534 2072 ,
562 2048 622 2074 qua:
637 2047 652 2066 a
667 2040 760 2066 divina
773 2040 920 2067 Providen—

142 2087 175 2114 tia
199 2086 382 2122 proveniunt,
399 2086 451 2113 hoc
478 2093 540 2113 cum
561 2085 660 2113 Davide
678 2086 845 2121 psallentes:
867 2088 920 2114 Ad-

142 2133 209 2159 htesit
225 2132 314 2158 anima
327 2138 385 2157 mea
396 2134 452 2165 post
465 2134 489 2156 te
501 2130 533 2158 ".

970 1542 1057 1569 atatis
1072 1543 1106 1568 ad
1122 1543 1261 1576 capiendas
1281 1543 1395 1569 animus.
1416 1542 1448 1568 Et
1462 1541 1597 1568 violabant
1624 1549 1665 1567 me
1680 1541 1752 1574 apud

968 1587 1092 1623 populum
1120 1595 1205 1614 meum
1222 1592 1327 1623 propter
1345 1587 1477 1623 pugilum
1499 1587 1608 1619 hordei,
1638 1591 1663 1613 et
1691 1587 1751 1620 [ra-

967 1641 1043 1667 gmen
1059 1634 1135 1667 panis
1151 1640 1160 1659 :
1184 1637 1213 1658 ut
1233 1632 1408 1666 interficerent
1426 1633 1530 1658 animas
1550 1639 1608 1666 qua:
1623 1639 1675 1658 non
1697 1639 1752 1657 mo-

968 1683 1082 1711 riuntur,
1096 1677 1288 1710 etuiviﬁcareut
1303 1679 1417 1708 animas,
1429 1684 1486 1709 qua?
1504 1683 1554 1702 nou
1566 1676 1666 1707 vivunt,
1680 1682 1752 1701 men-

968 1725 1061 1750 tientes
1075 1722 1170 1757 populo
1186 1730 1242 1748 meo
1254 1722 1369 1748 credenli
1382 1721 1524 1748 mendae-is
1535 1721 1567 1747 ”.

1005 1767 1049 1795 Sic
1063 1768 1136 1794 enim
1162 1775 1191 1795 se
1208 1775 1252 1794 res
1268 1767 1359 1795 habet.
1387 1767 1455 1794 Vera
1471 1766 1581 1800 quidem
1597 1765 1751 1801 prophetia,

969 1818 996 1840 et
1012 1812 1097 1840 futuri
1113 1813 1265 1847 praedictio,
1281 1820 1331 1847 pro
1349 1812 1545 1843 familiaritate,
1571 1819 1632 1846 qua:
1648 1816 1751 1846 petenti

969 1859 1072 1886 homini
1090 1867 1152 1886 cum
1170 1859 1224 1886 Deo
1241 1858 1404 1890 intercedit,
1416 1863 1444 1884 et
1461 1865 1511 1892 pro
1528 1858 1589 1892 ejus
1606 1857 1659 1884 fide
1671 1877 1678 1889 ,
1706 1857 1752 1891 qui

969 1905 1059 1932 futura
1072 1912 1236 1939 cognoscere
1253 1904 1336 1938 cupit,
1354 1903 1487 1931 divinitus
1498 1903 1656 1931 exhibetur.
1670 1904 1706 1929 At
1719 1910 1753 1928 ex

969 1956 1105 1978 astrorum
1127 1950 1306 1982 revolutione,
1330 1950 1543 1985 hujusmodique
1568 1949 1754 1977 constellatio-

969 2005 1034 2024 num
1049 1998 1102 2024 situ
1117 1997 1190 2023 nulla
1218 2004 1329 2031 prorsus
1346 1996 1431 2023 futuri
1448 1995 1568 2030 cognitio
1585 1995 1674 2022 datur.
1697 1994 1753 2021 Nec

969 2043 1042 2070 enim
1063 2043 1141 2070 exiis
1157 2043 1336 2069 humanarum
1359 2043 1460 2069 "rerum
1482 2040 1683 2068 administratio
1706 2040 1754 2066 de-

971 2089 1089 2124 pendet:
1112 2088 1159 2116 sed
1185 2088 1349 2123 pluviarum,
1377 2092 1404 2114 et
1431 2087 1590 2115 earumdem
1620 2086 1752 2117 delectus,

972 2135 1036 2162 item
1051 2134 1139 2169 frigidi
1156 2139 1183 2161 et
1199 2134 1290 2166 calidi,
1303 2133 1408 2160 humidi
1423 2137 1451 2160 et
1467 2133 1543 2164 sicci,
1560 2132 1677 2166 denique
1691 2139 1754 2158 vcn-

173 2178 251 2211 Quod
271 2178 293 2206 si
307 2178 368 2213 quis
389 2177 480 2213 lingua
494 2177 603 2212 quidem
620 2178 704 2204 Deum
714 2185 774 2205 esse
790 2178 916 2210 fateatur,
934 2179 956 2205 ι)
971 2185 1060 2207 torum
1084 2184 1109 2206 el
1124 2179 1254 2206 similium
1270 2186 1361 2213 rerum
1378 2180 1452 2213 signa
1469 2182 1632 2212 promantur
1647 2186 1653 2203 :
1667 2178 1754 2204 actio-

143 2224 218 2260 cnjus
230 2228 298 2251 nutu
319 2228 345 2251 et
359 2223 476 2250 consilio
492 2228 590 2250 cuncta
602 2223 766 2255 succedant,
781 2228 810 2249 ut
823 2228 920 2250 cuncta

144 2269 241 2297 tuentis
252 2274 281 2296 et
299 2268 470 2303 iuspicientis
483 2288 490 2300 ,
503 2267 555 2294 lixa
570 2273 660 2294 autem
676 2268 745 2302 pede
770 2268 857 2295 errori
879 2276 922 2295 as-

144 2321 245 2342 trorum
261 2315 410 2346 inhaereat,
425 2315 471 2348 qui
490 2313 553 2344 ﬁet,
570 2317 599 2340 ut
619 2314 640 2340 si
659 2314 727 2340 nihil
750 2313 824 2341 aliud
850 2318 921 2348 agat,

145 2360 263 2386 oratione
283 2364 371 2386 tamen
392 2359 445 2385 vim
469 2358 562 2393 pietati
591 2358 689 2385 aderre
708 2365 762 2384 non
785 2358 922 2390 videatur,

145 2412 203 2432 cum
222 2409 340 2432 mentem
369 2405 493 2432 barbaris
520 2405 642 2431 moribus
667 2404 793 2431 inliciat?
821 2404 922 2431 Gentes

146 2451 286 2484 cnimqua:
301 2451 386 2476 Deum
410 2459 463 2477 non
487 2455 599 2483 norunt,
614 2455 752 2478 astrorum
775 2450 871 2486 figuris
894 2455 921 2477 et

146 2496 410 2528 constellationibus,
436 2497 512 2523 velut
534 2497 641 2524 hiantes
662 2496 825 2524 Mamacuthi
852 2496 919 2532 t55),

147 2542 319 2569 innituntur:
347 2546 375 2567 et
405 2549 499 2568 eorum
535 2542 678 2569 etl'ectibus
711 2543 918 2577 obstupescunt.

148 2587 213 2614 Deus
239 2593 322 2620 porro
347 2586 404 2613 haec
423 2586 485 2620 jure
516 2586 550 2614 de
572 2588 625 2615 illis
645 2587 746 2614 dixerit
770 2596 776 2615 :
805 2587 920 2623 Populus

147 2633 182 2660 ltic
211 2631 285 2658 labiis
316 2639 356 2657 me
382 2631 511 2664 honorat,
535 2639 580 2658 cor
608 2637 696 2660 autem
728 2641 817 2659 eorum
846 2633 922 2669 longe

172 2717 190 2733 ¹¹
209 2716 259 2743 Isa.
273 2723 332 2743 xui.
358 2715 402 2742 Η.

148 2751 170 2784 'i,
184 2751 210 2779 9.
250 2751 272 2766 “
282 2750 352 2779 Ibid.
365 2750 456 2778 17-19.

445 2715 565 2744 “Galat.
583 2724 625 2748 In,
640 2716 717 2743 8-1-2.
750 2717 771 2732 "
783 2717 850 2744 Psal.
865 2724 930 2748 un,
946 2716 972 2745 9.
1006 2717 1028 2733 “
1046 2717 1098 2745 lsa.
1115 2726 1190 2751 xxxx,
1207 2719 1256 2750 15;
1273 2717 1423 2751 Matth.xv,
1434 2717 1459 2745 8.

969 2233 1034 2252 num
1065 2232 1131 2252 vero
1152 2229 1308 2252 nostrarutn
1338 2225 1412 2251 nulla
1438 2231 1559 2258 prorsus.
1586 2223 1655 2250 Cum
1681 2231 1753 2250 enim

969 2271 1086 2298 liberum
1099 2270 1178 2297 nobis
1192 2269 1286 2296 mundi
1299 2269 1394 2304 Opifex
1411 2269 1556 2296 arbitrium
1574 2268 1752 2300 concesserit,

969 2317 1092 2343 actiones
1109 2321 1208 2342 nostra:
1223 2316 1251 2342 in
1277 2319 1412 2350 potestate
1430 2320 1524 2342 nostra
1542 2319 1616 2342 sunt.
1635 2314 1663 2341 Si
1679 2314 1752 2341 enim

971 2366 1122 2389 secundant
1137 2367 1275 2388 astrorum
1298 2369 1409 2388 cursum
1433 2363 1524 2389 omnia
1541 2362 1664 2394 facimus,
1679 2368 1753 2395 quae-

970 2415 1078 2441 cunque
1095 2408 1203 2434 tandem
1218 2415 1233 2434 a
1246 2407 1326 2434 nobis
1353 2407 1429 2440 liant,
1450 2415 1481 2435 ea
1503 2406 1658 2434 necessario
1674 2406 1753 2433 fiunt.

971 2453 1048 2486 Quod
1067 2458 1157 2480 autem
1172 2454 1325 2480 necessario
1341 2454 1380 2486 lit,
1395 2461 1483 2488 neque
1508 2454 1596 2480 virtus
1613 2453 1649 2486 id,
1666 2461 1755 2487 neque

971 2499 1069 2527 vitium
1087 2503 1139 2526 est.
1162 2499 1221 2526 1am
1233 2500 1256 2526 si
1281 2507 1371 2535 neque
1396 2500 1525 2526 virtutem
1543 2507 1633 2534 neque
1657 2498 1755 2525 vitium

972 2553 1158 2580 assequamur,
1177 2545 1279 2580 indigni
1294 2553 1406 2578 sumus,
1422 2545 1469 2580 qui
1483 2545 1611 2572 laudibus
1640 2549 1687 2571 aut
1709 2551 1756 2571 co-

971 2591 1048 2618 ronis
1064 2592 1235 2623 decorentur,
1260 2590 1423 2626 probrisque
1434 2596 1481 2617 aut
1504 2590 1644 2624 suppliciis
1658 2590 1757 2618 afﬁcia-

973 2645 1045 2665 mur.
1067 2636 1123 2663 lino
1143 2636 1214 2665 Deus
1232 2637 1289 2672 ipse
1303 2636 1423 2671 injustas
1449 2636 1672 2671 deprehendetur
1684 2657 1692 2669 ,
1708 2638 1757 2672 qui

1499 2715 1522 2732 "
1535 2715 1635 2744 Ezech.
1649 2723 1710 2749 xm,
1727 2716 1755 2749 5,

178 2822 232 2860 (55)
246 2822 426 2851 Proverbium
439 2822 682 2858 Aristophanicum
699 2831 714 2850 a
729 2823 805 2851 fatuo
818 2822 989 2851 Mamacutho
1004 2823 1128 2851 ductum.
