1927 3085
1029 56 1045 66 ,ι

193 113 259 145 13.11
802 109 951 140 NICETﬁE
972 110 1176 140 CHONIATA!
1795 110 1816 142 1
1824 111 1886 142 343
1907 66 1908 143 ‘

190 168 234 196 his
255 167 367 202 quidem
395 166 477 199 bona,
493 165 547 192 illis
569 172 634 192 vero
648 164 808 192 atﬂict‘oues
834 165 973 196 immittat,
990 170 1011 195 Α
1026 171 1081 198 est.
1096 166 1142 200 qui
1169 166 1202 192 de
1214 165 1269 193 Deo
1283 164 1391 191 tandem
1408 165 1451 198 pie
1466 164 1567 191 sentire
1585 172 1742 200 cmpcrun
1751 170 1785 197 ι,
1823 174 1882 192 nec
1907 170 1908 202 ξ

188 221 278 248 neque
293 221 325 239 ea
338 219 398 246 qua:
413 211 515 238 creavit
529 210 698 245 providentia
715 217 764 236 sua
780 218 872 245 regere
884 214 971 241 curet,
1027 212 1072 239 illa
1088 212 1122 238 ab
1145 219 1178 238 eo
1198 215 1292 245 petere
1319 210 1510 237 detrectarunt
1537 218 1598 244 qua:
1611 211 1636 238 ei
1666 211 1882 245 peculiaria

187 259 212 287 si
227 257 382 285 necessario
409 260 507 283 cuncta
528 262 629 289 susque
656 254 745 288 deque
770 255 901 282 feramur.
916 255 973 281 lmo

1043 261 1092 283 unt
1107 256 1127 271 ”
1145 254 1396 289 :quu'madmodum
1417 254 1500 281 etiam
1515 262 1548 281 ex
1562 254 1649 281 libera
1662 254 1785 281 Mosis
1803 262 1879 280 ora-

187 306 270 333 etiam
285 302 421 338 superﬂua
433 302 460 329 in
474 302 552 329 nobis
568 309 598 328 ea
613 309 676 335 pars
694 301 790 327 anima:
807 300 973 335 fuerit,un
1029 304 1102 329 tione
1129 305 1246 333 constat,
1259 307 1312 334 qua
1329 307 1383 326 non
1399 307 1460 325 raro
1472 300 1645 331 intercessit,
1666 300 1878 333 quominus

187 350 302 378 rationis
315 354 357 377 est
368 349 514 383 particeps.
533 347 599 374 Nam
614 347 635 374 si
656 347 760 374 nullius
772 347 887 374 actionis
900 355 974 373 com-
1027 348 1151 375 lsraelem
1167 347 1237 374 Deus
1253 345 1436 372 internecioni
1448 344 1525 371 daret
1539 345 1570 371 ³⁸.
1587 345 1644 371 lloc
1664 352 1710 371 ex
1727 346 1874 371 Aarone

187 400 266 431 potes
281 403 385 426 smnus,
404 395 504 421 frustra
520 393 715 420 deliberamus.
733 393 883 420 llatioualis
898 393 971 419 enim
1027 399 1137 427 quoque
1165 391 1292 425 colligere
1316 395 1372 420 est,
1400 390 1448 424 qui
1467 397 1531 416 cum
1554 390 1636 416 Mosis
1668 390 1872 417 consilium

187 449 252 476 pars
261 442 358 468 anima:
371 440 530 467 hominibus
545 439 716 466 deliberandi
736 438 820 473 gratia
840 438 973 465 divinitus
1027 441 1148 467 secutus,
1162 443 1257 462 acerra
1275 435 1417 462 incensum
1444 435 1559 461 Domino
1578 434 1746 461 obtulisset
1761 454 1770 465 ,
1807 434 1870 461 hac
1907 455 1908 472 χ

187 488 248 515 data
260 492 311 514 est.
332 487 371 514 Ex
393 486 589 514 deliberatione
608 489 698 512 autent
722 485 790 511 ratio
805 489 832 511 et
854 485 972 511 liberum
1028 487 1107 518 pacto
1133 481 1287 516 exasperati
1315 481 1530 515 rebellantisque
1557 480 1650 514 populi
1672 480 1868 507 interitum

187 534 332 561 arbitrium
351 534 519 560 clucescurtt.
1028 529 1158 563 repressit
1172 529 1205 554 ‘9.

225 580 320 614 itaque
346 580 440 606 stellas
462 579 563 605 nullius
583 585 677 604 eorum
700 585 761 612 qu.e
789 581 853 603 sunt
877 583 974 603 causas

187 633 261 657 esse,
279 630 309 652 ut
326 632 377 651 nec
390 633 421 651 ex
438 624 519 650 rebus
532 624 630 650 creatis
645 623 737 654 ullaiu,
753 627 835 656 atque.
849 621 916 648 adeo
927 628 975 648 ne-

188 671 286 707 queiis
300 678 360 705 quae
378 673 441 696 sunt
458 673 559 698 ortum.
577 675 665 702 neque
682 668 714 694 iis
731 675 791 701 qua:
801 667 973 700 corruptioni

188 717 304 745 obnoxia
320 715 535 743 suntinteritum
550 713 648 740 afferre
659 734 666 746 ,
681 713 735 740 imo
753 713 923 747 pluviarum,
947 717 975 739 et

1063 583 1138 611 Multi
1161 583 1243 610 etiam
1257 590 1352 610 eorum
1369 583 1415 617 qui
1434 582 1466 609 ad
1484 583 1584 610 bellum
1601 582 1864 617 proﬁcisceban-

1028 633 1082 662 tur,
1101 636 1162 655 cum
1173 629 1250 655 sibia
1266 628 1320 655 Deo
1331 628 1445 655 victoria
1458 635 1593 662 promissa
1606 632 1693 658 esset,
1708 634 1860 661 eamque

1028 683 1057 702 se
1078 683 1146 710 pene
1163 675 1217 710 jam
1253 675 1367 709 adeptos
1390 675 1527 705 videri-nt,
1555 674 1667 708 insuper
1698 678 1736 700 et.
1769 673 1859 699 forte

1028 725 1169 755 sperantes
1185 726 1213 747 ut
1228 725 1301 747 terra
1325 720 1489 754 potirentur,
1502 727 1563 753 qua:
1587 719 1667 746 melle
1693 719 1856 752 lacteque

188 762 347 790 earumdem
365 760 498 790 delectus,
513 764 594 793 atque
608 763 768 785 czeterarum
785 758 857 784 acris
882 762 973 784 muta-
1028 767 1165 793 (τηιιηενει
1182 767 1228 798 (υ,¹
1243 766 1289 799 (μη
1307 773 1335 792 se
1361 765 1443 797 ὶιιωιι
1466 765 1613 799 aliquando
1639 772 1853 799 possessum,

190 809 296 836 tiouum
314 807 390 841 signa
405 813 465 833 esse
496 805 625 831 dicimus.
641 804 697 830 Nec
727 803 795 830 male
819 803 889 830 forte
912 803 974 838 quis
1028 819 1043 837 τι
1060 811 1115 837 Dm
1140 810 1338 841 ευίιινίεςειη),
1356 815 1467 844 propter
1487 814 1597 843 peccata
1617 817 1678 843 (μιτε
1702 809 1853 836 ίηιρι-νε.

190 857 330 882 autumet.
349 859 397 878 είὶὸ
427 850 557 877 bellorum
588 847 698 883 (ιυῖάειη
724 848 870 882 aliquando
897 849 974 882 είὲηίι
993 867 1013 894 Β
1029 861 1136 887 nerant,
1159 856 1284 883 funditus
1301 856 1521 887 succubuerunt,
1538 856 1704 882 Patrestinos
1726 861 1848 890 prarter

189 906 269 929 esse.
294 904 390 924 causas
415 904 480 922 vero
506 903 559 921 non
587 894 662 921 item.
689 894 829 928 Siquidem
858 894 976 920 cxaeris

191 944 323 979 qualitate
340 943 395 978 (cui
411 942 464 969 alio
478 947 559 976 atque
587 941 640 968 alio
657 941 738 967 modo
759 947 773 965 a
789 941 846 967 sole
869 944 897 966 et
912 939 976 966 luna

191 990 274 1017 varia:
291 988 491 1018 concretiones.
509 995 557 1014 seu
572 985 779 1020 impressiones.
790 985 928 1017 accidunt)
949 989 978 1011 et

192 1036 303 1063 habitus
323 1035 350 1061 in
366 1034 446 1061 nobis
458 1038 486 1060 ct
500 1032 658 1059 eﬂ'ectiones
679 1031 844 1058 conﬂantur.
863 1031 978 1058 llabittts

192 1087 285 1109 autent
301 1081 372 1108 inter
402 1080 447 1107 illa
471 1084 627 1108 censentur.
646 1086 706 1112 qum
736 1078 763 1104 in
780 1082 873 1104 nostra
903 1079 978 1110 po‘te-

192 1131 262 1153 state
283 1129 346 1153 sunt
366 1124 462 1160 posita.
481 1124 645 1150 ltetiucntur
666 1122 740 1149 enim
757 1121 874 1153 ratione,
892 1125 916 1148 el
935 1128 979 1148 re-

192 1177 335 1204 vocantur,
354 1171 376 1198 si
392 1171 539 1198 divertant.

229 1217 345 1243 Lunaris
356 1216 438 1242 eiiam
451 1215 526 1241 orbis
551 1213 682 1249 perfectio
696 1218 723 1240 et
748 1213 907 1240 imminutio
923 1220 980 1240 non

193 1270 340 1298 paucarum
356 1262 538 1288 mutationum
553 1268 633 1287 causa
649 1266 701 1291 est.
715 1264 745 1286 ut
761 1267 794 1286 ex
808 1259 926 1295 piscibus
941 1265 981 1286 te-

191 1309 275 1336 ttacci
288 1307 406 1342 generis,
424 1311 451 1333 et
463 1305 600 1340 plerisque
624 1305 769 1332 arboribus
788 1310 904 1338 constat,
920 1313 981 1339 qua

194 1357 323 1381 crescunt
337 1357 365 1379 et
386 1353 559 1383 decrescunt.
576 1355 658 1385 atque
684 1351 885 1382 quodammodo
910 1351 981 1378 luna:

194 1399 396 1427 mutationibus
410 1397 627 1432 compatiuntur.

231 1445 371 1473 Interdum
386 1452 453 1471 vero
471 1443 604 1470 divinitus
617 1448 730 1470 cometa:
747 1443 901 1470 coullantur
913 1461 920 1473 ,
934 1440 981 1475 qui

195 1494 293 1520 mortis
304 1498 398 1525 regum
428 1490 504 1525 signa
533 1498 589 1524 pra:
616 1498 647 1517 se
668 1489 776 1522 ierunt;
793 1496 853 1523 quae
869 1487 982 1522 quidem

1029 902 1071 930 fas
1100 903 1236 937 aggressi;
1256 908 1413 936 terramque
1431 903 1565 929 desertam
1583 902 1758 935 corporibus
1778 902 1846 928 suis

1029 948 1259 979 intraverunt",
1276 953 1357 982 atque
1388 949 1414 974 in
1443 947 1537 974 Mosen
1564 951 1592 974 et
1618 948 1706 974 Deum
1737 948 1842 982 ipsum

1029 995 1113 1021 multa
1126 993 1457 1028 smpissimcdcbacchati,
1489 994 1546 1020 haec
1563 1002 1576 1019 a
1598 994 1653 1019 Deo
1675 997 1704 1020 et
1724 993 1841 1019 Das-ide

1029 1040 1207 1066 audiverunt:
1221 1039 1294 1066 Nihil
1309 1039 1426 1073 proﬁciet
1442 1039 1562 1066 inimicus
1577 1040 1604 1065 in
1625 1047 1665 1071 co.
1699 1044 1726 1065 et
1757 1039 1839 1072 ﬁlim

1029 1087 1176 1121 iniquitatis
1190 1095 1243 1113 non
1267 1090 1380 1120 apponet
1397 1094 1487 1112 nocere
1504 1087 1574 1113 ei“.
1590 1086 1657 1112 Item
1672 1094 1679 1112 :
1697 1086 1836 1112 Inimica:

1030 1134 1085 1165 ejus
1112 1133 1221 1159 induam
1245 1133 1447 1167 confusione".
1478 1133 1563 1159 ltcm:
1591 1132 1657 1159 Odia
1697 1133 1835 1160 habent“

1029 1185 1089 1204 cum
1104 1178 1129 1204 in
1143 1178 1234 1212 fugam
1251 1183 1399 1205 convertant
1409 1178 1431 1193 ’³
1442 1198 1449 1205 .

1067 1235 1201 1262 Prmterca
1210 1235 1292 1261 etiam
1305 1234 1418 1262 sceleris
1431 1235 1489 1270 ejus
1505 1244 1581 1270 ergo,
1597 1236 1672 1270 quod
1686 1244 1714 1263 In
1735 1236 1831 1264 Unam

1031 1282 1181 1309 admissum
1210 1285 1261 1313 est,
1286 1289 1382 1315 partiti)
1401 1281 1499 1313 abfuit,
1527 1282 1594 1316 quin
1622 1283 1830 1318 Hierosolyma,

1033 1328 1160 1355 thalamis
1174 1328 1242 1357 suis.
1271 1333 1353 1362 atque
1369 1328 1451 1355 etiarn
1463 1328 1564 1355 calceis
1579 1329 1704 1363 privatus
1733 1338 1831 1364 perse-

1032 1375 1173 1402 cutionem
1194 1379 1346 1409 pateretur,
1363 1379 1390 1402 ct
1402 1374 1429 1401 in
1458 1375 1568 1402 deserto
1593 1380 1772 1409 pernoctaret
1786 1377 1808 1391 “
1820 1384 1827 1391 '

1067 1431 1136 1464 Quid
1149 1431 1241 1459 verbis
1253 1439 1322 1466 opus
1338 1435 1390 1464 est,
1407 1431 1439 1458 ad
1451 1439 1482 1458 ea
1494 1432 1632 1467 sigillatim
1659 1441 1827 1460 enumeran-

1033 1477 1077 1508 da.
1093 1486 1154 1512 quzc
1167 1479 1201 1505 ab
1218 1477 1388 1510 omnimoda,
1405 1483 1433 1505 et
1457 1478 1618 1505 hominibus
1649 1479 1825 1514 impervesti-

195 1539 230 1567 iis
249 1538 278 1564 in
291 1523 427 1564 sideribus
442 1523 496 1563 non
510 1523 653 1571 apparent,
666 1543 726 1570 quae
745 1536 779 1562 ab
795 1534 875 1562 initio
890 1539 982 1562 creata
995 1538 1017 1570 ο
1033 1523 1188 1571 Sabini)“;
1209 1523 1342 1571 ⁵³Ρίξὶ¹¹ιῖδ
1356 1527 1384 1550 εί
1398 1523 1512 1555 "mule,
1543 1524 1662 1571 denique
1674 1526 1763 1559 538"“
1778 1526 1824 1552 illa

195 1588 270 1615 sunt,
283 1581 330 1609 sed
350 1581 443 1608 divino
454 1581 566 1608 numine
586 1588 660 1607 nunc
674 1580 836 1615 procedunt.
851 1587 925 1606 nunc
935 1579 983 1606 de-

197 1635 252 1655 nuo
264 1627 462 1655 dissolvuntur.
481 1625 707 1660 Quandoquidem
728 1625 772 1652 illa
787 1632 897 1659 quoque
915 1624 984 1651 stel-

196 1675 233 1706 la,
255 1681 316 1708 quae.
330 1674 382 1700 sub
394 1672 521 1699 humanm
541 1671 726 1706 salutarisquc
750 1671 858 1698 Domini
871 1675 983 1705 propter

198 1727 249 1748 nos
262 1719 287 1745 in
303 1726 386 1746 carne
407 1717 565 1745 Nativitatis
592 1721 700 1751 tempus
721 1724 735 1743 a
753 1716 836 1752 Magis
857 1717 915 1744 visa
932 1721 983 1746 est.

198 1773 254 1792 non
277 1771 308 1791 ex
335 1763 475 1791 stellarum
496 1770 612 1790 numero
627 1768 704 1794 erat,
718 1770 786 1797 quas
816 1762 896 1789 initio
912 1763 984 1790 Deus

198 1810 323 1837 creavit:
349 1809 421 1844 quod
448 1809 624 1844 perspicuum
646 1813 707 1836 erat
731 1809 773 1836 vel
795 1817 828 1836 cx
853 1816 887 1836 eo
911 1808 984 1843 quod

197 1857 254 1891 jam
275 1856 309 1882 ab
326 1860 389 1882 ortu
413 1855 446 1882 ad
461 1862 601 1887 occasum,
620 1855 673 1890 jam
688 1860 783 1882 contra
796 1855 830 1882 ab
857 1855 985 1889 aquilone

200 1901 235 1928 ad
251 1905 375 1928 austrum
387 1908 469 1928 cursu
487 1901 677 1932 contenderet,
693 1900 760 1927 alias
784 1901 867 1928 etiam
887 1900 986 1928 delite-

200 1951 302 1977 Iceret,
317 1945 383 1972 alias
392 1950 554 1980 emergeret.
570 1945 625 1972 Nee
635 1945 708 1972 enim
726 1945 753 1972 id
768 1949 903 1972 astrorum
918 1945 986 1972 ordo

200 1991 264 2021 fert.
281 1997 328 2019 aut
345 1996 453 2018 natura.

238 2037 358 2072 Objiciat
370 2044 436 2064 vero
453 2044 550 2063 eorum
568 2036 637 2063 forte
652 2036 787 2071 quispiam
805 2037 852 2071 qui
871 2037 987 2064 astrolo-

201 2085 274 2120 giam
296 2083 436 2111 mordicus
455 2087 582 2116 tuentur,
615 2084 643 2110 in
661 2091 756 2110 eorum
773 2091 832 2117 quae
855 2084 988 2111 adversus

202 2133 288 2157 artem
304 2136 381 2156 suam
398 2133 596 2162 congeruntur,
626 2128 887 2159 recrimiuationem,
912 2136 985 2163 prin-

201 2174 370 2201 dictionibus
386 2173 524 2207 plerisque
540 2172 620 2199 linem
632 2180 712 2199 suum
722 2173 850 2207 obtigisse
865 2173 985 2203 tandem,

203 2219 363 2253 idcircoque
381 2218 521 2245 nonnullis
540 2218 699 2245 hominibus
714 2218 813 2245 frustra
839 2223 867 2246 et
886 2222 988 2246 temere

204 2262 438 2290 condemnandam
452 2267 479 2290 et
495 2263 692 2297 explodcudam
707 2264 803 2291 videri.
817 2264 851 2290 At
868 2264 989 2291 vicissim

205 2308 310 2340 audiet,
338 2313 424 2335 artem
445 2309 517 2335 illam
535 2309 718 2336 mutationum
739 2310 811 2336 aeris
831 2310 986 2344 magistram

204 2362 277 2384 esse.
295 2362 355 2389 qua:
367 2355 433 2381 solis
456 2359 483 2381 et
498 2355 570 2383 luna:
590 2355 727 2382 defectum
744 2356 904 2390 portendat.
920 2357 986 2383 alia-

205 2408 259 2435 que
274 2401 429 2436 hujusmodi
442 2401 568 2428 humanae
583 2401 646 2428 vita:
656 2401 732 2428 utilia
748 2401 894 2436 prtcdicere
908 2402 987 2435 sciat,

205 2449 234 2472 at
245 2453 340 2473 eorum
355 2453 415 2481 quae
434 2445 528 2473 divino
554 2453 569 2473 e
587 2451 654 2473 nutu
686 2446 841 2480 dependent
860 2452 987 2474 eventum

205 2490 381 2526 portendere.
400 2497 454 2517 non
480 2491 544 2517 item
560 2490 706 2517 didicerit:
727 2495 755 2517 ut
784 2496 886 2518 taceam
903 2492 988 2518 Inalo~

207 2543 280 2566 rum.
308 2543 368 2570 quae
397 2535 553 2562 hominibus
583 2534 783 2569 impenderent,
806 2539 861 2570 jam
880 2536 991 2571 jamque

206 2588 304 2616 urgere
319 2580 487 2615 oeciperent,
503 2581 634 2616 pleraque
654 2588 669 2607 a
682 2580 737 2607 Deo
763 2583 890 2614 precibus
900 2603 907 2613 ,
919 2583 991 2616 jeju-

207 2623 271 2657 niis.
298 2629 326 2652 et
347 2624 529 2655 Orationibus.
548 2624 618 2652 ﬂexo
630 2645 636 2657 ,
652 2625 679 2652 iu
710 2625 810 2652 melius
825 2632 991 2654 commutata

206 2677 266 2697 csse
281 2678 289 2698 :
307 2674 337 2697 ut
355 2678 388 2697 ex
412 2670 596 2698 Ninivitarth
612 2672 792 2698 conversione
816 2673 991 2706 perspicuum

1037 1569 1207 1606 providentia
1223 1569 1296 1596 varie
1311 1569 1511 1601 decernuntur,
1527 1574 1555 1596 et
1579 1570 1632 1596 alio
1661 1576 1744 1605 atque
1769 1571 1823 1597 alio

1034 1616 1115 1643 modo
1131 1615 1209 1645 ﬂunt.
1222 1619 1302 1650 prout
1311 1615 1349 1642 illi
1362 1615 1461 1650 placet,
1472 1615 1641 1650 singulisque
1650 1617 1822 1644 conducibile

1034 1661 1095 1688 est?
1108 1661 1226 1687 Proinde
1237 1668 1300 1687 cum
1318 1661 1476 1687 divinorum
1505 1661 1674 1695 judiciorum
1705 1662 1821 1689 altitudo

1035 1708 1102 1734 nulli
1119 1707 1260 1734 hominum
1273 1706 1430 1741 cogitationi
1444 1707 1539 1741 pervia
1555 1707 1619 1734 sit"
1629 1727 1637 1739 ,
1649 1715 1729 1742 quam
1742 1709 1821 1735 nimi-

1037 1761 1096 1780 rum
1112 1758 1159 1780 aut
1178 1752 1335 1780 intellectus
1347 1752 1486 1780 humanus
1496 1753 1606 1787 assequi
1632 1758 1679 1780 aut
1711 1759 1820 1781 natura-

1037 1800 1104 1827 lium
1128 1806 1219 1826 rerum
1234 1798 1320 1825 series
1336 1805 1497 1833 expromere
1511 1800 1587 1826 nullo
1617 1799 1698 1826 modo
1725 1801 1817 1834 possit.

1037 1843 1094 1878 qui,
1110 1850 1214 1878 quaeso,
1242 1842 1298 1869 ﬁeri
1323 1847 1423 1878 potest.
1448 1847 1478 1870 ut
1499 1843 1538 1870 ex
1561 1843 1704 1871 elementis
1718 1850 1817 1872 natura

1037 1888 1174 1919 obnoxiis.
1206 1895 1322 1922 quaeque
1348 1888 1417 1915 nihil
1451 1889 1568 1923 amplius
1594 1894 1718 1917 aSSecuIa
1744 1896 1815 1922 sunt.

1037 1941 1118 1968 quam
1136 1934 1209 1967 quod
1225 1934 1258 1960 iis
1268 1941 1326 1967 qua:
1341 1938 1607 1966 suntaccensenlur.
1621 1935 1729 1969 quidam
1743 1935 1814 1962 lutu-

1037 1988 1061 2006 rt
1078 1979 1220 2007 scientiam
1242 1979 1443 2014 polliceantur?

1072 2036 1169 2063 Mirum
1184 2043 1249 2062 vero
1263 2035 1289 2062 ni
1306 2043 1466 2070 progressus
1480 2036 1605 2068 ulterius.
1622 2036 1815 2072 heustu,quis-

1038 2081 1100 2116 quis
1112 2089 1152 2110 es.
1167 2081 1213 2116 qui
1228 2081 1309 2108 astris
1322 2081 1519 2116 praenotionem
1530 2081 1683 2109 futurorum
1697 2083 1811 2114 ascribis.

1039 2132 1161 2161 tempora
1178 2133 1286 2160 quoque
1296 2126 1419 2161 adiicias,
1428 2132 1454 2153 et
1464 2135 1496 2153 ea
1509 2132 1533 2153 te
1543 2135 1593 2161 pro
1605 2128 1688 2154 animi
1706 2129 1810 2155 arbitrio

1040 2180 1112 2199 nunc
1136 2172 1308 2204 subtrahere,
1336 2179 1409 2199 nunc
1437 2172 1581 2200 diﬂindere
1606 2175 1747 2207 pratdices:
1762 2182 1811 2208 quo

1005 2207 1025 2234 θ
1043 2225 1133 2245 tamen
1156 2217 1319 2252 intersignio
1345 2218 1460 2245 facultas
1488 2219 1532 2245 illa
1560 2218 1735 2253 dignoscitur,
1755 2207 1810 2254 qua:

1038 2264 1100 2289 vitae
1113 2267 1220 2296 praeest,
1234 2267 1389 2297 cunctaque
1400 2263 1557 2297 suppeditat
1572 2271 1578 2288 :
1593 2264 1808 2298 quemadmodqu

1037 2309 1120 2336 etiam
1135 2317 1168 2336 ex
1183 2316 1216 2335 eo
1234 2308 1307 2343 quod
1339 2309 1431 2335 lutura
1453 2317 1508 2336 non
1538 2310 1630 2336 minus
1645 2317 1720 2344 quam
1745 2318 1808 2345 prm-

1038 2355 1127 2382 seutia
1146 2359 1286 2388 perspecta
1305 2358 1333 2381 et
1352 2355 1460 2389 cognita
1485 2354 1577 2382 habet.
1601 2359 1689 2390 Atque
1713 2361 1738 2383 ut
1762 2356 1806 2383 hoc

1037 2400 1154 2434 exempli
1171 2400 1257 2435 gratia
1286 2400 1434 2434 proferam,
1463 2401 1508 2427 ille
1534 2401 1645 2435 quidem
1674 2402 1806 2429 bellaturus

1038 2446 1081 2472 vel
1097 2445 1180 2472 etiam
1198 2450 1304 2472 vastum
1328 2453 1402 2472 mare
1430 2447 1594 2480 traiecturus
1620 2447 1804 2480 proficiscitur:

1040 2492 1085 2518 hic
1099 2498 1163 2519 vero
1180 2491 1390 2518 astronomicam
1409 2496 1497 2519 artem
1516 2493 1666 2527 professus,
1688 2493 1708 2520 si
1718 2501 1804 2521 consu-

1040 2537 1121 2569 latur,
1149 2537 1291 2564 victoriam
1305 2544 1412 2572 semper
1438 2543 1466 2564 et
1493 2542 1578 2564 tutam
1610 2538 1800 2573 navigationem,

1040 2581 1224 2608 astronomica
1236 2581 1341 2615 sphazra
1354 2582 1431 2615 prius
1443 2590 1505 2609 eum
1522 2583 1548 2609 in
1564 2590 1643 2610 usum
1661 2583 1799 2616 fabrefacta,

1041 2627 1185 2662 promittit.
1214 2626 1348 2654 Caeterum
1376 2627 1415 2655 illi
1448 2629 1530 2656 rebus
1555 2637 1589 2656 ex
1612 2630 1711 2665 majore
1736 2635 1800 2665 parte

1042 2677 1137 2700 contra
1150 2679 1230 2707 quam
1245 2675 1411 2708 promissum
1431 2674 1531 2706 fuerat.
1555 2676 1649 2710 gestis,
1680 2682 1800 2704 revertun-

244 2772 362 2813 “Joprc.
380 2780 422 2813 tu.
441 2773 451 2798 l
469 2779 549 2813 sequ
577 2772 703 2813 “uEEml:
722 2780 785 2803 xvu,
801 2773 840 2798 Il.
866 2773 893 2813 :9
907 2773 983 2813 Num:

1040 2782 1055 2803 ι,
1073 2774 1105 2800 47
1121 2781 1197 2813 seqq.
1222 2775 1244 2791 '°
1263 2774 1333 2813 Deut
1348 2783 1415 2805 xxu.
1430 2776 1441 2803 l
1460 2784 1537 2813 seqq.
1571 2779 1591 2794 "
1607 2778 1794 2813 Psal.umur,

209 2806 254 2833 25.
297 2809 318 2823 ¹¹
331 2807 399 2834 l‘sal.
415 2815 504 2842 cxxxt,
519 2807 560 2834 l0.
598 2808 620 2824 "
640 2808 709 2834 Psal.
725 2815 852 2840 Lxxvvut,
865 2808 909 2835 Ξά-
943 2809 1070 2844 "llReg.
1087 2811 1140 2842 u,l
1160 2806 1236 2846 seqq.

1276 2811 1299 2826 “
1314 2811 1393 2839 Rom.
1408 2819 1445 2844 xu,
1459 2812 1503 2839 53.
