  <div class='ocr_page' id='page_1' title='image "/cluster/home/n/w/nwhite01/storage/ocr_20150623/139/njp.32101077773131/692.png"; bbox 0 0 1927 3085; ppageno 0'>
   <div class='ocr_carea' id='block_1_1' title="bbox 108 119 191 152">
    <p class='ocr_par' dir='ltr' id='par_1_1' title="bbox 108 119 191 152">
     <span class='ocr_line' id='line_1_1' title="bbox 108 119 191 152; baseline 0.012 -1"><span class='ocrx_word' id='word_1_1' title='bbox 108 119 191 152; x_wconf 79' lang='grc'><strong>1349</strong></span> 
     </span>
    </p>
   </div>
   <div class='ocr_carea' id='block_1_2' title="bbox 748 115 1111 146">
    <p class='ocr_par' dir='ltr' id='par_1_2' title="bbox 748 115 1111 146">
     <span class='ocr_line' id='line_1_2' title="bbox 748 115 1111 146; baseline 0.003 -1"><span class='ocrx_word' id='word_1_2' title='bbox 748 115 944 146; x_wconf 79' lang='lat' dir='ltr'><strong>THESAURI</strong></span> <span class='ocrx_word' id='word_1_3' title='bbox 966 115 1039 146; x_wconf 77' lang='lat' dir='ltr'><strong>LIB.</strong></span> <span class='ocrx_word' id='word_1_4' title='bbox 1061 115 1111 146; x_wconf 79' lang='lat' dir='ltr'><strong>iV.</strong></span> 
     </span>
    </p>
   </div>
   <div class='ocr_carea' id='block_1_3' title="bbox 1672 117 1741 150">
    <p class='ocr_par' dir='ltr' id='par_1_3' title="bbox 1672 117 1741 150">
     <span class='ocr_line' id='line_1_3' title="bbox 1672 117 1741 150; baseline 0 0"><span class='ocrx_word' id='word_1_5' title='bbox 1672 117 1741 150; x_wconf 81' lang='lat'><strong>1350</strong></span> 
     </span>
    </p>
   </div>
   <div class='ocr_carea' id='block_1_4' title="bbox 103 169 1746 206">
    <p class='ocr_par' dir='ltr' id='par_1_4' title="bbox 103 169 1746 206">
     <span class='ocr_line' id='line_1_4' title="bbox 103 169 1746 206; baseline -0.001 -3"><span class='ocrx_word' id='word_1_6' title='bbox 103 181 172 203; x_wconf 76' lang='lat' dir='ltr'><strong>tur.</strong></span> <span class='ocrx_word' id='word_1_7' title='bbox 191 175 248 203; x_wconf 88' lang='lat' dir='ltr'><strong>Hoc</strong></span> <span class='ocrx_word' id='word_1_8' title='bbox 260 179 351 202; x_wconf 79' lang='lat' dir='ltr'><strong>autem</strong></span> <span class='ocrx_word' id='word_1_9' title='bbox 369 172 570 201; x_wconf 84' lang='lat' dir='ltr'><strong>astronomicus</strong></span> <span class='ocrx_word' id='word_1_10' title='bbox 587 171 689 199; x_wconf 82' lang='lat' dir='ltr'><strong>assolet</strong></span> <span class='ocrx_word' id='word_1_11' title='bbox 701 178 793 206; x_wconf 78' lang='lat' dir='ltr'><strong>agere,</strong></span> <span class='ocrx_word' id='word_1_12' title='bbox 811 171 833 197; x_wconf 88' lang='lat' dir='ltr'><strong>si</strong></span> <span class='ocrx_word' id='word_1_13' title='bbox 859 170 906 205; x_wconf 90' lang='lat' dir='ltr'><strong>qui</strong></span> <span class='ocrx_word' id='word_1_14' title='bbox 921 172 945 200; x_wconf 82' lang='grc' dir='ltr'>Λ</span> <span class='ocrx_word' id='word_1_15' title='bbox 960 174 1072 202; x_wconf 86' lang='lat' dir='ltr'><strong>terram,</strong></span> <span class='ocrx_word' id='word_1_16' title='bbox 1103 169 1279 205; x_wconf 76' lang='lat' dir='ltr'><strong>signiﬁcant;</strong></span> <span class='ocrx_word' id='word_1_17' title='bbox 1311 170 1424 197; x_wconf 63' lang='lat' dir='ltr'><strong>alternis</strong></span> <span class='ocrx_word' id='word_1_18' title='bbox 1445 170 1599 199; x_wconf 78' lang='lat' dir='ltr'><strong>exorientes</strong></span> <span class='ocrx_word' id='word_1_19' title='bbox 1622 178 1649 200; x_wconf 87' lang='lat' dir='ltr'><strong>et</strong></span> <span class='ocrx_word' id='word_1_20' title='bbox 1674 175 1746 203; x_wconf 80' lang='lat' dir='ltr'><strong>occl-</strong></span> 
     </span>
    </p>
   </div>
   <div class='ocr_carea' id='block_1_5' title="bbox 103 219 492 250">
    <p class='ocr_par' dir='ltr' id='par_1_5' title="bbox 103 219 492 250">
     <span class='ocr_line' id='line_1_5' title="bbox 103 219 492 250; baseline -0.01 -1"><span class='ocrx_word' id='word_1_21' title='bbox 103 222 195 250; x_wconf 74' lang='lat' dir='ltr'><strong>illum</strong></span> <span class='ocrx_word' id='word_1_22' title='bbox 210 220 360 248; x_wconf 87' lang='lat' dir='ltr'><strong>consulturi</strong></span> <span class='ocrx_word' id='word_1_23' title='bbox 378 219 492 247; x_wconf 85' lang='lat' dir='ltr'><strong>adeunt.</strong></span> 
     </span>
    </p>
   </div>
   <div class='ocr_carea' id='block_1_6' title="bbox 149 260 905 295">
    <p class='ocr_par' dir='ltr' id='par_1_6' title="bbox 149 260 905 295">
     <span class='ocr_line' id='line_1_6' title="bbox 149 260 905 295; baseline -0.009 0"><span class='ocrx_word' id='word_1_24' title='bbox 149 268 239 295; x_wconf 83' lang='lat' dir='ltr'><strong>Nemo</strong></span> <span class='ocrx_word' id='word_1_25' title='bbox 263 266 337 293; x_wconf 89' lang='lat' dir='ltr'><strong>enitn</strong></span> <span class='ocrx_word' id='word_1_26' title='bbox 360 272 424 293; x_wconf 93' lang='lat' dir='ltr'><strong>cum</strong></span> <span class='ocrx_word' id='word_1_27' title='bbox 455 265 528 291; x_wconf 89' lang='lat' dir='ltr'><strong>ultro</strong></span> <span class='ocrx_word' id='word_1_28' title='bbox 556 266 690 294; x_wconf 78' lang='lat' dir='ltr'><strong>accersat,</strong></span> <span class='ocrx_word' id='word_1_29' title='bbox 713 262 762 295; x_wconf 86' lang='lat' dir='ltr'><strong>qui</strong></span> <span class='ocrx_word' id='word_1_30' title='bbox 778 260 905 288; x_wconf 85' lang='lat' dir='ltr'><strong>adfutura</strong></span> 
     </span>
    </p>
   </div>
   <div class='ocr_carea' id='block_1_7' title="bbox 102 307 906 346">
    <p class='ocr_par' dir='ltr' id='par_1_7' title="bbox 102 307 906 346">
     <span class='ocr_line' id='line_1_7' title="bbox 102 307 906 346; baseline -0.01 -6"><span class='ocrx_word' id='word_1_31' title='bbox 102 313 204 341; x_wconf 90' lang='lat' dir='ltr'><strong>tristia</strong></span> <span class='ocrx_word' id='word_1_32' title='bbox 218 313 252 339; x_wconf 86' lang='lat' dir='ltr'><strong>sit</strong></span> <span class='ocrx_word' id='word_1_33' title='bbox 265 311 509 346; x_wconf 69' lang='lat' dir='ltr'><strong>praenuntiaturus,</strong></span> <span class='ocrx_word' id='word_1_34' title='bbox 524 308 654 344; x_wconf 89' lang='lat' dir='ltr'><strong>quoniam</strong></span> <span class='ocrx_word' id='word_1_35' title='bbox 667 315 701 334; x_wconf 89' lang='lat' dir='ltr'><strong>ne</strong></span> <span class='ocrx_word' id='word_1_36' title='bbox 718 307 816 334; x_wconf 87' lang='lat' dir='ltr'><strong>Saulus</strong></span> <span class='ocrx_word' id='word_1_37' title='bbox 846 308 906 341; x_wconf 90' lang='lat' dir='ltr'><strong>qui-</strong></span> 
     </span>
    </p>
   </div>
   <div class='ocr_carea' id='block_1_8' title="bbox 102 353 907 394">
    <p class='ocr_par' dir='ltr' id='par_1_8' title="bbox 102 353 907 394">
     <span class='ocr_line' id='line_1_8' title="bbox 102 353 907 394; baseline -0.014 -6"><span class='ocrx_word' id='word_1_38' title='bbox 102 360 178 388; x_wconf 78' lang='lat' dir='ltr'><strong>dem</strong></span> <span class='ocrx_word' id='word_1_39' title='bbox 192 358 381 394; x_wconf 84' lang='lat' dir='ltr'><strong>Pythonissam</strong></span> <span class='ocrx_word' id='word_1_40' title='bbox 398 356 580 391; x_wconf 61' lang='lat' dir='ltr'><strong>quaesivisset,</strong></span> <span class='ocrx_word' id='word_1_41' title='bbox 610 354 633 381; x_wconf 94' lang='lat' dir='ltr'><strong>si</strong></span> <span class='ocrx_word' id='word_1_42' title='bbox 665 354 734 380; x_wconf 86' lang='lat' dir='ltr'><strong>mala</strong></span> <span class='ocrx_word' id='word_1_43' title='bbox 766 353 811 379; x_wconf 83' lang='lat' dir='ltr'><strong>illa</strong></span> <span class='ocrx_word' id='word_1_44' title='bbox 837 359 907 386; x_wconf 69' lang='lat' dir='ltr'><strong>prte-</strong></span> 
     </span>
    </p>
   </div>
   <div class='ocr_carea' id='block_1_9' title="bbox 104 397 907 438">
    <p class='ocr_par' dir='ltr' id='par_1_9' title="bbox 104 397 907 438">
     <span class='ocr_line' id='line_1_9' title="bbox 104 397 907 438; baseline -0.011 -6"><span class='ocrx_word' id='word_1_45' title='bbox 104 405 303 432; x_wconf 89' lang='lat' dir='ltr'><strong>nuntiaturam</strong></span> <span class='ocrx_word' id='word_1_46' title='bbox 318 402 529 438; x_wconf 76' lang='lat' dir='ltr'><strong>prsescivisset&quot;</strong></span> <span class='ocrx_word' id='word_1_47' title='bbox 541 422 548 433; x_wconf 91' lang='lat'><strong>,</strong></span> <span class='ocrx_word' id='word_1_48' title='bbox 564 408 624 435; x_wconf 63' lang='lat' dir='ltr'><strong>qum</strong></span> <span class='ocrx_word' id='word_1_49' title='bbox 640 400 667 426; x_wconf 87' lang='lat' dir='ltr'><strong>in</strong></span> <span class='ocrx_word' id='word_1_50' title='bbox 690 403 831 433; x_wconf 88' lang='lat' dir='ltr'><strong>posterum</strong></span> <span class='ocrx_word' id='word_1_51' title='bbox 841 397 907 424; x_wconf 87' lang='lat' dir='ltr'><strong>sub-</strong></span> 
     </span>
    </p>
   </div>
   <div class='ocr_carea' id='block_1_10' title="bbox 104 442 906 484">
    <p class='ocr_par' dir='ltr' id='par_1_10' title="bbox 104 442 906 484">
     <span class='ocr_line' id='line_1_10' title="bbox 104 442 906 484; baseline -0.012 -5"><span class='ocrx_word' id='word_1_52' title='bbox 104 451 207 479; x_wconf 67' lang='lat' dir='ltr'><strong>iturus</strong></span> <span class='ocrx_word' id='word_1_53' title='bbox 223 456 291 481; x_wconf 85' lang='lat' dir='ltr'><strong>erat,</strong></span> <span class='ocrx_word' id='word_1_54' title='bbox 303 448 427 484; x_wconf 82' lang='lat' dir='ltr'><strong>quamvis</strong></span> <span class='ocrx_word' id='word_1_55' title='bbox 442 449 499 482; x_wconf 73' lang='lat' dir='ltr'><strong>ipse</strong></span> <span class='ocrx_word' id='word_1_56' title='bbox 517 448 558 473; x_wconf 82' lang='lat' dir='ltr'><strong>vel</strong></span> <span class='ocrx_word' id='word_1_57' title='bbox 581 446 621 472; x_wconf 88' lang='lat' dir='ltr'><strong>sic</strong></span> <span class='ocrx_word' id='word_1_58' title='bbox 637 445 664 471; x_wconf 93' lang='lat' dir='ltr'><strong>in</strong></span> <span class='ocrx_word' id='word_1_59' title='bbox 681 453 739 479; x_wconf 84' lang='lat' dir='ltr'><strong>Ipsa</strong></span> <span class='ocrx_word' id='word_1_60' title='bbox 766 448 822 471; x_wconf 87' lang='lat' dir='ltr'><strong>tere</strong></span> <span class='ocrx_word' id='word_1_61' title='bbox 843 442 906 469; x_wconf 90' lang='lat' dir='ltr'><strong>mali</strong></span> 
     </span>
    </p>
   </div>
   <div class='ocr_carea' id='block_1_11' title="bbox 103 489 903 530">
    <p class='ocr_par' dir='ltr' id='par_1_11' title="bbox 103 489 903 530">
     <span class='ocr_line' id='line_1_11' title="bbox 103 489 903 530; baseline -0.011 -7"><span class='ocrx_word' id='word_1_62' title='bbox 103 496 173 524; x_wconf 81' lang='lat' dir='ltr'><strong>acie</strong></span> <span class='ocrx_word' id='word_1_63' title='bbox 189 495 351 530; x_wconf 80' lang='lat' dir='ltr'><strong>procedens.</strong></span> <span class='ocrx_word' id='word_1_64' title='bbox 370 498 499 527; x_wconf 82' lang='lat' dir='ltr'><strong>tauquam</strong></span> <span class='ocrx_word' id='word_1_65' title='bbox 526 490 648 526; x_wconf 79' lang='lat' dir='ltr'><strong>propriis</strong></span> <span class='ocrx_word' id='word_1_66' title='bbox 677 489 783 516; x_wconf 87' lang='lat' dir='ltr'><strong>viribus</strong></span> <span class='ocrx_word' id='word_1_67' title='bbox 806 489 903 519; x_wconf 86' lang='lat' dir='ltr'><strong>fretus,</strong></span> 
     </span>
    </p>
   </div>
   <div class='ocr_carea' id='block_1_12' title="bbox 103 533 907 576">
    <p class='ocr_par' dir='ltr' id='par_1_12' title="bbox 103 533 907 576">
     <span class='ocr_line' id='line_1_12' title="bbox 103 533 907 576; baseline -0.011 -7"><span class='ocrx_word' id='word_1_68' title='bbox 103 542 324 576; x_wconf 78' lang='lat' dir='ltr'><strong>haudquaquam</strong></span> <span class='ocrx_word' id='word_1_69' title='bbox 352 539 473 574; x_wconf 72' lang='lat' dir='ltr'><strong>prmlium</strong></span> <span class='ocrx_word' id='word_1_70' title='bbox 492 537 639 567; x_wconf 80' lang='lat' dir='ltr'><strong>distulerit,</strong></span> <span class='ocrx_word' id='word_1_71' title='bbox 663 542 751 569; x_wconf 88' lang='lat' dir='ltr'><strong>neque</strong></span> <span class='ocrx_word' id='word_1_72' title='bbox 764 534 858 568; x_wconf 74' lang='lat' dir='ltr'><strong>legatis</strong></span> <span class='ocrx_word' id='word_1_73' title='bbox 873 533 907 560; x_wconf 87' lang='lat' dir='ltr'><strong>ad</strong></span> 
     </span>
    </p>
   </div>
   <div class='ocr_carea' id='block_1_13' title="bbox 104 579 907 617">
    <p class='ocr_par' dir='ltr' id='par_1_13' title="bbox 104 579 907 617">
     <span class='ocr_line' id='line_1_13' title="bbox 104 579 907 617; baseline -0.012 -2"><span class='ocrx_word' id='word_1_74' title='bbox 104 587 273 615; x_wconf 53' lang='lat' dir='ltr'><strong>Palaestinos</strong></span> <span class='ocrx_word' id='word_1_75' title='bbox 287 585 378 613; x_wconf 82' lang='lat' dir='ltr'><strong>missis</strong></span> <span class='ocrx_word' id='word_1_76' title='bbox 400 583 504 611; x_wconf 62' lang='lat' dir='ltr'><strong>foedera</strong></span> <span class='ocrx_word' id='word_1_77' title='bbox 525 582 647 617; x_wconf 73' lang='lat' dir='ltr'><strong>petierit.</strong></span> <span class='ocrx_word' id='word_1_78' title='bbox 663 581 740 614; x_wconf 79' lang='lat' dir='ltr'><strong>Quod</strong></span> <span class='ocrx_word' id='word_1_79' title='bbox 767 579 907 614; x_wconf 84' lang='lat' dir='ltr'><strong>siquando</strong></span> 
     </span>
    </p>
   </div>
   <div class='ocr_carea' id='block_1_14' title="bbox 103 627 906 668">
    <p class='ocr_par' dir='ltr' id='par_1_14' title="bbox 103 627 906 668">
     <span class='ocr_line' id='line_1_14' title="bbox 103 627 906 668; baseline -0.014 -6"><span class='ocrx_word' id='word_1_80' title='bbox 103 642 177 662; x_wconf 70' lang='lat' dir='ltr'><strong>vera</strong></span> <span class='ocrx_word' id='word_1_81' title='bbox 196 633 400 668; x_wconf 77' lang='lat' dir='ltr'><strong>przenuntiasse</strong></span> <span class='ocrx_word' id='word_1_82' title='bbox 418 629 651 664; x_wconf 79' lang='lat' dir='ltr'><strong>deprehendatur,</strong></span> <span class='ocrx_word' id='word_1_83' title='bbox 676 627 703 655; x_wconf 91' lang='lat' dir='ltr'><strong>id</strong></span> <span class='ocrx_word' id='word_1_84' title='bbox 733 633 906 660; x_wconf 75' lang='lat' dir='ltr'><strong>nequaquam</strong></span> 
     </span>
    </p>
   </div>
   <div class='ocr_carea' id='block_1_15' title="bbox 104 672 908 709">
    <p class='ocr_par' dir='ltr' id='par_1_15' title="bbox 104 672 908 709">
     <span class='ocr_line' id='line_1_15' title="bbox 104 672 908 709; baseline -0.011 -2"><span class='ocrx_word' id='word_1_85' title='bbox 104 686 252 708; x_wconf 78' lang='lat' dir='ltr'><strong>astrorum</strong></span> <span class='ocrx_word' id='word_1_86' title='bbox 269 677 490 706; x_wconf 64' lang='lat' dir='ltr'><strong>rerolutionibus</strong></span> <span class='ocrx_word' id='word_1_87' title='bbox 519 675 655 709; x_wconf 74' lang='lat' dir='ltr'><strong>contingit</strong></span> <span class='ocrx_word' id='word_1_88' title='bbox 669 695 676 706; x_wconf 86' lang='lat'><strong>,</strong></span> <span class='ocrx_word' id='word_1_89' title='bbox 710 679 757 700; x_wconf 88' lang='lat' dir='ltr'><strong>aut</strong></span> <span class='ocrx_word' id='word_1_90' title='bbox 777 672 842 708; x_wconf 85' lang='lat' dir='ltr'><strong>quia</strong></span> <span class='ocrx_word' id='word_1_91' title='bbox 868 672 908 699; x_wconf 90' lang='lat' dir='ltr'><strong>sic</strong></span> 
     </span>
    </p>
   </div>
   <div class='ocr_carea' id='block_1_16' title="bbox 103 718 906 754">
    <p class='ocr_par' dir='ltr' id='par_1_16' title="bbox 103 718 906 754">
     <span class='ocr_line' id='line_1_16' title="bbox 103 718 906 754; baseline -0.009 -1"><span class='ocrx_word' id='word_1_92' title='bbox 103 725 275 754; x_wconf 80' lang='lat' dir='ltr'><strong>earumdem</strong></span> <span class='ocrx_word' id='word_1_93' title='bbox 291 732 320 751; x_wconf 87' lang='lat' dir='ltr'><strong>se</strong></span> <span class='ocrx_word' id='word_1_94' title='bbox 331 724 399 750; x_wconf 84' lang='lat' dir='ltr'><strong>situs</strong></span> <span class='ocrx_word' id='word_1_95' title='bbox 410 722 504 753; x_wconf 86' lang='lat' dir='ltr'><strong>habet,</strong></span> <span class='ocrx_word' id='word_1_96' title='bbox 518 726 547 748; x_wconf 89' lang='lat' dir='ltr'><strong>ct</strong></span> <span class='ocrx_word' id='word_1_97' title='bbox 562 725 670 748; x_wconf 82' lang='lat' dir='ltr'><strong>motus:</strong></span> <span class='ocrx_word' id='word_1_98' title='bbox 686 719 734 746; x_wconf 84' lang='lat' dir='ltr'><strong>sed</strong></span> <span class='ocrx_word' id='word_1_99' title='bbox 756 718 906 746; x_wconf 48' lang='lat' dir='ltr'><strong>industria,</strong></span> 
     </span>
    </p>
   </div>
   <div class='ocr_carea' id='block_1_17' title="bbox 103 764 907 806">
    <p class='ocr_par' dir='ltr' id='par_1_17' title="bbox 103 764 907 806">
     <span class='ocr_line' id='line_1_17' title="bbox 103 764 907 806; baseline -0.01 -8"><span class='ocrx_word' id='word_1_100' title='bbox 103 772 166 798; x_wconf 91' lang='lat' dir='ltr'><strong>imo</strong></span> <span class='ocrx_word' id='word_1_101' title='bbox 193 771 294 806; x_wconf 68' lang='lat' dir='ltr'><strong>po“&quot;s,</strong></span> <span class='ocrx_word' id='word_1_102' title='bbox 327 774 356 796; x_wconf 85' lang='lat' dir='ltr'><strong>ut</strong></span> <span class='ocrx_word' id='word_1_103' title='bbox 386 769 422 795; x_wconf 89' lang='lat' dir='ltr'><strong>ita</strong></span> <span class='ocrx_word' id='word_1_104' title='bbox 450 768 552 796; x_wconf 87' lang='lat' dir='ltr'><strong>dicam,</strong></span> <span class='ocrx_word' id='word_1_105' title='bbox 596 767 762 801; x_wconf 69' lang='lat' dir='ltr'><strong>conjectura:</strong></span> <span class='ocrx_word' id='word_1_106' title='bbox 789 764 907 792; x_wconf 82' lang='lat' dir='ltr'><strong>astrolo-</strong></span> 
     </span>
    </p>
   </div>
   <div class='ocr_carea' id='block_1_18' title="bbox 101 812 902 852">
    <p class='ocr_par' dir='ltr' id='par_1_18' title="bbox 101 812 902 852">
     <span class='ocr_line' id='line_1_18' title="bbox 101 812 902 852; baseline -0.009 -9"><span class='ocrx_word' id='word_1_107' title='bbox 101 825 207 852; x_wconf 78' lang='lat' dir='ltr'><strong>gorum</strong></span> <span class='ocrx_word' id='word_1_108' title='bbox 225 817 335 843; x_wconf 83' lang='lat' dir='ltr'><strong>inventa</strong></span> <span class='ocrx_word' id='word_1_109' title='bbox 355 819 428 843; x_wconf 83' lang='lat' dir='ltr'><strong>sunt.</strong></span> <span class='ocrx_word' id='word_1_110' title='bbox 456 814 502 848; x_wconf 90' lang='lat' dir='ltr'><strong>qui</strong></span> <span class='ocrx_word' id='word_1_111' title='bbox 531 819 639 846; x_wconf 85' lang='lat' dir='ltr'><strong>semper</strong></span> <span class='ocrx_word' id='word_1_112' title='bbox 665 812 767 846; x_wconf 87' lang='lat' dir='ltr'><strong>optima</strong></span> <span class='ocrx_word' id='word_1_113' title='bbox 788 817 902 844; x_wconf 68' lang='lat' dir='ltr'><strong>quaeque</strong></span> 
     </span>
    </p>
   </div>
   <div class='ocr_carea' id='block_1_19' title="bbox 101 855 900 896">
    <p class='ocr_par' dir='ltr' id='par_1_19' title="bbox 101 855 900 896">
     <span class='ocr_line' id='line_1_19' title="bbox 101 855 900 896; baseline -0.01 -6"><span class='ocrx_word' id='word_1_114' title='bbox 101 863 158 890; x_wconf 82' lang='lat' dir='ltr'><strong>sibi</strong></span> <span class='ocrx_word' id='word_1_115' title='bbox 179 860 381 896; x_wconf 82' lang='lat' dir='ltr'><strong>pronuntianda</strong></span> <span class='ocrx_word' id='word_1_116' title='bbox 406 858 650 894; x_wconf 77' lang='lat' dir='ltr'><strong>interrogantibus,</strong></span> <span class='ocrx_word' id='word_1_117' title='bbox 665 862 692 884; x_wconf 80' lang='lat' dir='ltr'><strong>et</strong></span> <span class='ocrx_word' id='word_1_118' title='bbox 716 855 900 891; x_wconf 85' lang='lat' dir='ltr'><strong>promittenda</strong></span> 
     </span>
    </p>
   </div>
   <div class='ocr_carea' id='block_1_20' title="bbox 103 911 278 942">
    <p class='ocr_par' dir='ltr' id='par_1_20' title="bbox 103 911 278 942">
     <span class='ocr_line' id='line_1_20' title="bbox 103 911 278 942; baseline -0.017 -7"><span class='ocrx_word' id='word_1_119' title='bbox 103 911 278 942; x_wconf 84' lang='lat' dir='ltr'><strong>proponunt.</strong></span> 
     </span>
    </p>
   </div>
   <div class='ocr_carea' id='block_1_21' title="bbox 144 945 901 987">
    <p class='ocr_par' dir='ltr' id='par_1_21' title="bbox 144 945 901 987">
     <span class='ocr_line' id='line_1_21' title="bbox 144 945 901 987; baseline -0.012 -7"><span class='ocrx_word' id='word_1_120' title='bbox 144 953 213 979; x_wconf 90' lang='lat' dir='ltr'><strong>Nam</strong></span> <span class='ocrx_word' id='word_1_121' title='bbox 237 956 368 987; x_wconf 83' lang='lat' dir='ltr'><strong>perpetua</strong></span> <span class='ocrx_word' id='word_1_122' title='bbox 382 957 474 977; x_wconf 87' lang='lat' dir='ltr'><strong>rerum</strong></span> <span class='ocrx_word' id='word_1_123' title='bbox 491 955 616 976; x_wconf 81' lang='lat' dir='ltr'><strong>verarum</strong></span> <span class='ocrx_word' id='word_1_124' title='bbox 630 946 771 981; x_wconf 65' lang='lat' dir='ltr'><strong>praedictio</strong></span> <span class='ocrx_word' id='word_1_125' title='bbox 788 945 901 980; x_wconf 87' lang='lat' dir='ltr'><strong>propria</strong></span> 
     </span>
    </p>
   </div>
   <div class='ocr_carea' id='block_1_22' title="bbox 103 991 899 1032">
    <p class='ocr_par' dir='ltr' id='par_1_22' title="bbox 103 991 899 1032">
     <span class='ocr_line' id='line_1_22' title="bbox 103 991 899 1032; baseline -0.011 -5"><span class='ocrx_word' id='word_1_126' title='bbox 103 1000 157 1028; x_wconf 82' lang='lat' dir='ltr'><strong>Dei</strong></span> <span class='ocrx_word' id='word_1_127' title='bbox 172 1004 225 1032; x_wconf 81' lang='lat' dir='ltr'><strong>est,</strong></span> <span class='ocrx_word' id='word_1_128' title='bbox 240 1003 267 1025; x_wconf 83' lang='lat' dir='ltr'><strong>et</strong></span> <span class='ocrx_word' id='word_1_129' title='bbox 280 997 478 1032; x_wconf 87' lang='lat' dir='ltr'><strong>prophetarum</strong></span> <span class='ocrx_word' id='word_1_130' title='bbox 500 995 572 1028; x_wconf 83' lang='lat' dir='ltr'><strong>cjus,</strong></span> <span class='ocrx_word' id='word_1_131' title='bbox 600 998 685 1020; x_wconf 84' lang='lat' dir='ltr'><strong>uota:</strong></span> <span class='ocrx_word' id='word_1_132' title='bbox 718 991 764 1027; x_wconf 88' lang='lat' dir='ltr'><strong>qui</strong></span> <span class='ocrx_word' id='word_1_133' title='bbox 789 992 899 1019; x_wconf 86' lang='lat' dir='ltr'><strong>futuro-</strong></span> 
     </span>
    </p>
   </div>
   <div class='ocr_carea' id='block_1_23' title="bbox 105 1040 901 1080">
    <p class='ocr_par' dir='ltr' id='par_1_23' title="bbox 105 1040 901 1080">
     <span class='ocr_line' id='line_1_23' title="bbox 105 1040 901 1080; baseline -0.013 -7"><span class='ocrx_word' id='word_1_134' title='bbox 105 1054 170 1074; x_wconf 87' lang='lat' dir='ltr'><strong>rum</strong></span> <span class='ocrx_word' id='word_1_135' title='bbox 186 1065 193 1076; x_wconf 85' lang='lat'><em>.</em></span> <span class='ocrx_word' id='word_1_136' title='bbox 208 1052 269 1080; x_wconf 63' lang='lat' dir='ltr'><strong>qua:</strong></span> <span class='ocrx_word' id='word_1_137' title='bbox 285 1042 425 1071; x_wconf 78' lang='lat' dir='ltr'><strong>vaticinati</strong></span> <span class='ocrx_word' id='word_1_138' title='bbox 439 1045 513 1073; x_wconf 83' lang='lat' dir='ltr'><strong>sunt,</strong></span> <span class='ocrx_word' id='word_1_139' title='bbox 534 1040 639 1067; x_wconf 92' lang='lat' dir='ltr'><strong>nullum</strong></span> <span class='ocrx_word' id='word_1_140' title='bbox 664 1045 718 1065; x_wconf 91' lang='lat' dir='ltr'><strong>non</strong></span> <span class='ocrx_word' id='word_1_141' title='bbox 748 1046 811 1065; x_wconf 86' lang='lat' dir='ltr'><strong>vere</strong></span> <span class='ocrx_word' id='word_1_142' title='bbox 833 1045 901 1072; x_wconf 76' lang='lat' dir='ltr'><strong>pra:—</strong></span> 
     </span>
    </p>
   </div>
   <div class='ocr_carea' id='block_1_24' title="bbox 105 1089 482 1124">
    <p class='ocr_par' dir='ltr' id='par_1_24' title="bbox 105 1089 482 1124">
     <span class='ocr_line' id='line_1_24' title="bbox 105 1089 482 1124; baseline -0.016 -5"><span class='ocrx_word' id='word_1_143' title='bbox 105 1091 210 1119; x_wconf 81' lang='lat' dir='ltr'><strong>dixisse</strong></span> <span class='ocrx_word' id='word_1_144' title='bbox 226 1089 482 1124; x_wconf 85' lang='lat' dir='ltr'><strong>deprehenduntur.</strong></span> 
     </span>
    </p>
   </div>
   <div class='ocr_carea' id='block_1_25' title="bbox 144 1128 901 1170">
    <p class='ocr_par' dir='ltr' id='par_1_25' title="bbox 144 1128 901 1170">
     <span class='ocr_line' id='line_1_25' title="bbox 144 1128 901 1170; baseline -0.012 -6"><span class='ocrx_word' id='word_1_145' title='bbox 144 1137 223 1170; x_wconf 87' lang='lat' dir='ltr'><strong>Quod</strong></span> <span class='ocrx_word' id='word_1_146' title='bbox 244 1136 267 1163; x_wconf 87' lang='lat' dir='ltr'><strong>si</strong></span> <span class='ocrx_word' id='word_1_147' title='bbox 284 1135 346 1170; x_wconf 88' lang='lat' dir='ltr'><strong>quis</strong></span> <span class='ocrx_word' id='word_1_148' title='bbox 370 1134 415 1161; x_wconf 84' lang='lat' dir='ltr'><strong>vix</strong></span> <span class='ocrx_word' id='word_1_149' title='bbox 441 1132 552 1160; x_wconf 78' lang='lat' dir='ltr'><strong>tandem</strong></span> <span class='ocrx_word' id='word_1_150' title='bbox 578 1131 635 1158; x_wconf 68' lang='lat' dir='ltr'><strong>reri</strong></span> <span class='ocrx_word' id='word_1_151' title='bbox 660 1129 725 1164; x_wconf 89' lang='lat' dir='ltr'><strong>quid</strong></span> <span class='ocrx_word' id='word_1_152' title='bbox 755 1128 901 1163; x_wconf 83' lang='lat' dir='ltr'><strong>aliquando</strong></span> 
     </span>
    </p>
   </div>
   <div class='ocr_carea' id='block_1_26' title="bbox 114 1175 902 1217">
    <p class='ocr_par' dir='ltr' id='par_1_26' title="bbox 114 1175 902 1217">
     <span class='ocr_line' id='line_1_26' title="bbox 114 1175 902 1217; baseline -0.009 -8"><span class='ocrx_word' id='word_1_153' title='bbox 114 1180 325 1217; x_wconf 84' lang='lat' dir='ltr'><strong>conjectaverit,</strong></span> <span class='ocrx_word' id='word_1_154' title='bbox 340 1180 392 1207; x_wconf 90' lang='lat' dir='ltr'><strong>hoc</strong></span> <span class='ocrx_word' id='word_1_155' title='bbox 407 1179 467 1214; x_wconf 85' lang='lat' dir='ltr'><strong>ejus</strong></span> <span class='ocrx_word' id='word_1_156' title='bbox 485 1177 616 1205; x_wconf 85' lang='lat' dir='ltr'><strong>indicium</strong></span> <span class='ocrx_word' id='word_1_157' title='bbox 628 1181 670 1203; x_wconf 89' lang='lat' dir='ltr'><strong>est</strong></span> <span class='ocrx_word' id='word_1_158' title='bbox 686 1195 694 1206; x_wconf 82' lang='lat'><em>.</em></span> <span class='ocrx_word' id='word_1_159' title='bbox 709 1175 755 1210; x_wconf 92' lang='lat' dir='ltr'><strong>qui</strong></span> <span class='ocrx_word' id='word_1_160' title='bbox 774 1175 902 1209; x_wconf 80' lang='lat' dir='ltr'><strong>quamvis</strong></span> 
     </span>
    </p>
   </div>
   <div class='ocr_carea' id='block_1_27' title="bbox 106 1219 900 1261">
    <p class='ocr_par' dir='ltr' id='par_1_27' title="bbox 106 1219 900 1261">
     <span class='ocr_line' id='line_1_27' title="bbox 106 1219 900 1261; baseline -0.013 -7"><span class='ocrx_word' id='word_1_161' title='bbox 106 1233 197 1254; x_wconf 80' lang='lat' dir='ltr'><strong>artem</strong></span> <span class='ocrx_word' id='word_1_162' title='bbox 216 1225 364 1261; x_wconf 80' lang='lat' dir='ltr'><strong>sagittandi</strong></span> <span class='ocrx_word' id='word_1_163' title='bbox 393 1224 485 1250; x_wconf 92' lang='lat' dir='ltr'><strong>minus</strong></span> <span class='ocrx_word' id='word_1_164' title='bbox 509 1221 693 1254; x_wconf 86' lang='lat' dir='ltr'><strong>eallcat,quia</strong></span> <span class='ocrx_word' id='word_1_165' title='bbox 725 1224 814 1246; x_wconf 81' lang='lat' dir='ltr'><strong>tamen</strong></span> <span class='ocrx_word' id='word_1_166' title='bbox 849 1219 900 1246; x_wconf 85' lang='lat' dir='ltr'><strong>tela</strong></span> 
     </span>
    </p>
   </div>
   <div class='ocr_carea' id='block_1_28' title="bbox 106 1264 900 1307">
    <p class='ocr_par' dir='ltr' id='par_1_28' title="bbox 106 1264 900 1307">
     <span class='ocr_line' id='line_1_28' title="bbox 106 1264 900 1307; baseline -0.01 -7"><span class='ocrx_word' id='word_1_167' title='bbox 106 1280 182 1307; x_wconf 75' lang='lat' dir='ltr'><strong>smpe</strong></span> <span class='ocrx_word' id='word_1_168' title='bbox 197 1276 270 1298; x_wconf 87' lang='lat' dir='ltr'><strong>recta</strong></span> <span class='ocrx_word' id='word_1_169' title='bbox 290 1271 316 1297; x_wconf 89' lang='lat' dir='ltr'><strong>in</strong></span> <span class='ocrx_word' id='word_1_170' title='bbox 332 1276 444 1304; x_wconf 86' lang='lat' dir='ltr'><strong>scopum</strong></span> <span class='ocrx_word' id='word_1_171' title='bbox 462 1267 566 1302; x_wconf 78' lang='lat' dir='ltr'><strong>dirigit,</strong></span> <span class='ocrx_word' id='word_1_172' title='bbox 591 1265 739 1300; x_wconf 75' lang='lat' dir='ltr'><strong>aliquando</strong></span> <span class='ocrx_word' id='word_1_173' title='bbox 766 1264 848 1292; x_wconf 88' lang='lat' dir='ltr'><strong>etiam</strong></span> <span class='ocrx_word' id='word_1_174' title='bbox 867 1265 900 1292; x_wconf 88' lang='lat' dir='ltr'><strong>ab</strong></span> 
     </span>
    </p>
   </div>
   <div class='ocr_carea' id='block_1_29' title="bbox 108 1317 354 1346">
    <p class='ocr_par' dir='ltr' id='par_1_29' title="bbox 108 1317 354 1346">
     <span class='ocr_line' id='line_1_29' title="bbox 108 1317 354 1346; baseline -0.012 -1"><span class='ocrx_word' id='word_1_175' title='bbox 108 1326 143 1346; x_wconf 86' lang='lat' dir='ltr'><strong>eo</strong></span> <span class='ocrx_word' id='word_1_176' title='bbox 160 1325 213 1344; x_wconf 90' lang='lat' dir='ltr'><strong>non</strong></span> <span class='ocrx_word' id='word_1_177' title='bbox 233 1317 354 1344; x_wconf 85' lang='lat' dir='ltr'><strong>aberret.</strong></span> 
     </span>
    </p>
   </div>
   <div class='ocr_carea' id='block_1_30' title="bbox 145 1356 902 1393">
    <p class='ocr_par' dir='ltr' id='par_1_30' title="bbox 145 1356 902 1393">
     <span class='ocr_line' id='line_1_30' title="bbox 145 1356 902 1393; baseline -0.009 -4"><span class='ocrx_word' id='word_1_178' title='bbox 145 1364 185 1389; x_wconf 59' lang='lat' dir='ltr'><strong>tux</strong></span> <span class='ocrx_word' id='word_1_179' title='bbox 213 1361 352 1390; x_wconf 87' lang='lat' dir='ltr'><strong>contrario</strong></span> <span class='ocrx_word' id='word_1_180' title='bbox 369 1360 453 1387; x_wconf 89' lang='lat' dir='ltr'><strong>etiam</strong></span> <span class='ocrx_word' id='word_1_181' title='bbox 477 1358 524 1393; x_wconf 91' lang='lat' dir='ltr'><strong>qui</strong></span> <span class='ocrx_word' id='word_1_182' title='bbox 552 1358 610 1384; x_wconf 79' lang='lat' dir='ltr'><strong>visu</strong></span> <span class='ocrx_word' id='word_1_183' title='bbox 640 1363 706 1383; x_wconf 89' lang='lat' dir='ltr'><strong>sano</strong></span> <span class='ocrx_word' id='word_1_184' title='bbox 729 1360 782 1388; x_wconf 82' lang='lat' dir='ltr'><strong>est,</strong></span> <span class='ocrx_word' id='word_1_185' title='bbox 807 1356 830 1383; x_wconf 84' lang='lat' dir='ltr'><strong>si</strong></span> <span class='ocrx_word' id='word_1_186' title='bbox 846 1363 902 1382; x_wconf 93' lang='lat' dir='ltr'><strong>uno</strong></span> 
     </span>
    </p>
   </div>
   <div class='ocr_carea' id='block_1_31' title="bbox 109 1401 902 1439">
    <p class='ocr_par' dir='ltr' id='par_1_31' title="bbox 109 1401 902 1439">
     <span class='ocr_line' id='line_1_31' title="bbox 109 1401 902 1439; baseline -0.013 -2"><span class='ocrx_word' id='word_1_187' title='bbox 109 1417 192 1437; x_wconf 87' lang='lat' dir='ltr'><strong>cursu</strong></span> <span class='ocrx_word' id='word_1_188' title='bbox 221 1412 295 1435; x_wconf 89' lang='lat' dir='ltr'><strong>recta</strong></span> <span class='ocrx_word' id='word_1_189' title='bbox 322 1406 394 1433; x_wconf 88' lang='lat' dir='ltr'><strong>viam</strong></span> <span class='ocrx_word' id='word_1_190' title='bbox 436 1404 602 1439; x_wconf 71' lang='lat' dir='ltr'><strong>porrexerit,</strong></span> <span class='ocrx_word' id='word_1_191' title='bbox 641 1406 746 1428; x_wconf 87' lang='lat' dir='ltr'><strong>tantum</strong></span> <span class='ocrx_word' id='word_1_192' title='bbox 771 1401 849 1428; x_wconf 82' lang='lat' dir='ltr'><strong>abest</strong></span> <span class='ocrx_word' id='word_1_193' title='bbox 871 1406 902 1428; x_wconf 89' lang='lat' dir='ltr'><strong>ut</strong></span> 
     </span>
    </p>
   </div>
   <div class='ocr_carea' id='block_1_32' title="bbox 108 1446 900 1490">
    <p class='ocr_par' dir='ltr' id='par_1_32' title="bbox 108 1446 900 1490">
     <span class='ocr_line' id='line_1_32' title="bbox 108 1446 900 1490; baseline -0.013 -8"><span class='ocrx_word' id='word_1_194' title='bbox 108 1453 287 1490; x_wconf 73' lang='lat' dir='ltr'><strong>supercilium</strong></span> <span class='ocrx_word' id='word_1_195' title='bbox 304 1451 380 1478; x_wconf 88' lang='lat' dir='ltr'><strong>tollat</strong></span> <span class='ocrx_word' id='word_1_196' title='bbox 403 1448 682 1484; x_wconf 80' lang='lat' dir='ltr'><strong>magniﬁcentiusque</strong></span> <span class='ocrx_word' id='word_1_197' title='bbox 698 1447 732 1474; x_wconf 83' lang='lat' dir='ltr'><strong>de</strong></span> <span class='ocrx_word' id='word_1_198' title='bbox 744 1454 773 1473; x_wconf 90' lang='lat' dir='ltr'><strong>sc</strong></span> <span class='ocrx_word' id='word_1_199' title='bbox 789 1446 900 1479; x_wconf 89' lang='lat' dir='ltr'><strong>sentiat,</strong></span> 
     </span>
    </p>
   </div>
   <div class='ocr_carea' id='block_1_33' title="bbox 109 1492 900 1534">
    <p class='ocr_par' dir='ltr' id='par_1_33' title="bbox 109 1492 900 1534">
     <span class='ocr_line' id='line_1_33' title="bbox 109 1492 900 1534; baseline -0.011 -6"><span class='ocrx_word' id='word_1_200' title='bbox 109 1508 172 1528; x_wconf 88' lang='lat' dir='ltr'><strong>cum</strong></span> <span class='ocrx_word' id='word_1_201' title='bbox 188 1499 283 1534; x_wconf 88' lang='lat' dir='ltr'><strong>potius</strong></span> <span class='ocrx_word' id='word_1_202' title='bbox 297 1497 380 1525; x_wconf 85' lang='lat' dir='ltr'><strong>etiam</strong></span> <span class='ocrx_word' id='word_1_203' title='bbox 391 1495 455 1523; x_wconf 86' lang='lat' dir='ltr'><strong>aliis</strong></span> <span class='ocrx_word' id='word_1_204' title='bbox 479 1493 684 1525; x_wconf 84' lang='lat' dir='ltr'><strong>aberrantibus,</strong></span> <span class='ocrx_word' id='word_1_205' title='bbox 710 1492 768 1527; x_wconf 83' lang='lat' dir='ltr'><strong>ipse</strong></span> <span class='ocrx_word' id='word_1_206' title='bbox 793 1492 900 1527; x_wconf 87' lang='lat' dir='ltr'><strong>pudore</strong></span> 
     </span>
    </p>
   </div>
   <div class='ocr_carea' id='block_1_34' title="bbox 110 1545 298 1575">
    <p class='ocr_par' dir='ltr' id='par_1_34' title="bbox 110 1545 298 1575">
     <span class='ocr_line' id='line_1_34' title="bbox 110 1545 298 1575; baseline -0.021 0"><span class='ocrx_word' id='word_1_207' title='bbox 110 1545 298 1575; x_wconf 78' lang='lat' dir='ltr'><strong>suffundatur.</strong></span> 
     </span>
    </p>
   </div>
   <div class='ocr_carea' id='block_1_35' title="bbox 145 1586 900 1626">
    <p class='ocr_par' dir='ltr' id='par_1_35' title="bbox 145 1586 900 1626">
     <span class='ocr_line' id='line_1_35' title="bbox 145 1586 900 1626; baseline -0.011 -6"><span class='ocrx_word' id='word_1_208' title='bbox 145 1592 223 1626; x_wconf 80' lang='lat' dir='ltr'><strong>Quod</strong></span> <span class='ocrx_word' id='word_1_209' title='bbox 237 1592 261 1619; x_wconf 91' lang='lat' dir='ltr'><strong>si</strong></span> <span class='ocrx_word' id='word_1_210' title='bbox 275 1591 338 1626; x_wconf 79' lang='lat' dir='ltr'><strong>quis</strong></span> <span class='ocrx_word' id='word_1_211' title='bbox 352 1588 463 1617; x_wconf 91' lang='lat' dir='ltr'><strong>videndi</strong></span> <span class='ocrx_word' id='word_1_212' title='bbox 476 1586 604 1615; x_wconf 83' lang='lat' dir='ltr'><strong>facultate</strong></span> <span class='ocrx_word' id='word_1_213' title='bbox 615 1586 740 1621; x_wconf 86' lang='lat' dir='ltr'><strong>privatus</strong></span> <span class='ocrx_word' id='word_1_214' title='bbox 753 1593 807 1613; x_wconf 93' lang='lat' dir='ltr'><strong>uno</strong></span> <span class='ocrx_word' id='word_1_215' title='bbox 817 1591 900 1612; x_wconf 74' lang='lat' dir='ltr'><strong>curSu</strong></span> 
     </span>
    </p>
   </div>
   <div class='ocr_carea' id='block_1_36' title="bbox 111 1630 899 1666">
    <p class='ocr_par' dir='ltr' id='par_1_36' title="bbox 111 1630 899 1666">
     <span class='ocr_line' id='line_1_36' title="bbox 111 1630 899 1666; baseline -0.013 0"><span class='ocrx_word' id='word_1_216' title='bbox 111 1639 180 1666; x_wconf 86' lang='lat' dir='ltr'><strong>viam</strong></span> <span class='ocrx_word' id='word_1_217' title='bbox 207 1639 276 1665; x_wconf 87' lang='lat' dir='ltr'><strong>citra</strong></span> <span class='ocrx_word' id='word_1_218' title='bbox 305 1634 506 1664; x_wconf 80' lang='lat' dir='ltr'><strong>offendiculum</strong></span> <span class='ocrx_word' id='word_1_219' title='bbox 533 1632 684 1666; x_wconf 85' lang='lat' dir='ltr'><strong>transierit,</strong></span> <span class='ocrx_word' id='word_1_220' title='bbox 715 1640 770 1660; x_wconf 89' lang='lat' dir='ltr'><strong>non</strong></span> <span class='ocrx_word' id='word_1_221' title='bbox 801 1630 899 1663; x_wconf 88' lang='lat' dir='ltr'><strong>oculis,</strong></span> 
     </span>
    </p>
   </div>
   <div class='ocr_carea' id='block_1_37' title="bbox 109 1676 901 1713">
    <p class='ocr_par' dir='ltr' id='par_1_37' title="bbox 109 1676 901 1713">
     <span class='ocr_line' id='line_1_37' title="bbox 109 1676 901 1713; baseline -0.011 -1"><span class='ocrx_word' id='word_1_222' title='bbox 109 1684 156 1712; x_wconf 73' lang='lat' dir='ltr'><strong>Sed</strong></span> <span class='ocrx_word' id='word_1_223' title='bbox 172 1683 243 1710; x_wconf 89' lang='lat' dir='ltr'><strong>forte</strong></span> <span class='ocrx_word' id='word_1_224' title='bbox 262 1682 372 1709; x_wconf 81' lang='lat' dir='ltr'><strong>fortuna</strong></span> <span class='ocrx_word' id='word_1_225' title='bbox 393 1677 561 1707; x_wconf 85' lang='lat' dir='ltr'><strong>curriculum</strong></span> <span class='ocrx_word' id='word_1_226' title='bbox 576 1677 733 1713; x_wconf 87' lang='lat' dir='ltr'><strong>hujusmodi</strong></span> <span class='ocrx_word' id='word_1_227' title='bbox 751 1676 901 1704; x_wconf 83' lang='lat' dir='ltr'><strong>absolvisse</strong></span> 
     </span>
    </p>
   </div>
   <div class='ocr_carea' id='block_1_38' title="bbox 110 1729 687 1763">
    <p class='ocr_par' dir='ltr' id='par_1_38' title="bbox 110 1729 687 1763">
     <span class='ocr_line' id='line_1_38' title="bbox 110 1729 687 1763; baseline -0.014 -6"><span class='ocrx_word' id='word_1_228' title='bbox 110 1729 276 1758; x_wconf 86' lang='lat' dir='ltr'><strong>censebitur.</strong></span> <span class='ocrx_word' id='word_1_229' title='bbox 678 1756 687 1763; x_wconf 42' lang='lat'><strong><em>‘</em></strong></span> 
     </span>
    </p>
   </div>
   <div class='ocr_carea' id='block_1_39' title="bbox 144 1768 901 1808">
    <p class='ocr_par' dir='ltr' id='par_1_39' title="bbox 144 1768 901 1808">
     <span class='ocr_line' id='line_1_39' title="bbox 144 1768 901 1808; baseline -0.011 -6"><span class='ocrx_word' id='word_1_230' title='bbox 144 1775 178 1802; x_wconf 83' lang='lat' dir='ltr'><strong>At</strong></span> <span class='ocrx_word' id='word_1_231' title='bbox 192 1782 258 1801; x_wconf 86' lang='lat' dir='ltr'><strong>vero</strong></span> <span class='ocrx_word' id='word_1_232' title='bbox 269 1774 291 1801; x_wconf 88' lang='lat' dir='ltr'><strong>si</strong></span> <span class='ocrx_word' id='word_1_233' title='bbox 305 1774 382 1808; x_wconf 84' lang='lat' dir='ltr'><strong>juxta</strong></span> <span class='ocrx_word' id='word_1_234' title='bbox 401 1771 503 1799; x_wconf 87' lang='lat' dir='ltr'><strong>Christi</strong></span> <span class='ocrx_word' id='word_1_235' title='bbox 516 1770 701 1799; x_wconf 82' lang='lat' dir='ltr'><strong>sententiam:</strong></span> <span class='ocrx_word' id='word_1_236' title='bbox 718 1768 800 1796; x_wconf 86' lang='lat' dir='ltr'><strong>Nemo</strong></span> <span class='ocrx_word' id='word_1_237' title='bbox 816 1771 901 1802; x_wconf 77' lang='lat' dir='ltr'><strong>potest</strong></span> 
     </span>
    </p>
   </div>
   <div class='ocr_carea' id='block_1_40' title="bbox 114 1816 900 1849">
    <p class='ocr_par' dir='ltr' id='par_1_40' title="bbox 114 1816 900 1849">
     <span class='ocr_line' id='line_1_40' title="bbox 114 1816 900 1849; baseline -0.011 -1"><span class='ocrx_word' id='word_1_238' title='bbox 114 1822 165 1849; x_wconf 85' lang='lat' dir='ltr'><strong>Deo</strong></span> <span class='ocrx_word' id='word_1_239' title='bbox 172 1820 269 1848; x_wconf 63' lang='lat' dir='ltr'><strong>seruire</strong></span> <span class='ocrx_word' id='word_1_240' title='bbox 284 1823 308 1845; x_wconf 81' lang='lat' dir='ltr'><strong>et</strong></span> <span class='ocrx_word' id='word_1_241' title='bbox 325 1825 482 1845; x_wconf 75' lang='lat' dir='ltr'><strong>mammona:</strong></span> <span class='ocrx_word' id='word_1_242' title='bbox 492 1817 513 1832; x_wconf 79' lang='grc'><strong>’⁷</strong></span> <span class='ocrx_word' id='word_1_243' title='bbox 527 1836 534 1849; x_wconf 87' lang='grc'>,</span> <span class='ocrx_word' id='word_1_244' title='bbox 548 1817 593 1843; x_wconf 87' lang='lat' dir='ltr'><strong>ille</strong></span> <span class='ocrx_word' id='word_1_245' title='bbox 603 1816 776 1842; x_wconf 82' lang='lat' dir='ltr'><strong>dissentanea</strong></span> <span class='ocrx_word' id='word_1_246' title='bbox 787 1820 900 1848; x_wconf 85' lang='lat' dir='ltr'><strong>prorsus</strong></span> 
     </span>
    </p>
   </div>
   <div class='ocr_carea' id='block_1_41' title="bbox 110 1857 901 1896">
    <p class='ocr_par' dir='ltr' id='par_1_41' title="bbox 110 1857 901 1896">
     <span class='ocr_line' id='line_1_41' title="bbox 110 1857 901 1896; baseline -0.014 -2"><span class='ocrx_word' id='word_1_247' title='bbox 110 1873 137 1894; x_wconf 86' lang='lat' dir='ltr'><strong>et</strong></span> <span class='ocrx_word' id='word_1_248' title='bbox 163 1873 195 1893; x_wconf 84' lang='lat' dir='ltr'><strong>ex</strong></span> <span class='ocrx_word' id='word_1_249' title='bbox 225 1864 359 1891; x_wconf 83' lang='lat' dir='ltr'><strong>diametro</strong></span> <span class='ocrx_word' id='word_1_250' title='bbox 374 1860 557 1896; x_wconf 80' lang='lat' dir='ltr'><strong>repugnantia.</strong></span> <span class='ocrx_word' id='word_1_251' title='bbox 573 1859 695 1890; x_wconf 90' lang='lat' dir='ltr'><strong>molitur,</strong></span> <span class='ocrx_word' id='word_1_252' title='bbox 719 1858 765 1893; x_wconf 93' lang='lat' dir='ltr'><strong>qui</strong></span> <span class='ocrx_word' id='word_1_253' title='bbox 781 1857 846 1888; x_wconf 90' lang='lat' dir='ltr'><strong>Deo,</strong></span> <span class='ocrx_word' id='word_1_254' title='bbox 873 1860 901 1884; x_wconf 89' lang='lat' dir='ltr'><strong>et</strong></span> 
     </span>
    </p>
   </div>
   <div class='ocr_carea' id='block_1_42' title="bbox 111 1902 901 1942">
    <p class='ocr_par' dir='ltr' id='par_1_42' title="bbox 111 1902 901 1942">
     <span class='ocr_line' id='line_1_42' title="bbox 111 1902 901 1942; baseline -0.015 -2"><span class='ocrx_word' id='word_1_255' title='bbox 111 1912 191 1940; x_wconf 83' lang='lat' dir='ltr'><strong>rebus</strong></span> <span class='ocrx_word' id='word_1_256' title='bbox 203 1911 238 1938; x_wconf 88' lang='lat' dir='ltr'><strong>ab</strong></span> <span class='ocrx_word' id='word_1_257' title='bbox 252 1910 298 1937; x_wconf 88' lang='lat' dir='ltr'><strong>illo</strong></span> <span class='ocrx_word' id='word_1_258' title='bbox 313 1908 424 1940; x_wconf 82' lang='lat' dir='ltr'><strong>creatis,</strong></span> <span class='ocrx_word' id='word_1_259' title='bbox 446 1913 553 1942; x_wconf 65' lang='lat' dir='ltr'><strong>aequam</strong></span> <span class='ocrx_word' id='word_1_260' title='bbox 577 1904 732 1932; x_wconf 89' lang='lat' dir='ltr'><strong>futurorum</strong></span> <span class='ocrx_word' id='word_1_261' title='bbox 769 1902 901 1938; x_wconf 72' lang='lat' dir='ltr'><strong>cognitio-</strong></span> 
     </span>
    </p>
   </div>
   <div class='ocr_carea' id='block_1_43' title="bbox 111 1955 320 1986">
    <p class='ocr_par' dir='ltr' id='par_1_43' title="bbox 111 1955 320 1986">
     <span class='ocr_line' id='line_1_43' title="bbox 111 1955 320 1986; baseline -0.019 0"><span class='ocrx_word' id='word_1_262' title='bbox 111 1966 170 1986; x_wconf 85' lang='lat' dir='ltr'><strong>nem</strong></span> <span class='ocrx_word' id='word_1_263' title='bbox 182 1955 320 1984; x_wconf 86' lang='lat' dir='ltr'><strong>attribuit.</strong></span> 
     </span>
    </p>
   </div>
   <div class='ocr_carea' id='block_1_44' title="bbox 145 1994 901 2036">
    <p class='ocr_par' dir='ltr' id='par_1_44' title="bbox 145 1994 901 2036">
     <span class='ocr_line' id='line_1_44' title="bbox 145 1994 901 2036; baseline -0.015 -6"><span class='ocrx_word' id='word_1_264' title='bbox 145 2003 199 2031; x_wconf 84' lang='lat' dir='ltr'><strong>lloc</strong></span> <span class='ocrx_word' id='word_1_265' title='bbox 212 2003 294 2030; x_wconf 85' lang='lat' dir='ltr'><strong>etiam</strong></span> <span class='ocrx_word' id='word_1_266' title='bbox 311 2000 486 2036; x_wconf 83' lang='lat' dir='ltr'><strong>perspicuum</strong></span> <span class='ocrx_word' id='word_1_267' title='bbox 499 2005 532 2025; x_wconf 78' lang='lat' dir='ltr'><strong>ex</strong></span> <span class='ocrx_word' id='word_1_268' title='bbox 547 2005 580 2024; x_wconf 90' lang='lat' dir='ltr'><strong>eo</strong></span> <span class='ocrx_word' id='word_1_269' title='bbox 593 2001 647 2029; x_wconf 82' lang='lat' dir='ltr'><strong>est,</strong></span> <span class='ocrx_word' id='word_1_270' title='bbox 665 1995 738 2031; x_wconf 91' lang='lat' dir='ltr'><strong>quod</strong></span> <span class='ocrx_word' id='word_1_271' title='bbox 755 1994 901 2030; x_wconf 84' lang='lat' dir='ltr'><strong>propheta-</strong></span> 
     </span>
    </p>
   </div>
   <div class='ocr_carea' id='block_1_45' title="bbox 111 2041 900 2082">
    <p class='ocr_par' dir='ltr' id='par_1_45' title="bbox 111 2041 900 2082">
     <span class='ocr_line' id='line_1_45' title="bbox 111 2041 900 2082; baseline -0.014 -5"><span class='ocrx_word' id='word_1_272' title='bbox 111 2057 179 2082; x_wconf 91' lang='lat' dir='ltr'><strong>rum,</strong></span> <span class='ocrx_word' id='word_1_273' title='bbox 192 2049 337 2076; x_wconf 86' lang='lat' dir='ltr'><strong>Patrumve</strong></span> <span class='ocrx_word' id='word_1_274' title='bbox 349 2046 396 2081; x_wconf 88' lang='lat' dir='ltr'><strong>qui</strong></span> <span class='ocrx_word' id='word_1_275' title='bbox 411 2045 482 2071; x_wconf 85' lang='lat' dir='ltr'><strong>inter</strong></span> <span class='ocrx_word' id='word_1_276' title='bbox 492 2043 664 2070; x_wconf 79' lang='lat' dir='ltr'><strong>Christianos</strong></span> <span class='ocrx_word' id='word_1_277' title='bbox 677 2042 780 2069; x_wconf 86' lang='lat' dir='ltr'><strong>virtute</strong></span> <span class='ocrx_word' id='word_1_278' title='bbox 792 2041 900 2067; x_wconf 64' lang='lat' dir='ltr'><strong>czeteris</strong></span> 
     </span>
    </p>
   </div>
   <div class='ocr_carea' id='block_1_46' title="bbox 112 2088 898 2131">
    <p class='ocr_par' dir='ltr' id='par_1_46' title="bbox 112 2088 898 2131">
     <span class='ocr_line' id='line_1_46' title="bbox 112 2088 898 2131; baseline -0.013 -8"><span class='ocrx_word' id='word_1_279' title='bbox 112 2095 302 2131; x_wconf 70' lang='lat' dir='ltr'><strong>praeluxerunt,</strong></span> <span class='ocrx_word' id='word_1_280' title='bbox 320 2091 414 2119; x_wconf 90' lang='lat' dir='ltr'><strong>nullus</strong></span> <span class='ocrx_word' id='word_1_281' title='bbox 437 2094 574 2117; x_wconf 88' lang='lat' dir='ltr'><strong>astrorum</strong></span> <span class='ocrx_word' id='word_1_282' title='bbox 603 2093 707 2115; x_wconf 91' lang='lat' dir='ltr'><strong>motum</strong></span> <span class='ocrx_word' id='word_1_283' title='bbox 729 2088 898 2119; x_wconf 86' lang='lat' dir='ltr'><strong>dimetiatur,</strong></span> 
     </span>
    </p>
   </div>
   <div class='ocr_carea' id='block_1_47' title="bbox 112 2133 899 2176">
    <p class='ocr_par' dir='ltr' id='par_1_47' title="bbox 112 2133 899 2176">
     <span class='ocr_line' id='line_1_47' title="bbox 112 2133 899 2176; baseline -0.011 -7"><span class='ocrx_word' id='word_1_284' title='bbox 112 2149 196 2176; x_wconf 90' lang='lat' dir='ltr'><strong>neque</strong></span> <span class='ocrx_word' id='word_1_285' title='bbox 205 2141 405 2167; x_wconf 79' lang='lat' dir='ltr'><strong>elementorum</strong></span> <span class='ocrx_word' id='word_1_286' title='bbox 422 2144 503 2163; x_wconf 90' lang='lat' dir='ltr'><strong>usum</strong></span> <span class='ocrx_word' id='word_1_287' title='bbox 538 2135 676 2162; x_wconf 84' lang='lat' dir='ltr'><strong>curiosius</strong></span> <span class='ocrx_word' id='word_1_288' title='bbox 698 2134 831 2168; x_wconf 88' lang='lat' dir='ltr'><strong>inquirat,</strong></span> <span class='ocrx_word' id='word_1_289' title='bbox 848 2133 899 2160; x_wconf 90' lang='lat' dir='ltr'><strong>hu—</strong></span> 
     </span>
    </p>
   </div>
   <div class='ocr_carea' id='block_1_48' title="bbox 956 216 1063 243">
    <p class='ocr_par' dir='ltr' id='par_1_48' title="bbox 956 216 1063 243">
     <span class='ocr_line' id='line_1_48' title="bbox 956 216 1063 243; baseline -0.009 0"><span class='ocrx_word' id='word_1_290' title='bbox 956 216 1063 243; x_wconf 78' lang='lat' dir='ltr'><strong>dentes.</strong></span> 
     </span>
    </p>
   </div>
   <div class='ocr_carea' id='block_1_49' title="bbox 990 262 1748 301">
    <p class='ocr_par' dir='ltr' id='par_1_49' title="bbox 990 262 1748 301">
     <span class='ocr_line' id='line_1_49' title="bbox 990 262 1748 301; baseline 0.008 -13"><span class='ocrx_word' id='word_1_291' title='bbox 990 262 1068 294; x_wconf 84' lang='lat' dir='ltr'><strong>Quod</strong></span> <span class='ocrx_word' id='word_1_292' title='bbox 1081 266 1172 290; x_wconf 87' lang='lat' dir='ltr'><strong>autem</strong></span> <span class='ocrx_word' id='word_1_293' title='bbox 1191 263 1214 289; x_wconf 87' lang='lat' dir='ltr'><strong>is</strong></span> <span class='ocrx_word' id='word_1_294' title='bbox 1224 270 1279 290; x_wconf 87' lang='lat' dir='ltr'><strong>non</strong></span> <span class='ocrx_word' id='word_1_295' title='bbox 1294 262 1353 290; x_wconf 88' lang='lat' dir='ltr'><strong>sine</strong></span> <span class='ocrx_word' id='word_1_296' title='bbox 1366 270 1416 290; x_wconf 85' lang='lat' dir='ltr'><strong>suo</strong></span> <span class='ocrx_word' id='word_1_297' title='bbox 1434 264 1505 291; x_wconf 87' lang='lat' dir='ltr'><strong>malo</strong></span> <span class='ocrx_word' id='word_1_298' title='bbox 1516 264 1609 297; x_wconf 85' lang='lat' dir='ltr'><strong>faciat,</strong></span> <span class='ocrx_word' id='word_1_299' title='bbox 1619 265 1748 301; x_wconf 83' lang='lat' dir='ltr'><strong>quisquis</strong></span> 
     </span>
    </p>
   </div>
   <div class='ocr_carea' id='block_1_50' title="bbox 956 307 1747 343">
    <p class='ocr_par' dir='ltr' id='par_1_50' title="bbox 956 307 1747 343">
     <span class='ocr_line' id='line_1_50' title="bbox 956 307 1747 343; baseline 0.006 -9"><span class='ocrx_word' id='word_1_300' title='bbox 956 307 1259 343; x_wconf 83' lang='lat' dir='ltr'><strong>pseudoprophetarum</strong></span> <span class='ocrx_word' id='word_1_301' title='bbox 1273 309 1386 336; x_wconf 84' lang='lat' dir='ltr'><strong>vanitati</strong></span> <span class='ocrx_word' id='word_1_302' title='bbox 1408 309 1568 342; x_wconf 86' lang='lat' dir='ltr'><strong>subscribit,</strong></span> <span class='ocrx_word' id='word_1_303' title='bbox 1583 311 1679 339; x_wconf 86' lang='lat' dir='ltr'><strong>beatus</strong></span> <span class='ocrx_word' id='word_1_304' title='bbox 1692 313 1747 340; x_wconf 76' lang='grc' dir='ltr'><strong>Μοτ</strong></span> 
     </span>
    </p>
   </div>
   <div class='ocr_carea' id='block_1_51' title="bbox 956 354 1748 392">
    <p class='ocr_par' dir='ltr' id='par_1_51' title="bbox 956 354 1748 392">
     <span class='ocr_line' id='line_1_51' title="bbox 956 354 1748 392; baseline 0.004 -12"><span class='ocrx_word' id='word_1_305' title='bbox 956 360 1000 380; x_wconf 89' lang='lat' dir='ltr'><strong>ses</strong></span> <span class='ocrx_word' id='word_1_306' title='bbox 1019 358 1115 381; x_wconf 87' lang='lat' dir='ltr'><strong>auctor</strong></span> <span class='ocrx_word' id='word_1_307' title='bbox 1132 357 1183 384; x_wconf 89' lang='lat' dir='ltr'><strong>est,</strong></span> <span class='ocrx_word' id='word_1_308' title='bbox 1218 354 1259 381; x_wconf 84' lang='lat' dir='ltr'><strong>vel</strong></span> <span class='ocrx_word' id='word_1_309' title='bbox 1291 354 1384 388; x_wconf 89' lang='lat' dir='ltr'><strong>potius</strong></span> <span class='ocrx_word' id='word_1_310' title='bbox 1411 355 1469 389; x_wconf 88' lang='lat' dir='ltr'><strong>ipse</strong></span> <span class='ocrx_word' id='word_1_311' title='bbox 1505 355 1588 386; x_wconf 86' lang='lat' dir='ltr'><strong>Deus,</strong></span> <span class='ocrx_word' id='word_1_312' title='bbox 1621 357 1667 391; x_wconf 92' lang='lat' dir='ltr'><strong>qui</strong></span> <span class='ocrx_word' id='word_1_313' title='bbox 1699 365 1748 392; x_wconf 86' lang='lat' dir='ltr'><strong>per</strong></span> 
     </span>
    </p>
   </div>
   <div class='ocr_carea' id='block_1_52' title="bbox 956 399 1749 436">
    <p class='ocr_par' dir='ltr' id='par_1_52' title="bbox 956 399 1749 436">
     <span class='ocr_line' id='line_1_52' title="bbox 956 399 1749 436; baseline 0.004 -10"><span class='ocrx_word' id='word_1_314' title='bbox 956 399 1049 426; x_wconf 71' lang='lat' dir='ltr'><strong>Mosen</strong></span> <span class='ocrx_word' id='word_1_315' title='bbox 1088 400 1196 426; x_wconf 89' lang='lat' dir='ltr'><strong>locutus</strong></span> <span class='ocrx_word' id='word_1_316' title='bbox 1232 404 1295 427; x_wconf 82' lang='lat' dir='ltr'><strong>est:</strong></span> <span class='ocrx_word' id='word_1_317' title='bbox 1343 400 1455 433; x_wconf 84' lang='lat' dir='ltr'><strong>Quando</strong></span> <span class='ocrx_word' id='word_1_318' title='bbox 1495 401 1630 436; x_wconf 76' lang='lat' dir='ltr'><strong>ingressus</strong></span> <span class='ocrx_word' id='word_1_319' title='bbox 1666 403 1749 436; x_wconf 82' lang='lat' dir='ltr'><strong>fueris</strong></span> 
     </span>
    </p>
   </div>
   <div class='ocr_carea' id='block_1_53' title="bbox 957 445 1746 480">
    <p class='ocr_par' dir='ltr' id='par_1_53' title="bbox 957 445 1746 480">
     <span class='ocr_line' id='line_1_53' title="bbox 957 445 1746 480; baseline 0.004 -8"><span class='ocrx_word' id='word_1_320' title='bbox 957 449 1066 476; x_wconf 89' lang='lat' dir='ltr'><strong>terram,</strong></span> <span class='ocrx_word' id='word_1_321' title='bbox 1084 453 1164 480; x_wconf 86' lang='lat' dir='ltr'><strong>quam</strong></span> <span class='ocrx_word' id='word_1_322' title='bbox 1185 445 1309 472; x_wconf 76' lang='lat' dir='ltr'><strong>Domitius</strong></span> <span class='ocrx_word' id='word_1_323' title='bbox 1327 446 1394 472; x_wconf 81' lang='lat' dir='ltr'><strong>Deus</strong></span> <span class='ocrx_word' id='word_1_324' title='bbox 1411 451 1472 473; x_wconf 83' lang='lat' dir='ltr'><strong>tuus</strong></span> <span class='ocrx_word' id='word_1_325' title='bbox 1501 447 1573 473; x_wconf 82' lang='lat' dir='ltr'><strong>dabit</strong></span> <span class='ocrx_word' id='word_1_326' title='bbox 1598 448 1654 479; x_wconf 82' lang='lat' dir='ltr'><strong>tibi,</strong></span> <span class='ocrx_word' id='word_1_327' title='bbox 1684 456 1746 475; x_wconf 77' lang='lat' dir='ltr'><strong>cave</strong></span> 
     </span>
    </p>
   </div>
   <div class='ocr_carea' id='block_1_54' title="bbox 957 491 1744 526">
    <p class='ocr_par' dir='ltr' id='par_1_54' title="bbox 957 491 1744 526">
     <span class='ocr_line' id='line_1_54' title="bbox 957 491 1744 526; baseline 0.004 -9"><span class='ocrx_word' id='word_1_328' title='bbox 957 500 989 518; x_wconf 84' lang='lat' dir='ltr'><strong>ne</strong></span> <span class='ocrx_word' id='word_1_329' title='bbox 1003 492 1103 518; x_wconf 83' lang='lat' dir='ltr'><strong>imitari</strong></span> <span class='ocrx_word' id='word_1_330' title='bbox 1120 492 1182 518; x_wconf 71' lang='lat' dir='ltr'><strong>velis</strong></span> <span class='ocrx_word' id='word_1_331' title='bbox 1197 491 1404 518; x_wconf 73' lang='lat' dir='ltr'><strong>abominatioues</strong></span> <span class='ocrx_word' id='word_1_332' title='bbox 1418 492 1527 519; x_wconf 79' lang='lat' dir='ltr'><strong>illarum</strong></span> <span class='ocrx_word' id='word_1_333' title='bbox 1542 494 1670 526; x_wconf 75' lang='lat' dir='ltr'><strong>gentium.</strong></span> <span class='ocrx_word' id='word_1_334' title='bbox 1689 493 1744 520; x_wconf 80' lang='lat' dir='ltr'><strong>Nec</strong></span> 
     </span>
    </p>
   </div>
   <div class='ocr_carea' id='block_1_55' title="bbox 957 537 1746 574">
    <p class='ocr_par' dir='ltr' id='par_1_55' title="bbox 957 537 1746 574">
     <span class='ocr_line' id='line_1_55' title="bbox 957 537 1746 574; baseline 0.004 -10"><span class='ocrx_word' id='word_1_335' title='bbox 957 538 1107 564; x_wconf 81' lang='lat' dir='ltr'><strong>inveniatur</strong></span> <span class='ocrx_word' id='word_1_336' title='bbox 1121 539 1146 565; x_wconf 87' lang='lat' dir='ltr'><strong>in</strong></span> <span class='ocrx_word' id='word_1_337' title='bbox 1161 542 1185 564; x_wconf 82' lang='lat' dir='ltr'><strong>re</strong></span> <span class='ocrx_word' id='word_1_338' title='bbox 1200 538 1244 572; x_wconf 88' lang='lat' dir='ltr'><strong>qui</strong></span> <span class='ocrx_word' id='word_1_339' title='bbox 1261 537 1352 564; x_wconf 75' lang='lat' dir='ltr'><strong>lustret</strong></span> <span class='ocrx_word' id='word_1_340' title='bbox 1365 538 1452 571; x_wconf 82' lang='lat' dir='ltr'><strong>ﬁlium</strong></span> <span class='ocrx_word' id='word_1_341' title='bbox 1468 547 1556 571; x_wconf 79' lang='lat' dir='ltr'><strong>suum,</strong></span> <span class='ocrx_word' id='word_1_342' title='bbox 1585 544 1632 566; x_wconf 86' lang='lat' dir='ltr'><strong>aut</strong></span> <span class='ocrx_word' id='word_1_343' title='bbox 1661 540 1746 574; x_wconf 82' lang='lat' dir='ltr'><strong>ﬁliam</strong></span> 
     </span>
    </p>
   </div>
   <div class='ocr_carea' id='block_1_56' title="bbox 958 583 1750 617">
    <p class='ocr_par' dir='ltr' id='par_1_56' title="bbox 958 583 1750 617">
     <span class='ocr_line' id='line_1_56' title="bbox 958 583 1750 617; baseline 0.004 -9"><span class='ocrx_word' id='word_1_344' title='bbox 958 583 1053 609; x_wconf 75' lang='lat' dir='ltr'><strong>ducetis</strong></span> <span class='ocrx_word' id='word_1_345' title='bbox 1072 591 1117 617; x_wconf 77' lang='lat' dir='ltr'><strong>per</strong></span> <span class='ocrx_word' id='word_1_346' title='bbox 1146 583 1233 617; x_wconf 79' lang='lat' dir='ltr'><strong>ignem</strong></span> <span class='ocrx_word' id='word_1_347' title='bbox 1248 591 1257 609; x_wconf 92' lang='lat'><em>:</em></span> <span class='ocrx_word' id='word_1_348' title='bbox 1284 587 1331 609; x_wconf 89' lang='lat' dir='ltr'><strong>aut</strong></span> <span class='ocrx_word' id='word_1_349' title='bbox 1350 583 1395 617; x_wconf 88' lang='lat' dir='ltr'><strong>qui</strong></span> <span class='ocrx_word' id='word_1_350' title='bbox 1417 583 1515 610; x_wconf 87' lang='lat' dir='ltr'><strong>ariolos</strong></span> <span class='ocrx_word' id='word_1_351' title='bbox 1540 585 1696 615; x_wconf 69' lang='lat' dir='ltr'><strong>sciscitatur,</strong></span> <span class='ocrx_word' id='word_1_352' title='bbox 1724 590 1750 611; x_wconf 83' lang='lat' dir='ltr'><strong>et</strong></span> 
     </span>
    </p>
   </div>
   <div class='ocr_carea' id='block_1_57' title="bbox 958 621 1747 663">
    <p class='ocr_par' dir='ltr' id='par_1_57' title="bbox 958 621 1747 663">
     <span class='ocr_line' id='line_1_57' title="bbox 958 621 1747 663; baseline 0.005 -10"><span class='ocrx_word' id='word_1_353' title='bbox 958 621 1072 654; x_wconf 59' lang='lat' dir='ltr'><strong>obserari</strong></span> <span class='ocrx_word' id='word_1_354' title='bbox 1085 630 1197 659; x_wconf 80' lang='lat' dir='ltr'><strong>somnia,</strong></span> <span class='ocrx_word' id='word_1_355' title='bbox 1215 631 1294 661; x_wconf 86' lang='lat' dir='ltr'><strong>atque</strong></span> <span class='ocrx_word' id='word_1_356' title='bbox 1318 629 1441 662; x_wconf 85' lang='lat' dir='ltr'><strong>auguria,</strong></span> <span class='ocrx_word' id='word_1_357' title='bbox 1467 637 1514 654; x_wconf 87' lang='lat' dir='ltr'><strong>nec</strong></span> <span class='ocrx_word' id='word_1_358' title='bbox 1540 630 1574 656; x_wconf 77' lang='lat' dir='ltr'><strong>sit</strong></span> <span class='ocrx_word' id='word_1_359' title='bbox 1600 629 1747 663; x_wconf 63' lang='lat' dir='ltr'><strong>maleﬁcus,</strong></span> 
     </span>
    </p>
   </div>
   <div class='ocr_carea' id='block_1_58' title="bbox 959 673 1749 708">
    <p class='ocr_par' dir='ltr' id='par_1_58' title="bbox 959 673 1749 708">
     <span class='ocr_line' id='line_1_58' title="bbox 959 673 1749 708; baseline 0.005 -10"><span class='ocrx_word' id='word_1_360' title='bbox 959 681 1005 699; x_wconf 74' lang='lat' dir='ltr'><strong>nec</strong></span> <span class='ocrx_word' id='word_1_361' title='bbox 1021 673 1182 704; x_wconf 73' lang='lat' dir='ltr'><strong>incantatur,</strong></span> <span class='ocrx_word' id='word_1_362' title='bbox 1214 681 1295 707; x_wconf 77' lang='lat' dir='ltr'><strong>neque</strong></span> <span class='ocrx_word' id='word_1_363' title='bbox 1321 674 1366 707; x_wconf 87' lang='lat' dir='ltr'><strong>qui</strong></span> <span class='ocrx_word' id='word_1_364' title='bbox 1392 673 1522 708; x_wconf 64' lang='lat' dir='ltr'><strong>Pythoum</strong></span> <span class='ocrx_word' id='word_1_365' title='bbox 1551 675 1680 707; x_wconf 79' lang='lat' dir='ltr'><strong>consulat,</strong></span> <span class='ocrx_word' id='word_1_366' title='bbox 1700 684 1749 702; x_wconf 74' lang='lat' dir='ltr'><strong>nec</strong></span> 
     </span>
    </p>
   </div>
   <div class='ocr_carea' id='block_1_59' title="bbox 958 719 1743 753">
    <p class='ocr_par' dir='ltr' id='par_1_59' title="bbox 958 719 1743 753">
     <span class='ocr_line' id='line_1_59' title="bbox 958 719 1743 753; baseline 0.003 -9"><span class='ocrx_word' id='word_1_367' title='bbox 958 719 1070 749; x_wconf 76' lang='lat' dir='ltr'><strong>divinos,</strong></span> <span class='ocrx_word' id='word_1_368' title='bbox 1089 722 1113 744; x_wconf 87' lang='lat' dir='ltr'><strong>et</strong></span> <span class='ocrx_word' id='word_1_369' title='bbox 1129 722 1230 753; x_wconf 76' lang='lat' dir='ltr'><strong>qurerat</strong></span> <span class='ocrx_word' id='word_1_370' title='bbox 1245 728 1260 745; x_wconf 88' lang='lat' dir='ltr'><strong>a</strong></span> <span class='ocrx_word' id='word_1_371' title='bbox 1274 720 1381 745; x_wconf 78' lang='lat' dir='ltr'><strong>mortuis</strong></span> <span class='ocrx_word' id='word_1_372' title='bbox 1399 720 1544 745; x_wconf 80' lang='lat' dir='ltr'><strong>veritatem.</strong></span> <span class='ocrx_word' id='word_1_373' title='bbox 1560 719 1656 746; x_wconf 85' lang='lat' dir='ltr'><strong>Omnia</strong></span> <span class='ocrx_word' id='word_1_374' title='bbox 1674 723 1743 747; x_wconf 81' lang='lat' dir='ltr'><strong>enim</strong></span> 
     </span>
    </p>
   </div>
   <div class='ocr_carea' id='block_1_60' title="bbox 958 763 1748 793">
    <p class='ocr_par' dir='ltr' id='par_1_60' title="bbox 958 763 1748 793">
     <span class='ocr_line' id='line_1_60' title="bbox 958 763 1748 793; baseline 0.004 -4"><span class='ocrx_word' id='word_1_375' title='bbox 958 764 1012 790; x_wconf 75' lang='lat' dir='ltr'><strong>ha&#39;c</strong></span> <span class='ocrx_word' id='word_1_376' title='bbox 1027 764 1194 790; x_wconf 85' lang='lat' dir='ltr'><strong>abominatur</strong></span> <span class='ocrx_word' id='word_1_377' title='bbox 1207 763 1332 790; x_wconf 79' lang='lat' dir='ltr'><strong>Dominus</strong></span> <span class='ocrx_word' id='word_1_378' title='bbox 1341 765 1363 780; x_wconf 83' lang='lat'>&quot;</span> <span class='ocrx_word' id='word_1_379' title='bbox 1377 784 1384 791; x_wconf 98' lang='lat'><strong>.</strong></span> <span class='ocrx_word' id='word_1_380' title='bbox 1399 765 1438 791; x_wconf 85' lang='lat' dir='ltr'><strong>Ad</strong></span> <span class='ocrx_word' id='word_1_381' title='bbox 1459 766 1514 792; x_wconf 75' lang='lat' dir='ltr'><strong>[nec</strong></span> <span class='ocrx_word' id='word_1_382' title='bbox 1528 765 1581 792; x_wconf 87' lang='lat' dir='ltr'><strong>alio</strong></span> <span class='ocrx_word' id='word_1_383' title='bbox 1598 766 1624 792; x_wconf 91' lang='lat' dir='ltr'><strong>in</strong></span> <span class='ocrx_word' id='word_1_384' title='bbox 1637 767 1696 793; x_wconf 89' lang='lat' dir='ltr'><strong>loco</strong></span> <span class='ocrx_word' id='word_1_385' title='bbox 1709 767 1748 793; x_wconf 85' lang='lat' dir='ltr'><strong>sic</strong></span> 
     </span>
    </p>
   </div>
   <div class='ocr_carea' id='block_1_61' title="bbox 959 810 1748 845">
    <p class='ocr_par' dir='ltr' id='par_1_61' title="bbox 959 810 1748 845">
     <span class='ocr_line' id='line_1_61' title="bbox 959 810 1748 845; baseline 0 -7"><span class='ocrx_word' id='word_1_386' title='bbox 959 812 1014 838; x_wconf 85' lang='lat' dir='ltr'><strong>ait:</strong></span> <span class='ocrx_word' id='word_1_387' title='bbox 1034 811 1168 845; x_wconf 67' lang='lat' dir='ltr'><strong>Perfectus</strong></span> <span class='ocrx_word' id='word_1_388' title='bbox 1196 811 1246 836; x_wconf 83' lang='lat' dir='ltr'><strong>eris</strong></span> <span class='ocrx_word' id='word_1_389' title='bbox 1260 815 1284 836; x_wconf 83' lang='lat' dir='ltr'><strong>et</strong></span> <span class='ocrx_word' id='word_1_390' title='bbox 1301 810 1397 845; x_wconf 67' lang='lat' dir='ltr'><strong>absque</strong></span> <span class='ocrx_word' id='word_1_391' title='bbox 1413 811 1517 837; x_wconf 77' lang='lat' dir='ltr'><strong>macula</strong></span> <span class='ocrx_word' id='word_1_392' title='bbox 1549 820 1608 838; x_wconf 83' lang='lat' dir='ltr'><strong>cum</strong></span> <span class='ocrx_word' id='word_1_393' title='bbox 1637 812 1748 839; x_wconf 88' lang='lat' dir='ltr'><strong>Domino</strong></span> 
     </span>
    </p>
   </div>
   <div class='ocr_carea' id='block_1_62' title="bbox 954 856 1747 890">
    <p class='ocr_par' dir='ltr' id='par_1_62' title="bbox 954 856 1747 890">
     <span class='ocr_line' id='line_1_62' title="bbox 954 856 1747 890; baseline 0 -7"><span class='ocrx_word' id='word_1_394' title='bbox 954 857 1007 883; x_wconf 74' lang='lat' dir='ltr'><strong>Deo</strong></span> <span class='ocrx_word' id='word_1_395' title='bbox 1022 860 1076 883; x_wconf 87' lang='lat' dir='ltr'><strong>tuo.</strong></span> <span class='ocrx_word' id='word_1_396' title='bbox 1091 856 1184 884; x_wconf 83' lang='lat' dir='ltr'><strong>Gentes</strong></span> <span class='ocrx_word' id='word_1_397' title='bbox 1198 857 1265 882; x_wconf 78' lang='lat' dir='ltr'><strong>enim</strong></span> <span class='ocrx_word' id='word_1_398' title='bbox 1282 856 1470 889; x_wconf 75' lang='lat' dir='ltr'><strong>istm,quarum</strong></span> <span class='ocrx_word' id='word_1_399' title='bbox 1485 857 1625 890; x_wconf 75' lang='lat' dir='ltr'><strong>possidabis</strong></span> <span class='ocrx_word' id='word_1_400' title='bbox 1637 861 1747 888; x_wconf 81' lang='lat' dir='ltr'><strong>(erraui,</strong></span> 
     </span>
    </p>
   </div>
   <div class='ocr_carea' id='block_1_63' title="bbox 954 901 1748 937">
    <p class='ocr_par' dir='ltr' id='par_1_63' title="bbox 954 901 1748 937">
     <span class='ocr_line' id='line_1_63' title="bbox 954 901 1748 937; baseline -0.003 -9"><span class='ocrx_word' id='word_1_401' title='bbox 954 910 1067 937; x_wconf 79' lang='lat' dir='ltr'><strong>augures</strong></span> <span class='ocrx_word' id='word_1_402' title='bbox 1085 907 1108 928; x_wconf 85' lang='lat' dir='ltr'><strong>et</strong></span> <span class='ocrx_word' id='word_1_403' title='bbox 1125 902 1227 928; x_wconf 75' lang='lat' dir='ltr'><strong>divinos</strong></span> <span class='ocrx_word' id='word_1_404' title='bbox 1250 901 1371 928; x_wconf 83' lang='lat' dir='ltr'><strong>audiunt.</strong></span> <span class='ocrx_word' id='word_1_405' title='bbox 1402 901 1442 927; x_wconf 86' lang='lat' dir='ltr'><strong>Tu</strong></span> <span class='ocrx_word' id='word_1_406' title='bbox 1473 906 1559 928; x_wconf 83' lang='lat' dir='ltr'><strong>autem</strong></span> <span class='ocrx_word' id='word_1_407' title='bbox 1590 911 1606 928; x_wconf 93' lang='lat' dir='ltr'><strong>a</strong></span> <span class='ocrx_word' id='word_1_408' title='bbox 1635 902 1748 929; x_wconf 80' lang='lat' dir='ltr'><strong>Domino</strong></span> 
     </span>
    </p>
   </div>
   <div class='ocr_carea' id='block_1_64' title="bbox 952 946 1749 982">
    <p class='ocr_par' dir='ltr' id='par_1_64' title="bbox 952 946 1749 982">
     <span class='ocr_line' id='line_1_64' title="bbox 952 946 1749 982; baseline 0 -8"><span class='ocrx_word' id='word_1_409' title='bbox 952 948 1006 974; x_wconf 69' lang='lat' dir='ltr'><strong>Deo</strong></span> <span class='ocrx_word' id='word_1_410' title='bbox 1017 952 1060 974; x_wconf 88' lang='lat' dir='ltr'><strong>tuo</strong></span> <span class='ocrx_word' id='word_1_411' title='bbox 1075 947 1152 974; x_wconf 85' lang='lat' dir='ltr'><strong>aliter</strong></span> <span class='ocrx_word' id='word_1_412' title='bbox 1166 947 1301 973; x_wconf 71' lang='lat' dir='ltr'><strong>institutus</strong></span> <span class='ocrx_word' id='word_1_413' title='bbox 1312 955 1337 973; x_wconf 74' lang='lat' dir='ltr'><strong>es</strong></span> <span class='ocrx_word' id='word_1_414' title='bbox 1350 947 1382 973; x_wconf 76' lang='grc' dir='ltr'><strong>⁵ο.</strong></span> <span class='ocrx_word' id='word_1_415' title='bbox 1396 946 1513 973; x_wconf 81' lang='lat' dir='ltr'><strong>Proinde</strong></span> <span class='ocrx_word' id='word_1_416' title='bbox 1526 947 1630 974; x_wconf 90' lang='lat' dir='ltr'><strong>nullum</strong></span> <span class='ocrx_word' id='word_1_417' title='bbox 1643 949 1749 982; x_wconf 87' lang='lat' dir='ltr'><strong>turpius</strong></span> 
     </span>
    </p>
   </div>
   <div class='ocr_carea' id='block_1_65' title="bbox 953 993 1749 1029">
    <p class='ocr_par' dir='ltr' id='par_1_65' title="bbox 953 993 1749 1029">
     <span class='ocr_line' id='line_1_65' title="bbox 953 993 1749 1029; baseline 0.001 -9"><span class='ocrx_word' id='word_1_418' title='bbox 953 994 1042 1021; x_wconf 80' lang='lat' dir='ltr'><strong>scelus</strong></span> <span class='ocrx_word' id='word_1_419' title='bbox 1058 993 1141 1029; x_wconf 79' lang='lat' dir='ltr'><strong>objici</strong></span> <span class='ocrx_word' id='word_1_420' title='bbox 1160 993 1287 1028; x_wconf 86' lang='lat' dir='ltr'><strong>cuiquam</strong></span> <span class='ocrx_word' id='word_1_421' title='bbox 1307 997 1408 1028; x_wconf 86' lang='lat' dir='ltr'><strong>potest,</strong></span> <span class='ocrx_word' id='word_1_422' title='bbox 1426 1001 1507 1028; x_wconf 87' lang='lat' dir='ltr'><strong>quam</strong></span> <span class='ocrx_word' id='word_1_423' title='bbox 1521 994 1543 1020; x_wconf 88' lang='lat' dir='ltr'><strong>si</strong></span> <span class='ocrx_word' id='word_1_424' title='bbox 1576 994 1608 1021; x_wconf 85' lang='lat' dir='ltr'><strong>ad</strong></span> <span class='ocrx_word' id='word_1_425' title='bbox 1634 995 1749 1029; x_wconf 71' lang='lat' dir='ltr'><strong>pseudo-</strong></span> 
     </span>
    </p>
   </div>
   <div class='ocr_carea' id='block_1_66' title="bbox 952 1040 1743 1075">
    <p class='ocr_par' dir='ltr' id='par_1_66' title="bbox 952 1040 1743 1075">
     <span class='ocr_line' id='line_1_66' title="bbox 952 1040 1743 1075; baseline 0.001 -9"><span class='ocrx_word' id='word_1_426' title='bbox 952 1041 1108 1075; x_wconf 72' lang='lat' dir='ltr'><strong>prophetos,</strong></span> <span class='ocrx_word' id='word_1_427' title='bbox 1129 1044 1157 1067; x_wconf 87' lang='lat' dir='ltr'><strong>et</strong></span> <span class='ocrx_word' id='word_1_428' title='bbox 1171 1040 1342 1066; x_wconf 84' lang='lat' dir='ltr'><strong>divinaeulos</strong></span> <span class='ocrx_word' id='word_1_429' title='bbox 1354 1040 1475 1066; x_wconf 76' lang='lat' dir='ltr'><strong>animum</strong></span> <span class='ocrx_word' id='word_1_430' title='bbox 1500 1040 1630 1074; x_wconf 87' lang='lat' dir='ltr'><strong>appellat.</strong></span> <span class='ocrx_word' id='word_1_431' title='bbox 1654 1040 1743 1075; x_wconf 80' lang='lat' dir='ltr'><strong>Atque</strong></span> 
     </span>
    </p>
   </div>
   <div class='ocr_carea' id='block_1_67' title="bbox 952 1086 1748 1122">
    <p class='ocr_par' dir='ltr' id='par_1_67' title="bbox 952 1086 1748 1122">
     <span class='ocr_line' id='line_1_67' title="bbox 952 1086 1748 1122; baseline -0.001 -9"><span class='ocrx_word' id='word_1_432' title='bbox 952 1087 1120 1122; x_wconf 83' lang='lat' dir='ltr'><strong>paradoxum</strong></span> <span class='ocrx_word' id='word_1_433' title='bbox 1132 1086 1243 1121; x_wconf 88' lang='lat' dir='ltr'><strong>quidem</strong></span> <span class='ocrx_word' id='word_1_434' title='bbox 1260 1087 1424 1121; x_wconf 71' lang='lat' dir='ltr'><strong>aliquotl,et</strong></span> <span class='ocrx_word' id='word_1_435' title='bbox 1449 1095 1464 1113; x_wconf 86' lang='lat' dir='ltr'><strong>a</strong></span> <span class='ocrx_word' id='word_1_436' title='bbox 1490 1087 1629 1113; x_wconf 88' lang='lat' dir='ltr'><strong>communi</strong></span> <span class='ocrx_word' id='word_1_437' title='bbox 1659 1087 1748 1114; x_wconf 86' lang='lat' dir='ltr'><strong>homi-</strong></span> 
     </span>
    </p>
   </div>
   <div class='ocr_carea' id='block_1_68' title="bbox 952 1133 1747 1168">
    <p class='ocr_par' dir='ltr' id='par_1_68' title="bbox 952 1133 1747 1168">
     <span class='ocr_line' id='line_1_68' title="bbox 952 1133 1747 1168; baseline 0 -9"><span class='ocrx_word' id='word_1_438' title='bbox 952 1141 1017 1159; x_wconf 84' lang='lat' dir='ltr'><strong>num</strong></span> <span class='ocrx_word' id='word_1_439' title='bbox 1033 1133 1162 1167; x_wconf 89' lang='lat' dir='ltr'><strong>opinione</strong></span> <span class='ocrx_word' id='word_1_440' title='bbox 1180 1133 1310 1164; x_wconf 82' lang='lat' dir='ltr'><strong>alienum,</strong></span> <span class='ocrx_word' id='word_1_441' title='bbox 1327 1133 1399 1159; x_wconf 87' lang='lat' dir='ltr'><strong>Deus</strong></span> <span class='ocrx_word' id='word_1_442' title='bbox 1420 1133 1576 1159; x_wconf 81' lang='lat' dir='ltr'><strong>hominibus</strong></span> <span class='ocrx_word' id='word_1_443' title='bbox 1591 1133 1747 1168; x_wconf 69' lang='lat' dir='ltr'><strong>huiusmodi</strong></span> 
     </span>
    </p>
   </div>
   <div class='ocr_carea' id='block_1_69' title="bbox 952 1177 1745 1213">
    <p class='ocr_par' dir='ltr' id='par_1_69' title="bbox 952 1177 1745 1213">
     <span class='ocr_line' id='line_1_69' title="bbox 952 1177 1745 1213; baseline -0.001 -8"><span class='ocrx_word' id='word_1_444' title='bbox 952 1187 1006 1205; x_wconf 88' lang='lat' dir='ltr'><strong>non</strong></span> <span class='ocrx_word' id='word_1_445' title='bbox 1036 1187 1097 1206; x_wconf 86' lang='lat' dir='ltr'><strong>raro</strong></span> <span class='ocrx_word' id='word_1_446' title='bbox 1112 1179 1242 1213; x_wconf 73' lang='lat' dir='ltr'><strong>suggerit,</strong></span> <span class='ocrx_word' id='word_1_447' title='bbox 1260 1185 1314 1213; x_wconf 88' lang='lat' dir='ltr'><strong>quo</strong></span> <span class='ocrx_word' id='word_1_448' title='bbox 1328 1178 1385 1204; x_wconf 85' lang='lat' dir='ltr'><strong>veri</strong></span> <span class='ocrx_word' id='word_1_449' title='bbox 1401 1179 1482 1204; x_wconf 85' lang='lat' dir='ltr'><strong>etiam</strong></span> <span class='ocrx_word' id='word_1_450' title='bbox 1497 1177 1598 1212; x_wconf 86' lang='lat' dir='ltr'><strong>aliquid</strong></span> <span class='ocrx_word' id='word_1_451' title='bbox 1616 1186 1745 1212; x_wconf 58' lang='lat' dir='ltr'><strong>praenun-</strong></span> 
     </span>
    </p>
   </div>
   <div class='ocr_carea' id='block_1_70' title="bbox 953 1223 1745 1259">
    <p class='ocr_par' dir='ltr' id='par_1_70' title="bbox 953 1223 1745 1259">
     <span class='ocr_line' id='line_1_70' title="bbox 953 1223 1745 1259; baseline 0 -8"><span class='ocrx_word' id='word_1_452' title='bbox 953 1226 1030 1257; x_wconf 62' lang='lat' dir='ltr'><strong>tient,</strong></span> <span class='ocrx_word' id='word_1_453' title='bbox 1048 1229 1078 1251; x_wconf 92' lang='lat' dir='ltr'><strong>ut</strong></span> <span class='ocrx_word' id='word_1_454' title='bbox 1095 1225 1136 1252; x_wconf 87' lang='lat' dir='ltr'><strong>vel</strong></span> <span class='ocrx_word' id='word_1_455' title='bbox 1152 1226 1203 1251; x_wconf 87' lang='lat' dir='ltr'><strong>hoe</strong></span> <span class='ocrx_word' id='word_1_456' title='bbox 1221 1225 1322 1251; x_wconf 84' lang='lat' dir='ltr'><strong>indicio</strong></span> <span class='ocrx_word' id='word_1_457' title='bbox 1338 1224 1479 1251; x_wconf 50' lang='lat' dir='ltr'><strong>tnanifeati</strong></span> <span class='ocrx_word' id='word_1_458' title='bbox 1493 1223 1570 1256; x_wconf 84' lang='lat' dir='ltr'><strong>fiant,</strong></span> <span class='ocrx_word' id='word_1_459' title='bbox 1585 1225 1745 1259; x_wconf 74' lang='lat' dir='ltr'><strong>quicunque</strong></span> 
     </span>
    </p>
   </div>
   <div class='ocr_carea' id='block_1_71' title="bbox 952 1268 1729 1305">
    <p class='ocr_par' dir='ltr' id='par_1_71' title="bbox 952 1268 1729 1305">
     <span class='ocr_line' id='line_1_71' title="bbox 952 1268 1729 1305; baseline -0.003 -8"><span class='ocrx_word' id='word_1_460' title='bbox 952 1270 1024 1297; x_wconf 89' lang='lat' dir='ltr'><strong>illius</strong></span> <span class='ocrx_word' id='word_1_461' title='bbox 1043 1270 1185 1305; x_wconf 75' lang='lat' dir='ltr'><strong>promissis</strong></span> <span class='ocrx_word' id='word_1_462' title='bbox 1198 1269 1438 1296; x_wconf 82' lang='lat' dir='ltr'><strong>voreinuituntur.</strong></span> <span class='ocrx_word' id='word_1_463' title='bbox 1460 1268 1490 1295; x_wconf 91' lang='lat' dir='ltr'><strong>ld</strong></span> <span class='ocrx_word' id='word_1_464' title='bbox 1515 1271 1588 1296; x_wconf 86' lang='lat' dir='ltr'><strong>en&#39;m</strong></span> <span class='ocrx_word' id='word_1_465' title='bbox 1618 1277 1666 1304; x_wconf 88' lang='lat' dir='ltr'><strong>per</strong></span> <span class='ocrx_word' id='word_1_466' title='bbox 1686 1269 1729 1295; x_wconf 75' lang='lat' dir='ltr'><strong>Mn</strong></span> 
     </span>
    </p>
   </div>
   <div class='ocr_carea' id='block_1_72' title="bbox 951 1314 1749 1351">
    <p class='ocr_par' dir='ltr' id='par_1_72' title="bbox 951 1314 1749 1351">
     <span class='ocr_line' id='line_1_72' title="bbox 951 1314 1749 1351; baseline -0.003 -8"><span class='ocrx_word' id='word_1_467' title='bbox 951 1324 1008 1344; x_wconf 88' lang='lat' dir='ltr'><strong>sem</strong></span> <span class='ocrx_word' id='word_1_468' title='bbox 1020 1323 1130 1351; x_wconf 88' lang='lat' dir='ltr'><strong>quoque</strong></span> <span class='ocrx_word' id='word_1_469' title='bbox 1142 1316 1214 1342; x_wconf 89' lang='lat' dir='ltr'><strong>hunc</strong></span> <span class='ocrx_word' id='word_1_470' title='bbox 1227 1315 1253 1341; x_wconf 92' lang='lat' dir='ltr'><strong>in</strong></span> <span class='ocrx_word' id='word_1_471' title='bbox 1267 1315 1377 1341; x_wconf 89' lang='lat' dir='ltr'><strong>modum</strong></span> <span class='ocrx_word' id='word_1_472' title='bbox 1390 1314 1475 1342; x_wconf 76' lang='lat' dir='ltr'><strong>dixit:</strong></span> <span class='ocrx_word' id='word_1_473' title='bbox 1487 1314 1515 1341; x_wconf 89' lang='lat' dir='ltr'><strong>Si</strong></span> <span class='ocrx_word' id='word_1_474' title='bbox 1528 1323 1587 1341; x_wconf 78' lang='lat' dir='ltr'><strong>vero</strong></span> <span class='ocrx_word' id='word_1_475' title='bbox 1600 1317 1749 1342; x_wconf 65' lang='lat' dir='ltr'><strong>surrenrir</strong></span> 
     </span>
    </p>
   </div>
   <div class='ocr_carea' id='block_1_73' title="bbox 950 1361 1750 1396">
    <p class='ocr_par' dir='ltr' id='par_1_73' title="bbox 950 1361 1750 1396">
     <span class='ocr_line' id='line_1_73' title="bbox 950 1361 1750 1396; baseline -0.003 -7"><span class='ocrx_word' id='word_1_476' title='bbox 950 1363 979 1389; x_wconf 86' lang='lat' dir='ltr'><strong>in</strong></span> <span class='ocrx_word' id='word_1_477' title='bbox 997 1363 1081 1389; x_wconf 88' lang='lat' dir='ltr'><strong>medio</strong></span> <span class='ocrx_word' id='word_1_478' title='bbox 1109 1362 1146 1388; x_wconf 87' lang='lat' dir='ltr'><strong>tui</strong></span> <span class='ocrx_word' id='word_1_479' title='bbox 1165 1362 1311 1396; x_wconf 74' lang='lat' dir='ltr'><strong>prophetes,</strong></span> <span class='ocrx_word' id='word_1_480' title='bbox 1326 1365 1373 1387; x_wconf 88' lang='lat' dir='ltr'><strong>aut</strong></span> <span class='ocrx_word' id='word_1_481' title='bbox 1388 1362 1433 1396; x_wconf 85' lang='lat' dir='ltr'><strong>qui</strong></span> <span class='ocrx_word' id='word_1_482' title='bbox 1455 1361 1585 1388; x_wconf 86' lang='lat' dir='ltr'><strong>somnium</strong></span> <span class='ocrx_word' id='word_1_483' title='bbox 1613 1361 1707 1388; x_wconf 69' lang='lat' dir='ltr'><strong>vidisse</strong></span> <span class='ocrx_word' id='word_1_484' title='bbox 1723 1371 1750 1387; x_wconf 76' lang='lat' dir='ltr'><strong>sa</strong></span> 
     </span>
    </p>
   </div>
   <div class='ocr_carea' id='block_1_74' title="bbox 951 1407 1748 1442">
    <p class='ocr_par' dir='ltr' id='par_1_74' title="bbox 951 1407 1748 1442">
     <span class='ocr_line' id='line_1_74' title="bbox 951 1407 1748 1442; baseline -0.001 -9"><span class='ocrx_word' id='word_1_485' title='bbox 951 1407 1031 1440; x_wconf 84' lang='lat' dir='ltr'><strong>dicat,</strong></span> <span class='ocrx_word' id='word_1_486' title='bbox 1050 1411 1075 1434; x_wconf 87' lang='lat' dir='ltr'><strong>et</strong></span> <span class='ocrx_word' id='word_1_487' title='bbox 1101 1407 1253 1442; x_wconf 70' lang='lat' dir='ltr'><strong>prcedixerit</strong></span> <span class='ocrx_word' id='word_1_488' title='bbox 1279 1408 1386 1442; x_wconf 75' lang='lat' dir='ltr'><strong>signant</strong></span> <span class='ocrx_word' id='word_1_489' title='bbox 1419 1411 1497 1441; x_wconf 85' lang='lat' dir='ltr'><strong>atque</strong></span> <span class='ocrx_word' id='word_1_490' title='bbox 1533 1410 1686 1441; x_wconf 84' lang='lat' dir='ltr'><strong>portentum</strong></span> <span class='ocrx_word' id='word_1_491' title='bbox 1699 1418 1709 1435; x_wconf 76' lang='grc'><strong>.’</strong></span> <span class='ocrx_word' id='word_1_492' title='bbox 1724 1413 1748 1432; x_wconf 75' lang='lat' dir='ltr'><strong>et</strong></span> 
     </span>
    </p>
   </div>
   <div class='ocr_carea' id='block_1_75' title="bbox 950 1452 1749 1488">
    <p class='ocr_par' dir='ltr' id='par_1_75' title="bbox 950 1452 1749 1488">
     <span class='ocr_line' id='line_1_75' title="bbox 950 1452 1749 1488; baseline -0.001 -8"><span class='ocrx_word' id='word_1_493' title='bbox 950 1454 1065 1480; x_wconf 80' lang='lat' dir='ltr'><strong>evenerit</strong></span> <span class='ocrx_word' id='word_1_494' title='bbox 1080 1454 1147 1488; x_wconf 86' lang='lat' dir='ltr'><strong>quod</strong></span> <span class='ocrx_word' id='word_1_495' title='bbox 1166 1453 1266 1480; x_wconf 83' lang='lat' dir='ltr'><strong>locutus</strong></span> <span class='ocrx_word' id='word_1_496' title='bbox 1295 1457 1345 1484; x_wconf 82' lang='lat' dir='ltr'><strong>est,</strong></span> <span class='ocrx_word' id='word_1_497' title='bbox 1362 1458 1386 1479; x_wconf 87' lang='lat' dir='ltr'><strong>et</strong></span> <span class='ocrx_word' id='word_1_498' title='bbox 1401 1453 1497 1479; x_wconf 71' lang='lat' dir='ltr'><strong>dixerit</strong></span> <span class='ocrx_word' id='word_1_499' title='bbox 1512 1453 1560 1480; x_wconf 78' lang='lat' dir='ltr'><strong>tibi</strong></span> <span class='ocrx_word' id='word_1_500' title='bbox 1574 1460 1583 1479; x_wconf 91' lang='lat'><strong><em>:</em></strong></span> <span class='ocrx_word' id='word_1_501' title='bbox 1597 1452 1708 1486; x_wconf 84' lang='lat' dir='ltr'><strong>Eamus,</strong></span> <span class='ocrx_word' id='word_1_502' title='bbox 1724 1459 1749 1480; x_wconf 81' lang='lat' dir='ltr'><strong>et</strong></span> 
     </span>
    </p>
   </div>
   <div class='ocr_carea' id='block_1_76' title="bbox 913 1499 1746 1538">
    <p class='ocr_par' dir='ltr' id='par_1_76' title="bbox 913 1499 1746 1538">
     <span class='ocr_line' id='line_1_76' title="bbox 913 1499 1746 1538; baseline -0.001 -14"><span class='ocrx_word' id='word_1_503' title='bbox 913 1509 934 1538; x_wconf 69' lang='grc' dir='ltr'>α</span> <span class='ocrx_word' id='word_1_504' title='bbox 950 1506 1091 1533; x_wconf 75' lang='lat' dir='ltr'><strong>sequantur</strong></span> <span class='ocrx_word' id='word_1_505' title='bbox 1101 1499 1162 1525; x_wconf 83' lang='lat' dir='ltr'><strong>deos</strong></span> <span class='ocrx_word' id='word_1_506' title='bbox 1177 1499 1277 1525; x_wconf 77' lang='lat' dir='ltr'><strong>alienos</strong></span> <span class='ocrx_word' id='word_1_507' title='bbox 1288 1507 1351 1533; x_wconf 72' lang='lat' dir='ltr'><strong>quos</strong></span> <span class='ocrx_word' id='word_1_508' title='bbox 1365 1499 1484 1534; x_wconf 78' lang='lat' dir='ltr'><strong>ignoras,</strong></span> <span class='ocrx_word' id='word_1_509' title='bbox 1500 1503 1526 1525; x_wconf 87' lang='lat' dir='ltr'><strong>et</strong></span> <span class='ocrx_word' id='word_1_510' title='bbox 1539 1499 1684 1526; x_wconf 81' lang='lat' dir='ltr'><strong>serviamus</strong></span> <span class='ocrx_word' id='word_1_511' title='bbox 1696 1500 1746 1530; x_wconf 52' lang='lat' dir='ltr'><strong>eis,</strong></span> 
     </span>
    </p>
   </div>
   <div class='ocr_carea' id='block_1_77' title="bbox 957 1544 1747 1580">
    <p class='ocr_par' dir='ltr' id='par_1_77' title="bbox 957 1544 1747 1580">
     <span class='ocr_line' id='line_1_77' title="bbox 957 1544 1747 1580; baseline 0.003 -10"><span class='ocrx_word' id='word_1_512' title='bbox 957 1552 1010 1571; x_wconf 85' lang='lat' dir='ltr'><strong>non</strong></span> <span class='ocrx_word' id='word_1_513' title='bbox 1024 1545 1116 1571; x_wconf 84' lang='lat' dir='ltr'><strong>audies</strong></span> <span class='ocrx_word' id='word_1_514' title='bbox 1131 1544 1209 1571; x_wconf 74' lang='lat' dir='ltr'><strong>verba</strong></span> <span class='ocrx_word' id='word_1_515' title='bbox 1228 1546 1362 1580; x_wconf 69' lang='lat' dir='ltr'><strong>prophetae</strong></span> <span class='ocrx_word' id='word_1_516' title='bbox 1384 1545 1456 1571; x_wconf 80' lang='lat' dir='ltr'><strong>illius</strong></span> <span class='ocrx_word' id='word_1_517' title='bbox 1474 1548 1521 1571; x_wconf 80' lang='lat' dir='ltr'><strong>aut</strong></span> <span class='ocrx_word' id='word_1_518' title='bbox 1550 1545 1722 1572; x_wconf 77' lang='lat' dir='ltr'><strong>somniatoris</strong></span> <span class='ocrx_word' id='word_1_519' title='bbox 1738 1554 1747 1572; x_wconf 66' lang='lat'><strong>.-</strong></span> 
     </span>
    </p>
   </div>
   <div class='ocr_carea' id='block_1_78' title="bbox 950 1590 1747 1625">
    <p class='ocr_par' dir='ltr' id='par_1_78' title="bbox 950 1590 1747 1625">
     <span class='ocr_line' id='line_1_78' title="bbox 950 1590 1747 1625; baseline 0.003 -10"><span class='ocrx_word' id='word_1_520' title='bbox 950 1590 1014 1624; x_wconf 80' lang='lat' dir='ltr'><strong>quia</strong></span> <span class='ocrx_word' id='word_1_521' title='bbox 1024 1594 1112 1616; x_wconf 72' lang='lat' dir='ltr'><strong>&#39;tentat</strong></span> <span class='ocrx_word' id='word_1_522' title='bbox 1128 1599 1171 1617; x_wconf 77' lang='lat' dir='ltr'><strong>vos</strong></span> <span class='ocrx_word' id='word_1_523' title='bbox 1184 1590 1313 1617; x_wconf 81' lang='lat' dir='ltr'><strong>Dominus</strong></span> <span class='ocrx_word' id='word_1_524' title='bbox 1331 1590 1399 1617; x_wconf 79' lang='lat' dir='ltr'><strong>Deus</strong></span> <span class='ocrx_word' id='word_1_525' title='bbox 1417 1594 1510 1622; x_wconf 75' lang='lat' dir='ltr'><strong>vester,</strong></span> <span class='ocrx_word' id='word_1_526' title='bbox 1527 1594 1555 1616; x_wconf 85' lang='lat' dir='ltr'><strong>ut</strong></span> <span class='ocrx_word' id='word_1_527' title='bbox 1571 1590 1663 1625; x_wconf 84' lang='lat' dir='ltr'><strong>palam</strong></span> <span class='ocrx_word' id='word_1_528' title='bbox 1685 1590 1747 1624; x_wconf 83' lang='lat' dir='ltr'><strong>ﬁat,</strong></span> 
     </span>
    </p>
   </div>
   <div class='ocr_carea' id='block_1_79' title="bbox 951 1635 1746 1671">
    <p class='ocr_par' dir='ltr' id='par_1_79' title="bbox 951 1635 1746 1671">
     <span class='ocr_line' id='line_1_79' title="bbox 951 1635 1746 1671; baseline 0 -9"><span class='ocrx_word' id='word_1_529' title='bbox 951 1641 1041 1663; x_wconf 86' lang='lat' dir='ltr'><strong>utrum</strong></span> <span class='ocrx_word' id='word_1_530' title='bbox 1055 1635 1171 1671; x_wconf 73' lang='lat' dir='ltr'><strong>diligatis</strong></span> <span class='ocrx_word' id='word_1_531' title='bbox 1189 1643 1247 1662; x_wconf 84' lang='lat' dir='ltr'><strong>eum</strong></span> <span class='ocrx_word' id='word_1_532' title='bbox 1274 1643 1363 1671; x_wconf 80' lang='lat' dir='ltr'><strong>annon</strong></span> <span class='ocrx_word' id='word_1_533' title='bbox 1391 1635 1419 1662; x_wconf 86' lang='lat' dir='ltr'><strong>in</strong></span> <span class='ocrx_word' id='word_1_534' title='bbox 1438 1639 1490 1661; x_wconf 87' lang='lat' dir='ltr'><strong>toto</strong></span> <span class='ocrx_word' id='word_1_535' title='bbox 1507 1635 1585 1661; x_wconf 78' lang='lat' dir='ltr'><strong>corde</strong></span> <span class='ocrx_word' id='word_1_536' title='bbox 1598 1639 1622 1661; x_wconf 89' lang='lat' dir='ltr'><strong>et</strong></span> <span class='ocrx_word' id='word_1_537' title='bbox 1637 1636 1664 1662; x_wconf 80' lang='lat' dir='ltr'><strong>in</strong></span> <span class='ocrx_word' id='word_1_538' title='bbox 1691 1639 1746 1662; x_wconf 85' lang='lat' dir='ltr'><strong>tota</strong></span> 
     </span>
    </p>
   </div>
   <div class='ocr_carea' id='block_1_80' title="bbox 951 1682 1197 1709">
    <p class='ocr_par' dir='ltr' id='par_1_80' title="bbox 951 1682 1197 1709">
     <span class='ocr_line' id='line_1_80' title="bbox 951 1682 1197 1709; baseline -0.008 0"><span class='ocrx_word' id='word_1_539' title='bbox 951 1682 1042 1709; x_wconf 83' lang='lat' dir='ltr'><strong>anima</strong></span> <span class='ocrx_word' id='word_1_540' title='bbox 1059 1686 1144 1708; x_wconf 79' lang='lat' dir='ltr'><strong>vestra</strong></span> <span class='ocrx_word' id='word_1_541' title='bbox 1156 1682 1176 1697; x_wconf 83' lang='lat'><strong><em>“</em></strong></span> <span class='ocrx_word' id='word_1_542' title='bbox 1190 1701 1197 1708; x_wconf 89' lang='lat'><strong>.</strong></span> 
     </span>
    </p>
   </div>
   <div class='ocr_carea' id='block_1_81' title="bbox 988 1725 1742 1761">
    <p class='ocr_par' dir='ltr' id='par_1_81' title="bbox 988 1725 1742 1761">
     <span class='ocr_line' id='line_1_81' title="bbox 988 1725 1742 1761; baseline -0.001 -8"><span class='ocrx_word' id='word_1_543' title='bbox 988 1726 1039 1753; x_wconf 90' lang='lat' dir='ltr'><strong>Sed</strong></span> <span class='ocrx_word' id='word_1_544' title='bbox 1055 1730 1083 1753; x_wconf 85' lang='lat' dir='ltr'><strong>et</strong></span> <span class='ocrx_word' id='word_1_545' title='bbox 1097 1726 1254 1761; x_wconf 87' lang='lat' dir='ltr'><strong>Stephanus</strong></span> <span class='ocrx_word' id='word_1_546' title='bbox 1270 1725 1325 1759; x_wconf 91' lang='lat' dir='ltr'><strong>ille,</strong></span> <span class='ocrx_word' id='word_1_547' title='bbox 1341 1725 1387 1760; x_wconf 85' lang='lat' dir='ltr'><strong>qui</strong></span> <span class='ocrx_word' id='word_1_548' title='bbox 1406 1725 1512 1760; x_wconf 87' lang='lat' dir='ltr'><strong>primus</strong></span> <span class='ocrx_word' id='word_1_549' title='bbox 1527 1730 1589 1760; x_wconf 87' lang='lat' dir='ltr'><strong>post</strong></span> <span class='ocrx_word' id='word_1_550' title='bbox 1601 1725 1742 1752; x_wconf 85' lang='lat' dir='ltr'><strong>Christum</strong></span> 
     </span>
    </p>
   </div>
   <div class='ocr_carea' id='block_1_82' title="bbox 955 1772 1747 1807">
    <p class='ocr_par' dir='ltr' id='par_1_82' title="bbox 955 1772 1747 1807">
     <span class='ocr_line' id='line_1_82' title="bbox 955 1772 1747 1807; baseline -0.001 -8"><span class='ocrx_word' id='word_1_551' title='bbox 955 1780 1054 1807; x_wconf 82' lang='lat' dir='ltr'><strong>passus</strong></span> <span class='ocrx_word' id='word_1_552' title='bbox 1069 1776 1121 1805; x_wconf 88' lang='lat' dir='ltr'><strong>est,</strong></span> <span class='ocrx_word' id='word_1_553' title='bbox 1143 1772 1321 1799; x_wconf 67' lang='lat' dir='ltr'><strong>llebrmorum</strong></span> <span class='ocrx_word' id='word_1_554' title='bbox 1338 1772 1499 1798; x_wconf 72' lang='lat' dir='ltr'><strong>concionem</strong></span> <span class='ocrx_word' id='word_1_555' title='bbox 1514 1772 1674 1806; x_wconf 82' lang='lat' dir='ltr'><strong>objurgans,</strong></span> <span class='ocrx_word' id='word_1_556' title='bbox 1686 1780 1747 1807; x_wconf 64' lang='lat' dir='ltr'><strong>qum</strong></span> 
     </span>
    </p>
   </div>
   <div class='ocr_carea' id='block_1_83' title="bbox 951 1815 1747 1852">
    <p class='ocr_par' dir='ltr' id='par_1_83' title="bbox 951 1815 1747 1852">
     <span class='ocr_line' id='line_1_83' title="bbox 951 1815 1747 1852; baseline -0.004 -7"><span class='ocrx_word' id='word_1_557' title='bbox 951 1816 1076 1845; x_wconf 82' lang='lat' dir='ltr'><strong>caedibus</strong></span> <span class='ocrx_word' id='word_1_558' title='bbox 1104 1816 1232 1851; x_wconf 76' lang='lat' dir='ltr'><strong>gaudeat,</strong></span> <span class='ocrx_word' id='word_1_559' title='bbox 1256 1816 1367 1851; x_wconf 85' lang='lat' dir='ltr'><strong>Deoque</strong></span> <span class='ocrx_word' id='word_1_560' title='bbox 1397 1815 1513 1849; x_wconf 82' lang='lat' dir='ltr'><strong>difﬁdat,</strong></span> <span class='ocrx_word' id='word_1_561' title='bbox 1543 1817 1603 1851; x_wconf 85' lang='lat' dir='ltr'><strong>ejus</strong></span> <span class='ocrx_word' id='word_1_562' title='bbox 1628 1817 1747 1852; x_wconf 81' lang='lat' dir='ltr'><strong>denique</strong></span> 
     </span>
    </p>
   </div>
   <div class='ocr_carea' id='block_1_84' title="bbox 950 1860 1749 1898">
    <p class='ocr_par' dir='ltr' id='par_1_84' title="bbox 950 1860 1749 1898">
     <span class='ocr_line' id='line_1_84' title="bbox 950 1860 1749 1898; baseline -0.001 -9"><span class='ocrx_word' id='word_1_563' title='bbox 950 1861 1077 1889; x_wconf 80' lang='lat' dir='ltr'><strong>mandata</strong></span> <span class='ocrx_word' id='word_1_564' title='bbox 1092 1860 1320 1896; x_wconf 84' lang='lat' dir='ltr'><strong>transgrediatur,</strong></span> <span class='ocrx_word' id='word_1_565' title='bbox 1337 1869 1392 1895; x_wconf 92' lang='lat' dir='ltr'><strong>quo</strong></span> <span class='ocrx_word' id='word_1_566' title='bbox 1406 1866 1532 1896; x_wconf 85' lang='lat' dir='ltr'><strong>tempore</strong></span> <span class='ocrx_word' id='word_1_567' title='bbox 1555 1861 1668 1896; x_wconf 89' lang='lat' dir='ltr'><strong>quidam</strong></span> <span class='ocrx_word' id='word_1_568' title='bbox 1689 1863 1749 1898; x_wconf 73' lang='lat' dir='ltr'><strong>ejus</strong></span> 
     </span>
    </p>
   </div>
   <div class='ocr_carea' id='block_1_85' title="bbox 951 1905 1745 1942">
    <p class='ocr_par' dir='ltr' id='par_1_85' title="bbox 951 1905 1745 1942">
     <span class='ocr_line' id='line_1_85' title="bbox 951 1905 1745 1942; baseline 0 -7"><span class='ocrx_word' id='word_1_569' title='bbox 951 1906 1182 1942; x_wconf 77' lang='lat' dir='ltr'><strong>congregationis,</strong></span> <span class='ocrx_word' id='word_1_570' title='bbox 1200 1914 1259 1942; x_wconf 53' lang='lat' dir='ltr'><strong>quae</strong></span> <span class='ocrx_word' id='word_1_571' title='bbox 1278 1905 1486 1933; x_wconf 87' lang='lat' dir='ltr'><strong>Libcrtinorum</strong></span> <span class='ocrx_word' id='word_1_572' title='bbox 1510 1907 1664 1940; x_wconf 84' lang='lat' dir='ltr'><strong>dicebatur,</strong></span> <span class='ocrx_word' id='word_1_573' title='bbox 1681 1915 1745 1935; x_wconf 87' lang='lat' dir='ltr'><strong>eum</strong></span> 
     </span>
    </p>
   </div>
   <div class='ocr_carea' id='block_1_86' title="bbox 951 1952 1745 1990">
    <p class='ocr_par' dir='ltr' id='par_1_86' title="bbox 951 1952 1745 1990">
     <span class='ocr_line' id='line_1_86' title="bbox 951 1952 1745 1990; baseline 0 -10"><span class='ocrx_word' id='word_1_574' title='bbox 951 1954 1120 1988; x_wconf 66' lang='lat' dir='ltr'><strong>quaerebant,</strong></span> <span class='ocrx_word' id='word_1_575' title='bbox 1135 1961 1186 1980; x_wconf 90' lang='lat' dir='ltr'><strong>nec</strong></span> <span class='ocrx_word' id='word_1_576' title='bbox 1206 1952 1355 1988; x_wconf 62' lang='lat' dir='ltr'><strong>sapientite,</strong></span> <span class='ocrx_word' id='word_1_577' title='bbox 1370 1958 1397 1981; x_wconf 88' lang='lat' dir='ltr'><strong>et</strong></span> <span class='ocrx_word' id='word_1_578' title='bbox 1415 1953 1524 1988; x_wconf 90' lang='lat' dir='ltr'><strong>spiritui</strong></span> <span class='ocrx_word' id='word_1_579' title='bbox 1540 1954 1745 1990; x_wconf 60' lang='lat' dir='ltr'><strong>(fit-(Linqueba-</strong></span> 
     </span>
    </p>
   </div>
   <div class='ocr_carea' id='block_1_87' title="bbox 952 2000 1747 2036">
    <p class='ocr_par' dir='ltr' id='par_1_87' title="bbox 952 2000 1747 2036">
     <span class='ocr_line' id='line_1_87' title="bbox 952 2000 1747 2036; baseline 0.001 -10"><span class='ocrx_word' id='word_1_580' title='bbox 952 2004 1005 2031; x_wconf 88' lang='lat' dir='ltr'><strong>tur,</strong></span> <span class='ocrx_word' id='word_1_581' title='bbox 1026 2000 1155 2026; x_wconf 77' lang='lat' dir='ltr'><strong>resistere</strong></span> <span class='ocrx_word' id='word_1_582' title='bbox 1182 2005 1321 2034; x_wconf 87' lang='lat' dir='ltr'><strong>poterant,</strong></span> <span class='ocrx_word' id='word_1_583' title='bbox 1355 2008 1417 2027; x_wconf 90' lang='lat' dir='ltr'><strong>cum</strong></span> <span class='ocrx_word' id='word_1_584' title='bbox 1444 2001 1496 2027; x_wconf 86' lang='lat' dir='ltr'><strong>alia</strong></span> <span class='ocrx_word' id='word_1_585' title='bbox 1519 2001 1747 2036; x_wconf 64' lang='lat' dir='ltr'><strong>pleraque,&#39;trm</strong></span> 
     </span>
    </p>
   </div>
   <div class='ocr_carea' id='block_1_88' title="bbox 951 2045 1746 2080">
    <p class='ocr_par' dir='ltr' id='par_1_88' title="bbox 951 2045 1746 2080">
     <span class='ocr_line' id='line_1_88' title="bbox 951 2045 1746 2080; baseline 0.003 -8"><span class='ocrx_word' id='word_1_586' title='bbox 951 2046 1009 2073; x_wconf 67' lang='lat' dir='ltr'><strong>haec</strong></span> <span class='ocrx_word' id='word_1_587' title='bbox 1026 2046 1052 2072; x_wconf 90' lang='lat' dir='ltr'><strong>in</strong></span> <span class='ocrx_word' id='word_1_588' title='bbox 1066 2045 1163 2080; x_wconf 87' lang='lat' dir='ltr'><strong>primis</strong></span> <span class='ocrx_word' id='word_1_589' title='bbox 1186 2045 1219 2072; x_wconf 84' lang='lat' dir='ltr'><strong>de</strong></span> <span class='ocrx_word' id='word_1_590' title='bbox 1236 2045 1422 2073; x_wconf 83' lang='lat' dir='ltr'><strong>lsraelitarum</strong></span> <span class='ocrx_word' id='word_1_591' title='bbox 1456 2051 1536 2080; x_wconf 76' lang='lat' dir='ltr'><strong>gente</strong></span> <span class='ocrx_word' id='word_1_592' title='bbox 1564 2047 1685 2074; x_wconf 82' lang='lat' dir='ltr'><strong>disserit.</strong></span> <span class='ocrx_word' id='word_1_593' title='bbox 1712 2048 1746 2074; x_wconf 79' lang='lat' dir='ltr'><strong>Et</strong></span> 
     </span>
    </p>
   </div>
   <div class='ocr_carea' id='block_1_89' title="bbox 950 2092 1744 2126">
    <p class='ocr_par' dir='ltr' id='par_1_89' title="bbox 950 2092 1744 2126">
     <span class='ocr_line' id='line_1_89' title="bbox 950 2092 1744 2126; baseline 0.001 -6"><span class='ocrx_word' id='word_1_594' title='bbox 950 2092 1061 2120; x_wconf 82' lang='lat' dir='ltr'><strong>vitulum</strong></span> <span class='ocrx_word' id='word_1_595' title='bbox 1076 2092 1192 2126; x_wconf 71' lang='lat' dir='ltr'><strong>fecerunt</strong></span> <span class='ocrx_word' id='word_1_596' title='bbox 1202 2093 1228 2118; x_wconf 86' lang='lat' dir='ltr'><strong>in</strong></span> <span class='ocrx_word' id='word_1_597' title='bbox 1243 2092 1330 2118; x_wconf 79' lang='lat' dir='ltr'><strong>diebus</strong></span> <span class='ocrx_word' id='word_1_598' title='bbox 1345 2092 1409 2125; x_wconf 75' lang='lat' dir='ltr'><strong>illis,</strong></span> <span class='ocrx_word' id='word_1_599' title='bbox 1427 2097 1451 2118; x_wconf 87' lang='lat' dir='ltr'><strong>et</strong></span> <span class='ocrx_word' id='word_1_600' title='bbox 1465 2093 1615 2120; x_wconf 81' lang='lat' dir='ltr'><strong>obtulerunt</strong></span> <span class='ocrx_word' id='word_1_601' title='bbox 1630 2094 1744 2121; x_wconf 77' lang='lat' dir='ltr'><strong>hasliam</strong></span> 
     </span>
    </p>
   </div>
   <div class='ocr_carea' id='block_1_90' title="bbox 950 2137 1731 2173">
    <p class='ocr_par' dir='ltr' id='par_1_90' title="bbox 950 2137 1731 2173">
     <span class='ocr_line' id='line_1_90' title="bbox 950 2137 1731 2173; baseline 0.003 -9"><span class='ocrx_word' id='word_1_602' title='bbox 950 2138 1106 2169; x_wconf 81' lang='lat' dir='ltr'><strong>sinmlacro,</strong></span> <span class='ocrx_word' id='word_1_603' title='bbox 1120 2142 1144 2164; x_wconf 89' lang='lat' dir='ltr'><strong>et</strong></span> <span class='ocrx_word' id='word_1_604' title='bbox 1163 2137 1324 2164; x_wconf 63' lang='lat' dir='ltr'><strong>[relabantur</strong></span> <span class='ocrx_word' id='word_1_605' title='bbox 1337 2139 1364 2164; x_wconf 89' lang='lat' dir='ltr'><strong>in</strong></span> <span class='ocrx_word' id='word_1_606' title='bbox 1382 2139 1502 2173; x_wconf 67' lang='lat' dir='ltr'><strong>operibus</strong></span> <span class='ocrx_word' id='word_1_607' title='bbox 1528 2147 1656 2166; x_wconf 87' lang='lat' dir='ltr'><strong>manuum</strong></span> <span class='ocrx_word' id='word_1_608' title='bbox 1681 2148 1731 2166; x_wconf 80' lang='lat' dir='ltr'><strong>sua</strong></span> 
     </span>
    </p>
   </div>
   <div class='ocr_carea' id='block_1_91' title="bbox 112 2176 1744 2221">
    <p class='ocr_par' dir='ltr' id='par_1_91' title="bbox 112 2176 1744 2221">
     <span class='ocr_line' id='line_1_91' title="bbox 112 2176 1744 2221; baseline -0.002 -6"><span class='ocrx_word' id='word_1_609' title='bbox 112 2193 271 2221; x_wconf 84' lang='lat' dir='ltr'><strong>manamque</strong></span> <span class='ocrx_word' id='word_1_610' title='bbox 296 2188 422 2211; x_wconf 87' lang='lat' dir='ltr'><strong>naturam</strong></span> <span class='ocrx_word' id='word_1_611' title='bbox 435 2182 469 2209; x_wconf 87' lang='lat' dir='ltr'><strong>ad</strong></span> <span class='ocrx_word' id='word_1_612' title='bbox 491 2189 523 2208; x_wconf 87' lang='lat' dir='ltr'><strong>ea</strong></span> <span class='ocrx_word' id='word_1_613' title='bbox 538 2181 693 2215; x_wconf 70' lang='lat' dir='ltr'><strong>compellat.</strong></span> <span class='ocrx_word' id='word_1_614' title='bbox 713 2187 773 2214; x_wconf 76' lang='lat' dir='ltr'><strong>quae</strong></span> <span class='ocrx_word' id='word_1_615' title='bbox 790 2179 901 2206; x_wconf 69' lang='lat' dir='ltr'><strong>minime</strong></span> <span class='ocrx_word' id='word_1_616' title='bbox 915 2176 940 2206; x_wconf 83' lang='lat' dir='ltr'><strong>D</strong></span> <span class='ocrx_word' id='word_1_617' title='bbox 954 2192 1012 2210; x_wconf 88' lang='lat' dir='ltr'><strong>rum</strong></span> <span class='ocrx_word' id='word_1_618' title='bbox 1026 2191 1035 2210; x_wconf 88' lang='lat'><em>:</em></span> <span class='ocrx_word' id='word_1_619' title='bbox 1049 2185 1174 2210; x_wconf 82' lang='lat' dir='ltr'><strong>convertit</strong></span> <span class='ocrx_word' id='word_1_620' title='bbox 1188 2188 1277 2210; x_wconf 86' lang='lat' dir='ltr'><strong>autem</strong></span> <span class='ocrx_word' id='word_1_621' title='bbox 1292 2184 1372 2216; x_wconf 81' lang='lat' dir='ltr'><strong>Deus,</strong></span> <span class='ocrx_word' id='word_1_622' title='bbox 1390 2188 1414 2210; x_wconf 86' lang='lat' dir='ltr'><strong>et</strong></span> <span class='ocrx_word' id='word_1_623' title='bbox 1443 2185 1552 2212; x_wconf 77' lang='lat' dir='ltr'><strong>tradidit</strong></span> <span class='ocrx_word' id='word_1_624' title='bbox 1578 2193 1621 2211; x_wconf 82' lang='lat' dir='ltr'><strong>cos</strong></span> <span class='ocrx_word' id='word_1_625' title='bbox 1646 2187 1744 2212; x_wconf 73' lang='lat' dir='ltr'><strong>servire</strong></span> 
     </span>
    </p>
   </div>
   <div class='ocr_carea' id='block_1_92' title="bbox 114 2225 901 2267">
    <p class='ocr_par' dir='ltr' id='par_1_92' title="bbox 114 2225 901 2267">
     <span class='ocr_line' id='line_1_92' title="bbox 114 2225 901 2267; baseline -0.013 -6"><span class='ocrx_word' id='word_1_626' title='bbox 114 2234 314 2267; x_wconf 84' lang='lat' dir='ltr'><strong>dccent,neque</strong></span> <span class='ocrx_word' id='word_1_627' title='bbox 330 2230 408 2257; x_wconf 89' lang='lat' dir='ltr'><strong>vanis</strong></span> <span class='ocrx_word' id='word_1_628' title='bbox 420 2228 580 2263; x_wconf 88' lang='lat' dir='ltr'><strong>imposturis</strong></span> <span class='ocrx_word' id='word_1_629' title='bbox 595 2227 737 2257; x_wconf 80' lang='lat' dir='ltr'><strong>innitatur,</strong></span> <span class='ocrx_word' id='word_1_630' title='bbox 751 2226 798 2253; x_wconf 87' lang='lat' dir='ltr'><strong>sed</strong></span> <span class='ocrx_word' id='word_1_631' title='bbox 814 2225 901 2252; x_wconf 89' lang='lat' dir='ltr'><strong>divini</strong></span> 
     </span>
    </p>
   </div>
   <div class='ocr_carea' id='block_1_93' title="bbox 114 2272 900 2313">
    <p class='ocr_par' dir='ltr' id='par_1_93' title="bbox 114 2272 900 2313">
     <span class='ocr_line' id='line_1_93' title="bbox 114 2272 900 2313; baseline -0.013 -6"><span class='ocrx_word' id='word_1_632' title='bbox 114 2279 228 2313; x_wconf 85' lang='lat' dir='ltr'><strong>Spiritus</strong></span> <span class='ocrx_word' id='word_1_633' title='bbox 254 2276 423 2304; x_wconf 83' lang='lat' dir='ltr'><strong>revelatiOnc</strong></span> <span class='ocrx_word' id='word_1_634' title='bbox 440 2282 483 2301; x_wconf 86' lang='lat' dir='ltr'><strong>res</strong></span> <span class='ocrx_word' id='word_1_635' title='bbox 499 2274 605 2300; x_wconf 83' lang='lat' dir='ltr'><strong>futuras</strong></span> <span class='ocrx_word' id='word_1_636' title='bbox 623 2272 783 2307; x_wconf 57' lang='lat' dir='ltr'><strong>praivideat,</strong></span> <span class='ocrx_word' id='word_1_637' title='bbox 798 2279 900 2306; x_wconf 85' lang='lat' dir='ltr'><strong>easque</strong></span> 
     </span>
    </p>
   </div>
   <div class='ocr_carea' id='block_1_94' title="bbox 113 2318 901 2358">
    <p class='ocr_par' dir='ltr' id='par_1_94' title="bbox 113 2318 901 2358">
     <span class='ocr_line' id='line_1_94' title="bbox 113 2318 901 2358; baseline -0.011 -6"><span class='ocrx_word' id='word_1_638' title='bbox 113 2326 164 2352; x_wconf 76' lang='lat' dir='ltr'><strong>suis</strong></span> <span class='ocrx_word' id='word_1_639' title='bbox 187 2323 356 2358; x_wconf 90' lang='lat' dir='ltr'><strong>temporibus</strong></span> <span class='ocrx_word' id='word_1_640' title='bbox 391 2325 539 2348; x_wconf 86' lang='lat' dir='ltr'><strong>eventuras</strong></span> <span class='ocrx_word' id='word_1_641' title='bbox 579 2319 683 2353; x_wconf 83' lang='lat' dir='ltr'><strong>absque</strong></span> <span class='ocrx_word' id='word_1_642' title='bbox 711 2318 768 2345; x_wconf 90' lang='lat' dir='ltr'><strong>ullo</strong></span> <span class='ocrx_word' id='word_1_643' title='bbox 806 2325 901 2344; x_wconf 90' lang='lat' dir='ltr'><strong>errore</strong></span> 
     </span>
    </p>
   </div>
   <div class='ocr_carea' id='block_1_95' title="bbox 114 2364 900 2405">
    <p class='ocr_par' dir='ltr' id='par_1_95' title="bbox 114 2364 900 2405">
     <span class='ocr_line' id='line_1_95' title="bbox 114 2364 900 2405; baseline -0.01 -8"><span class='ocrx_word' id='word_1_644' title='bbox 114 2370 276 2405; x_wconf 88' lang='lat' dir='ltr'><strong>pronuntiet,</strong></span> <span class='ocrx_word' id='word_1_645' title='bbox 297 2369 360 2404; x_wconf 84' lang='lat' dir='ltr'><strong>quia</strong></span> <span class='ocrx_word' id='word_1_646' title='bbox 374 2368 504 2394; x_wconf 87' lang='lat' dir='ltr'><strong>nimirum</strong></span> <span class='ocrx_word' id='word_1_647' title='bbox 520 2366 592 2392; x_wconf 89' lang='lat' dir='ltr'><strong>Deus</strong></span> <span class='ocrx_word' id='word_1_648' title='bbox 611 2365 669 2400; x_wconf 87' lang='lat' dir='ltr'><strong>ipse</strong></span> <span class='ocrx_word' id='word_1_649' title='bbox 684 2372 733 2399; x_wconf 86' lang='lat' dir='ltr'><strong>per</strong></span> <span class='ocrx_word' id='word_1_650' title='bbox 746 2364 856 2390; x_wconf 91' lang='lat' dir='ltr'><strong>illorum</strong></span> <span class='ocrx_word' id='word_1_651' title='bbox 869 2371 900 2390; x_wconf 89' lang='lat' dir='ltr'><strong>os</strong></span> 
     </span>
    </p>
   </div>
   <div class='ocr_carea' id='block_1_96' title="bbox 113 2409 896 2450">
    <p class='ocr_par' dir='ltr' id='par_1_96' title="bbox 113 2409 896 2450">
     <span class='ocr_line' id='line_1_96' title="bbox 113 2409 896 2450; baseline -0.011 -7"><span class='ocrx_word' id='word_1_652' title='bbox 113 2413 460 2450; x_wconf 76' lang='lat' dir='ltr'><strong>loquebaturzquosetiam</strong></span> <span class='ocrx_word' id='word_1_653' title='bbox 488 2411 583 2439; x_wconf 83' lang='lat' dir='ltr'><strong>audire</strong></span> <span class='ocrx_word' id='word_1_654' title='bbox 597 2415 639 2437; x_wconf 89' lang='lat' dir='ltr'><strong>cst</strong></span> <span class='ocrx_word' id='word_1_655' title='bbox 664 2411 690 2437; x_wconf 95' lang='lat' dir='ltr'><strong>in</strong></span> <span class='ocrx_word' id='word_1_656' title='bbox 721 2409 896 2443; x_wconf 78' lang='lat' dir='ltr'><strong>astrologiam</strong></span> 
     </span>
    </p>
   </div>
   <div class='ocr_carea' id='block_1_97' title="bbox 115 2457 895 2495">
    <p class='ocr_par' dir='ltr' id='par_1_97' title="bbox 115 2457 895 2495">
     <span class='ocr_line' id='line_1_97' title="bbox 115 2457 895 2495; baseline -0.008 -8"><span class='ocrx_word' id='word_1_657' title='bbox 115 2465 236 2495; x_wconf 81' lang='lat' dir='ltr'><strong>tauquam</strong></span> <span class='ocrx_word' id='word_1_658' title='bbox 250 2459 443 2494; x_wconf 85' lang='lat' dir='ltr'><strong>perniciosam,</strong></span> <span class='ocrx_word' id='word_1_659' title='bbox 470 2457 531 2484; x_wconf 83' lang='lat' dir='ltr'><strong>falsi</strong></span> <span class='ocrx_word' id='word_1_660' title='bbox 548 2462 696 2487; x_wconf 81' lang='lat' dir='ltr'><strong>amantem,</strong></span> <span class='ocrx_word' id='word_1_661' title='bbox 717 2460 799 2489; x_wconf 89' lang='lat' dir='ltr'><strong>atque</strong></span> <span class='ocrx_word' id='word_1_662' title='bbox 828 2462 895 2481; x_wconf 79' lang='lat' dir='ltr'><strong>aeru-</strong></span> 
     </span>
    </p>
   </div>
   <div class='ocr_carea' id='block_1_98' title="bbox 114 2500 897 2537">
    <p class='ocr_par' dir='ltr' id='par_1_98' title="bbox 114 2500 897 2537">
     <span class='ocr_line' id='line_1_98' title="bbox 114 2500 897 2537; baseline -0.01 -3"><span class='ocrx_word' id='word_1_663' title='bbox 114 2506 264 2537; x_wconf 82' lang='lat' dir='ltr'><strong>scatricem,</strong></span> <span class='ocrx_word' id='word_1_664' title='bbox 274 2505 318 2532; x_wconf 86' lang='lat' dir='ltr'><strong>his</strong></span> <span class='ocrx_word' id='word_1_665' title='bbox 328 2504 421 2531; x_wconf 89' lang='lat' dir='ltr'><strong>verbis</strong></span> <span class='ocrx_word' id='word_1_666' title='bbox 436 2504 600 2531; x_wconf 81' lang='lat' dir='ltr'><strong>invehentes</strong></span> <span class='ocrx_word' id='word_1_667' title='bbox 613 2502 699 2531; x_wconf 80' lang='lat' dir='ltr'><strong>:_lla-c</strong></span> <span class='ocrx_word' id='word_1_668' title='bbox 716 2501 778 2528; x_wconf 77' lang='lat' dir='ltr'><strong>dicit</strong></span> <span class='ocrx_word' id='word_1_669' title='bbox 807 2500 897 2527; x_wconf 85' lang='lat' dir='ltr'><strong>Domi-</strong></span> 
     </span>
    </p>
   </div>
   <div class='ocr_carea' id='block_1_99' title="bbox 114 2547 895 2586">
    <p class='ocr_par' dir='ltr' id='par_1_99' title="bbox 114 2547 895 2586">
     <span class='ocr_line' id='line_1_99' title="bbox 114 2547 895 2586; baseline -0.008 -6"><span class='ocrx_word' id='word_1_670' title='bbox 114 2561 175 2580; x_wconf 83' lang='lat' dir='ltr'><strong>nus:</strong></span> <span class='ocrx_word' id='word_1_671' title='bbox 188 2552 270 2579; x_wconf 69' lang='lat' dir='ltr'><strong>luta</strong></span> <span class='ocrx_word' id='word_1_672' title='bbox 287 2553 342 2578; x_wconf 81' lang='lat' dir='ltr'><strong>vias</strong></span> <span class='ocrx_word' id='word_1_673' title='bbox 353 2551 466 2586; x_wconf 81' lang='lat' dir='ltr'><strong>gentium</strong></span> <span class='ocrx_word' id='word_1_674' title='bbox 497 2550 575 2576; x_wconf 82' lang='lat' dir='ltr'><strong>nolite</strong></span> <span class='ocrx_word' id='word_1_675' title='bbox 590 2550 699 2579; x_wconf 78' lang='lat' dir='ltr'><strong>discere,</strong></span> <span class='ocrx_word' id='word_1_676' title='bbox 724 2553 750 2574; x_wconf 85' lang='lat' dir='ltr'><strong>et</strong></span> <span class='ocrx_word' id='word_1_677' title='bbox 775 2555 791 2573; x_wconf 89' lang='lat' dir='ltr'><strong>a</strong></span> <span class='ocrx_word' id='word_1_678' title='bbox 813 2547 895 2582; x_wconf 70' lang='lat' dir='ltr'><strong>signis</strong></span> 
     </span>
    </p>
   </div>
   <div class='ocr_carea' id='block_1_100' title="bbox 114 2593 895 2629">
    <p class='ocr_par' dir='ltr' id='par_1_100' title="bbox 114 2593 895 2629">
     <span class='ocr_line' id='line_1_100' title="bbox 114 2593 895 2629; baseline -0.009 -3"><span class='ocrx_word' id='word_1_679' title='bbox 114 2599 163 2627; x_wconf 78' lang='lat' dir='ltr'><strong>cadi</strong></span> <span class='ocrx_word' id='word_1_680' title='bbox 189 2598 268 2625; x_wconf 82' lang='lat' dir='ltr'><strong>nolite</strong></span> <span class='ocrx_word' id='word_1_681' title='bbox 281 2602 394 2624; x_wconf 86' lang='lat' dir='ltr'><strong>metuere</strong></span> <span class='ocrx_word' id='word_1_682' title='bbox 407 2603 465 2629; x_wconf 78' lang='lat' dir='ltr'><strong>qua:</strong></span> <span class='ocrx_word' id='word_1_683' title='bbox 479 2596 567 2622; x_wconf 78' lang='lat' dir='ltr'><strong>timent</strong></span> <span class='ocrx_word' id='word_1_684' title='bbox 579 2600 678 2629; x_wconf 81' lang='lat' dir='ltr'><strong>gentes,</strong></span> <span class='ocrx_word' id='word_1_685' title='bbox 692 2594 755 2628; x_wconf 89' lang='lat' dir='ltr'><strong>quia</strong></span> <span class='ocrx_word' id='word_1_686' title='bbox 770 2593 836 2628; x_wconf 71' lang='lat' dir='ltr'><strong>leges</strong></span> <span class='ocrx_word' id='word_1_687' title='bbox 848 2601 895 2628; x_wconf 85' lang='lat' dir='ltr'><strong>po—</strong></span> 
     </span>
    </p>
   </div>
   <div class='ocr_carea' id='block_1_101' title="bbox 114 2639 894 2682">
    <p class='ocr_par' dir='ltr' id='par_1_101' title="bbox 114 2639 894 2682">
     <span class='ocr_line' id='line_1_101' title="bbox 114 2639 894 2682; baseline -0.01 -9"><span class='ocrx_word' id='word_1_688' title='bbox 114 2646 227 2682; x_wconf 84' lang='lat' dir='ltr'><strong>pulorum</strong></span> <span class='ocrx_word' id='word_1_689' title='bbox 253 2652 327 2672; x_wconf 77' lang='grc' dir='ltr'><strong>υαηίιι</strong></span> <span class='ocrx_word' id='word_1_690' title='bbox 346 2643 456 2670; x_wconf 74' lang='lat' dir='ltr'><strong>sunt&quot;.</strong></span> <span class='ocrx_word' id='word_1_691' title='bbox 477 2642 545 2669; x_wconf 85' lang='lat' dir='ltr'><strong>Nam</strong></span> <span class='ocrx_word' id='word_1_692' title='bbox 570 2641 640 2668; x_wconf 88' lang='lat' dir='ltr'><strong>facta</strong></span> <span class='ocrx_word' id='word_1_693' title='bbox 671 2645 735 2667; x_wconf 90' lang='lat' dir='ltr'><strong>sunt</strong></span> <span class='ocrx_word' id='word_1_694' title='bbox 765 2639 840 2674; x_wconf 78' lang='lat' dir='ltr'><strong>signa</strong></span> <span class='ocrx_word' id='word_1_695' title='bbox 867 2640 894 2666; x_wconf 89' lang='lat' dir='ltr'><strong>in</strong></span> 
     </span>
    </p>
   </div>
   <div class='ocr_carea' id='block_1_102' title="bbox 113 2686 898 2724">
    <p class='ocr_par' dir='ltr' id='par_1_102' title="bbox 113 2686 898 2724">
     <span class='ocr_line' id='line_1_102' title="bbox 113 2686 898 2724; baseline -0.01 -4"><span class='ocrx_word' id='word_1_696' title='bbox 113 2693 205 2724; x_wconf 86' lang='lat' dir='ltr'><strong>lucem,</strong></span> <span class='ocrx_word' id='word_1_697' title='bbox 228 2696 256 2719; x_wconf 91' lang='lat' dir='ltr'><strong>et</strong></span> <span class='ocrx_word' id='word_1_698' title='bbox 285 2691 312 2718; x_wconf 90' lang='lat' dir='ltr'><strong>in</strong></span> <span class='ocrx_word' id='word_1_699' title='bbox 325 2694 457 2724; x_wconf 85' lang='lat' dir='ltr'><strong>tempora,</strong></span> <span class='ocrx_word' id='word_1_700' title='bbox 483 2693 511 2715; x_wconf 92' lang='lat' dir='ltr'><strong>et</strong></span> <span class='ocrx_word' id='word_1_701' title='bbox 549 2687 688 2715; x_wconf 84' lang='lat' dir='ltr'><strong>Creatoris</strong></span> <span class='ocrx_word' id='word_1_702' title='bbox 715 2686 830 2714; x_wconf 87' lang='lat' dir='ltr'><strong>nutibus</strong></span> <span class='ocrx_word' id='word_1_703' title='bbox 851 2693 898 2713; x_wconf 86' lang='lat' dir='ltr'><strong>ec-</strong></span> 
     </span>
    </p>
   </div>
   <div class='ocr_carea' id='block_1_103' title="bbox 115 2732 899 2771">
    <p class='ocr_par' dir='ltr' id='par_1_103' title="bbox 115 2732 899 2771">
     <span class='ocr_line' id='line_1_103' title="bbox 115 2732 899 2771; baseline -0.009 -5"><span class='ocrx_word' id='word_1_704' title='bbox 115 2739 193 2766; x_wconf 86' lang='lat' dir='ltr'><strong>dunt:</strong></span> <span class='ocrx_word' id='word_1_705' title='bbox 210 2742 403 2771; x_wconf 87' lang='lat' dir='ltr'><strong>ettemporum</strong></span> <span class='ocrx_word' id='word_1_706' title='bbox 427 2734 592 2761; x_wconf 80' lang='lat' dir='ltr'><strong>mutationes</strong></span> <span class='ocrx_word' id='word_1_707' title='bbox 608 2734 641 2760; x_wconf 87' lang='lat' dir='ltr'><strong>iis</strong></span> <span class='ocrx_word' id='word_1_708' title='bbox 665 2732 712 2767; x_wconf 91' lang='lat' dir='ltr'><strong>qui</strong></span> <span class='ocrx_word' id='word_1_709' title='bbox 725 2737 790 2760; x_wconf 84' lang='lat' dir='ltr'><strong>sunt</strong></span> <span class='ocrx_word' id='word_1_710' title='bbox 815 2739 899 2767; x_wconf 77' lang='lat' dir='ltr'><strong>super</strong></span> 
     </span>
    </p>
   </div>
   <div class='ocr_carea' id='block_1_104' title="bbox 143 2790 805 2828">
    <p class='ocr_par' dir='ltr' id='par_1_104' title="bbox 143 2790 805 2828">
     <span class='ocr_line' id='line_1_104' title="bbox 143 2790 805 2828; baseline -0.006 -7"><span class='ocrx_word' id='word_1_711' title='bbox 143 2795 163 2810; x_wconf 84' lang='lat'>&quot;</span> <span class='ocrx_word' id='word_1_712' title='bbox 176 2795 186 2820; x_wconf 92' lang='grc'><strong>1</strong></span> <span class='ocrx_word' id='word_1_713' title='bbox 199 2794 266 2828; x_wconf 74' lang='lat' dir='ltr'><strong>Reg.</strong></span> <span class='ocrx_word' id='word_1_714' title='bbox 281 2801 374 2825; x_wconf 77' lang='lat' dir='ltr'><strong>xxvm,</strong></span> <span class='ocrx_word' id='word_1_715' title='bbox 392 2793 403 2819; x_wconf 78' lang='lat' dir='ltr'><strong>t</strong></span> <span class='ocrx_word' id='word_1_716' title='bbox 427 2799 504 2826; x_wconf 86' lang='lat' dir='ltr'><strong>seqq.</strong></span> <span class='ocrx_word' id='word_1_717' title='bbox 561 2791 582 2807; x_wconf 78' lang='lat'><em>“</em></span> <span class='ocrx_word' id='word_1_718' title='bbox 598 2791 692 2828; x_wconf 69' lang='lat' dir='ltr'><strong>Matth.</strong></span> <span class='ocrx_word' id='word_1_719' title='bbox 708 2798 745 2824; x_wconf 88' lang='lat' dir='ltr'><strong>vt,</strong></span> <span class='ocrx_word' id='word_1_720' title='bbox 761 2790 805 2817; x_wconf 69' lang='grc'><strong>24.</strong></span> 
     </span>
    </p>
   </div>
   <div class='ocr_carea' id='block_1_105' title="bbox 115 2827 690 2863">
    <p class='ocr_par' dir='ltr' id='par_1_105' title="bbox 115 2827 690 2863">
     <span class='ocr_line' id='line_1_105' title="bbox 115 2827 690 2863; baseline -0.009 -5"><span class='ocrx_word' id='word_1_721' title='bbox 115 2830 133 2847; x_wconf 88' lang='grc'><strong>⁸¹</strong></span> <span class='ocrx_word' id='word_1_722' title='bbox 151 2830 226 2857; x_wconf 85' lang='lat' dir='ltr'><strong>Deut.</strong></span> <span class='ocrx_word' id='word_1_723' title='bbox 244 2827 304 2863; x_wconf 61' lang='lat' dir='ltr'><strong>itu,</strong></span> <span class='ocrx_word' id='word_1_724' title='bbox 320 2828 381 2857; x_wconf 64' lang='grc' dir='ltr'>ινδ.</span> <span class='ocrx_word' id='word_1_725' title='bbox 414 2828 436 2843; x_wconf 88' lang='grc'><strong>³¹</strong></span> <span class='ocrx_word' id='word_1_726' title='bbox 455 2829 515 2854; x_wconf 70' lang='lat' dir='ltr'><strong>Act.</strong></span> <span class='ocrx_word' id='word_1_727' title='bbox 535 2834 582 2860; x_wconf 87' lang='lat' dir='ltr'><strong>vn,</strong></span> <span class='ocrx_word' id='word_1_728' title='bbox 595 2827 690 2853; x_wconf 63' lang='grc'><strong>41-45.</strong></span> 
     </span>
    </p>
   </div>
   <div class='ocr_carea' id='block_1_106' title="bbox 845 2790 1122 2824">
    <p class='ocr_par' dir='ltr' id='par_1_106' title="bbox 845 2790 1122 2824">
     <span class='ocr_line' id='line_1_106' title="bbox 845 2790 1122 2824; baseline 0.004 -6"><span class='ocrx_word' id='word_1_729' title='bbox 845 2790 867 2806; x_wconf 82' lang='grc'><strong>’⁸</strong></span> <span class='ocrx_word' id='word_1_730' title='bbox 877 2790 978 2818; x_wconf 83' lang='lat' dir='ltr'><strong>Jercm.</strong></span> <span class='ocrx_word' id='word_1_731' title='bbox 1006 2799 1032 2824; x_wconf 86' lang='lat' dir='ltr'><strong>x,</strong></span> <span class='ocrx_word' id='word_1_732' title='bbox 1053 2792 1080 2824; x_wconf 76' lang='lat'><strong>2,</strong></span> <span class='ocrx_word' id='word_1_733' title='bbox 1097 2792 1122 2819; x_wconf 76' lang='lat'><strong>3.</strong></span> 
     </span>
    </p>
   </div>
   <div class='ocr_carea' id='block_1_107' title="bbox 953 2229 1743 2267">
    <p class='ocr_par' dir='ltr' id='par_1_107' title="bbox 953 2229 1743 2267">
     <span class='ocr_line' id='line_1_107' title="bbox 953 2229 1743 2267; baseline 0.005 -12"><span class='ocrx_word' id='word_1_734' title='bbox 953 2229 1054 2256; x_wconf 79' lang='lat' dir='ltr'><strong>militiw</strong></span> <span class='ocrx_word' id='word_1_735' title='bbox 1066 2229 1133 2261; x_wconf 79' lang='lat' dir='ltr'><strong>coeli,</strong></span> <span class='ocrx_word' id='word_1_736' title='bbox 1146 2231 1212 2256; x_wconf 82' lang='lat' dir='ltr'><strong>sicut</strong></span> <span class='ocrx_word' id='word_1_737' title='bbox 1230 2231 1358 2266; x_wconf 84' lang='lat' dir='ltr'><strong>scriptum</strong></span> <span class='ocrx_word' id='word_1_738' title='bbox 1371 2237 1409 2258; x_wconf 76' lang='lat' dir='ltr'><strong>est</strong></span> <span class='ocrx_word' id='word_1_739' title='bbox 1422 2232 1448 2258; x_wconf 86' lang='lat' dir='ltr'><strong>in</strong></span> <span class='ocrx_word' id='word_1_740' title='bbox 1466 2231 1531 2258; x_wconf 87' lang='lat' dir='ltr'><strong>libro</strong></span> <span class='ocrx_word' id='word_1_741' title='bbox 1543 2233 1743 2267; x_wconf 78' lang='lat' dir='ltr'><strong>prophetarum:</strong></span> 
     </span>
    </p>
   </div>
   <div class='ocr_carea' id='block_1_108' title="bbox 951 2275 1743 2309">
    <p class='ocr_par' dir='ltr' id='par_1_108' title="bbox 951 2275 1743 2309">
     <span class='ocr_line' id='line_1_108' title="bbox 951 2275 1743 2309; baseline 0.004 -7"><span class='ocrx_word' id='word_1_742' title='bbox 951 2275 1086 2309; x_wconf 79' lang='lat' dir='ltr'><strong>Numquid</strong></span> <span class='ocrx_word' id='word_1_743' title='bbox 1102 2277 1220 2303; x_wconf 80' lang='lat' dir='ltr'><strong>victimas</strong></span> <span class='ocrx_word' id='word_1_744' title='bbox 1251 2281 1274 2303; x_wconf 77' lang='lat' dir='ltr'><strong>ct</strong></span> <span class='ocrx_word' id='word_1_745' title='bbox 1310 2278 1408 2304; x_wconf 83' lang='lat' dir='ltr'><strong>hostias</strong></span> <span class='ocrx_word' id='word_1_746' title='bbox 1428 2277 1559 2304; x_wconf 68' lang='lat' dir='ltr'><strong>obtulisti:</strong></span> <span class='ocrx_word' id='word_1_747' title='bbox 1574 2279 1637 2304; x_wconf 71' lang='lat' dir='ltr'><strong>mihi</strong></span> <span class='ocrx_word' id='word_1_748' title='bbox 1668 2280 1743 2306; x_wconf 74' lang='lat' dir='ltr'><strong>anuis</strong></span> 
     </span>
    </p>
   </div>
   <div class='ocr_carea' id='block_1_109' title="bbox 951 2322 1743 2359">
    <p class='ocr_par' dir='ltr' id='par_1_109' title="bbox 951 2322 1743 2359">
     <span class='ocr_line' id='line_1_109' title="bbox 951 2322 1743 2359; baseline 0.005 -12"><span class='ocrx_word' id='word_1_749' title='bbox 951 2322 1130 2356; x_wconf 83' lang='lat' dir='ltr'><strong>quadraginta</strong></span> <span class='ocrx_word' id='word_1_750' title='bbox 1143 2323 1171 2348; x_wconf 88' lang='lat' dir='ltr'><strong>in</strong></span> <span class='ocrx_word' id='word_1_751' title='bbox 1187 2323 1300 2354; x_wconf 82' lang='lat' dir='ltr'><strong>deserto,</strong></span> <span class='ocrx_word' id='word_1_752' title='bbox 1316 2324 1408 2349; x_wconf 83' lang='lat' dir='ltr'><strong>domus</strong></span> <span class='ocrx_word' id='word_1_753' title='bbox 1421 2323 1531 2350; x_wconf 82' lang='lat' dir='ltr'><strong>Israel?</strong></span> <span class='ocrx_word' id='word_1_754' title='bbox 1548 2323 1582 2350; x_wconf 87' lang='lat' dir='ltr'><strong>Et</strong></span> <span class='ocrx_word' id='word_1_755' title='bbox 1594 2326 1743 2359; x_wconf 66' lang='lat' dir='ltr'><strong>suscepistis</strong></span> 
     </span>
    </p>
   </div>
   <div class='ocr_carea' id='block_1_110' title="bbox 951 2367 1740 2399">
    <p class='ocr_par' dir='ltr' id='par_1_110' title="bbox 951 2367 1740 2399">
     <span class='ocr_line' id='line_1_110' title="bbox 951 2367 1740 2399; baseline 0.006 -7"><span class='ocrx_word' id='word_1_756' title='bbox 951 2367 1161 2399; x_wconf 79' lang='lat' dir='ltr'><strong>tabernaculum,</strong></span> <span class='ocrx_word' id='word_1_757' title='bbox 1180 2367 1293 2398; x_wconf 77' lang='lat' dir='ltr'><strong>Moloclt.</strong></span> <span class='ocrx_word' id='word_1_758' title='bbox 1319 2375 1342 2396; x_wconf 78' lang='lat' dir='ltr'><strong>et</strong></span> <span class='ocrx_word' id='word_1_759' title='bbox 1375 2368 1454 2396; x_wconf 76' lang='lat' dir='ltr'><strong>Sidus</strong></span> <span class='ocrx_word' id='word_1_760' title='bbox 1482 2369 1530 2396; x_wconf 83' lang='lat' dir='ltr'><strong>Dei</strong></span> <span class='ocrx_word' id='word_1_761' title='bbox 1560 2372 1638 2397; x_wconf 72' lang='lat' dir='ltr'><strong>vestri</strong></span> <span class='ocrx_word' id='word_1_762' title='bbox 1664 2370 1740 2398; x_wconf 65' lang='lat' dir='ltr'><strong>lfcnh</strong></span> 
     </span>
    </p>
   </div>
   <div class='ocr_carea' id='block_1_111' title="bbox 950 2414 1741 2451">
    <p class='ocr_par' dir='ltr' id='par_1_111' title="bbox 950 2414 1741 2451">
     <span class='ocr_line' id='line_1_111' title="bbox 950 2414 1741 2451; baseline 0.005 -12"><span class='ocrx_word' id='word_1_763' title='bbox 950 2414 1040 2448; x_wconf 82' lang='lat' dir='ltr'><strong>pham,</strong></span> <span class='ocrx_word' id='word_1_764' title='bbox 1061 2414 1162 2449; x_wconf 76' lang='lat' dir='ltr'><strong>ﬁguras</strong></span> <span class='ocrx_word' id='word_1_765' title='bbox 1176 2423 1241 2450; x_wconf 80' lang='lat' dir='ltr'><strong>quas</strong></span> <span class='ocrx_word' id='word_1_766' title='bbox 1257 2415 1362 2449; x_wconf 78' lang='lat' dir='ltr'><strong>fecistis,</strong></span> <span class='ocrx_word' id='word_1_767' title='bbox 1381 2416 1496 2443; x_wconf 87' lang='lat' dir='ltr'><strong>adorare</strong></span> <span class='ocrx_word' id='word_1_768' title='bbox 1510 2424 1564 2444; x_wconf 66' lang='lat' dir='ltr'><strong>eas.</strong></span> <span class='ocrx_word' id='word_1_769' title='bbox 1579 2417 1612 2443; x_wconf 86' lang='lat' dir='ltr'><strong>Et</strong></span> <span class='ocrx_word' id='word_1_770' title='bbox 1629 2418 1741 2451; x_wconf 78' lang='lat' dir='ltr'><strong>transfe-</strong></span> 
     </span>
    </p>
   </div>
   <div class='ocr_carea' id='block_1_112' title="bbox 948 2459 1390 2494">
    <p class='ocr_par' dir='ltr' id='par_1_112' title="bbox 948 2459 1390 2494">
     <span class='ocr_line' id='line_1_112' title="bbox 948 2459 1390 2494; baseline 0.002 -9"><span class='ocrx_word' id='word_1_771' title='bbox 948 2467 1005 2485; x_wconf 86' lang='lat' dir='ltr'><strong>ram</strong></span> <span class='ocrx_word' id='word_1_772' title='bbox 1020 2467 1063 2486; x_wconf 73' lang='lat' dir='ltr'><strong>vos</strong></span> <span class='ocrx_word' id='word_1_773' title='bbox 1080 2464 1154 2485; x_wconf 86' lang='lat' dir='ltr'><strong>trans</strong></span> <span class='ocrx_word' id='word_1_774' title='bbox 1175 2459 1335 2494; x_wconf 76' lang='lat' dir='ltr'><strong>Babylonem</strong></span> <span class='ocrx_word' id='word_1_775' title='bbox 1346 2461 1368 2476; x_wconf 83' lang='lat'>&quot;</span> <span class='ocrx_word' id='word_1_776' title='bbox 1384 2468 1390 2475; x_wconf 78' lang='grc'><em>’</em></span> 
     </span>
    </p>
   </div>
   <div class='ocr_carea' id='block_1_113' title="bbox 982 2500 1742 2541">
    <p class='ocr_par' dir='ltr' id='par_1_113' title="bbox 982 2500 1742 2541">
     <span class='ocr_line' id='line_1_113' title="bbox 982 2500 1742 2541; baseline 0.003 -9"><span class='ocrx_word' id='word_1_777' title='bbox 982 2505 1082 2532; x_wconf 77' lang='lat' dir='ltr'><strong>&#39;Parum</strong></span> <span class='ocrx_word' id='word_1_778' title='bbox 1097 2513 1172 2537; x_wconf 90' lang='lat' dir='ltr'><strong>vero,</strong></span> <span class='ocrx_word' id='word_1_779' title='bbox 1190 2510 1237 2532; x_wconf 87' lang='lat' dir='ltr'><strong>aut</strong></span> <span class='ocrx_word' id='word_1_780' title='bbox 1269 2500 1338 2533; x_wconf 86' lang='lat' dir='ltr'><strong>nihil</strong></span> <span class='ocrx_word' id='word_1_781' title='bbox 1376 2505 1471 2534; x_wconf 81' lang='lat' dir='ltr'><strong>differt</strong></span> <span class='ocrx_word' id='word_1_782' title='bbox 1494 2506 1517 2533; x_wconf 88' lang='lat' dir='ltr'><strong>is</strong></span> <span class='ocrx_word' id='word_1_783' title='bbox 1540 2506 1587 2541; x_wconf 92' lang='lat' dir='ltr'><strong>qui</strong></span> <span class='ocrx_word' id='word_1_784' title='bbox 1617 2506 1742 2534; x_wconf 86' lang='lat' dir='ltr'><strong>militiam</strong></span> 
     </span>
    </p>
   </div>
   <div class='ocr_carea' id='block_1_114' title="bbox 945 2551 1742 2586">
    <p class='ocr_par' dir='ltr' id='par_1_114' title="bbox 945 2551 1742 2586">
     <span class='ocr_line' id='line_1_114' title="bbox 945 2551 1742 2586; baseline 0.001 -8"><span class='ocrx_word' id='word_1_785' title='bbox 945 2551 1019 2584; x_wconf 74' lang='lat' dir='ltr'><strong>cmli,</strong></span> <span class='ocrx_word' id='word_1_786' title='bbox 1033 2551 1085 2577; x_wconf 85' lang='lat' dir='ltr'><strong>hoc</strong></span> <span class='ocrx_word' id='word_1_787' title='bbox 1103 2556 1143 2578; x_wconf 88' lang='lat' dir='ltr'><strong>est</strong></span> <span class='ocrx_word' id='word_1_788' title='bbox 1162 2551 1265 2583; x_wconf 79' lang='lat' dir='ltr'><strong>stellas,</strong></span> <span class='ocrx_word' id='word_1_789' title='bbox 1280 2551 1386 2584; x_wconf 84' lang='lat' dir='ltr'><strong>adorat,</strong></span> <span class='ocrx_word' id='word_1_790' title='bbox 1401 2553 1434 2578; x_wconf 90' lang='lat' dir='ltr'><strong>ab</strong></span> <span class='ocrx_word' id='word_1_791' title='bbox 1455 2559 1487 2578; x_wconf 80' lang='lat' dir='ltr'><strong>eo</strong></span> <span class='ocrx_word' id='word_1_792' title='bbox 1518 2552 1564 2586; x_wconf 89' lang='lat' dir='ltr'><strong>qui</strong></span> <span class='ocrx_word' id='word_1_793' title='bbox 1592 2551 1742 2579; x_wconf 84' lang='lat' dir='ltr'><strong>subscribit</strong></span> 
     </span>
    </p>
   </div>
   <div class='ocr_carea' id='block_1_115' title="bbox 944 2597 1742 2633">
    <p class='ocr_par' dir='ltr' id='par_1_115' title="bbox 944 2597 1742 2633">
     <span class='ocr_line' id='line_1_115' title="bbox 944 2597 1742 2633; baseline 0.001 -9"><span class='ocrx_word' id='word_1_794' title='bbox 944 2603 971 2624; x_wconf 85' lang='lat' dir='ltr'><strong>et</strong></span> <span class='ocrx_word' id='word_1_795' title='bbox 985 2597 1134 2631; x_wconf 78' lang='lat' dir='ltr'><strong>acquiescit</strong></span> <span class='ocrx_word' id='word_1_796' title='bbox 1150 2598 1183 2625; x_wconf 91' lang='lat' dir='ltr'><strong>iis</strong></span> <span class='ocrx_word' id='word_1_797' title='bbox 1196 2598 1243 2632; x_wconf 89' lang='lat' dir='ltr'><strong>qui</strong></span> <span class='ocrx_word' id='word_1_798' title='bbox 1259 2606 1291 2624; x_wconf 69' lang='lat' dir='ltr'><strong>ex</strong></span> <span class='ocrx_word' id='word_1_799' title='bbox 1311 2597 1417 2624; x_wconf 89' lang='lat' dir='ltr'><strong>illarum</strong></span> <span class='ocrx_word' id='word_1_800' title='bbox 1432 2597 1583 2625; x_wconf 75' lang='lat' dir='ltr'><strong>curiosiore</strong></span> <span class='ocrx_word' id='word_1_801' title='bbox 1612 2597 1742 2633; x_wconf 86' lang='lat' dir='ltr'><strong>disquisi—</strong></span> 
     </span>
    </p>
   </div>
   <div class='ocr_carea' id='block_1_116' title="bbox 946 2641 1742 2679">
    <p class='ocr_par' dir='ltr' id='par_1_116' title="bbox 946 2641 1742 2679">
     <span class='ocr_line' id='line_1_116' title="bbox 946 2641 1742 2679; baseline 0.001 -9"><span class='ocrx_word' id='word_1_802' title='bbox 946 2642 1018 2670; x_wconf 86' lang='lat' dir='ltr'><strong>tione</strong></span> <span class='ocrx_word' id='word_1_803' title='bbox 1034 2650 1077 2669; x_wconf 86' lang='lat' dir='ltr'><strong>res</strong></span> <span class='ocrx_word' id='word_1_804' title='bbox 1091 2641 1199 2670; x_wconf 77' lang='lat' dir='ltr'><strong>futums</strong></span> <span class='ocrx_word' id='word_1_805' title='bbox 1218 2643 1415 2675; x_wconf 85' lang='lat' dir='ltr'><strong>vaticinautur,</strong></span> <span class='ocrx_word' id='word_1_806' title='bbox 1430 2643 1504 2677; x_wconf 81' lang='lat' dir='ltr'><strong>quod</strong></span> <span class='ocrx_word' id='word_1_807' title='bbox 1528 2643 1627 2670; x_wconf 63' lang='lat' dir='ltr'><strong>divinae</strong></span> <span class='ocrx_word' id='word_1_808' title='bbox 1644 2649 1742 2679; x_wconf 47' lang='lat' dir='ltr'><strong>potens</strong></span> 
     </span>
    </p>
   </div>
   <div class='ocr_carea' id='block_1_117' title="bbox 947 2687 1740 2727">
    <p class='ocr_par' dir='ltr' id='par_1_117' title="bbox 947 2687 1740 2727">
     <span class='ocr_line' id='line_1_117' title="bbox 947 2687 1740 2727; baseline 0.005 -13"><span class='ocrx_word' id='word_1_809' title='bbox 947 2687 1001 2720; x_wconf 67' lang='lat' dir='ltr'><strong>tiae,</strong></span> <span class='ocrx_word' id='word_1_810' title='bbox 1019 2688 1132 2724; x_wconf 86' lang='lat' dir='ltr'><strong>ejusque</strong></span> <span class='ocrx_word' id='word_1_811' title='bbox 1157 2689 1243 2716; x_wconf 82' lang='lat' dir='ltr'><strong>solius</strong></span> <span class='ocrx_word' id='word_1_812' title='bbox 1271 2689 1414 2724; x_wconf 89' lang='lat' dir='ltr'><strong>proprium</strong></span> <span class='ocrx_word' id='word_1_813' title='bbox 1447 2697 1548 2718; x_wconf 90' lang='lat' dir='ltr'><strong>munus</strong></span> <span class='ocrx_word' id='word_1_814' title='bbox 1570 2695 1624 2723; x_wconf 89' lang='lat' dir='ltr'><strong>est,</strong></span> <span class='ocrx_word' id='word_1_815' title='bbox 1653 2696 1740 2727; x_wconf 78' lang='lat' dir='ltr'><strong>atque</strong></span> 
     </span>
    </p>
   </div>
   <div class='ocr_carea' id='block_1_118' title="bbox 947 2734 1483 2768">
    <p class='ocr_par' dir='ltr' id='par_1_118' title="bbox 947 2734 1483 2768">
     <span class='ocr_line' id='line_1_118' title="bbox 947 2734 1483 2768; baseline 0.006 -8"><span class='ocrx_word' id='word_1_816' title='bbox 947 2740 1043 2760; x_wconf 89' lang='lat' dir='ltr'><strong>eorum</strong></span> <span class='ocrx_word' id='word_1_817' title='bbox 1058 2734 1159 2768; x_wconf 81' lang='lat' dir='ltr'><strong>quibus</strong></span> <span class='ocrx_word' id='word_1_818' title='bbox 1174 2734 1225 2761; x_wconf 89' lang='lat' dir='ltr'><strong>hoc</strong></span> <span class='ocrx_word' id='word_1_819' title='bbox 1243 2734 1287 2761; x_wconf 88' lang='lat' dir='ltr'><strong>illa</strong></span> <span class='ocrx_word' id='word_1_820' title='bbox 1303 2736 1483 2763; x_wconf 83' lang='lat' dir='ltr'><strong>concesserit.</strong></span> 
     </span>
    </p>
   </div>
   <div class='ocr_carea' id='block_1_119' title="bbox 1163 2791 1735 2826">
    <p class='ocr_par' dir='ltr' id='par_1_119' title="bbox 1163 2791 1735 2826">
     <span class='ocr_line' id='line_1_119' title="bbox 1163 2791 1735 2826; baseline 0.003 -7"><span class='ocrx_word' id='word_1_821' title='bbox 1163 2792 1185 2808; x_wconf 84' lang='lat'>”</span> <span class='ocrx_word' id='word_1_822' title='bbox 1203 2792 1282 2819; x_wconf 70' lang='lat' dir='ltr'><strong>Deut.</strong></span> <span class='ocrx_word' id='word_1_823' title='bbox 1303 2800 1379 2823; x_wconf 78' lang='lat' dir='ltr'><strong>xuii,</strong></span> <span class='ocrx_word' id='word_1_824' title='bbox 1397 2792 1475 2820; x_wconf 74' lang='lat' dir='ltr'><strong>9-H.</strong></span> <span class='ocrx_word' id='word_1_825' title='bbox 1508 2793 1530 2809; x_wconf 75' lang='lat'><strong>&quot;</strong></span> <span class='ocrx_word' id='word_1_826' title='bbox 1546 2791 1616 2821; x_wconf 81' lang='lat' dir='ltr'><strong>Ibid.</strong></span> <span class='ocrx_word' id='word_1_827' title='bbox 1633 2794 1675 2826; x_wconf 78' lang='lat' dir='ltr'><strong>l5,</strong></span> <span class='ocrx_word' id='word_1_828' title='bbox 1695 2794 1735 2821; x_wconf 73' lang='grc' dir='ltr'><strong>Η.</strong></span> 
     </span>
    </p>
   </div>
  </div>
