1927 3085
193 203 321 233 Christus
334 204 424 227 autem
445 197 518 230 ipsos
527 193 609 222 etiam
621 196 759 218 umnonas
776 183 947 218 increpabat,

157 228 298 279 diog-tes:
314 245 382 278 Quid
397 228 468 270 nobis
493 245 516 267 et
542 239 597 269 tibi,
613 236 675 263 1m
696 234 747 261 Fili
770 232 815 258 Dei
829 230 841 257 ?
856 228 948 256 venisti

159 278 208 324 huc
223 297 283 321 ante
302 296 402 323 tempus
418 292 539 321 torquere
572 282 648 310 nos"
662 281 673 306 ἵ
702 278 803 308 Paulus
839 280 948 309 quoque

161 340 291 377 puellam,
305 344 367 371 quae
387 342 402 361 a
430 329 581 367 Pythonieo
613 326 710 361 spiritu
737 323 897 351 vexabatur,
921 323 950 345 et

162 363 314 413 clamabat:
331 380 379 407 Isti
394 378 511 405 homines
523 374 591 401 servi
621 372 667 398 Dei
700 368 793 396 excelsi
817 369 889 396 sunt,
909 363 953 398 qui

165 427 326 456 annuntiant
341 424 409 451 vobis
432 422 501 448 uiam
514 418 607 446 salutis
618 415 659 442 "3
672 414 797 445 Cumque
824 417 873 444 per
895 407 954 434 dies

166 474 267 501 multos
282 471 354 498 ideln
371 471 474 503 ageret,
490 470 615 498 satagens
639 461 697 491 ille,
719 458 753 485 ad
773 457 955 491 spiritumque

168 524 328 547 conversus,
347 513 436 547 inquit
458 520 464 537 :
485 509 612 543 Pra'cipio
638 507 735 542 tibi_in
766 503 870 530 nomine
894 499 957 526 Jesu

169 563 279 593 Christi,
296 545 366 588 exire
381 545 412 585 ab
441 565 472 584 ea
483 556 504 571 ³⁵
519 576 525 582 .
543 553 620 587 Quod
643 555 671 578 et
696 557 759 577 cum
789 548 862 575 dicto
873 545 955 572 fecit:

170 616 260 642 neque
276 607 302 633 id
320 603 432 640 injuria,
448 608 537 635 neque
550 599 623 625 enim
637 595 746 632 propria
760 599 787 622 et
800 593 880 620 insita
906 590 960 616 da:-

173 635 302 682 moiiihus
320 635 363 679 est
392 650 548 676 futurorum
578 643 719 679 przedictio
738 639 817 676 [(56)
833 638 881 665 sed
903 635 961 662 vio-

172 700 266 729 lentiae
290 697 394 733 potius.
410 700 438 722 ct
448 696 594 728 praetextus
607 688 724 723 species.
740 693 793 720 qua
810 680 962 710 minutissi-

173 753 258 777 mam,
274 745 374 777 vixque
390 739 522 767 tantillam
536 736 660 764 veritatis
690 732 838 766 imaginem
868 726 963 762 pnevi-

174 790 259 826 dent]
271 810 278 822 ,
302 794 375 815 utex
392 787 432 814 eis
445 784 542 819 priscis
563 780 684 809 oraculis
710 780 827 806 constat,
845 780 962 809 quorum

176 837 230 864 alia
246 818 276 862 ut
295 833 443 869 plurimum
470 828 555 856 dubia
580 830 655 858 sunt,
689 823 742 851 alia
770 821 889 848 maxima
919 818 963 846 sui

177 886 255 918 parte
269 878 420 908 mendaciis
442 878 559 905 scatent,
579 877 607 901 et
625 878 720 899 eorum
745 869 793 904 qui
815 867 850 895 iis
875 865 966 893 credi-
980 863 1003 892 B

183 929 297 958 derunt,
309 926 454 961 plerosque
470 923 498 949 in
511 920 582 947 mala
597 917 755 946 discrimina
766 916 967 949 protruserunt,

178 982 211 1002 ex
222 958 323 1008 quibus
335 970 409 997 nulla
422 972 480 996 arte
491 972 632 999 emergere
645 965 781 998 poterant.
797 959 857 986 1am
877 958 900 985 si
917 958 971 984 dae-

180 1007 276 1047 mones
284 1015 443 1045 substantia
451 1015 506 1041 sint
515 1010 630 1038 rationis
638 1007 795 1043 participes,
803 1009 830 1032 et
838 1011 899 1038 qua;
905 1010 972 1030 eun-

180 1069 240 1093 etos
250 1062 324 1090 orbis
339 1061 453 1096 angulos
467 1055 689 1085 circumvolitent
702 1052 769 1088 [(57)
785 1055 866 1085 atque
879 1049 973 1076 etiam-

182 1108 331 1137 numvelut
350 1109 488 1133 extremos
510 1101 687 1138 pristinarum
708 1101 868 1132 apostaseon
888 1094 975 1121 rebel-

185 1154 349 1187 lionumque
360 1157 442 1177 sonos
450 1156 521 1183 saepe
532 1147 679 1178 retineant,
690 1146 744 1171 imo
755 1143 838 1170 etiam
848 1148 901 1168 non
913 1147 975 1166 raro

186 1207 219 1226 ea
241 1206 301 1233 qua:
310 1201 441 1224 eventura
459 1199 534 1227 sunt,
546 1193 644 1220 melius
663 1197 744 1226 quam
757 1196 806 1216 nos
822 1187 873 1222 ipsi
884 1186 976 1221 conje-

186 1244 291 1279 cteut]:
304 1247 333 1270 ut
347 1241 493 1277 plurimum
504 1239 626 1274 proiecto
643 1236 727 1264 stellae
746 1238 827 1261 mutae
842 1237 915 1264 sunt,
927 1238 979 1258 nec

187 1289 343 1318 futurorum
354 1287 502 1322 quidquam
528 1283 693 1317 intelligunt,
706 1287 796 1315 neque
811 1286 902 1306 rerum
928 1284 978 1304 na-

189 1341 266 1363 turas
281 1333 447 1370 perscrutari
462 1337 587 1367 possunt,
603 1335 634 1356 ut
652 1328 801 1357 daemones,
817 1324 863 1352 sed
885 1323 980 1358 hujus-

193 1381 264 1409 modi
277 1385 374 1412 artem,
385 1376 510 1413 quamvis
532 1379 627 1403 nostro
657 1372 756 1401 saeculo
783 1371 939 1400 obscuram,
953 1371 982 1395 et

964 185 985 211 Α

193 1427 228 1454 ab
241 1425 376 1460 imperitis
391 1422 551 1451 hominibus
579 1419 775 1456 proﬂuentem,
792 1415 870 1443 multi
885 1421 981 1441 eorum
1019 1439 1023 1450 I

193 1472 240 1507 qui
261 1470 296 1498 ad
323 1474 446 1504 tempora
467 1474 561 1495 nostra
584 1467 781 1501 pervenerunt,
810 1461 928 1488 maximo
954 1460 982 1486 in

195 1505 285 1552 pretio
300 1515 412 1547 habent,
426 1515 515 1548 iisque
530 1520 560 1540 se
582 1511 744 1546 adjungunt,
759 1508 805 1542 qui
820 1507 887 1534 artis
910 1505 983 1532 illius

195 1561 324 1597 peritiam
348 1559 401 1585 sibi
415 1558 566 1588 vindicant,
596 1561 723 1589 tanquam
743 1552 816 1579 veris
830 1552 982 1577 futurorum

200 1604 405 1641 conjecmribus
418 1612 424 1629 τ
441 1601 566 1637 quamvis
579 1600 687 1627 illorum
701 1604 830 1632 responsa
847 1594 986 1630 perspicui

199 1651 268 1680 nihil
284 1650 456 1680 contineant,
476 1647 606 1682 quodque
634 1644 745 1679 propius
762 1648 880 1676 unquam
898 1641 930 1666 ad
944 1647 989 1665 vc-

201 1699 309 1725 ritatem
332 1696 454 1723 accedat.
482 1691 669 1720 Nihilominus
695 1688 809 1715 auribus
824 1685 989 1721 prurientes,

201 1749 230 1772 et
248 1743 312 1778 quia
330 1744 358 1769 in
376 1741 461 1768 verbo
485 1736 609 1766 fortassis
620 1742 675 1762 uno
690 1741 754 1760 vera
769 1732 908 1760 dixerunt,
924 1734 990 1764 puta

203 1791 232 1817 in
249 1788 390 1817 nocturnis
402 1784 566 1816 visionibus,
578 1783 633 1818 jam
647 1781 680 1808 iis
695 1787 753 1814 quae
768 1776 929 1812 simpliciter
942 1775 991 1807 illi,

204 1839 234 1862 et
250 1834 277 1861 in
293 1840 391 1868 genere
403 1831 509 1860 dicunt.
536 1835 591 1855 non
614 1833 692 1853 secus
706 1829 787 1859 atque
803 1821 904 1849 divinis
932 1828 995 1847 ora-

207 1881 277 1909 culis
294 1879 375 1906 lidem
405 1876 577 1905 adhibentes,
608 1872 726 1899 libenter
757 1867 947 1903 acquiescant,
961 1865 995 1892 ad

207 1934 310 1962 eosque
323 1932 353 1953 se
367 1923 523 1953 conferunt,
548 1918 686 1946 interdum
702 1915 784 1942 ctiam
798 1914 906 1940 illorum
918 1913 997 1948 jussu

209 1981 244 2001 ne
259 1973 351 1999 divina
369 1970 480 2005 quidem
493 1966 608 1994 delubra
622 1963 825 1998 ingrediuntur.

248 2018 309 2047 Vidi
323 2024 389 2044 vero
413 2016 598 2042 Romanorum
626 2010 708 2037 etiam
739 2009 1001 2041 imperatorestncc

212 2066 289 2094 enim
304 2070 400 2091 omnes
421 2059 548 2095 culpandi
568 2057 649 2091 sunt)
662 2055 706 2090 qui
734 2053 851 2088 negotiis
879 2049 1001 2084 urgenti-

215 2114 278 2145 bus,
291 2109 429 2137 neminem
449 2112 544 2133 eorum
571 2104 598 2130 in
612 2101 756 2130 consilium
770 2098 942 2127 adhiberent,
956 2095 1002 2129 qui

218 2157 260 2184 vel
275 2153 421 2190 sapientia,
438 2151 481 2178 vel
515 2150 594 2183 longa
607 2148 645 2174 rei
675 2144 802 2172 militaris
834 2139 1004 2176 experientia

775 130 923 163 NICETES
939 122 1145 158 CHONIAT/E

1722 103 1822 136 1352

999 178 1069 206 valla
1082 175 1296 203 commorentur.
1309 169 1505 204 Saepenumero
1527 164 1609 193 etiam
1623 161 1823 198 equitatum,

999 231 1061 252 cum
1073 228 1170 249 eorum
1182 226 1242 254 quae
1255 215 1441 252 equitantibus
1455 211 1608 240 necessaria
1630 213 1696 236 sunt
1713 212 1823 241 parte

1001 267 1126 299 accincti,
1142 252 1248 300 partem
1265 269 1346 290 manu
1360 263 1510 294 gestarent,
1525 263 1597 290 equo
1607 255 1662 289 jam
1677 253 1714 280 ad
1729 252 1804 279 sub

1002 313 1108 341 sellium
1127 299 1225 341 stante,
1244 308 1318 335 horae
1330 304 1572 338 intempestivitate
1589 299 1714 327 revocati
1749 305 1821 332 pe—

1003 359 1122 392 demque
1136 356 1299 384 relerentes.
1317 350 1485 386 propositum
1507 351 1603 374 contra
1623 345 1710 372 animi
1733 351 1822 371 sen-

1005 405 1118 433 tentiam
1129 403 1326 431 mutaverunt;
1346 403 1378 424 ac
1398 398 1419 423 si
1439 395 1513 429 regio
1528 394 1583 424 illa,
1595 392 1630 419 ad
1645 399 1733 426 quam
1751 391 1824 416 iter

1005 449 1190 478 instituerant,
1207 446 1344 473 chasmate
1364 441 1477 476 disiecta
1491 443 1570 469 esset.
1586 438 1627 464 vel
1639 437 1728 464 etiam
1749 442 1825 462 cae-

1006 495 1068 523 lesti
1079 500 1183 522 terrore
1193 492 1303 528 jamJam
1321 485 1496 515 concutiendi
1511 487 1614 511 essent.

1010 552 1150 586 Πάρεργον
1164 555 1198 575 ex
1226 546 1319 586 Niceta
1333 543 1403 586 ipso
1414 542 1448 586 de
1471 538 1591 586 vanitate
1617 537 1801 570 Ethnophro
1814 549 1823 556 -

1126 573 1204 614 mliti,
1233 582 1259 608 iu
1279 573 1396 614 persona
1416 575 1549 603 Manuelis
1576 573 1675 606 imper.

1046 642 1151 670 Nicetes
1183 639 1321 667 Choniates
1352 633 1497 662 Annalium
1524 629 1671 662 Manuelis,
1698 629 1753 655 lib.
1786 635 1822 659 tl,

1013 689 1081 722 Quia
1106 694 1175 716 vero.
1192 684 1288 719 inquit,
1312 680 1459 716 potentibus
1472 679 1525 712 fere
1539 676 1658 703 omnibus
1682 680 1744 701 tum
1765 682 1825 700 nc-

1013 740 1085 764 straa.
1105 737 1160 759 tum
1182 730 1323 764 superioris
1347 727 1432 755 (etatis
1453 725 1580 760 placitura
1601 728 1648 754 est,
1663 721 1821 748 stellarum

1014 779 1206 816 progressione:
1230 780 1254 802 et
1280 772 1496 808 retrogressiones
1524 774 1659 803 certosque
1691 767 1821 801 positus,

1015 823 1246 859 configurationes,
1268 826 1396 849 accessus,
1423 823 1537 844 recessus
1552 834 1559 844 .
1577 819 1726 847 cwteraque
1751 818 1822 844 qm:

1018 874 1157 904 nugalares
1179 866 1222 893 isti
1244 866 1270 892 in
1295 864 1389 891 divina:
1408 860 1578 897 providentia
1596 858 1717 894 fraudem
1737 857 1822 890 afﬁr-

1020 920 1103 946 munt,
1119 923 1150 941 ac
1165 911 1363 940 dissimulanter
1385 908 1495 944 fatalem
1512 907 1628 933 omnium
1655 912 1748 930 rerum
1767 911 1822 928 ne-

1020 961 1168 988 cessitatem
1181 960 1314 987 statuunt,
1327 955 1360 981 ad
1376 954 1527 988 felicitatem
1540 953 1722 984 humanosque
1736 956 1823 975 casn:

1022 1007 1134 1034 multum
1148 1004 1244 1035 ualere,
1259 1001 1369 1030 Manuel
1390 1001 1513 1028 idoneum
1530 997 1641 1025 exeundi
1655 1002 1762 1030 tenlpus
1777 995 1808 1021 in

1023 1053 1113 1088 quirit,
1131 1052 1208 1086 idque
1230 1049 1408 1078 Constantino
1431 1045 1580 1072 denuntiat.
1602 1042 1653 1070 Sed
1674 1042 1741 1077 quid
1766 1040 1823 1074 ﬁt!

1024 1087 1145 1127 Nondum
1161 1098 1195 1125 ad
1215 1103 1335 1124 occasum
1357 1092 1477 1128 vergebat
1501 1090 1550 1122 sol,
1577 1087 1707 1116 Manuelis
1737 1087 1824 1121 jussu

1025 1147 1101 1173 homo
1133 1147 1279 1174 revocatur,
1305 1141 1335 1167 ob
1359 1137 1557 1166 incommodum
1580 1135 1700 1164 exitum,
1728 1132 1824 1158 minus

1028 1192 1116 1226 fausto
1130 1190 1245 1216 siderum
1260 1187 1355 1223 positu,
1371 1193 1417 1212 nec
1434 1181 1564 1210 subtiliter
1575 1183 1598 1206 et
1614 1181 1739 1205 accurate
1754 1185 1824 1211 per—

1028 1237 1132 1272 quisito.
1161 1234 1263 1262 Rursus
1288 1233 1369 1266 igitur
1393 1231 1478 1257 thema
1503 1225 1673 1254 constituitur
1692 1243 1700 1255 ,
1723 1222 1824 1257 regule

1029 1282 1227 1311 consuluntur;
1247 1284 1305 1313 post
1331 1277 1437 1311 longam
1462 1280 1594 1302 astrorum
1621 1269 1824 1304 indagationem

1031 1328 1146 1364 Angelus
1173 1326 1236 1358 exit,
1262 1332 1321 1351 cum
1337 1321 1511 1355 beneﬁcorum
1534 1318 1650 1345 siderum
1671 1316 1800 1342 comitatu
1816 1321 1826 1338 .'

1032 1376 1077 1402 sed
1099 1373 1146 1400 illa
1172 1374 1244 1400 hora:
1265 1369 1412 1397 observatio
1435 1370 1537 1394 tantum
1562 1363 1687 1390 Romanis
1710 1360 1823 1396 profuit,

1033 1422 1202 1456 primumque
1216 1418 1311 1444 ducum
1328 1418 1418 1442 errata
1430 1413 1468 1439 ita
1481 1410 1605 1441 correxit,
1619 1413 1643 1434 et
1656 1410 1763 1441 accepta
1776 1406 1824 1431 de-

1035 1467 1158 1493 trimenta
1180 1463 1300 1494 resnru't,
1325 1466 1353 1487 ut
1378 1458 1566 1487 Constantinus
1593 1454 1684 1482 statim
1710 1454 1824 1479 hostium

1036 1513 1156 1540 manibus
1179 1513 1328 1545 caperetur,
1341 1511 1393 1534 etc.
1415 1505 1464 1539 (Dc
1478 1511 1567 1538 pugna
1586 1499 1755 1528 Constantini
1771 1498 1826 1524 Αιι-

1036 1558 1097 1594 geli,
1112 1565 1186 1592 quem
1202 1553 1309 1582 Manuel
1327 1553 1417 1579 ducem
1434 1551 1587 1584 designaret
1612 1546 1749 1577 exercitus,
1763 1551 1826 1570 con-

1040 1611 1081 1632 tra
1097 1603 1241 1639 Rogerium
1255 1607 1342 1635 regem
1357 1597 1497 1630 Siculum.)

1380 1667 1418 1694 De
1436 1667 1503 1702 fato.

1079 1729 1164 1756 Porro
1175 1727 1262 1754 latum
1277 1723 1363 1752 Grmci
1376 1723 1412 1750 ita
1429 1719 1652 1750 introducebaut,
1677 1715 1827 1744 Necessita—

1045 1780 1098 1802 tem
1113 1773 1260 1808 iingehant,
1279 1778 1342 1806 quae
1356 1769 1438 1796 rebus
1453 1770 1584 1802 praeesset
1597 1763 1735 1793 omnibus,
1749 1762 1825 1795 cujus

1046 1820 1115 1847 tilias
1149 1824 1215 1850 tres,
1242 1816 1400 1847 Lacheiam,
1426 1813 1535 1843 Clotho,
1565 1817 1595 1838 et
1616 1810 1737 1843 Atropon
1769 1813 1826 1833 essu

1047 1865 1193 1893 dicebant:
1214 1864 1251 1890 ita
1290 1867 1320 1888 ut
1351 1859 1504 1888 Necessitas
1526 1856 1626 1884 futuris
1656 1853 1828 1889 prospiceret,

1049 1911 1166 1939 Lacheia
1204 1913 1306 1937 sortem
1349 1900 1709 1941 superinduceret;Clotho
1738 1897 1826 1924 iisde.n

1050 1956 1151 1987 nenda,
1176 1955 1324 1987 fusumque
1350 1947 1599 1978 circumvolvendo,
1623 1946 1705 1972 robur
1719 1948 1745 1970 et
1768 1950 1830 1977 pou-

1052 2004 1104 2030 dus
1118 2001 1250 2031 adderet;
1283 1999 1400 2030 Atropos
1435 1994 1556 2028 denique
1586 1992 1623 2018 ita
1654 1988 1830 2017 conﬁrmaret,

1053 2055 1080 2076 et
1095 2047 1296 2077 constabiliret,
1310 2049 1339 2071 ut
1353 2043 1450 2070 mutari
1468 2046 1495 2067 et
1509 2038 1608 2066 inverti
1630 2036 1705 2063 nullo
1721 2041 1830 2068 unquam

1055 2094 1136 2123 modo
1149 2096 1270 2128 possent.
1287 2091 1390 2124 Exque
1416 2087 1509 2118 ﬁebat,
1530 2090 1560 2112 ut
1585 2084 1608 2111 si
1636 2088 1732 2109 recens
1755 2083 1830 2106 natus

1056 2149 1124 2176 puer
1139 2140 1198 2166 fuso
1209 2137 1283 2165 fatali
1298 2137 1331 2163 ad
1344 2135 1469 2162 subulam
1504 2130 1632 2158 manibus
1662 2125 1830 2154 tractandam,

219 2171 260 2184 νει
275 2171 421 2190 nuptm-ua,
444 2171 481 2178 ιν.
515 2171 594 2183 ..μ-τ..
608 2171 645 2174 .-.
675 2171 690 2172 η
870 2171 878 2176 _
1056 2171 1064 2176 Ι

217 2202 341 2230 celebres
353 2199 528 2226 haberentur.
550 2193 597 2221 sed
625 2193 659 2219 ab
673 2190 869 2224 astrologorum
897 2185 1007 2221 iudiciis
1024 2197 1044 2224 ι)
1060 2187 1101 2213 vel
1112 2186 1233 2212 cultrum
1250 2181 1395 2211 sutorium,
1411 2179 1452 2206 vel
1466 2178 1584 2211 denique
1608 2174 1687 2202 coria
1713 2171 1831 2198 dentibus

1202 2229 1208 2230 '
1245 2228 1250 2230 “
1298 2227 1303 2230 ⁵
1460 2228 1464 2230 -
1530 2222 1546 2230 II
1557 2229 1561 2230 ν
1592 2229 1610 2230 γν
1625 2219 1654 2230 .1-
1670 2218 1724 2230 [ενι-ἓ
1738 2222 1816 2230 ηηηρηι

219 2253 362 2282 tantopere
371 2243 568 2279 dependerent,
580 2245 660 2274 atque
674 2238 708 2265 iis
717 2244 777 2271 quae
792 2243 825 2261 ex
836 2235 1006 2269 planetarum

221 2293 393 2329 inspectione
412 2289 638 2325 praedicerentur,
651 2284 726 2311 velut
738 2280 849 2309 circulis
863 2278 954 2306 aureis
980 2277 1009 2303 in

221 2346 302 2367 nares
318 2335 439 2366 insertis,
455 2331 742 2361 circumducerentur.

260 2380 420 2419 Hujusmodi
438 2383 511 2407 certe
525 2384 601 2412 reges
618 2374 699 2402 simul
715 2378 743 2400 et
759 2371 857 2399 fallunt
869 2373 897 2397 et
911 2368 1012 2395 fallun—

224 2436 279 2462 tur,
298 2414 359 2456 eum
375 2435 407 2454 ea
430 2433 490 2460 quae
522 2423 601 2455 ﬁunt,
632 2419 727 2456 procul
754 2425 769 2444 a
799 2417 866 2448 Deo,
899 2414 1014 2449 ejusque

225 2474 398 2514 providentia
410 2459 556 2505 ablegcnt:
576 2472 658 2502 atque
670 2466 707 2492 ita
723 2462 842 2497 receptis
865 2459 938 2495 apud
963 2466 1013 2485 nos

227 2521 372 2552 sententiis
400 2523 428 2546 et
444 2515 578 2545 institutis
600 2510 822 2540 manifestissime
851 2509 1013 2541 repugnent,

229 2572 265 2598 ita
279 2574 309 2596 ut
321 2568 347 2595 in
362 2567 458 2600 longos
474 2568 585 2590 menses
601 2559 627 2586 id
640 2557 778 2587 diil‘erant,
795 2552 867 2588 quod
879 2551 920 2577 vel
937 2549 1017 2576 hodie

231 2617 409 2650 iicripotest:
427 2619 461 2638 ex
485 2610 591 2642 hocque
613 2605 673 2632 loco
701 2602 729 2628 in
758 2600 841 2627 alium
871 2596 1017 2624 ﬁnitimum

231 2641 274 2644 ""
284 2641 290 2643 '
304 2641 313 2650 Κ
549 2641 552 2642 ν

231 2661 348 2691 subinde
361 2656 554 2691 commigrent,
568 2652 612 2679 ubi
625 2650 658 2677 ad
675 2654 760 2684 pauca
783 2647 912 2673 horarum
931 2641 1017 2668 inter-

267 2732 290 2748 ³³
302 2728 396 2757 Matth.
412 2724 534 2758 “11,29.
550 2723 573 2738 ἰ
602 2720 663 2746 Act.
684 2724 739 2746 xvt.
765 2713 805 2740 l7.
845 2708 949 2736 "Ibid.
971 2707 1015 2734 '18.

276 2824 331 2858 (56)
348 2825 411 2850 llaec
436 2818 533 2858 spatiis
553 2810 778 2858 interlinealihus
795 2805 921 2858 intersita
936 2803 1060 2836 luerunt,

275 2848 330 2894 (ἐϋ
347 2848 578 2892 ὺίνιίτειιὶεάειιιὶει
594 2849 685 2878 rubris
709 2848 831 2876 exarata.

1057 2229 1227 2259 extendenda
1236 2227 1388 2255 destinatus
1396 2228 1478 2255 esset,
1491 2222 1566 2249 nullo
1576 2219 1657 2247 modo
1670 2218 1726 2245 ﬁeri
1738 2222 1829 2252 posset,

1060 2277 1126 2311 quin
1140 2279 1226 2302 artem
1239 2274 1312 2300 illam
1342 2273 1493 2300 exerceret,
1522 2273 1583 2302 quae
1608 2265 1647 2292 illi
1675 2267 1745 2291 sorte
1767 2261 1833 2288 obti-

1061 2326 1147 2359 gerat,
1162 2321 1209 2348 sed
1222 2319 1255 2347 ad
1267 2325 1328 2346 eam
1345 2317 1393 2344 fati
1405 2316 1482 2346 fune,
1499 2313 1578 2348 quasi
1596 2311 1705 2339 obtorto
1719 2307 1780 2336 collo
1791 2315 1830 2335 ra-

1063 2368 1199 2403 piebatur.

1373 2429 1409 2457 De
1429 2427 1552 2462 augurio.

1103 2501 1254 2537 Augurium
1283 2504 1373 2526 autem
1412 2500 1455 2524 est
1494 2494 1651 2521 futurorum
1678 2494 1829 2525 praesagium,

1069 2531 1161 2583 quodv
1172 2545 1206 2572 ab
1235 2544 1324 2572 avium
1350 2541 1454 2572 volatu,
1473 2539 1576 2574 quiete,
1591 2541 1619 2564 et
1631 2535 1732 2570 garritu
1741 2531 1830 2566 colligi-

1069 2580 1124 2621 tur.
1155 2591 1218 2618 Fuit
1243 2590 1317 2617 enim
1351 2586 1499 2621 aliquando
1546 2580 1701 2617 huiusmodi
1739 2585 1830 2614 quoque

1072 2637 1144 2674 apud
1169 2637 1287 2668 Gnaeos,
1308 2637 1337 2661 et
1363 2632 1429 2659 alias
1456 2633 1550 2666 gentes
1577 2628 1728 2655 futurorum
1752 2623 1830 2650 obser-

1074 2805 1156 2836 atque
1173 2795 1272 2826 litteris
1286 2793 1377 2822 rubris
1386 2794 1508 2820 exarata.
