1927 3085
89 138 156 171 ΓῦἹ

85 194 169 226 vatio,
203 191 311 220 etiamsi
325 190 425 217 nostris
438 188 606 224 temporibus
616 195 728 223 prorsus
746 186 872 212 avolave-
888 191 911 217 Α

85 239 132 270 rit,
149 237 316 271 tandemque
330 236 412 263 etiam
429 234 526 269 pennis
535 233 664 261 clunibus
676 231 801 259 deciduis
811 238 875 259 eva-

87 284 192 312 nuerit.

121 330 182 356 Nisi
197 330 264 364 forte
287 327 420 363 gallorum
440 325 648 361 gallinaceorum
677 323 794 358 tripudia
813 321 877 348 soli—

84 376 174 406 stima,
185 375 276 409 quibus
288 374 314 399 iu
327 371 415 400 Callia
428 379 486 398 vere
495 371 598 396 ineunte
604 369 678 404 pueri
686 369 720 394 ad
729 368 878 394 litterarum

84 421 174 448 studia
194 420 354 447 excitantur,
379 417 551 451 auguriorum
577 413 726 442 ramentum
745 413 876 448 quoddam

85 466 131 497 sit,
152 473 167 490 a
188 463 283 491 Solone
304 463 363 497 jam
384 461 447 487 olim
464 460 577 492 Athenis
603 459 753 484 institutum
770 461 820 489 ;ttt
836 461 877 484 ta-

87 519 160 538 ceam
178 510 262 536 aniles
279 514 391 543 stryges,
408 507 534 538 cornices,
551 505 674 535 bubones,
691 508 744 529 etc.

283 576 322 602 De
338 576 456 610 fortuna.
477 573 626 609 [Appendix
643 571 675 607 1.]

128 646 276 673 Fortunam
301 642 388 670 Graeci
414 640 649 681 rebus-omnibus
677 645 792 674 praesse
817 645 880 664 cen-

100 693 207 721 sebant.
223 691 346 723 nihilque
364 688 438 720 boni,
461 691 508 726 aut
519 691 622 716 contra,
640 685 697 711 sine
725 685 798 711 illius
813 689 881 710 nutu

89 739 248 772 contingere
272 736 428 770 conjectura
448 733 640 759 ducebantur:
660 731 800 764 multaque
813 730 881 756 adeo

89 783 249 810 hominibus
263 782 297 808 ab
313 781 409 809 eadem
427 779 468 805 vel
488 779 514 804 in
528 777 661 804 utramvis
676 784 770 803 aurem
785 783 881 802 secure

89 826 301 855 dormientibus.
320 832 371 851 nec
393 824 438 850 ulli
453 830 562 849 manum
579 821 653 856 operi
663 821 880 851 admoventibus,

710 133 908 164 THESAURI
928 133 1002 163 LlB.
1022 132 1072 162 IV.
1639 125 1706 156 1'154

1208 180 1245 209 De
1258 181 1429 208 rletlonismo.

963 230 1047 258 Porro
1059 229 1256 260 cledonismus,
1269 235 1318 256 seu
1341 226 1523 261 sortilegium,
1538 225 1627 261 magni
1639 234 1710 261 pon-

929 277 1004 303 deris
1020 281 1090 308 erat,
1106 275 1177 310 apud
1203 274 1334 301 llebrzeos
1353 273 1379 300 in
1400 273 1506 307 primis.
1527 272 1645 298 Proinde
1662 279 1710 306 per

928 322 1088 356 prophetam
1118 320 1251 347 Dominus
1275 319 1314 346 sic
1331 318 1388 345 ait:
1417 318 1501 352 Regio
1517 323 1607 345 vestra
1631 318 1710 352 plena

927 372 970 394 est
999 365 1177 392 cledonismis
1188 365 1258 392 “'3‘.
1277 364 1411 391 Dicuntur
1430 368 1520 390 autem
1548 362 1712 389 cledonismi

930 419 1058 439 rumores
1080 411 1129 443 illi,
1150 418 1268 445 quorum
1288 415 1380 436 certus
1396 414 1491 436 auctor
1507 408 1629 443 expromi
1658 416 1713 435 non

930 462 1038 493 potest,
1060 457 1108 484 sed
1132 457 1178 491 qui
1209 463 1258 491 per
1274 463 1312 487 se,
1330 460 1368 487 et,
1394 461 1423 482 ut
1444 455 1480 481 ita
1502 454 1601 485 dicam,
1617 460 1713 488 sponte

930 504 1028 538 oppida
1038 508 1065 530 et
1086 503 1168 530 urch
1197 502 1429 533 circumvolitant,
1450 505 1478 527 et
1497 501 1599 535 passim
1617 508 1712 527 eorum

931 550 1034 584 aliquid
1052 549 1237 579 insusurrant,
1251 555 1311 582 qua:
1325 547 1486 578 aversanda,
1504 546 1546 573 vel
1563 547 1646 573 etiam
1663 547 1715 572 Ini-

931 595 1004 622 nime
1021 594 1083 622 talia
1101 599 1176 621 sunt.
1192 594 1357 627 Quicunque
1370 593 1452 627 igitur
1477 600 1601 619 rumores
1619 592 1715 627 hujus-

931 641 1016 671 ntodi,
1034 640 1076 667 vel
1088 640 1170 666 etiam
1190 639 1310 666 triviales
1332 646 1418 672 nugas
1433 638 1609 668 adnotabant,
1626 645 1715 670 eoque

932 686 1147 720 detorquebant,
1162 692 1222 719 qua:
1235 684 1287 711 sibi
1305 684 1372 718 ipsis
1384 684 1487 718 agenda
1503 689 1592 712 erant.
1609 691 1716 710 rerum-

932 739 986 766 que
1004 731 1072 758 adeo
1088 732 1208 765 ipsarum
1239 731 1354 762 exitum,
1380 738 1434 756 non
1457 737 1520 756 eum
1547 729 1592 763 qui
1618 729 1716 756 divinae

934 777 1112 812 providentia:
1137 777 1266 811 placeret,
1287 776 1333 803 sed
1361 783 1441 810 quem
1467 782 1593 802 rumores
1621 774 1718 808 hujus-

936 823 1022 855 modi,
1038 823 1298 856 occurrentiumque
1323 822 1466 848 hominum
1492 829 1634 848 sermones
1648 828 1718 856 prm-

90 872 168 908 quasi
181 872 272 898 divina
286 872 331 904 (ut
343 868 435 901 aiunt)
447 868 551 902 virgula
562 866 729 901 suppeditari
741 866 876 893 dicebant.

939 870 1075 901 lixissent,
1092 869 1256 896 cledonismi
1275 868 1448 895 dicebantur.
1463 868 1532 894 Aliis
1553 876 1602 902 per
1627 869 1719 894 cledo—

91 920 130 946 Ex
143 926 197 952 quo
215 916 348 945 evenerit.
371 919 401 940 ut
416 914 578 940 Timotheus
592 912 674 938 urbes
687 912 723 938 ita
750 911 879 946 subjuga-

91 969 145 994 ret,
162 971 194 990 ac
210 963 232 989 si
247 963 356 988 fortuna
372 961 430 986 illas
444 959 470 986 in
483 959 542 993 ejus
554 963 612 984 rete
628 957 785 992 conjiceret,
800 958 881 992 eique

92 1010 240 1037 dormienti
255 1008 387 1035 traderet.

130 1055 335 1090 Apelliquoque
360 1052 456 1087 pictori
486 1051 539 1079 tale
564 1050 704 1085 quidpiam
735 1050 882 1085 contigisse

92 1101 195 1132 lerunt,
211 1105 241 1126 ut
258 1107 359 1133 equum
374 1098 534 1126 bellicosum
551 1097 636 1124 ardua
657 1101 685 1124 et
713 1101 804 1123 erecta
819 1103 880 1123 eer-

92 1149 163 1178 viee,
181 1146 294 1172 arrectis
307 1144 432 1176 auribus,
449 1143 572 1170 cruentis
591 1147 617 1169 et
642 1142 753 1169 acribus
783 1141 882 1173 oculis,

93 1195 139 1229 qui
157 1193 344 1229 spectantibus
368 1189 609 1218 lurerecurrendo
638 1189 788 1219 videretur,
805 1188 883 1222 pedi—

93 1241 146 1268 bus
163 1241 189 1267 in
215 1247 305 1266 aerem
333 1237 448 1265 sublatis
467 1258 473 1270 ,
501 1241 657 1270 terramque
687 1234 807 1262 vicissim
841 1234 884 1260 vix

49 1283 51 1286 ⁴
94 1287 231 1313 tantillum
250 1283 447 1316 delibantibus,
465 1283 559 1316 auriga
584 1281 679 1308 frenos
711 1280 882 1312 moderante,

93 1337 122 1359 et
160 1332 288 1358 bellicum
329 1330 393 1364 equi
420 1329 550 1362 insultpm
584 1327 699 1354 habenis
729 1331 883 1357 coercente.

94 1378 257 1412 depinxerit.
279 1376 403 1410 Cumque
421 1377 508 1408 imago
532 1374 616 1400 rebus
638 1372 768 1399 omnibus
786 1379 887 1399 conve-

95 1426 235 1453 nientibus
267 1424 400 1450 instructa
431 1426 514 1454 esset,
547 1428 609 1448 cum
631 1427 736 1455 spuma:
760 1420 883 1446 colorem

96 1472 218 1506 reliquit,
235 1470 281 1505 qui
298 1477 330 1496 cx
361 1469 489 1496 continua
509 1467 650 1502 sanguinis
664 1470 692 1493 et
709 1473 788 1500 aqua‘,
812 1472 887 1492 coni-

100 1518 230 1544 mistione
247 1516 321 1544 cerni
336 1519 437 1550 posset.
466 1521 530 1541 cum
557 1513 695 1540 anhelitus
717 1512 828 1547 quidem
853 1519 884 1538 ex

103 1572 150 1592 ore
167 1571 265 1598 aquatn
289 1561 475 1597 protrudcrct,
504 1564 586 1593 atquo
602 1558 700 1594 spiritu
729 1558 842 1585 reflante
858 1556 884 1584 in

97 1618 222 1646 spumam
269 1609 398 1636 violentia
437 1607 506 1634 freni
547 1607 685 1633 irrotaret.
718 1606 786 1632 Cum
820 1611 885 1638 ergo

94 1657 150 1691 jam
163 1657 196 1682 de
213 1656 318 1690 pictura
331 1654 480 1685 dubitaret,
511 1652 624 1687 spongia
654 1659 708 1686 qua
735 1650 886 1685 depingen-

97 1703 133 1730 do
163 1702 299 1733 utebatur,
346 1700 450 1727 circum
485 1699 576 1726 frenos
601 1697 702 1724 traxit:
734 1704 794 1730 quin
823 1704 884 1723 cum

106 1749 208 1776 multos
240 1748 347 1774 colores
381 1753 485 1780 spumae
515 1752 569 1771 non
597 1743 736 1771 absimiles
759 1743 884 1773 referret,

96 1795 234 1829 picturam
262 1799 312 1819 suo
340 1791 419 1818 facile
442 1791 534 1817 colore
561 1789 716 1815 decoravit.
734 1787 822 1822 Atque
849 1787 885 1813 ita

98 1841 170 1874 quod
186 1838 293 1864 volebat
323 1837 441 1871 Apelles,
461 1843 516 1862 non
535 1835 592 1861 arte
610 1834 650 1866 id,
665 1833 713 1861 sed
731 1833 801 1860 forte
831 1832 887 1859 for—

99 1892 163 1912 tuna
175 1883 297 1918 prfecit.
673 1879 677 1883 ”

134 1930 285 1957 Fortunam
305 1936 372 1956 vero
392 1929 489 1956 Statuis
513 1927 597 1955 etiam
628 1925 816 1958 honorabant,
834 1933 885 1960 gu-

97 1977 248 2004 bernaculo
264 1976 344 2003 navis
370 1976 497 2002 manibus
524 1974 584 2009 ejus
610 1973 747 2008 imposito,
772 1976 802 1998 Iit
826 1979 887 2006 quae

99 2030 190 2048 rerum
217 2023 423 2048 universitatem
452 2020 654 2051 moderaretur,
674 2018 720 2045 alii
746 2018 886 2045 novacula:

98 2067 370 2101 superimponebant,
395 2073 534 2100 prosperae
569 2066 687 2091 fertuna:
722 2063 884 2090 brevitatem

99 2114 302 2148 signiﬁcantes:
320 2112 365 2138 alii
381 2112 505 2145 sphaerae,
522 2118 570 2137 seu
600 2110 692 2143 globo,
709 2110 774 2144 quia
803 2109 884 2135 factle

99 2163 274 2186 mutaretur:
306 2157 352 2184 alii
377 2157 466 2183 eidem
493 2164 578 2183 (ornu
600 2157 750 2182 Amalthea:
774 2155 884 2189 plenum

98 2208 263 2236 St‘atensque
282 2201 419 2228 fructibus
448 2209 503 2235 prte
531 2201 614 2227 tnanil
627 2208 659 2226 us
681 2201 794 2230 dabant,
812 2201 884 2234 quod

99 2248 230 2276 Hercules
246 2247 380 2279 Acheloo,
397 2254 508 2273 manum
521 2254 582 2273 curn
602 2246 648 2272 illo
668 2253 827 2276 conserens.
838 2246 885 2272 de-

99 2294 395 2329 traxerat;hocsigno
427 2293 586 2321 felicitatem
610 2292 737 2324 fortun:r,
769 2293 885 2327 ejusque

99 2349 243 2368 munerum
268 2340 382 2367 delicias
403 2339 580 2366 denotabant.
610 2339 666 2365 Nec
690 2338 814 2369 deerant,
838 2337 885 2372 qui

99 2395 173 2413 artua
189 2387 291 2414 dextra:
304 2387 374 2419 ejus,
398 2390 426 2412 et
450 2389 591 2420 sceptrum
623 2384 742 2411 sinistra;
762 2384 886 2418 impone-

100 2437 172 2462 rent.
186 2433 333 2459 innuentes
359 2433 411 2458 hoc
429 2437 508 2465 pacto
538 2430 676 2456 bellicosis
692 2430 760 2457 viris
791 2436 883 2463 regna,

99 2478 308 2511 forensibusque
320 2478 393 2509 leges
419 2483 447 2504 et
474 2477 577 2512 judicia
604 2477 738 2503 beneficio
767 2477 885 2503 fortuna:

98 2525 240 2550 obvenire.
255 2523 315 2549 “AUC
332 2528 359 2550 et
375 2524 426 2550 alia
442 2523 599 2559 liujusmodi
628 2524 662 2550 ab
682 2523 715 2550 iis
745 2523 885 2557 conﬁnge-

99 2571 209 2602 liantur,
231 2570 278 2604 qui
291 2571 410 2597 fortuna:
422 2571 539 2605 imperio
552 2578 654 2604 corpus
667 2571 720 2598 hoc
747 2570 884 2597 universi-

101 2619 164 2644 tatis
178 2617 374 2651 Subjiciebant.

135 2697 194 2715 "-“
207 2697 307 2726 Ezecb.
323 2705 371 2730 vn,
386 2697 432 2725 25.

101 2811 106 2816 I
135 2776 191 2816 (ἥδ)
207 2776 307 2816 Quales
317 2777 364 2816 qui
375 2776 460 2816 Fole_ti
479 2778 617 2816 v_ulgo,rde
626 2778 728 2814 quibus
740 2779 882 2808 Cardanus

100 2812 127 2838 in
143 2812 188 2837 lii).
204 2812 240 2838 De
252 2812 408 2840 subtilitate.
421 2812 538 2848 Algainf
554 2814 604 2842 lib.
629 2812 666 2841 De
690 2817 791 2844 nobilit.
812 2824 830 2843 I.
845 2816 877 2843 lli

100 2849 163 2872 olim
179 2848 335 2881 frequentes
352 2850 379 2873 in
394 2849 546 2875 Armorica.

262 2896 393 2926 futuit.
416 2895 473 2926 Gn.
494 2897 660 2928 CXXXlX.

931 917 1051 944 nismum
1078 915 1309 949 interrogationes
1335 915 1396 941 illas
1419 913 1571 947 intelligere
1598 913 1718 948 placuit,

931 963 1032 998 quibus
1053 961 1257 998 κριθομάντεες,
1276 961 1328 988 hoc
1359 965 1402 988 est
1432 959 1570 987 hordearii
1586 964 1671 992 vates,
1691 963 1720 986 ct

932 1008 1127 1043 γαστρέμυοοι,
1154 1007 1207 1034 hoc
1232 1011 1274 1034 est
1299 1006 1483 1041 ventriloqui.
1506 1006 1720 1033 consulebanlur

933 1056 1090 1091 quibusque
1126 1054 1209 1081 iidem
1246 1053 1376 1080 vaticinia
1410 1060 1460 1079 sua
1491 1051 1716 1087 expromebant:

933 1101 1169 1137 quemadmodum
1201 1098 1438 1134 ἁποτροπιασμοὶ,
1462 1106 1510 1126 seu
1535 1098 1605 1124 mala
1627 1098 1720 1124 omina

934 1149 1073 1179 dicuntur,
1089 1147 1112 1174 si
1129 1146 1192 1181 quis
1212 1146 1386 1180 ubiprimum
1399 1151 1526 1180 egressus
1541 1149 1593 1174 est.
1611 1143 1721 1178 pedem-

934 1202 987 1229 que
1005 1193 1197 1221 domoetlerre
1221 1194 1314 1228 cmpit,
1335 1197 1424 1219 atrato
1450 1190 1555 1218 homini
1583 1195 1720 1221 occurrat.

935 1240 976 1267 vel
992 1239 1037 1266 alii
1052 1239 1173 1273 cuipiam
1186 1239 1238 1270 rei,
1257 1239 1337 1273 cujus
1352 1242 1482 1272 aspectus
1504 1237 1583 1264 nobis
1601 1237 1721 1264 insuavis

935 1289 964 1312 et
979 1284 1148 1320 iniucundus
1162 1291 1222 1311 esse
1240 1284 1320 1311 solet.

1045 1341 1132 1368 Plura
1150 1341 1182 1368 de
1209 1339 1378 1368 cledonismo.
1397 1339 1548 1376 [Appendix
1573 1338 1617 1375 n.]

972 1398 1020 1424 Est
1033 1397 1106 1425 enim
1131 1396 1327 1428 elcdonismus,
1358 1396 1504 1428 malorum,
1524 1399 1554 1422 ut
1571 1396 1607 1422 ita
1622 1395 1722 1427 dicam,

937 1444 1092 1472 daemonum
1107 1443 1253 1476 invocatio,
1270 1451 1330 1477 quae
1347 1448 1405 1470 tum
1429 1442 1635 1477 perficiebatur,
1659 1449 1723 1469 eum

936 1490 976 1517 sol
990 1498 1005 1517 a
1023 1489 1229 1525 septentrionali
1244 1490 1353 1516 climate
1371 1488 1510 1516 austrinas
1520 1489 1554 1515 ad
1570 1492 1662 1522 partes
1678 1496 1722 1516 se-

898 1533 921 1564 C
938 1537 1065 1569 cedebat,
1081 1544 1136 1572 quo
1159 1541 1281 1572 tempore
1296 1536 1356 1563 dies
1371 1535 1481 1571 quidem
1508 1535 1652 1567 minuitur,
1669 1543 1724 1562 nox

943 1589 1035 1611 autem
1047 1583 1179 1619 augescit.

976 1630 1045 1658 Sunt
1059 1637 1142 1664 porro
1152 1630 1275 1658 nonnulli
1296 1637 1406 1666 quoque
1422 1630 1571 1660 daemones.
1600 1633 1630 1657 ut
1646 1634 1725 1658 vetus

940 1676 1064 1710 quaedam
1083 1676 1213 1711 perhibet
1236 1677 1341 1712 opinio,
1361 1676 1407 1711 qui
1436 1676 1551 1703 materia
1584 1680 1722 1707 constent,

940 1731 990 1750 nec
1006 1723 1071 1750 solis
1085 1724 1177 1751 radios
1192 1723 1364 1751 intueantur.
1392 1723 1431 1750 Et
1446 1731 1500 1758 quo
1517 1723 1556 1754 fit,
1587 1727 1616 1750 ut
1640 1728 1720 1750 noctu

941 1769 1056 1797 insidias
1072 1770 1231 1797 hominibus
1262 1774 1383 1800 struant.
1412 1777 1474 1796 cum
1506 1769 1627 1796 interdiu
1655 1769 1723 1796 nihil

940 1822 1020 1849 agere
1043 1814 1150 1848 possint
1165 1813 1232 1849 (58).
1261 1814 1324 1840 Sole
1360 1813 1453 1848 igitur,
1480 1818 1509 1840 ut
1531 1813 1662 1844 diximus.
1689 1815 1722 1841 ad

940 1865 1063 1887 austrum
1080 1864 1219 1894 vergente,
1239 1867 1294 1895 quo
1313 1864 1438 1894 tempore
1466 1867 1513 1886 aer
1535 1860 1613 1887 nobis
1638 1861 1726 1887 conti-

940 1912 1010 1940 guus
1024 1905 1140 1939 caligine
1156 1908 1269 1939 propter
1283 1905 1400 1932 hiemem
1426 1905 1589 1932 condensari
1604 1905 1723 1936 videtur,

941 1956 1006 1978 tunc
1024 1951 1181 1986 hujusmodi
1198 1951 1335 1978 daemones
1363 1952 1478 1979 saltibus
1493 1957 1520 1979 et
1547 1952 1726 1980 subsultatio—

940 1998 1023 2024 nibus
1038 1998 1204 2032 quibusdam
1225 1998 1356 2032 nequitia:
1379 2005 1435 2024 suae
1459 1998 1600 2032 specimen
1627 1999 1723 2030 edunt,

941 2044 996 2070 illis
1012 2043 1094 2070 etiam
1107 2043 1306 2078 spectantibus,
1328 2051 1341 2070 a
1371 2043 1473 2078 quibus
1505 2044 1622 2071 invocati
1648 2048 1723 2071 sunt.

939 2090 990 2122 Qui
1007 2090 1028 2116 si
1042 2090 1138 2124 epotlis
1160 2090 1220 2116 illos
1237 2090 1268 2116 ad
1283 2098 1311 2116 se
1326 2090 1456 2124 pellicere
1483 2094 1633 2124 nequeant,
1660 2090 1723 2125 igne

939 2136 1015 2162 velut
1029 2135 1056 2161 in
1071 2135 1166 2161 Orbem
1183 2134 1385 2164 circumducto,
1402 2135 1491 2161 media
1511 2142 1524 2160 e
1540 2135 1647 2162 ﬂamma
1673 2143 1723 2163 ex-

940 2180 1045 2206 siliunt.
1072 2179 1210 2206 Feruntur
1233 2179 1306 2206 enirn
1331 2180 1488 2214 superiores
1516 2180 1633 2207 virtutes
1661 2189 1723 2207 cutn

903 2212 923 2239 θ
940 2226 1098 2253 hominibus
1114 2233 1181 2260 pure
1197 2229 1223 2252 et
1241 2225 1348 2252 sincere
1376 2233 1428 2252 non
1456 2227 1625 2258 conversari,
1654 2234 1724 2261 quo-

938 2272 988 2298 ties
1005 2279 1053 2298 aer
1072 2271 1153 2304 capiti
1182 2277 1278 2298 nostro
1309 2270 1454 2305 contiguus
1474 2271 1589 2306 caligine
1609 2272 1725 2299 obduci‘

939 2321 993 2347 tur.
1014 2322 1042 2344 et
1062 2318 1238 2344 inerassescit
1261 2317 1346 2351 quod,
1365 2317 1391 2344 in
1405 2325 1488 2344 causa
1515 2323 1567 2351 est,
1592 2323 1620 2345 ut
1649 2319 1724 2346 illum

939 2364 999 2398 igne
1013 2368 1164 2399 expurgem
1178 2364 1243 2399 (59).
1465 2353 1469 2356 .

1191 2420 1229 2448 De
1254 2421 1475 2450 lecauomanteia.

977 2478 1015 2504 De
1047 2476 1264 2505 lecanomanteia
1282 2486 1365 2512 vero,
1381 2487 1429 2506 seu
1459 2479 1639 2509 divinatione.
1664 2485 1724 2513 qua-

939 2523 1011 2558 pelvi
1047 2524 1195 2557 peragitur,
1223 2524 1280 2551 hrcc
1306 2533 1415 2559 quoque
1441 2530 1507 2552 sunt
1532 2533 1547 2551 a
1582 2523 1724 2550 nonnullis

940 2569 1048 2596 tradita.
1083 2571 1186 2604 Aquam
1213 2571 1343 2605 quidem.
1363 2579 1423 2605 quae
1454 2572 1524 2605 pelvi
1559 2569 1723 2599 infunditur,

939 2616 1090 2643 substantia
1109 2623 1282 2651 nequaquam
1298 2617 1411 2644 differre
1426 2624 1440 2643 a
1466 2616 1574 2643 caeteris
1600 2615 1723 2650 ejusdem

979 2780 1036 2814 (39)
1049 2780 1115 2813 Qua:
1131 2779 1176 2807 hic
1208 2778 1242 2806 de
1265 2779 1436 2807 daemonibus
1454 2788 1538 2814 pauca
1557 2779 1724 2815 delibantur,

936 2815 1063 2850 pluribus
1074 2825 1088 2843 a
1105 2815 1236 2842 Michaelc
1247 2815 1335 2842 Psello
1346 2817 1372 2842 in
1388 2816 1435 2842 lib.
1452 2816 1489 2841 De
1498 2817 1647 2850 dwmonn‘m
1660 2822 1720 2850 opo-

933 2848 1044 2885 rulione,
1053 2851 1236 2886 evplicantur.
1248 2851 1421 2886 [l‘atrologiu-
1434 2858 1499 2877 tom.
1510 2850 1554 2876 CX
1561 2848 1628 2885 Xll.]

1505 2899 1541 2928 4.1
