1927 3085
181 121 221 154 13ν
231 124 247 155 5
795 118 818 148 Ν
826 116 941 147 [ΕΕῚἊΕ
960 113 1163 145 (ΣΗΟΝΙΑΤΒ
1736 108 1862 142 1355

174 179 285 215 generis
297 177 395 212 aquis:
415 177 482 204 ritus
499 181 591 204 autent
606 179 631 202 et
654 174 866 205 incantationes,
899 179 960 207 quia
977 175 998 202 Α

175 227 199 253 ei
215 225 391 256 adhibentur,
424 230 523 258 aquam
564 227 655 256 aptant
686 218 959 247 etaccomtnodatam

175 273 304 301 reddunt,
318 278 377 304 qure
395 269 543 304 malignum
561 268 688 302 spiritum
704 265 813 293 oracula
831 266 959 291 daturum

176 315 372 351 cxcipiatJloc
388 318 479 340 autem
502 313 667 340 dictitonium
688 311 804 337 formam
829 309 912 336 habet
933 313 962 335 et

178 369 317 390 terrenum
332 365 384 392 est,
416 359 659 392 invocantiuntque
686 357 774 391 pactis
798 355 959 390 acquiescit.

177 409 360 442 Posteaquam
376 414 442 433 vero
454 406 481 432 in
495 412 592 439 aquam
606 403 745 434 inciderit,
759 402 847 437 primo
860 402 963 436 impetu

178 462 278 482 sonum
305 452 451 487 quemdam
478 451 627 478 obscurum
654 450 713 476 edit
735 458 741 476 :
767 448 865 475 deinde
893 453 962 481 aqua

179 499 339 530 ﬂuctuante,
355 498 481 524 obscurie
498 496 623 530 quedam
646 502 728 521 voces
746 495 963 521 itiiiiturmuran-

181 550 235 579 tur,
252 545 352 580 quibus
369 543 455 570 futuri
469 542 602 576 przenotio
621 541 772 575 colligitur.

216 594 374 620 Daemonum
390 597 472 625 porro
488 590 535 616 alii
563 589 675 623 quidem
702 588 863 615 substantiae
877 594 964 614 aerea:

179 643 245 666 sunt
272 636 433 672 participes,
464 635 510 662 alii
532 642 599 662 vero
621 634 724 661 terreni
751 638 836 665 sunt,
856 638 883 660 ct
910 632 965 660 levi

1313 168 1389 195 CAP.
1406 167 1500 194 XLlll.

1014 227 1224 261 Quadragcsima
1245 226 1322 252 trrlia
1338 225 1451 261 Iimr’esis.
1465 225 1756 255 Parermeucutarum.
1768 226 1855 251 Ιιοι

1049 267 1085 290 cst
1102 259 1190 289 carrum
1200 263 1243 296 qui
1258 268 1375 295 perverse
1384 259 1535 295 Scriptura:
1548 261 1789 294 interpretantur-

1049 320 1271 347 Parermencutte
1286 317 1410 351 quredaiii
1426 325 1568 344 sacrarum
1590 317 1792 351 Scripturaru
1801 325 1846 343 nl

1015 366 1132 397 Veteris,
1148 365 1271 399 inquam,
1288 368 1315 390 et
1333 362 1401 389 Novi
1427 362 1609 391 Tcstamenti.
1627 364 1724 397 capita
1744 371 1845 397 per-

1016 419 1109 446 peram
1124 410 1347 444 interpretantes,
1366 413 1395 435 ct
1410 408 1442 434 ad
1471 416 1585 442 scopunt
1608 409 1663 435 sibi
1677 409 1815 443 peculia
1829 422 1846 428 ο

1016 465 1074 483 rem
1090 456 1272 486 traluccntcs,
1295 458 1377 488 atque
1404 453 1473 479 adeo
1494 461 1548 479 non
1572 453 1632 480 sine
1650 453 1843 487 pertinacia

1016 502 1049 528 de
1063 501 1202 535 plerisque
1228 499 1486 533 interpretationuin
1518 507 1612 525 carum
1631 499 1813 526 eontettilen
1830 513 1845 518 -

1017 553 1068 579 tes,
1084 555 1152 581 quas
1181 547 1225 572 vix
1257 546 1376 572 htiiiiaiia
1403 553 1481 571 tuens
1501 544 1610 578 assequi
1636 545 1838 578 cogitatione

1017 593 1112 628 possit,
1131 592 1271 618 idiotismo
1285 591 1378 617 nescio
1395 598 1462 624 quo,
1476 594 1504 617 et
1524 590 1692 621 temeritate,
1707 590 1837 616 nuitui-

181 685 297 720 quadam
311 681 520 717 repercussioue
538 681 621 708 tactui
645 681 788 707 resistunt.

217 730 388 765 Porphyrius
420 732 494 755 certe
518 735 547 754 se
572 727 599 752 in
618 725 774 761 huiusmodi
800 722 966 750 da-moniaca

182 783 297 810 corpora
322 773 393 808 apud
425 773 540 799 Elusros
563 771 695 798 incidisse
722 774 851 801 testatur,
879 774 964 803 atque

1017 647 1070 672 que
1085 636 1423 672 impotentialaborantes,
1443 635 1634 662 haereticorum
1647 636 1831 670 dogtnatuna

1018 684 1151 711 nonnulla
1165 683 1328 710 continuare
1357 682 1480 715 audent,
1509 682 1668 717 ignorantes
1694 682 1827 708 interim

1017 730 1083 764 quid
1099 729 1252 764 designent.

1161 774 1298 802 llwrrscas
1318 773 1487 809 praecedentis
1502 774 1662 808 confatalia.

182 822 234 849 alia
256 820 367 855 quidem
380 819 480 869 lucida.
497 817 609 870 vidisse,
628 817 681 843 alia
700 824 765 844 vero
787 816 919 867 tetigisse,
935 822 967 866 ea
982 840 1007 870 Β
1058 830 1221 865 Quicunque
1235 829 1267 857 ad
1288 830 1492 857 mmemionem
1507 835 1534 857 cl
1550 831 1734 857 mnbimnem
1749 838 1817 865 Ρω-

183 867 313 894 nimirum
335 873 395 900 quae
419 864 579 891 duriuscula
607 867 712 894 essent,
734 862 875 896 tactuique
898 861 967 888 resi-

183 916 298 940 sterent.
321 910 404 938 Addit
420 911 533 944 insuper
557 917 611 935 non
636 908 728 935 omnia
755 907 872 934 rotunda
893 913 966 938 esse,

183 966 278 985 verum
294 956 426 991 pleraque
446 955 575 989 oblonga,
591 954 724 980 nonnulla
735 954 818 980 ctiant
843 952 967 980 rhombis

183 1001 344 1038 persiiuilia.
360 1000 456 1033 Qualia
471 1000 543 1027 enim
559 1006 677 1033 corpora
694 1004 770 1030 sunt,
787 998 890 1032 inquit,
904 997 967 1032 qui—

183 1049 234 1075 bus
247 1048 462 1083 coniunguntur,
479 1053 509 1073 ea
521 1045 601 1073 talem
616 1052 725 1079 quoque
735 1048 861 1071 naturain
873 1043 967 1072 subire

183 1094 281 1121 solent.

183 1151 315 1179 Hactenus
330 1149 463 1187 appeiidiz
476 1158 506 1187 ti,
523 1148 695 1187 lamin-misit
711 1148 746 1175 ad
770 1146 900 1183 μαντείαν
922 1155 966 1174 seu

481 1185 680 1211 divinationem.

218 1232 352 1260 Caeterum
369 1230 493 1266 μαντεῖςκ,
508 1231 561 1257 hoc
580 1235 621 1257 est
634 1229 779 1262 divinatio,
801 1236 863 1256 cum
881 1235 966 1263 gene-

183 1278 267 1305 ralior
295 1276 497 1312 quodaminodo
527 1275 580 1307 sit,
614 1276 713 1309 partim
737 1274 970 1302 incantationibus

183 1324 349 1354 colizerebat,
364 1324 462 1357 partim
477 1322 510 1349 ab
526 1321 579 1348 illis
595 1321 769 1355 discrepabat
787 1330 794 1347 :
811 1325 838 1348 et
862 1328 910 1355 per
925 1328 969 1347 se-

183 1370 268 1405 ipsani
285 1369 410 1404 privatim
428 1369 461 1394 ab
473 1368 565 1402 impiis
578 1367 800 1402 perpetrabatur.

219 1417 244 1443 l.
258 1417 323 1448 Quia
337 1415 409 1442 enim
422 1423 471 1450 per
487 1414 640 1449 ἀνα-τομὴν,
656 1413 707 1440 hoc
717 1419 758 1440 est
778 1412 971 1440 dissectionern

184 1465 368 1494 victimarum,
393 1466 421 1489 et
438 1470 486 1496 per
501 1461 666 1488 animalium
684 1459 872 1490 sideratiouis,
892 1462 972 1485 cxto-

183 1517 298 1543 ruinque
309 1507 505 1534 contractionis
515 1506 711 1540 inspectionem
725 1504 884 1538 peragitur:
898 1511 972 1538 qua:-

183 1561 237 1588 que
249 1561 279 1579 os
291 1551 356 1579 illud
374 1551 445 1586 quod
456 1551 636 1585 (intenti-.117,
650 1549 702 1575 hoc
715 1553 756 1576 est
769 1553 894 1583 opertuui
912 1555 972 1575 sco-

188 1600 304 1634 ptiilum,
335 1597 434 1624 medici
459 1601 567 1626 vocant,
594 1599 654 1629 post
676 1596 735 1629 ejus
761 1594 971 1628 decoctioncin,

188 1643 457 1674 caruncularuiiiquc
478 1640 676 1667 dettactioneni
691 1639 823 1666 attentius
837 1639 948 1674 inspicit
963 1647 970 1666 ε

186 1687 373 1715 incautatioue
393 1686 469 1712 nullo
499 1684 580 1711 modo
606 1683 705 1716 utitur,
734 1683 781 1710 sed
806 1683 970 1717 quibusdam

185 1732 354 1768 argumentis
371 1731 495 1758 futurum
510 1730 654 1757 ariolatur.

216 1780 317 1812 ‘2.Qum
335 1786 398 1805 vero
425 1777 543 1804 vasculis
555 1784 626 1811 aqua
645 1783 755 1804 caenosa
775 1783 822 1810 per
842 1775 972 1802 {eiiiinam

187 1826 322 1860 virginem
343 1823 449 1851 nefarie
476 1823 542 1850 liora
557 1823 648 1849 noctis
676 1823 838 1857 intempesta
863 1822 973 1856 repletis

186 1871 314 1903 efficitur,
331 1871 419 1905 iisque
447 1869 515 1896 adeo
532 1869 559 1895 in
581 1868 657 1899 locis,
685 1876 745 1903 qua:
761 1876 776 1895 a
794 1867 894 1894 ditinis
909 1874 973 1894 ora-

187 1918 268 1944 toriis
282 1917 388 1948 dissita,
410 1921 438 1942 ct
467 1915 502 1942 ab
528 1915 671 1941 hominum
695 1918 843 1948 conspectu
869 1918 973 1940 remota

186 1965 253 1995 sint,
272 1971 305 1990 ea
325 1961 530 1997 coniurationes
550 1965 578 1987 et
608 1960 795 1987 invocationes
819 1960 973 1986 daemonum

187 2010 244 2036 suis
261 2008 356 2042 CpOtllS
371 2007 523 2034 introducit
536 2015 542 2033 :
557 2013 626 2040 quas
640 2006 752 2040 quidem
772 2005 975 2032 incantationes

189 2055 334 2089 aliquando
351 2052 575 2080 suaveolentibus
591 2051 763 2078 aroniatibus
775 2051 910 2077 adhibitis
923 2051 975 2076 iiii-

189 2100 409 2130 iituiiiiurahaiit,
431 2097 579 2132 aliquando
600 2097 682 2123 etiam
702 2096 821 2123 humano
842 2095 974 2130 sanguine

189 2146 289 2175 infuso,
309 2145 349 2172 vel
366 2144 488 2180 iugulata
506 2143 623 2177 virgine,
639 2150 699 2176 quae
710 2149 809 2176 aquam
824 2141 972 2174 infuderat,

155 2221 161 2227 κ
189 2192 229 2218 vel
248 2192 301 2217 alia
318 2189 532 2225 quavispuclla,
566 2187 741 2223 peragebant.
765 2188 849 2214 I'erro
880 2187 975 2222 liuius-

166 2234 168 2238 ’
187 2236 261 2262 modi
277 2236 395 2262 obscena
413 2234 440 2260 in
470 2232 565 2260 lustris
590 2233 710 2259 ferarum
729 2231 970 2266 perpetrabantur,

188 2289 242 2308 non
260 2282 318 2308 sine
337 2281 479 2307 fovearum
511 2278 688 2312 sull‘ossione,
714 2278 818 2313 quibus
839 2278 882 2304 lac
909 2285 971 2304 cum

188 2327 266 2353 ii.clle
280 2325 471 2352 infundebant.

222 2372 249 2399 5.
263 2371 394 2398 'l‘riviales
410 2375 500 2397 autent
511 2370 706 2404 divinationes,
722 2376 783 2406 qua:
799 2371 826 2397 iii
843 2368 930 2396 trlvlls
945 2374 973 2396 et

186 2417 313 2453 compitis
324 2416 434 2448 ﬁebant,
448 2420 475 2443 et
483 2425 513 2443 ea
520 2424 580 2451 quae
591 2416 687 2451 priscis
699 2416 868 2451 temporibus
878 2415 912 2442 ab
923 2416 969 2450 ἐγ-

186 2462 393 2498 γαστριμύῦοις,
410 2461 462 2488 hoc
476 2465 517 2488 est
533 2461 724 2496 ventriloquis,
746 2461 950 2496 peragebantur
964 2469 972 2494 ;

188 2517 237 2537 net.
248 2518 301 2536 non
315 2508 435 2536 auiuleta
451 2507 506 2538 illa,
519 2514 578 2541 quzr
595 2507 629 2534 de
650 2512 772 2542 pectore,
790 2507 839 2534 alis
854 2507 971 2540 cteollo,

187 2555 393 2591 dependebant;
410 2559 493 2588 atque
510 2553 579 2581 adeo
608 2552 791 2588 imagunculae
810 2553 863 2580 illa:
887 2560 972 2580 (ρνρῑιε

186 2604 219 2630 ad
235 2602 376 2629 hominum
408 2601 523 2628 formant
550 2599 659 2630 emetat,
689 2607 759 2634 quas
785 2599 869 2626 clavis
883 2599 973 2625 utrin—

186 2656 238 2684 que
272 2647 397 2682 trajicere
424 2645 560 2677 solebant,
585 2644 682 2679 epodis
713 2644 912 2671 inuitebantur.
932 2644 972 2671 Ne

187 2695 293 2731 singula
324 2699 495 2728 percurram,
529 2699 589 2726 quae
606 2699 661 2718 non
683 2695 745 2718 actu
764 2695 870 2717 tantum
897 2690 972 2718 ἀμω-

187 2742 302 2773 standa,
339 2733 470 2773 nulloque
504 2737 586 2764 modo
611 2737 759 2772 agentibus
787 2737 972 2764 conducibilia

187 2786 260 2817 sunt,
276 2785 323 2813 sed
341 2784 422 2812 etiam
439 2791 531 2814 aures.
546 2783 678 2818 linguam,
706 2788 839 2811 mentem.
852 2788 879 2810 et
893 2783 973 2810 intel-

191 2837 282 2858 u‘tum
303 2831 476 2856 narraittiuui
494 2837 544 2856 sua
563 2829 686 2858 foeditate
704 2834 902 2861 conspurcaiit.

1017 877 1153 909 elivisest,
1161 884 1224 903 eum
1234 884 1288 903 non
1299 877 1398 911 iniuria
1407 877 1497 903 cuncti
1508 877 1570 903 odio
1583 884 1809 911 prosequuntur.

1017 922 1122 950 Vitium
1147 922 1221 949 extitit
1237 930 1291 956 quo
1307 922 1424 954 laborat,
1440 922 1583 949 diabolica:
1596 923 1694 956 procul
1723 923 1809 950 dubio

1017 967 1162 995 dementiae
1171 968 1283 994 morbus
1290 973 1342 994 est.
1349 967 1445 994 Multos
1452 975 1516 1002 ergo
1526 967 1605 1002 longa
1613 967 1674 994 dies
1684 969 1810 1002 protulit,

1017 1014 1064 1048 qui
1076 1021 1131 1040 non
1141 1017 1246 1040 tantum
1263 1013 1305 1048 de,
1318 1022 1346 1040 re
1357 1013 1408 1040 sibi
1420 1022 1532 1048 prorsus
1545 1014 1812 1049 incognitacouten-

1018 1060 1126 1092 dereut,
1146 1060 1234 1086 sedet
1252 1059 1298 1094 qui
1313 1059 1811 1094 ,tamctsiquaestioncniinconsulta-

1020 1106 1260 1142 tionepositamad
1278 1113 1439 1140 germanum
1466 1113 1577 1133 sensum
1603 1112 1812 1140 revocarepos~

1019 1157 1089 1185 sent,
1099 1161 1158 1180 eam
1171 1157 1259 1179 tamen
1276 1152 1303 1179 in
1314 1152 1481 1179 contrarium
1496 1153 1569 1179 velut
1581 1159 1614 1178 ex
1628 1153 1753 1186 professo
1765 1160 1811 1179 ra-

1019 1203 1125 1234 perent,
1136 1207 1166 1226 ac
1174 1199 1196 1226 si
1212 1201 1350 1230 caverent,
1364 1205 1399 1225 ne
1418 1198 1444 1224 iit
1456 1198 1669 1225 contradictoria
1682 1198 1812 1224 incurrcv

1020 1245 1132 1272 rcutEx
1143 1252 1197 1279 quo
1207 1244 1343 1276 evenit,ut
1352 1243 1546 1278 plerique,quo
1557 1245 1724 1271 sententiam
1734 1251 1811 1270 suam

1020 1290 1127 1317 facilius
1135 1294 1301 1322 astrucrcnt,
1315 1290 1341 1316 in
1353 1297 1497 1324 perversos
1505 1290 1662 1325 dogiuatum
1671 1290 1812 1316 anfractus

1021 1336 1141 1371 prolapsi
1166 1336 1280 1369 fuerint,
1301 1337 1366 1362 dunt
1394 1336 1552 1371 petulanter
1585 1336 1723 1363 insultare
1741 1336 1810 1367 Deo,

1021 1382 1147 1418 quamde
1161 1383 1296 1409 sententia
1307 1390 1354 1409 sua
1365 1383 1514 1417 quidquam
1524 1382 1679 1410 diminuere
1691 1382 1808 1414 malunt,

1022 1432 1053 1456 ut
1069 1429 1191 1456 illaituele
1206 1429 1348 1456 Comueno
1368 1429 1521 1463 imperante
1534 1430 1645 1456 accidit.

1061 1474 1130 1502 Cum
1144 1475 1218 1502 enim
1234 1474 1333 1510 dogma
1358 1479 1463 1502 motuin
1477 1479 1551 1502 CSSet
1570 1482 1653 1509 super
1685 1473 1729 1500 liis
1749 1480 1810 1500 ver-

986 1528 1007 1557 c
1024 1521 1066 1548 bis
1081 1530 1087 1548 :
1103 1522 1143 1548 Tu
1159 1529 1189 1548 es
1200 1522 1246 1556 qui
1264 1522 1358 1554 oll'ers,
1376 1526 1404 1548 et
1429 1521 1476 1556 qui
1491 1521 1612 1553 otierris,
1632 1521 1742 1547 illorum
1761 1519 1810 1555 qui

1024 1571 1089 1593 tunc
1101 1566 1174 1593 docti
1187 1566 1360 1593 habebantur
1369 1566 1558 1601 duo(quorum
1570 1566 1680 1592 timuiita
1697 1573 1751 1592 non
1766 1569 1809 1592 est

1023 1611 1096 1645 quod
1127 1613 1276 1646 proteram)
1297 1612 1324 1638 iu
1347 1612 1481 1638 diversam
1503 1611 1537 1638 ab
1558 1611 1722 1638 ortltodoxis
1747 1618 1810 1638 seu-

1024 1657 1137 1684 lentiam
1154 1661 1263 1689 euntes,
1288 1664 1319 1685 ac
1332 1657 1353 1684 si
1377 1657 1458 1684 Patre
1484 1650 1598 1684 inferior
1613 1655 1700 1682 Filius
1725 1659 1808 1688 esset,

1023 1702 1064 1729 eis
1075 1703 1314 1734 contradixerunt,
1333 1702 1500 1737 tandemque
1516 1702 1549 1729 de
1561 1702 1649 1737 gradu
1665 1702 1809 1736 dignitatis

1024 1749 1219 1777 ecclesiastica:
1236 1750 1334 1784 deiecti
1347 1755 1422 1776 sunt.
1439 1750 1507 1776 Cum
1523 1755 1616 1775 autent
1631 1749 1808 1775 anathemate

1024 1804 1133 1831 quoque
1152 1797 1263 1831 iamiam
1280 1804 1335 1832 pro,
1349 1796 1476 1822 tribunali
1491 1795 1607 1822 feriendi
1622 1800 1730 1826 essent,
1744 1802 1809 1821 senv

1024 1843 1125 1870 tentias
1134 1851 1198 1870 suas
1209 1844 1254 1870 vix
1266 1843 1467 1877 iniprobarunt,
1482 1841 1508 1868 id
1520 1841 1634 1874 causali,
1653 1848 1682 1868 se
1697 1840 1810 1875 quidem

1024 1889 1077 1916 sibi
1093 1889 1160 1916 satis
1174 1896 1234 1916 esse.
1250 1889 1386 1920 conscios,
1396 1894 1479 1922 quam
1501 1887 1677 1914 dissentanea
1700 1894 1715 1912 a
1734 1891 1811 1912 recto

1024 1935 1276 1962 ecclesiasticoruin
1289 1934 1446 1968 dogmatum
1459 1940 1541 1960 sensu
1557 1932 1812 1962 eﬂ'utivisscnt.vc-

1025 1979 1228 2008 ruuidcdeeori
1253 1983 1281 2006 et
1308 1979 1427 2006 infamia;
1456 1979 1508 2005 hoc
1527 1979 1710 2010 aseribentes,
1739 1979 1761 2005 si
1776 1986 1810 2005 ex

1025 2025 1209 2060 pmuitudine,
1225 2028 1252 2052 et
1271 2030 1399 2058 tanquam
1424 2023 1583 2057 disciplina,
1613 2029 1755 2057 saperent,
1779 2031 1810 2051 ea

1025 2079 1086 2106 qua:
1108 2071 1192 2098 semel
1217 2073 1403 2100 asserueraiit,
1434 2069 1585 2103 quamlibet
1612 2069 1696 2095 stulta
1712 2073 1741 2095 ct
1761 2069 1810 2095 ab-

1026 2117 1108 2144 surda
1123 2117 1263 2151 dogmata,
1289 2115 1433 2142 mordicus
1455 2114 1615 2141 tuebantur.
1646 2114 1808 2148 Cuiusmodi

1027 2169 1100 2189 certe
1116 2162 1224 2188 facinus
1237 2161 1376 2188 dementia
1401 2167 1456 2186 non
1484 2164 1570 2192 caret,
1590 2167 1645 2194 quo
1676 2161 1810 2186 nimirum

990 2201 1167 2234 Dconteutio
1190 2213 1244 2232 non
1261 2205 1333 2232 bona
1363 2204 1391 2231 in
1416 2204 1508 2235 rebus,
1537 2211 1597 2238 quin
1619 2211 1673 2230 non
1699 2203 1809 2234 decerit,

1027 2257 1181 2279 exercetur.
1202 2252 1303 2286 Maiore
1318 2258 1401 2285 porro
1419 2250 1557 2277 dementia
1582 2254 1640 2276 tum
1657 2249 1809 2280 laboratur,

1025 2305 1087 2324 eum
1102 2297 1163 2331 quis
1179 2296 1337 2323 divinarum
1351 2303 1443 2322 rerum
1459 2294 1566 2329 peritis,
1588 2301 1620 2321 ea
1636 2294 1771 2320 duntaxat
1783 2294 1811 2320 iit
1836 2323 1837 2328 η

1024 2343 1145 2370 medium
1162 2341 1351 2372 adurentibus,
1372 2347 1433 2374 quae
1452 2348 1467 2366 a
1491 2340 1593 2374 Spiritu
1619 2344 1713 2366 saneto
1729 2339 1809 2366 didi:

1025 2393 1131 2419 ceruitt,
1148 2387 1228 2414 tidem
1250 2394 1304 2413 non
1328 2386 1422 2419 habet,
1441 2385 1490 2412 sed
1514 2385 1639 2420 opinioni
1663 2385 1699 2411 ab
1729 2385 1811 2420 igno-

1025 2435 1114 2461 rantia
1126 2433 1252 2468 profecta:
1262 2424 1433 2468 pertiiiacius
1459 2431 1592 2458 inhaeret:
1611 2436 1695 2466 atque
1715 2431 1754 2457 ita
1783 2432 1810 2458 iit

1025 2479 1189 2515 perditionis
1216 2479 1377 2506 barathrum
1391 2478 1476 2505 fracta
1499 2477 1605 2504 cervice
1627 2484 1751 2512 praeceps
1772 2476 1811 2503 ul-

1027 2532 1068 2554 tro
1082 2526 1262 2561 provolvitur.

1321 2583 1398 2610 CAP.
1416 2581 1510 2609 XLIV.

1062 2629 1273 2664 Quadragesi'mn
1288 2633 1386 2664 quarta
1411 2630 1530 2661 ha'reai'a,
1563 2628 1776 2656 Melitinam-um.

1061 2687 1266 2723 Antesignanus
1280 2687 1378 2714 horum
1410 2687 1518 2714 Melitus
1540 2686 1595 2714 fuit
1623 2686 1746 2714 civitatis
1760 2686 1808 2722 Ly-

1026 2742 1077 2761 con
1096 2734 1125 2760 in
1145 2733 1271 2768 Aigypto,
1301 2732 1353 2760 sub
1382 2732 1558 2759 Alexandrini
1584 2739 1662 2766 papa:
1691 2731 1806 2762 ditione,

1026 2781 1173 2816 episcopus
1195 2787 1202 2806 :
1229 2780 1267 2806 ita
1292 2785 1393 2811 tamen,
1412 2783 1442 2806 ut
1465 2778 1589 2811 caeteris,
1624 2782 1755 2813 tanquam
1779 2777 1810 2804 ab

1025 2825 1209 2855 Alexandrino
1238 2833 1307 2860 papa
1334 2825 1483 2856 secundus,
1513 2825 1620 2852 anteire
1655 2823 1810 2851 videretur.
