  <div class='ocr_page' id='page_1' title='image "/cluster/home/n/w/nwhite01/storage/ocr_20150623/139/njp.32101077773131/697.png"; bbox 0 0 1927 3085; ppageno 0'>
   <div class='ocr_carea' id='block_1_1' title="bbox 179 135 248 168">
    <p class='ocr_par' dir='ltr' id='par_1_1' title="bbox 179 135 248 168">
     <span class='ocr_line' id='line_1_1' title="bbox 179 135 248 168; baseline 0 0"><span class='ocrx_word' id='word_1_1' title='bbox 179 135 248 168; x_wconf 78' lang='lat' dir='ltr'><strong>i359</strong></span> 
     </span>
    </p>
   </div>
   <div class='ocr_carea' id='block_1_2' title="bbox 787 132 1157 166">
    <p class='ocr_par' dir='ltr' id='par_1_2' title="bbox 787 132 1157 166">
     <span class='ocr_line' id='line_1_2' title="bbox 787 132 1157 166; baseline -0.003 0"><span class='ocrx_word' id='word_1_2' title='bbox 787 135 936 166; x_wconf 68' lang='grc' dir='ltr'><strong>ΝιεΕΤΑε</strong></span> <span class='ocrx_word' id='word_1_3' title='bbox 953 132 1157 166; x_wconf 64' lang='lat' dir='ltr'><strong>CHONIATlE</strong></span> 
     </span>
    </p>
   </div>
   <div class='ocr_carea' id='block_1_3' title="bbox 1127 61 1167 72">
    <p class='ocr_par' dir='ltr' id='par_1_3' title="bbox 1127 61 1167 72">
     <span class='ocr_line' id='line_1_3' title="bbox 1127 61 1167 72; baseline 0.025 -1"><span class='ocrx_word' id='word_1_4' title='bbox 1127 61 1167 72; x_wconf 63' lang='grc' dir='ltr'><strong>’.μί</strong></span> 
     </span>
    </p>
   </div>
   <div class='ocr_carea' id='block_1_4' title="bbox 1765 127 1862 161">
    <p class='ocr_par' dir='ltr' id='par_1_4' title="bbox 1765 127 1862 161">
     <span class='ocr_line' id='line_1_4' title="bbox 1765 127 1862 161; baseline -0.01 0"><span class='ocrx_word' id='word_1_5' title='bbox 1765 127 1862 161; x_wconf 67' lang='grc' dir='ltr'><strong>1δὸιῦ</strong></span> 
     </span>
    </p>
   </div>
   <div class='ocr_carea' id='block_1_5' title="bbox 163 185 1862 228">
    <p class='ocr_par' dir='ltr' id='par_1_5' title="bbox 163 185 1862 228">
     <span class='ocr_line' id='line_1_5' title="bbox 163 185 1862 228; baseline -0.005 -8"><span class='ocrx_word' id='word_1_6' title='bbox 163 193 354 228; x_wconf 81' lang='lat' dir='ltr'><strong>episcopatum</strong></span> <span class='ocrx_word' id='word_1_7' title='bbox 382 190 416 218; x_wconf 89' lang='lat' dir='ltr'><strong>ab</strong></span> <span class='ocrx_word' id='word_1_8' title='bbox 446 189 543 218; x_wconf 57' lang='lat' dir='ltr'><strong>iisdem</strong></span> <span class='ocrx_word' id='word_1_9' title='bbox 569 194 680 217; x_wconf 83' lang='lat' dir='ltr'><strong>evectus</strong></span> <span class='ocrx_word' id='word_1_10' title='bbox 707 188 807 222; x_wconf 88' lang='lat' dir='ltr'><strong>fuerat,</strong></span> <span class='ocrx_word' id='word_1_11' title='bbox 832 190 1117 225; x_wconf 74' lang='lat' dir='ltr'><strong>quamvisAverant,</strong></span> <span class='ocrx_word' id='word_1_12' title='bbox 1133 189 1180 216; x_wconf 89' lang='lat' dir='ltr'><strong>sed</strong></span> <span class='ocrx_word' id='word_1_13' title='bbox 1207 187 1391 224; x_wconf 85' lang='lat' dir='ltr'><strong>pcrsecutioni</strong></span> <span class='ocrx_word' id='word_1_14' title='bbox 1419 186 1632 216; x_wconf 83' lang='lat' dir='ltr'><strong>succumbentes</strong></span> <span class='ocrx_word' id='word_1_15' title='bbox 1659 185 1862 216; x_wconf 76' lang='lat' dir='ltr'><strong>sacriﬁca-</strong></span> 
     </span>
    </p>
   </div>
   <div class='ocr_carea' id='block_1_6' title="bbox 163 236 523 272">
    <p class='ocr_par' dir='ltr' id='par_1_6' title="bbox 163 236 523 272">
     <span class='ocr_line' id='line_1_6' title="bbox 163 236 523 272; baseline -0.008 -7"><span class='ocrx_word' id='word_1_16' title='bbox 163 243 243 265; x_wconf 83' lang='lat' dir='ltr'><strong>antea</strong></span> <span class='ocrx_word' id='word_1_17' title='bbox 256 236 397 272; x_wconf 86' lang='lat' dir='ltr'><strong>depositus</strong></span> <span class='ocrx_word' id='word_1_18' title='bbox 419 236 523 263; x_wconf 92' lang='lat' dir='ltr'><strong>fuisset.</strong></span> 
     </span>
    </p>
   </div>
   <div class='ocr_carea' id='block_1_7' title="bbox 197 281 952 317">
    <p class='ocr_par' dir='ltr' id='par_1_7' title="bbox 197 281 952 317">
     <span class='ocr_line' id='line_1_7' title="bbox 197 281 952 317; baseline 0 -7"><span class='ocrx_word' id='word_1_19' title='bbox 197 283 316 317; x_wconf 81' lang='lat' dir='ltr'><strong>Quidam</strong></span> <span class='ocrx_word' id='word_1_20' title='bbox 331 283 406 310; x_wconf 86' lang='lat' dir='ltr'><strong>enim</strong></span> <span class='ocrx_word' id='word_1_21' title='bbox 431 283 565 310; x_wconf 77' lang='lat' dir='ltr'><strong>Celuthus</strong></span> <span class='ocrx_word' id='word_1_22' title='bbox 593 282 714 315; x_wconf 85' lang='lat' dir='ltr'><strong>nomine,</strong></span> <span class='ocrx_word' id='word_1_23' title='bbox 732 282 872 317; x_wconf 79' lang='lat' dir='ltr'><strong>presbyter</strong></span> <span class='ocrx_word' id='word_1_24' title='bbox 888 281 952 310; x_wconf 77' lang='lat' dir='ltr'><strong>Ale-</strong></span> 
     </span>
    </p>
   </div>
   <div class='ocr_carea' id='block_1_8' title="bbox 163 329 951 364">
    <p class='ocr_par' dir='ltr' id='par_1_8' title="bbox 163 329 951 364">
     <span class='ocr_line' id='line_1_8' title="bbox 163 329 951 364; baseline -0.004 -7"><span class='ocrx_word' id='word_1_25' title='bbox 163 329 325 361; x_wconf 84' lang='lat' dir='ltr'><strong>xandrinus,</strong></span> <span class='ocrx_word' id='word_1_26' title='bbox 347 333 477 364; x_wconf 79' lang='lat' dir='ltr'><strong>tanquam</strong></span> <span class='ocrx_word' id='word_1_27' title='bbox 511 329 692 361; x_wconf 85' lang='lat' dir='ltr'><strong>Orthodoxus,</strong></span> <span class='ocrx_word' id='word_1_28' title='bbox 724 335 785 356; x_wconf 88' lang='lat' dir='ltr'><strong>cum</strong></span> <span class='ocrx_word' id='word_1_29' title='bbox 813 329 951 362; x_wconf 83' lang='lat' dir='ltr'><strong>plerisque</strong></span> 
     </span>
    </p>
   </div>
   <div class='ocr_carea' id='block_1_9' title="bbox 165 374 952 411">
    <p class='ocr_par' dir='ltr' id='par_1_9' title="bbox 165 374 952 411">
     <span class='ocr_line' id='line_1_9' title="bbox 165 374 952 411; baseline -0.004 -8"><span class='ocrx_word' id='word_1_30' title='bbox 165 376 228 403; x_wconf 89' lang='lat' dir='ltr'><strong>aliis</strong></span> <span class='ocrx_word' id='word_1_31' title='bbox 240 376 267 403; x_wconf 93' lang='lat' dir='ltr'><strong>in</strong></span> <span class='ocrx_word' id='word_1_32' title='bbox 280 376 368 411; x_wconf 91' lang='lat' dir='ltr'><strong>prima</strong></span> <span class='ocrx_word' id='word_1_33' title='bbox 385 375 558 410; x_wconf 90' lang='lat' dir='ltr'><strong>depositione</strong></span> <span class='ocrx_word' id='word_1_34' title='bbox 571 375 628 402; x_wconf 87' lang='lat' dir='ltr'><strong>Arii</strong></span> <span class='ocrx_word' id='word_1_35' title='bbox 653 382 668 402; x_wconf 91' lang='lat' dir='ltr'><strong>a</strong></span> <span class='ocrx_word' id='word_1_36' title='bbox 696 375 776 402; x_wconf 86' lang='lat' dir='ltr'><strong>beato</strong></span> <span class='ocrx_word' id='word_1_37' title='bbox 797 374 952 402; x_wconf 88' lang='lat' dir='ltr'><strong>Alexandro</strong></span> 
     </span>
    </p>
   </div>
   <div class='ocr_carea' id='block_1_10' title="bbox 163 420 953 456">
    <p class='ocr_par' dir='ltr' id='par_1_10' title="bbox 163 420 953 456">
     <span class='ocr_line' id='line_1_10' title="bbox 163 420 953 456; baseline -0.003 -7"><span class='ocrx_word' id='word_1_38' title='bbox 163 422 234 449; x_wconf 82' lang='lat' dir='ltr'><strong>facta</strong></span> <span class='ocrx_word' id='word_1_39' title='bbox 249 422 459 456; x_wconf 75' lang='lat' dir='ltr'><strong>subscripserat.</strong></span> <span class='ocrx_word' id='word_1_40' title='bbox 478 420 575 448; x_wconf 78' lang='lat' dir='ltr'><strong>Postea</strong></span> <span class='ocrx_word' id='word_1_41' title='bbox 591 428 656 448; x_wconf 91' lang='lat' dir='ltr'><strong>vero</strong></span> <span class='ocrx_word' id='word_1_42' title='bbox 674 421 861 455; x_wconf 77' lang='lat' dir='ltr'><strong>episcopatum</strong></span> <span class='ocrx_word' id='word_1_43' title='bbox 877 427 953 447; x_wconf 59' lang='lat' dir='ltr'><strong>som«</strong></span> 
     </span>
    </p>
   </div>
   <div class='ocr_carea' id='block_1_11' title="bbox 163 466 953 502">
    <p class='ocr_par' dir='ltr' id='par_1_11' title="bbox 163 466 953 502">
     <span class='ocr_line' id='line_1_11' title="bbox 163 466 953 502; baseline -0.001 -8"><span class='ocrx_word' id='word_1_44' title='bbox 163 468 244 494; x_wconf 91' lang='lat' dir='ltr'><strong>nians</strong></span> <span class='ocrx_word' id='word_1_45' title='bbox 265 475 280 495; x_wconf 92' lang='lat' dir='ltr'><strong>a</strong></span> <span class='ocrx_word' id='word_1_46' title='bbox 297 467 400 494; x_wconf 82' lang='lat' dir='ltr'><strong>Melitio</strong></span> <span class='ocrx_word' id='word_1_47' title='bbox 415 467 567 502; x_wconf 88' lang='lat' dir='ltr'><strong>superioris</strong></span> <span class='ocrx_word' id='word_1_48' title='bbox 581 466 673 502; x_wconf 91' lang='lat' dir='ltr'><strong>Cynus</strong></span> <span class='ocrx_word' id='word_1_49' title='bbox 683 467 830 501; x_wconf 86' lang='lat' dir='ltr'><strong>cpiscopus</strong></span> <span class='ocrx_word' id='word_1_50' title='bbox 843 471 953 493; x_wconf 86' lang='lat' dir='ltr'><strong>creatus</strong></span> 
     </span>
    </p>
   </div>
   <div class='ocr_carea' id='block_1_12' title="bbox 161 511 951 541">
    <p class='ocr_par' dir='ltr' id='par_1_12' title="bbox 161 511 951 541">
     <span class='ocr_line' id='line_1_12' title="bbox 161 511 951 541; baseline -0.003 -1"><span class='ocrx_word' id='word_1_51' title='bbox 161 517 212 541; x_wconf 90' lang='lat' dir='ltr'><strong>est.</strong></span> <span class='ocrx_word' id='word_1_52' title='bbox 230 513 350 540; x_wconf 87' lang='lat' dir='ltr'><strong>Tandem</strong></span> <span class='ocrx_word' id='word_1_53' title='bbox 368 518 431 540; x_wconf 91' lang='lat' dir='ltr'><strong>cum</strong></span> <span class='ocrx_word' id='word_1_54' title='bbox 456 511 650 539; x_wconf 72' lang='lat' dir='ltr'><strong>Alexandriam</strong></span> <span class='ocrx_word' id='word_1_55' title='bbox 677 513 773 539; x_wconf 89' lang='lat' dir='ltr'><strong>beatus</strong></span> <span class='ocrx_word' id='word_1_56' title='bbox 797 511 951 539; x_wconf 84' lang='lat' dir='ltr'><strong>Alexander</strong></span> 
     </span>
    </p>
   </div>
   <div class='ocr_carea' id='block_1_13' title="bbox 161 558 952 594">
    <p class='ocr_par' dir='ltr' id='par_1_13' title="bbox 161 558 952 594">
     <span class='ocr_line' id='line_1_13' title="bbox 161 558 952 594; baseline -0.001 -9"><span class='ocrx_word' id='word_1_57' title='bbox 161 559 284 594; x_wconf 78' lang='lat' dir='ltr'><strong>ejusdem</strong></span> <span class='ocrx_word' id='word_1_58' title='bbox 309 559 407 593; x_wconf 68' lang='lat' dir='ltr'><strong>praesul</strong></span> <span class='ocrx_word' id='word_1_59' title='bbox 437 558 571 594; x_wconf 83' lang='lat' dir='ltr'><strong>synodum</strong></span> <span class='ocrx_word' id='word_1_60' title='bbox 598 562 788 589; x_wconf 82' lang='lat' dir='ltr'><strong>convocassct,</strong></span> <span class='ocrx_word' id='word_1_61' title='bbox 817 562 952 591; x_wconf 64' lang='lat' dir='ltr'><strong>prmsente</strong></span> 
     </span>
    </p>
   </div>
   <div class='ocr_carea' id='block_1_14' title="bbox 162 602 951 639">
    <p class='ocr_par' dir='ltr' id='par_1_14' title="bbox 162 602 951 639">
     <span class='ocr_line' id='line_1_14' title="bbox 162 602 951 639; baseline -0.003 -7"><span class='ocrx_word' id='word_1_62' title='bbox 162 606 350 632; x_wconf 85' lang='lat' dir='ltr'><strong>sacratissimo</strong></span> <span class='ocrx_word' id='word_1_63' title='bbox 386 604 515 639; x_wconf 83' lang='lat' dir='ltr'><strong>episeopo</strong></span> <span class='ocrx_word' id='word_1_64' title='bbox 543 603 714 631; x_wconf 86' lang='lat' dir='ltr'><strong>Cordubensi</strong></span> <span class='ocrx_word' id='word_1_65' title='bbox 745 602 838 635; x_wconf 90' lang='lat' dir='ltr'><strong>Hosio,</strong></span> <span class='ocrx_word' id='word_1_66' title='bbox 871 611 951 637; x_wconf 86' lang='lat' dir='ltr'><strong>quem</strong></span> 
     </span>
    </p>
   </div>
   <div class='ocr_carea' id='block_1_15' title="bbox 164 648 952 685">
    <p class='ocr_par' dir='ltr' id='par_1_15' title="bbox 164 648 952 685">
     <span class='ocr_line' id='line_1_15' title="bbox 164 648 952 685; baseline -0.001 -8"><span class='ocrx_word' id='word_1_67' title='bbox 164 655 228 678; x_wconf 86' lang='lat' dir='ltr'><strong>tunc</strong></span> <span class='ocrx_word' id='word_1_68' title='bbox 243 650 374 685; x_wconf 87' lang='lat' dir='ltr'><strong>temporis</strong></span> <span class='ocrx_word' id='word_1_69' title='bbox 399 658 432 677; x_wconf 89' lang='lat' dir='ltr'><strong>co</strong></span> <span class='ocrx_word' id='word_1_70' title='bbox 446 657 560 684; x_wconf 78' lang='lat' dir='ltr'><strong>magnus</strong></span> <span class='ocrx_word' id='word_1_71' title='bbox 583 649 731 683; x_wconf 86' lang='lat' dir='ltr'><strong>imperator</strong></span> <span class='ocrx_word' id='word_1_72' title='bbox 755 648 952 676; x_wconf 84' lang='lat' dir='ltr'><strong>Constantinus</strong></span> 
     </span>
    </p>
   </div>
   <div class='ocr_carea' id='block_1_16' title="bbox 163 695 951 728">
    <p class='ocr_par' dir='ltr' id='par_1_16' title="bbox 163 695 951 728">
     <span class='ocr_line' id='line_1_16' title="bbox 163 695 951 728; baseline -0.003 -5"><span class='ocrx_word' id='word_1_73' title='bbox 163 697 286 728; x_wconf 83' lang='lat' dir='ltr'><strong>miserat,</strong></span> <span class='ocrx_word' id='word_1_74' title='bbox 305 701 335 723; x_wconf 91' lang='lat' dir='ltr'><strong>ut</strong></span> <span class='ocrx_word' id='word_1_75' title='bbox 352 696 536 723; x_wconf 77' lang='lat' dir='ltr'><strong>Alexandrum</strong></span> <span class='ocrx_word' id='word_1_76' title='bbox 552 699 580 722; x_wconf 88' lang='lat' dir='ltr'><strong>ct</strong></span> <span class='ocrx_word' id='word_1_77' title='bbox 598 695 694 722; x_wconf 85' lang='lat' dir='ltr'><strong>Arium</strong></span> <span class='ocrx_word' id='word_1_78' title='bbox 721 695 792 722; x_wconf 87' lang='lat' dir='ltr'><strong>inter</strong></span> <span class='ocrx_word' id='word_1_79' title='bbox 806 702 835 722; x_wconf 87' lang='lat' dir='ltr'><strong>se</strong></span> <span class='ocrx_word' id='word_1_80' title='bbox 861 695 951 722; x_wconf 73' lang='lat' dir='ltr'><strong>conci-</strong></span> 
     </span>
    </p>
   </div>
   <div class='ocr_carea' id='block_1_17' title="bbox 163 740 949 777">
    <p class='ocr_par' dir='ltr' id='par_1_17' title="bbox 163 740 949 777">
     <span class='ocr_line' id='line_1_17' title="bbox 163 740 949 777; baseline 0 -8"><span class='ocrx_word' id='word_1_81' title='bbox 163 742 251 773; x_wconf 85' lang='lat' dir='ltr'><strong>liaret,</strong></span> <span class='ocrx_word' id='word_1_82' title='bbox 266 742 407 777; x_wconf 86' lang='lat' dir='ltr'><strong>depositus</strong></span> <span class='ocrx_word' id='word_1_83' title='bbox 423 741 534 776; x_wconf 85' lang='lat' dir='ltr'><strong>quidem</strong></span> <span class='ocrx_word' id='word_1_84' title='bbox 548 746 589 768; x_wconf 87' lang='lat' dir='ltr'><strong>est</strong></span> <span class='ocrx_word' id='word_1_85' title='bbox 600 742 656 775; x_wconf 78' lang='lat' dir='ltr'><strong>ipse</strong></span> <span class='ocrx_word' id='word_1_86' title='bbox 677 748 787 776; x_wconf 87' lang='lat' dir='ltr'><strong>quoque</strong></span> <span class='ocrx_word' id='word_1_87' title='bbox 803 740 949 775; x_wconf 88' lang='lat' dir='ltr'><strong>Coluthus,</strong></span> 
     </span>
    </p>
   </div>
   <div class='ocr_carea' id='block_1_18' title="bbox 164 787 951 822">
    <p class='ocr_par' dir='ltr' id='par_1_18' title="bbox 164 787 951 822">
     <span class='ocr_line' id='line_1_18' title="bbox 164 787 951 822; baseline 0.001 -8"><span class='ocrx_word' id='word_1_88' title='bbox 164 793 193 814; x_wconf 91' lang='lat' dir='ltr'><strong>ut</strong></span> <span class='ocrx_word' id='word_1_89' title='bbox 212 789 257 822; x_wconf 89' lang='lat' dir='ltr'><strong>qui</strong></span> <span class='ocrx_word' id='word_1_90' title='bbox 277 791 377 822; x_wconf 71' lang='lat' dir='ltr'><strong>praster</strong></span> <span class='ocrx_word' id='word_1_91' title='bbox 388 795 506 814; x_wconf 78' lang='lat' dir='ltr'><strong>canones</strong></span> <span class='ocrx_word' id='word_1_92' title='bbox 521 795 536 814; x_wconf 88' lang='lat' dir='ltr'><strong>a</strong></span> <span class='ocrx_word' id='word_1_93' title='bbox 555 787 657 814; x_wconf 81' lang='lat' dir='ltr'><strong>Melitio</strong></span> <span class='ocrx_word' id='word_1_94' title='bbox 683 792 792 814; x_wconf 87' lang='lat' dir='ltr'><strong>creatus</strong></span> <span class='ocrx_word' id='word_1_95' title='bbox 806 788 951 822; x_wconf 88' lang='lat' dir='ltr'><strong>episcopus</strong></span> 
     </span>
    </p>
   </div>
   <div class='ocr_carea' id='block_1_19' title="bbox 162 833 950 868">
    <p class='ocr_par' dir='ltr' id='par_1_19' title="bbox 162 833 950 868">
     <span class='ocr_line' id='line_1_19' title="bbox 162 833 950 868; baseline 0 -7"><span class='ocrx_word' id='word_1_96' title='bbox 162 834 277 868; x_wconf 76' lang='lat' dir='ltr'><strong>fuisset;</strong></span> <span class='ocrx_word' id='word_1_97' title='bbox 294 842 347 861; x_wconf 90' lang='lat' dir='ltr'><strong>una</strong></span> <span class='ocrx_word' id='word_1_98' title='bbox 363 833 445 860; x_wconf 91' lang='lat' dir='ltr'><strong>etiam</strong></span> <span class='ocrx_word' id='word_1_99' title='bbox 469 833 587 868; x_wconf 77' lang='lat' dir='ltr'><strong>depositi</strong></span> <span class='ocrx_word' id='word_1_100' title='bbox 605 838 668 860; x_wconf 90' lang='lat' dir='ltr'><strong>sunt</strong></span> <span class='ocrx_word' id='word_1_101' title='bbox 688 833 704 860; x_wconf 94' lang='lat' dir='ltr'><strong>ii</strong></span> <span class='ocrx_word' id='word_1_102' title='bbox 722 833 768 867; x_wconf 81' lang='lat' dir='ltr'><strong>qui</strong></span> <span class='ocrx_word' id='word_1_103' title='bbox 780 835 814 861; x_wconf 86' lang='lat' dir='ltr'><strong>ab</strong></span> <span class='ocrx_word' id='word_1_104' title='bbox 827 833 885 868; x_wconf 91' lang='lat' dir='ltr'><strong>ipso</strong></span> <span class='ocrx_word' id='word_1_105' title='bbox 898 835 950 861; x_wconf 87' lang='lat' dir='ltr'><strong>Co-</strong></span> 
     </span>
    </p>
   </div>
   <div class='ocr_carea' id='block_1_20' title="bbox 1007 233 1859 270">
    <p class='ocr_par' dir='ltr' id='par_1_20' title="bbox 1007 233 1859 270">
     <span class='ocr_line' id='line_1_20' title="bbox 1007 233 1859 270; baseline -0.007 -7"><span class='ocrx_word' id='word_1_106' title='bbox 1007 240 1114 268; x_wconf 86' lang='lat' dir='ltr'><strong>verant,</strong></span> <span class='ocrx_word' id='word_1_107' title='bbox 1128 236 1252 263; x_wconf 74' lang='lat' dir='ltr'><strong>infestior</strong></span> <span class='ocrx_word' id='word_1_108' title='bbox 1266 243 1326 263; x_wconf 87' lang='lat' dir='ltr'><strong>esse</strong></span> <span class='ocrx_word' id='word_1_109' title='bbox 1343 235 1442 270; x_wconf 76' lang='lat' dir='ltr'><strong>pergit,</strong></span> <span class='ocrx_word' id='word_1_110' title='bbox 1459 243 1492 262; x_wconf 86' lang='lat' dir='ltr'><strong>eo</strong></span> <span class='ocrx_word' id='word_1_111' title='bbox 1509 235 1620 262; x_wconf 86' lang='lat' dir='ltr'><strong>tandem</strong></span> <span class='ocrx_word' id='word_1_112' title='bbox 1639 233 1859 262; x_wconf 68' lang='lat' dir='ltr'><strong>inhuniani-</strong></span> 
     </span>
    </p>
   </div>
   <div class='ocr_carea' id='block_1_21' title="bbox 1007 279 1859 316">
    <p class='ocr_par' dir='ltr' id='par_1_21' title="bbox 1007 279 1859 316">
     <span class='ocr_line' id='line_1_21' title="bbox 1007 279 1859 316; baseline -0.004 -8"><span class='ocrx_word' id='word_1_113' title='bbox 1007 282 1073 308; x_wconf 86' lang='lat' dir='ltr'><strong>tatis</strong></span> <span class='ocrx_word' id='word_1_114' title='bbox 1090 282 1254 316; x_wconf 89' lang='lat' dir='ltr'><strong>prolabitur,</strong></span> <span class='ocrx_word' id='word_1_115' title='bbox 1270 287 1299 308; x_wconf 92' lang='lat' dir='ltr'><strong>ut</strong></span> <span class='ocrx_word' id='word_1_116' title='bbox 1312 290 1374 309; x_wconf 92' lang='lat' dir='ltr'><strong>cum</strong></span> <span class='ocrx_word' id='word_1_117' title='bbox 1400 281 1504 308; x_wconf 81' lang='lat' dir='ltr'><strong>Novato</strong></span> <span class='ocrx_word' id='word_1_118' title='bbox 1522 282 1625 309; x_wconf 86' lang='lat' dir='ltr'><strong>sentire</strong></span> <span class='ocrx_word' id='word_1_119' title='bbox 1655 289 1690 308; x_wconf 87' lang='lat' dir='ltr'><strong>se</strong></span> <span class='ocrx_word' id='word_1_120' title='bbox 1720 279 1820 308; x_wconf 69' lang='lat' dir='ltr'><strong>cuit.</strong></span> <span class='ocrx_word' id='word_1_121' title='bbox 1832 279 1859 304; x_wconf 77' lang='lat' dir='ltr'><strong>is</strong></span> 
     </span>
    </p>
   </div>
   <div class='ocr_carea' id='block_1_22' title="bbox 1006 325 1858 362">
    <p class='ocr_par' dir='ltr' id='par_1_22' title="bbox 1006 325 1858 362">
     <span class='ocr_line' id='line_1_22' title="bbox 1006 325 1858 362; baseline -0.001 -8"><span class='ocrx_word' id='word_1_122' title='bbox 1006 328 1182 362; x_wconf 86' lang='lat' dir='ltr'><strong>perspicuum</strong></span> <span class='ocrx_word' id='word_1_123' title='bbox 1196 328 1290 355; x_wconf 81' lang='lat' dir='ltr'><strong>faciat.</strong></span> <span class='ocrx_word' id='word_1_124' title='bbox 1306 328 1438 361; x_wconf 84' lang='lat' dir='ltr'><strong>Quocirca</strong></span> <span class='ocrx_word' id='word_1_125' title='bbox 1454 335 1488 355; x_wconf 88' lang='lat' dir='ltr'><strong>ne</strong></span> <span class='ocrx_word' id='word_1_126' title='bbox 1510 328 1590 354; x_wconf 87' lang='lat' dir='ltr'><strong>venia</strong></span> <span class='ocrx_word' id='word_1_127' title='bbox 1613 327 1751 362; x_wconf 75' lang='lat' dir='ltr'><strong>quidem</strong></span> <span class='ocrx_word' id='word_1_128' title='bbox 1796 325 1858 350; x_wconf 81' lang='lat' dir='ltr'><strong>di-</strong></span> 
     </span>
    </p>
   </div>
   <div class='ocr_carea' id='block_1_23' title="bbox 1006 374 1859 410">
    <p class='ocr_par' dir='ltr' id='par_1_23' title="bbox 1006 374 1859 410">
     <span class='ocr_line' id='line_1_23' title="bbox 1006 374 1859 410; baseline -0.005 -10"><span class='ocrx_word' id='word_1_129' title='bbox 1006 382 1075 407; x_wconf 73' lang='lat' dir='ltr'><strong>gnus</strong></span> <span class='ocrx_word' id='word_1_130' title='bbox 1088 375 1192 410; x_wconf 90' lang='lat' dir='ltr'><strong>synodo</strong></span> <span class='ocrx_word' id='word_1_131' title='bbox 1210 375 1327 402; x_wconf 71' lang='lat' dir='ltr'><strong>Niczenae</strong></span> <span class='ocrx_word' id='word_1_132' title='bbox 1341 374 1416 401; x_wconf 78' lang='lat' dir='ltr'><strong>visus</strong></span> <span class='ocrx_word' id='word_1_133' title='bbox 1441 379 1493 406; x_wconf 90' lang='lat' dir='ltr'><strong>est,</strong></span> <span class='ocrx_word' id='word_1_134' title='bbox 1515 374 1562 409; x_wconf 86' lang='lat' dir='ltr'><strong>qui</strong></span> <span class='ocrx_word' id='word_1_135' title='bbox 1581 374 1645 400; x_wconf 87' lang='lat' dir='ltr'><strong>talia</strong></span> <span class='ocrx_word' id='word_1_136' title='bbox 1671 374 1859 400; x_wconf 77' lang='lat' dir='ltr'><strong>refracta-</strong></span> 
     </span>
    </p>
   </div>
   <div class='ocr_carea' id='block_1_24' title="bbox 1007 420 1856 455">
    <p class='ocr_par' dir='ltr' id='par_1_24' title="bbox 1007 420 1856 455">
     <span class='ocr_line' id='line_1_24' title="bbox 1007 420 1856 455; baseline -0.004 -9"><span class='ocrx_word' id='word_1_137' title='bbox 1007 420 1064 447; x_wconf 90' lang='lat' dir='ltr'><strong>rius</strong></span> <span class='ocrx_word' id='word_1_138' title='bbox 1090 426 1188 455; x_wconf 53' lang='lat' dir='ltr'><strong>praeter</strong></span> <span class='ocrx_word' id='word_1_139' title='bbox 1226 420 1373 447; x_wconf 81' lang='lat' dir='ltr'><strong>Alexandri</strong></span> <span class='ocrx_word' id='word_1_140' title='bbox 1406 420 1574 447; x_wconf 77' lang='lat' dir='ltr'><strong>voluntatem</strong></span> <span class='ocrx_word' id='word_1_141' title='bbox 1612 420 1856 454; x_wconf 68' lang='lat' dir='ltr'><strong>designasset,</strong></span> 
     </span>
    </p>
   </div>
   <div class='ocr_carea' id='block_1_25' title="bbox 1006 465 1855 502">
    <p class='ocr_par' dir='ltr' id='par_1_25' title="bbox 1006 465 1855 502">
     <span class='ocr_line' id='line_1_25' title="bbox 1006 465 1855 502; baseline -0.002 -10"><span class='ocrx_word' id='word_1_142' title='bbox 1006 470 1088 500; x_wconf 89' lang='lat' dir='ltr'><strong>atque</strong></span> <span class='ocrx_word' id='word_1_143' title='bbox 1100 466 1296 500; x_wconf 89' lang='lat' dir='ltr'><strong>discipulorum</strong></span> <span class='ocrx_word' id='word_1_144' title='bbox 1311 474 1423 493; x_wconf 91' lang='lat' dir='ltr'><strong>suorum</strong></span> <span class='ocrx_word' id='word_1_145' title='bbox 1444 466 1666 502; x_wconf 89' lang='lat' dir='ltr'><strong>quamplurimos</strong></span> <span class='ocrx_word' id='word_1_146' title='bbox 1682 466 1712 492; x_wconf 91' lang='lat' dir='ltr'><strong>in</strong></span> <span class='ocrx_word' id='word_1_147' title='bbox 1727 466 1755 491; x_wconf 66' lang='grc' dir='ltr'>Α</span> <span class='ocrx_word' id='word_1_148' title='bbox 1765 465 1855 490; x_wconf 76' lang='lat' dir='ltr'><strong>ria—</strong></span> 
     </span>
    </p>
   </div>
   <div class='ocr_carea' id='block_1_26' title="bbox 1007 511 1854 547">
    <p class='ocr_par' dir='ltr' id='par_1_26' title="bbox 1007 511 1854 547">
     <span class='ocr_line' id='line_1_26' title="bbox 1007 511 1854 547; baseline -0.001 -10"><span class='ocrx_word' id='word_1_149' title='bbox 1007 518 1103 538; x_wconf 89' lang='lat' dir='ltr'><strong>norum</strong></span> <span class='ocrx_word' id='word_1_150' title='bbox 1132 511 1248 538; x_wconf 65' lang='lat' dir='ltr'><strong>bmresin</strong></span> <span class='ocrx_word' id='word_1_151' title='bbox 1279 512 1471 546; x_wconf 81' lang='lat' dir='ltr'><strong>provolvisset,</strong></span> <span class='ocrx_word' id='word_1_152' title='bbox 1504 513 1550 546; x_wconf 87' lang='lat' dir='ltr'><strong>qui</strong></span> <span class='ocrx_word' id='word_1_153' title='bbox 1573 513 1715 547; x_wconf 83' lang='lat' dir='ltr'><strong>privatam</strong></span> <span class='ocrx_word' id='word_1_154' title='bbox 1753 511 1854 544; x_wconf 76' lang='lat' dir='ltr'><strong>ejus</strong></span> 
     </span>
    </p>
   </div>
   <div class='ocr_carea' id='block_1_27' title="bbox 1005 556 1846 592">
    <p class='ocr_par' dir='ltr' id='par_1_27' title="bbox 1005 556 1846 592">
     <span class='ocr_line' id='line_1_27' title="bbox 1005 556 1846 592; baseline -0.002 -9"><span class='ocrx_word' id='word_1_155' title='bbox 1005 556 1160 590; x_wconf 84' lang='lat' dir='ltr'><strong>opinionem</strong></span> <span class='ocrx_word' id='word_1_156' title='bbox 1172 557 1256 584; x_wconf 86' lang='lat' dir='ltr'><strong>secuti</strong></span> <span class='ocrx_word' id='word_1_157' title='bbox 1274 557 1449 591; x_wconf 78' lang='lat' dir='ltr'><strong>pertinacius,</strong></span> <span class='ocrx_word' id='word_1_158' title='bbox 1461 562 1488 584; x_wconf 92' lang='lat' dir='ltr'><strong>et</strong></span> <span class='ocrx_word' id='word_1_159' title='bbox 1498 559 1591 584; x_wconf 60' lang='lat' dir='ltr'><strong>nescio</strong></span> <span class='ocrx_word' id='word_1_160' title='bbox 1603 566 1666 592; x_wconf 79' lang='lat' dir='ltr'><strong>qua:</strong></span> <span class='ocrx_word' id='word_1_161' title='bbox 1684 558 1776 584; x_wconf 76' lang='lat' dir='ltr'><strong>trivn</strong></span> <span class='ocrx_word' id='word_1_162' title='bbox 1787 558 1846 587; x_wconf 81' lang='lat' dir='ltr'><strong>Ia,</strong></span> 
     </span>
    </p>
   </div>
   <div class='ocr_carea' id='block_1_28' title="bbox 1006 602 1846 638">
    <p class='ocr_par' dir='ltr' id='par_1_28' title="bbox 1006 602 1846 638">
     <span class='ocr_line' id='line_1_28' title="bbox 1006 602 1846 638; baseline 0 -10"><span class='ocrx_word' id='word_1_163' title='bbox 1006 607 1044 635; x_wconf 89' lang='lat' dir='ltr'><strong>ut,</strong></span> <span class='ocrx_word' id='word_1_164' title='bbox 1060 602 1134 629; x_wconf 91' lang='lat' dir='ltr'><strong>verbi</strong></span> <span class='ocrx_word' id='word_1_165' title='bbox 1148 603 1244 637; x_wconf 76' lang='lat' dir='ltr'><strong>gratia,</strong></span> <span class='ocrx_word' id='word_1_166' title='bbox 1261 603 1382 638; x_wconf 87' lang='lat' dir='ltr'><strong>quotidie</strong></span> <span class='ocrx_word' id='word_1_167' title='bbox 1397 611 1498 638; x_wconf 88' lang='lat' dir='ltr'><strong>corpus</strong></span> <span class='ocrx_word' id='word_1_168' title='bbox 1514 604 1637 634; x_wconf 84' lang='lat' dir='ltr'><strong>abluere.</strong></span> <span class='ocrx_word' id='word_1_169' title='bbox 1663 604 1755 638; x_wconf 87' lang='lat' dir='ltr'><strong>hymn</strong></span> <span class='ocrx_word' id='word_1_170' title='bbox 1763 610 1846 628; x_wconf 86' lang='lat' dir='ltr'><strong>os-</strong></span> 
     </span>
    </p>
   </div>
   <div class='ocr_carea' id='block_1_29' title="bbox 1005 649 1843 683">
    <p class='ocr_par' dir='ltr' id='par_1_29' title="bbox 1005 649 1843 683">
     <span class='ocr_line' id='line_1_29' title="bbox 1005 649 1843 683; baseline 0.001 -9"><span class='ocrx_word' id='word_1_171' title='bbox 1005 655 1058 682; x_wconf 89' lang='lat' dir='ltr'><strong>que</strong></span> <span class='ocrx_word' id='word_1_172' title='bbox 1073 656 1135 675; x_wconf 90' lang='lat' dir='ltr'><strong>eum</strong></span> <span class='ocrx_word' id='word_1_173' title='bbox 1150 657 1279 676; x_wconf 87' lang='lat' dir='ltr'><strong>manuum</strong></span> <span class='ocrx_word' id='word_1_174' title='bbox 1294 649 1435 683; x_wconf 87' lang='lat' dir='ltr'><strong>plausibus</strong></span> <span class='ocrx_word' id='word_1_175' title='bbox 1449 654 1476 677; x_wconf 89' lang='lat' dir='ltr'><strong>et</strong></span> <span class='ocrx_word' id='word_1_176' title='bbox 1492 649 1687 677; x_wconf 78' lang='lat' dir='ltr'><strong>saltationibus</strong></span> <span class='ocrx_word' id='word_1_177' title='bbox 1704 650 1782 676; x_wconf 84' lang='lat' dir='ltr'><strong>mod</strong></span> <span class='ocrx_word' id='word_1_178' title='bbox 1791 658 1843 675; x_wconf 86' lang='lat' dir='ltr'><strong>u-</strong></span> 
     </span>
    </p>
   </div>
   <div class='ocr_carea' id='block_1_30' title="bbox 1005 693 1837 730">
    <p class='ocr_par' dir='ltr' id='par_1_30' title="bbox 1005 693 1837 730">
     <span class='ocr_line' id='line_1_30' title="bbox 1005 693 1837 730; baseline 0.001 -10"><span class='ocrx_word' id='word_1_179' title='bbox 1005 693 1053 720; x_wconf 90' lang='lat' dir='ltr'><strong>lari</strong></span> <span class='ocrx_word' id='word_1_180' title='bbox 1070 695 1218 721; x_wconf 85' lang='lat' dir='ltr'><strong>commenti</strong></span> <span class='ocrx_word' id='word_1_181' title='bbox 1239 700 1339 728; x_wconf 84' lang='lat' dir='ltr'><strong>essent,</strong></span> <span class='ocrx_word' id='word_1_182' title='bbox 1352 695 1391 722; x_wconf 87' lang='lat' dir='ltr'><strong>Ex</strong></span> <span class='ocrx_word' id='word_1_183' title='bbox 1404 696 1505 730; x_wconf 87' lang='lat' dir='ltr'><strong>quibus</strong></span> <span class='ocrx_word' id='word_1_184' title='bbox 1515 695 1603 722; x_wconf 82' lang='lat' dir='ltr'><strong>cuivis</strong></span> <span class='ocrx_word' id='word_1_185' title='bbox 1618 696 1837 729; x_wconf 79' lang='lat' dir='ltr'><strong>perspicuum</strong></span> 
     </span>
    </p>
   </div>
   <div class='ocr_carea' id='block_1_31' title="bbox 1006 739 1835 772">
    <p class='ocr_par' dir='ltr' id='par_1_31' title="bbox 1006 739 1835 772">
     <span class='ocr_line' id='line_1_31' title="bbox 1006 739 1835 772; baseline 0.004 -7"><span class='ocrx_word' id='word_1_186' title='bbox 1006 739 1044 772; x_wconf 89' lang='lat' dir='ltr'><strong>lit,</strong></span> <span class='ocrx_word' id='word_1_187' title='bbox 1060 739 1275 767; x_wconf 85' lang='lat' dir='ltr'><strong>misericordiam</strong></span> <span class='ocrx_word' id='word_1_188' title='bbox 1291 745 1319 768; x_wconf 88' lang='lat' dir='ltr'><strong>et</strong></span> <span class='ocrx_word' id='word_1_189' title='bbox 1343 741 1540 768; x_wconf 84' lang='lat' dir='ltr'><strong>humanitatem</strong></span> <span class='ocrx_word' id='word_1_190' title='bbox 1555 742 1650 768; x_wconf 86' lang='lat' dir='ltr'><strong>multis</strong></span> <span class='ocrx_word' id='word_1_191' title='bbox 1669 742 1699 768; x_wconf 90' lang='lat' dir='ltr'><strong>in</strong></span> <span class='ocrx_word' id='word_1_192' title='bbox 1719 743 1765 769; x_wconf 77' lang='lat' dir='ltr'><strong>rel</strong></span> <span class='ocrx_word' id='word_1_193' title='bbox 1782 749 1835 768; x_wconf 82' lang='lat' dir='ltr'><strong>us</strong></span> 
     </span>
    </p>
   </div>
   <div class='ocr_carea' id='block_1_32' title="bbox 1005 785 1830 822">
    <p class='ocr_par' dir='ltr' id='par_1_32' title="bbox 1005 785 1830 822">
     <span class='ocr_line' id='line_1_32' title="bbox 1005 785 1830 822; baseline 0.002 -10"><span class='ocrx_word' id='word_1_194' title='bbox 1005 785 1100 821; x_wconf 79' lang='lat' dir='ltr'><strong>rigori,</strong></span> <span class='ocrx_word' id='word_1_195' title='bbox 1117 794 1258 814; x_wconf 87' lang='lat' dir='ltr'><strong>summove</strong></span> <span class='ocrx_word' id='word_1_196' title='bbox 1283 787 1351 821; x_wconf 91' lang='lat' dir='ltr'><strong>juri,</strong></span> <span class='ocrx_word' id='word_1_197' title='bbox 1380 787 1577 822; x_wconf 61' lang='lat' dir='ltr'><strong>praeferendam</strong></span> <span class='ocrx_word' id='word_1_198' title='bbox 1595 795 1668 820; x_wconf 83' lang='lat' dir='ltr'><strong>esse,</strong></span> <span class='ocrx_word' id='word_1_199' title='bbox 1688 788 1718 814; x_wconf 94' lang='lat' dir='ltr'><strong>in</strong></span> <span class='ocrx_word' id='word_1_200' title='bbox 1739 788 1830 822; x_wconf 84' lang='lat' dir='ltr'><strong>qui—</strong></span> 
     </span>
    </p>
   </div>
   <div class='ocr_carea' id='block_1_33' title="bbox 1007 831 1825 867">
    <p class='ocr_par' dir='ltr' id='par_1_33' title="bbox 1007 831 1825 867">
     <span class='ocr_line' id='line_1_33' title="bbox 1007 831 1825 867; baseline 0.004 -10"><span class='ocrx_word' id='word_1_201' title='bbox 1007 831 1057 858; x_wconf 90' lang='lat' dir='ltr'><strong>bus</strong></span> <span class='ocrx_word' id='word_1_202' title='bbox 1085 832 1237 866; x_wconf 71' lang='lat' dir='ltr'><strong>praesertim</strong></span> <span class='ocrx_word' id='word_1_203' title='bbox 1257 837 1333 860; x_wconf 87' lang='lat' dir='ltr'><strong>certa</strong></span> <span class='ocrx_word' id='word_1_204' title='bbox 1358 833 1539 867; x_wconf 66' lang='lat' dir='ltr'><strong>paenitudinis</strong></span> <span class='ocrx_word' id='word_1_205' title='bbox 1557 833 1661 860; x_wconf 90' lang='lat' dir='ltr'><strong>indicia</strong></span> <span class='ocrx_word' id='word_1_206' title='bbox 1679 840 1825 860; x_wconf 80' lang='lat' dir='ltr'><strong>cemun-</strong></span> 
     </span>
    </p>
   </div>
   <div class='ocr_carea' id='block_1_34' title="bbox 162 874 954 915">
    <p class='ocr_par' dir='ltr' id='par_1_34' title="bbox 162 875 952 915">
     <span class='ocr_line' id='line_1_34' title="bbox 162 875 952 915; baseline 0.001 -9"><span class='ocrx_word' id='word_1_207' title='bbox 162 879 242 906; x_wconf 80' lang='lat' dir='ltr'><strong>lutlio</strong></span> <span class='ocrx_word' id='word_1_208' title='bbox 257 879 376 906; x_wconf 81' lang='lat' dir='ltr'><strong>instituti</strong></span> <span class='ocrx_word' id='word_1_209' title='bbox 389 880 508 912; x_wconf 75' lang='lat' dir='ltr'><strong>fuerant,</strong></span> <span class='ocrx_word' id='word_1_210' title='bbox 521 884 602 913; x_wconf 81' lang='lat' dir='ltr'><strong>atque</strong></span> <span class='ocrx_word' id='word_1_211' title='bbox 617 879 662 906; x_wconf 90' lang='lat' dir='ltr'><strong>ille</strong></span> <span class='ocrx_word' id='word_1_212' title='bbox 675 879 787 913; x_wconf 89' lang='lat' dir='ltr'><strong>quidem</strong></span> <span class='ocrx_word' id='word_1_213' title='bbox 801 880 835 906; x_wconf 92' lang='lat' dir='ltr'><strong>ad</strong></span> <span class='ocrx_word' id='word_1_214' title='bbox 862 875 952 915; x_wconf 79' lang='lat' dir='ltr'><strong>priva-</strong></span> 
     </span>
    </p>
   </div>
   <div class='ocr_carea' id='block_1_35' title="bbox 1009 874 1819 915">
    <p class='ocr_par' dir='ltr' id='par_1_35' title="bbox 1009 877 1819 913">
     <span class='ocr_line' id='line_1_35' title="bbox 1009 877 1819 913; baseline 0.002 -11"><span class='ocrx_word' id='word_1_215' title='bbox 1009 882 1058 909; x_wconf 79' lang='lat' dir='ltr'><strong>;ur,</strong></span> <span class='ocrx_word' id='word_1_216' title='bbox 1075 877 1189 910; x_wconf 88' lang='lat' dir='ltr'><strong>talisque</strong></span> <span class='ocrx_word' id='word_1_217' title='bbox 1200 877 1270 904; x_wconf 85' lang='lat' dir='ltr'><strong>adeo</strong></span> <span class='ocrx_word' id='word_1_218' title='bbox 1287 877 1372 904; x_wconf 87' lang='lat' dir='ltr'><strong>animi</strong></span> <span class='ocrx_word' id='word_1_219' title='bbox 1392 879 1530 913; x_wconf 81' lang='lat' dir='ltr'><strong>angustia,</strong></span> <span class='ocrx_word' id='word_1_220' title='bbox 1542 883 1569 906; x_wconf 89' lang='lat' dir='ltr'><strong>et</strong></span> <span class='ocrx_word' id='word_1_221' title='bbox 1585 879 1677 905; x_wconf 85' lang='lat' dir='ltr'><strong>cordis</strong></span> <span class='ocrx_word' id='word_1_222' title='bbox 1693 879 1819 905; x_wconf 88' lang='lat' dir='ltr'><strong>contri-</strong></span> 
     </span>
    </p>
   </div>
   <div class='ocr_carea' id='block_1_36' title="bbox 161 924 953 958">
    <p class='ocr_par' dir='ltr' id='par_1_36' title="bbox 161 924 953 958">
     <span class='ocr_line' id='line_1_36' title="bbox 161 924 953 958; baseline 0.001 -6"><span class='ocrx_word' id='word_1_223' title='bbox 161 929 220 952; x_wconf 85' lang='lat' dir='ltr'><strong>tum</strong></span> <span class='ocrx_word' id='word_1_224' title='bbox 233 925 324 953; x_wconf 89' lang='lat' dir='ltr'><strong>locum</strong></span> <span class='ocrx_word' id='word_1_225' title='bbox 340 925 431 958; x_wconf 87' lang='lat' dir='ltr'><strong>rediit,</strong></span> <span class='ocrx_word' id='word_1_226' title='bbox 445 925 483 951; x_wconf 90' lang='lat' dir='ltr'><strong>illi</strong></span> <span class='ocrx_word' id='word_1_227' title='bbox 506 932 570 952; x_wconf 82' lang='lat' dir='ltr'><strong>vero</strong></span> <span class='ocrx_word' id='word_1_228' title='bbox 582 924 615 951; x_wconf 90' lang='lat' dir='ltr'><strong>ad</strong></span> <span class='ocrx_word' id='word_1_229' title='bbox 641 925 727 952; x_wconf 86' lang='lat' dir='ltr'><strong>laicos</strong></span> <span class='ocrx_word' id='word_1_230' title='bbox 741 925 831 953; x_wconf 85' lang='lat' dir='ltr'><strong>denuo</strong></span> <span class='ocrx_word' id='word_1_231' title='bbox 850 926 953 954; x_wconf 85' lang='lat' dir='ltr'><strong>redacti</strong></span> 
     </span>
    </p>
   </div>
   <div class='ocr_carea' id='block_1_37' title="bbox 161 970 953 1007">
    <p class='ocr_par' dir='ltr' id='par_1_37' title="bbox 161 970 953 1007">
     <span class='ocr_line' id='line_1_37' title="bbox 161 970 953 1007; baseline 0.003 -10"><span class='ocrx_word' id='word_1_232' title='bbox 161 976 236 999; x_wconf 87' lang='lat' dir='ltr'><strong>sttnt.</strong></span> <span class='ocrx_word' id='word_1_233' title='bbox 255 970 358 998; x_wconf 87' lang='lat' dir='ltr'><strong>Horum</strong></span> <span class='ocrx_word' id='word_1_234' title='bbox 376 978 390 998; x_wconf 91' lang='lat' dir='ltr'><strong>e</strong></span> <span class='ocrx_word' id='word_1_235' title='bbox 407 978 522 997; x_wconf 79' lang='lat' dir='ltr'><strong>nurnero</strong></span> <span class='ocrx_word' id='word_1_236' title='bbox 537 970 661 1006; x_wconf 77' lang='lat' dir='ltr'><strong>lscltyras</strong></span> <span class='ocrx_word' id='word_1_237' title='bbox 691 978 772 1003; x_wconf 86' lang='lat' dir='ltr'><strong>unus,</strong></span> <span class='ocrx_word' id='word_1_238' title='bbox 800 971 864 1006; x_wconf 90' lang='lat' dir='ltr'><strong>quia</strong></span> <span class='ocrx_word' id='word_1_239' title='bbox 889 980 953 1007; x_wconf 88' lang='lat' dir='ltr'><strong>pre-</strong></span> 
     </span>
    </p>
   </div>
   <div class='ocr_carea' id='block_1_38' title="bbox 162 1015 952 1053">
    <p class='ocr_par' dir='ltr' id='par_1_38' title="bbox 162 1015 952 1053">
     <span class='ocr_line' id='line_1_38' title="bbox 162 1015 952 1053; baseline 0.001 -9"><span class='ocrx_word' id='word_1_240' title='bbox 162 1017 256 1053; x_wconf 85' lang='lat' dir='ltr'><strong>sbyter</strong></span> <span class='ocrx_word' id='word_1_241' title='bbox 268 1024 282 1043; x_wconf 90' lang='lat' dir='ltr'><strong>a</strong></span> <span class='ocrx_word' id='word_1_242' title='bbox 293 1015 411 1044; x_wconf 89' lang='lat' dir='ltr'><strong>Culutho</strong></span> <span class='ocrx_word' id='word_1_243' title='bbox 433 1016 578 1043; x_wconf 88' lang='lat' dir='ltr'><strong>institutus</strong></span> <span class='ocrx_word' id='word_1_244' title='bbox 590 1017 689 1050; x_wconf 85' lang='lat' dir='ltr'><strong>fuerat,</strong></span> <span class='ocrx_word' id='word_1_245' title='bbox 705 1023 786 1052; x_wconf 88' lang='lat' dir='ltr'><strong>atque</strong></span> <span class='ocrx_word' id='word_1_246' title='bbox 799 1017 903 1045; x_wconf 89' lang='lat' dir='ltr'><strong>idcirco</strong></span> <span class='ocrx_word' id='word_1_247' title='bbox 918 1018 952 1046; x_wconf 88' lang='lat' dir='ltr'><strong>de</strong></span> 
     </span>
    </p>
   </div>
   <div class='ocr_carea' id='block_1_39' title="bbox 162 1060 953 1098">
    <p class='ocr_par' dir='ltr' id='par_1_39' title="bbox 162 1060 953 1098">
     <span class='ocr_line' id='line_1_39' title="bbox 162 1060 953 1098; baseline 0.001 -10"><span class='ocrx_word' id='word_1_248' title='bbox 162 1062 248 1097; x_wconf 81' lang='lat' dir='ltr'><strong>gradu</strong></span> <span class='ocrx_word' id='word_1_249' title='bbox 277 1061 412 1097; x_wconf 85' lang='lat' dir='ltr'><strong>dejeetus,</strong></span> <span class='ocrx_word' id='word_1_250' title='bbox 432 1061 541 1088; x_wconf 86' lang='lat' dir='ltr'><strong>tandem</strong></span> <span class='ocrx_word' id='word_1_251' title='bbox 558 1061 592 1088; x_wconf 88' lang='lat' dir='ltr'><strong>ab</strong></span> <span class='ocrx_word' id='word_1_252' title='bbox 622 1060 731 1089; x_wconf 85' lang='lat' dir='ltr'><strong>Arianis</strong></span> <span class='ocrx_word' id='word_1_253' title='bbox 756 1062 790 1088; x_wconf 91' lang='lat' dir='ltr'><strong>ad</strong></span> <span class='ocrx_word' id='word_1_254' title='bbox 810 1063 953 1098; x_wconf 83' lang='lat' dir='ltr'><strong>episcopa-</strong></span> 
     </span>
    </p>
   </div>
   <div class='ocr_carea' id='block_1_40' title="bbox 163 1106 653 1144">
    <p class='ocr_par' dir='ltr' id='par_1_40' title="bbox 163 1106 653 1144">
     <span class='ocr_line' id='line_1_40' title="bbox 163 1106 653 1144; baseline 0 -10"><span class='ocrx_word' id='word_1_255' title='bbox 163 1112 231 1141; x_wconf 89' lang='lat' dir='ltr'><strong>tum,</strong></span> <span class='ocrx_word' id='word_1_256' title='bbox 244 1106 335 1144; x_wconf 38' lang='lat' dir='ltr'><strong>ut‘jarn</strong></span> <span class='ocrx_word' id='word_1_257' title='bbox 351 1107 420 1140; x_wconf 86' lang='lat' dir='ltr'><strong>dixi,</strong></span> <span class='ocrx_word' id='word_1_258' title='bbox 442 1112 589 1142; x_wconf 88' lang='lat' dir='ltr'><strong>provectus</strong></span> <span class='ocrx_word' id='word_1_259' title='bbox 599 1112 653 1135; x_wconf 86' lang='lat' dir='ltr'><strong>est.</strong></span> 
     </span>
    </p>
   </div>
   <div class='ocr_carea' id='block_1_41' title="bbox 300 1176 802 1212">
    <p class='ocr_par' dir='ltr' id='par_1_41' title="bbox 300 1176 802 1212">
     <span class='ocr_line' id='line_1_41' title="bbox 300 1176 802 1212; baseline 0 -8"><span class='ocrx_word' id='word_1_260' title='bbox 300 1176 436 1204; x_wconf 72' lang='lat' dir='ltr'><strong>ereseos</strong></span> <span class='ocrx_word' id='word_1_261' title='bbox 458 1176 631 1210; x_wconf 71' lang='lat' dir='ltr'><strong>pra&#39;ccrlenlis</strong></span> <span class='ocrx_word' id='word_1_262' title='bbox 647 1177 802 1212; x_wconf 72' lang='lat' dir='ltr'><strong>confutatio.</strong></span> 
     </span>
    </p>
   </div>
   <div class='ocr_carea' id='block_1_42' title="bbox 198 1242 954 1278">
    <p class='ocr_par' dir='ltr' id='par_1_42' title="bbox 198 1242 954 1278">
     <span class='ocr_line' id='line_1_42' title="bbox 198 1242 954 1278; baseline 0.003 -8"><span class='ocrx_word' id='word_1_263' title='bbox 198 1243 277 1271; x_wconf 87' lang='lat' dir='ltr'><strong>Nulla</strong></span> <span class='ocrx_word' id='word_1_264' title='bbox 293 1250 344 1270; x_wconf 88' lang='lat' dir='ltr'><strong>nos</strong></span> <span class='ocrx_word' id='word_1_265' title='bbox 369 1243 423 1270; x_wconf 86' lang='lat' dir='ltr'><strong>alia</strong></span> <span class='ocrx_word' id='word_1_266' title='bbox 438 1242 508 1270; x_wconf 88' lang='lat' dir='ltr'><strong>ratio</strong></span> <span class='ocrx_word' id='word_1_267' title='bbox 525 1242 620 1275; x_wconf 86' lang='lat' dir='ltr'><strong>movit,</strong></span> <span class='ocrx_word' id='word_1_268' title='bbox 642 1247 671 1270; x_wconf 88' lang='lat' dir='ltr'><strong>ut</strong></span> <span class='ocrx_word' id='word_1_269' title='bbox 686 1251 718 1270; x_wconf 88' lang='lat' dir='ltr'><strong>ea</strong></span> <span class='ocrx_word' id='word_1_270' title='bbox 731 1251 792 1278; x_wconf 75' lang='lat' dir='ltr'><strong>qua:</strong></span> <span class='ocrx_word' id='word_1_271' title='bbox 807 1244 841 1271; x_wconf 87' lang='lat' dir='ltr'><strong>de</strong></span> <span class='ocrx_word' id='word_1_272' title='bbox 853 1244 954 1272; x_wconf 79' lang='lat' dir='ltr'><strong>Melitio</strong></span> 
     </span>
    </p>
   </div>
   <div class='ocr_carea' id='block_1_43' title="bbox 164 1289 954 1324">
    <p class='ocr_par' dir='ltr' id='par_1_43' title="bbox 164 1289 954 1324">
     <span class='ocr_line' id='line_1_43' title="bbox 164 1289 954 1324; baseline 0 -7"><span class='ocrx_word' id='word_1_273' title='bbox 164 1290 288 1317; x_wconf 86' lang='lat' dir='ltr'><strong>feruntur</strong></span> <span class='ocrx_word' id='word_1_274' title='bbox 302 1289 377 1317; x_wconf 91' lang='lat' dir='ltr'><strong>hisce</strong></span> <span class='ocrx_word' id='word_1_275' title='bbox 393 1289 598 1316; x_wconf 88' lang='lat' dir='ltr'><strong>commentariis</strong></span> <span class='ocrx_word' id='word_1_276' title='bbox 612 1289 809 1322; x_wconf 85' lang='lat' dir='ltr'><strong>insereremus,</strong></span> <span class='ocrx_word' id='word_1_277' title='bbox 828 1297 910 1324; x_wconf 87' lang='lat' dir='ltr'><strong>quam</strong></span> <span class='ocrx_word' id='word_1_278' title='bbox 924 1295 954 1317; x_wconf 93' lang='lat' dir='ltr'><strong>ut</strong></span> 
     </span>
    </p>
   </div>
   <div class='ocr_carea' id='block_1_44' title="bbox 163 1335 954 1370">
    <p class='ocr_par' dir='ltr' id='par_1_44' title="bbox 163 1335 954 1370">
     <span class='ocr_line' id='line_1_44' title="bbox 163 1335 954 1370; baseline 0.001 -8"><span class='ocrx_word' id='word_1_279' title='bbox 163 1336 280 1362; x_wconf 66' lang='lat' dir='ltr'><strong>lectores</strong></span> <span class='ocrx_word' id='word_1_280' title='bbox 298 1338 505 1369; x_wconf 78' lang='lat' dir='ltr'><strong>cognoscerent,</strong></span> <span class='ocrx_word' id='word_1_281' title='bbox 519 1341 600 1369; x_wconf 86' lang='lat' dir='ltr'><strong>quam</strong></span> <span class='ocrx_word' id='word_1_282' title='bbox 614 1335 693 1369; x_wconf 85' lang='lat' dir='ltr'><strong>plena</strong></span> <span class='ocrx_word' id='word_1_283' title='bbox 711 1335 788 1368; x_wconf 59' lang='lat' dir='ltr'><strong>aleae,</strong></span> <span class='ocrx_word' id='word_1_284' title='bbox 800 1335 855 1363; x_wconf 92' lang='lat' dir='ltr'><strong>imo</strong></span> <span class='ocrx_word' id='word_1_285' title='bbox 871 1343 954 1370; x_wconf 84' lang='lat' dir='ltr'><strong>supra</strong></span> 
     </span>
    </p>
   </div>
   <div class='ocr_carea' id='block_1_45' title="bbox 166 1380 954 1416">
    <p class='ocr_par' dir='ltr' id='par_1_45' title="bbox 166 1380 954 1416">
     <span class='ocr_line' id='line_1_45' title="bbox 166 1380 954 1416; baseline 0.004 -10"><span class='ocrx_word' id='word_1_286' title='bbox 166 1380 253 1407; x_wconf 88' lang='lat' dir='ltr'><strong>aleam</strong></span> <span class='ocrx_word' id='word_1_287' title='bbox 270 1388 378 1407; x_wconf 89' lang='lat' dir='ltr'><strong>omnem</strong></span> <span class='ocrx_word' id='word_1_288' title='bbox 405 1387 450 1406; x_wconf 86' lang='lat' dir='ltr'><strong>res</strong></span> <span class='ocrx_word' id='word_1_289' title='bbox 463 1380 510 1412; x_wconf 85' lang='lat' dir='ltr'><strong>sit,</strong></span> <span class='ocrx_word' id='word_1_290' title='bbox 525 1380 547 1406; x_wconf 89' lang='lat' dir='ltr'><strong>si</strong></span> <span class='ocrx_word' id='word_1_291' title='bbox 574 1380 622 1415; x_wconf 89' lang='lat' dir='ltr'><strong>qui</strong></span> <span class='ocrx_word' id='word_1_292' title='bbox 648 1388 709 1407; x_wconf 88' lang='lat' dir='ltr'><strong>cum</strong></span> <span class='ocrx_word' id='word_1_293' title='bbox 728 1388 761 1408; x_wconf 85' lang='lat' dir='ltr'><strong>ex</strong></span> <span class='ocrx_word' id='word_1_294' title='bbox 782 1381 839 1416; x_wconf 88' lang='lat' dir='ltr'><strong>ipsa</strong></span> <span class='ocrx_word' id='word_1_295' title='bbox 864 1381 954 1416; x_wconf 83' lang='lat' dir='ltr'><strong>plebe,</strong></span> 
     </span>
    </p>
   </div>
   <div class='ocr_carea' id='block_1_46' title="bbox 162 1426 954 1455">
    <p class='ocr_par' dir='ltr' id='par_1_46' title="bbox 162 1426 954 1455">
     <span class='ocr_line' id='line_1_46' title="bbox 162 1426 954 1455; baseline 0.001 -2"><span class='ocrx_word' id='word_1_296' title='bbox 162 1430 221 1453; x_wconf 90' lang='lat' dir='ltr'><strong>tum</strong></span> <span class='ocrx_word' id='word_1_297' title='bbox 240 1434 306 1453; x_wconf 86' lang='lat' dir='ltr'><strong>vero</strong></span> <span class='ocrx_word' id='word_1_298' title='bbox 327 1426 369 1452; x_wconf 89' lang='lat' dir='ltr'><strong>vel</strong></span> <span class='ocrx_word' id='word_1_299' title='bbox 386 1426 504 1453; x_wconf 86' lang='lat' dir='ltr'><strong>maxime</strong></span> <span class='ocrx_word' id='word_1_300' title='bbox 530 1433 563 1452; x_wconf 81' lang='lat' dir='ltr'><strong>ex</strong></span> <span class='ocrx_word' id='word_1_301' title='bbox 599 1433 677 1453; x_wconf 85' lang='lat' dir='ltr'><strong>sacro</strong></span> <span class='ocrx_word' id='word_1_302' title='bbox 703 1427 954 1455; x_wconf 86' lang='lat' dir='ltr'><strong>ecclesiasticorum</strong></span> 
     </span>
    </p>
   </div>
   <div class='ocr_carea' id='block_1_47' title="bbox 163 1472 954 1508">
    <p class='ocr_par' dir='ltr' id='par_1_47' title="bbox 163 1472 954 1508">
     <span class='ocr_line' id='line_1_47' title="bbox 163 1472 954 1508; baseline 0.001 -8"><span class='ocrx_word' id='word_1_303' title='bbox 163 1473 296 1508; x_wconf 81' lang='lat' dir='ltr'><strong>catalogo,</strong></span> <span class='ocrx_word' id='word_1_304' title='bbox 313 1472 414 1507; x_wconf 87' lang='lat' dir='ltr'><strong>quibus</strong></span> <span class='ocrx_word' id='word_1_305' title='bbox 428 1480 443 1499; x_wconf 88' lang='lat' dir='ltr'><strong>a</strong></span> <span class='ocrx_word' id='word_1_306' title='bbox 467 1473 522 1499; x_wconf 84' lang='lat' dir='ltr'><strong>Deo</strong></span> <span class='ocrx_word' id='word_1_307' title='bbox 541 1472 695 1499; x_wconf 83' lang='lat' dir='ltr'><strong>animarum</strong></span> <span class='ocrx_word' id='word_1_308' title='bbox 710 1480 775 1500; x_wconf 86' lang='lat' dir='ltr'><strong>cura</strong></span> <span class='ocrx_word' id='word_1_309' title='bbox 791 1474 954 1501; x_wconf 87' lang='lat' dir='ltr'><strong>demandata</strong></span> 
     </span>
    </p>
   </div>
   <div class='ocr_carea' id='block_1_48' title="bbox 163 1518 953 1553">
    <p class='ocr_par' dir='ltr' id='par_1_48' title="bbox 163 1518 953 1553">
     <span class='ocr_line' id='line_1_48' title="bbox 163 1518 953 1553; baseline 0.001 -7"><span class='ocrx_word' id='word_1_310' title='bbox 163 1524 216 1550; x_wconf 85' lang='lat' dir='ltr'><strong>est,</strong></span> <span class='ocrx_word' id='word_1_311' title='bbox 238 1519 392 1553; x_wconf 51' lang='lat' dir='ltr'><strong>pratposilis</strong></span> <span class='ocrx_word' id='word_1_312' title='bbox 405 1518 462 1545; x_wconf 88' lang='lat' dir='ltr'><strong>suis</strong></span> <span class='ocrx_word' id='word_1_313' title='bbox 474 1518 628 1552; x_wconf 88' lang='lat' dir='ltr'><strong>obstreperi</strong></span> <span class='ocrx_word' id='word_1_314' title='bbox 643 1519 669 1545; x_wconf 91' lang='lat' dir='ltr'><strong>in</strong></span> <span class='ocrx_word' id='word_1_315' title='bbox 687 1519 877 1547; x_wconf 88' lang='lat' dir='ltr'><strong>schismaticos</strong></span> <span class='ocrx_word' id='word_1_316' title='bbox 893 1524 953 1546; x_wconf 87' lang='lat' dir='ltr'><strong>tan-</strong></span> 
     </span>
    </p>
   </div>
   <div class='ocr_carea' id='block_1_49' title="bbox 164 1563 956 1599">
    <p class='ocr_par' dir='ltr' id='par_1_49' title="bbox 164 1563 956 1599">
     <span class='ocr_line' id='line_1_49' title="bbox 164 1563 956 1599; baseline 0.003 -9"><span class='ocrx_word' id='word_1_317' title='bbox 164 1565 226 1591; x_wconf 82' lang='lat' dir='ltr'><strong>dem</strong></span> <span class='ocrx_word' id='word_1_318' title='bbox 246 1564 340 1591; x_wconf 87' lang='lat' dir='ltr'><strong>nesch</strong></span> <span class='ocrx_word' id='word_1_319' title='bbox 357 1563 486 1590; x_wconf 84' lang='lat' dir='ltr'><strong>evadant.</strong></span> <span class='ocrx_word' id='word_1_320' title='bbox 517 1563 584 1590; x_wconf 81' lang='lat' dir='ltr'><strong>Nam</strong></span> <span class='ocrx_word' id='word_1_321' title='bbox 616 1564 639 1590; x_wconf 81' lang='lat' dir='ltr'><strong>si</strong></span> <span class='ocrx_word' id='word_1_322' title='bbox 669 1564 827 1592; x_wconf 82' lang='lat' dir='ltr'><strong>sacerdotes</strong></span> <span class='ocrx_word' id='word_1_323' title='bbox 856 1565 956 1599; x_wconf 85' lang='lat' dir='ltr'><strong>spiritu</strong></span> 
     </span>
    </p>
   </div>
   <div class='ocr_carea' id='block_1_50' title="bbox 165 1608 957 1644">
    <p class='ocr_par' dir='ltr' id='par_1_50' title="bbox 165 1608 957 1644">
     <span class='ocr_line' id='line_1_50' title="bbox 165 1608 957 1644; baseline 0.003 -8"><span class='ocrx_word' id='word_1_324' title='bbox 165 1609 302 1644; x_wconf 65' lang='lat' dir='ltr'><strong>superbia:</strong></span> <span class='ocrx_word' id='word_1_325' title='bbox 333 1609 497 1640; x_wconf 67' lang='lat' dir='ltr'><strong>efferantur,</strong></span> <span class='ocrx_word' id='word_1_326' title='bbox 531 1608 709 1643; x_wconf 84' lang='lat' dir='ltr'><strong>trivialesque</strong></span> <span class='ocrx_word' id='word_1_327' title='bbox 741 1610 835 1644; x_wconf 88' lang='lat' dir='ltr'><strong>populi</strong></span> <span class='ocrx_word' id='word_1_328' title='bbox 862 1611 957 1639; x_wconf 83' lang='lat' dir='ltr'><strong>turbas</strong></span> 
     </span>
    </p>
   </div>
   <div class='ocr_carea' id='block_1_51' title="bbox 165 1653 955 1689">
    <p class='ocr_par' dir='ltr' id='par_1_51' title="bbox 165 1653 955 1689">
     <span class='ocr_line' id='line_1_51' title="bbox 165 1653 955 1689; baseline 0.003 -9"><span class='ocrx_word' id='word_1_329' title='bbox 165 1659 331 1687; x_wconf 83' lang='lat' dir='ltr'><strong>convocent,</strong></span> <span class='ocrx_word' id='word_1_330' title='bbox 349 1658 432 1688; x_wconf 82' lang='lat' dir='ltr'><strong>atque</strong></span> <span class='ocrx_word' id='word_1_331' title='bbox 463 1653 500 1680; x_wconf 87' lang='lat' dir='ltr'><strong>ita</strong></span> <span class='ocrx_word' id='word_1_332' title='bbox 518 1661 565 1681; x_wconf 92' lang='lat' dir='ltr'><strong>ccs</strong></span> <span class='ocrx_word' id='word_1_333' title='bbox 592 1653 618 1680; x_wconf 94' lang='lat' dir='ltr'><strong>in</strong></span> <span class='ocrx_word' id='word_1_334' title='bbox 645 1658 738 1681; x_wconf 83' lang='lat' dir='ltr'><strong>tnutua</strong></span> <span class='ocrx_word' id='word_1_335' title='bbox 754 1655 816 1682; x_wconf 91' lang='lat' dir='ltr'><strong>odia</strong></span> <span class='ocrx_word' id='word_1_336' title='bbox 839 1660 955 1689; x_wconf 87' lang='lat' dir='ltr'><strong>arment,</strong></span> 
     </span>
    </p>
   </div>
   <div class='ocr_carea' id='block_1_52' title="bbox 165 1701 958 1738">
    <p class='ocr_par' dir='ltr' id='par_1_52' title="bbox 165 1701 958 1738">
     <span class='ocr_line' id='line_1_52' title="bbox 165 1701 958 1738; baseline 0.004 -10"><span class='ocrx_word' id='word_1_337' title='bbox 165 1709 234 1737; x_wconf 86' lang='lat' dir='ltr'><strong>quos</strong></span> <span class='ocrx_word' id='word_1_338' title='bbox 245 1701 341 1728; x_wconf 79' lang='lat' dir='ltr'><strong>eadem</strong></span> <span class='ocrx_word' id='word_1_339' title='bbox 365 1701 451 1727; x_wconf 78' lang='lat' dir='ltr'><strong>divini</strong></span> <span class='ocrx_word' id='word_1_340' title='bbox 480 1701 601 1736; x_wconf 85' lang='lat' dir='ltr'><strong>Spiritus</strong></span> <span class='ocrx_word' id='word_1_341' title='bbox 627 1702 712 1736; x_wconf 69' lang='lat' dir='ltr'><strong>gratia</strong></span> <span class='ocrx_word' id='word_1_342' title='bbox 733 1703 909 1738; x_wconf 73' lang='lat' dir='ltr'><strong>conjungere,</strong></span> <span class='ocrx_word' id='word_1_343' title='bbox 931 1710 958 1732; x_wconf 88' lang='lat' dir='ltr'><strong>et</strong></span> 
     </span>
    </p>
   </div>
   <div class='ocr_carea' id='block_1_53' title="bbox 166 1747 956 1782">
    <p class='ocr_par' dir='ltr' id='par_1_53' title="bbox 166 1747 956 1782">
     <span class='ocr_line' id='line_1_53' title="bbox 166 1747 956 1782; baseline 0.004 -8"><span class='ocrx_word' id='word_1_344' title='bbox 166 1747 192 1774; x_wconf 89' lang='lat' dir='ltr'><strong>in</strong></span> <span class='ocrx_word' id='word_1_345' title='bbox 212 1755 295 1774; x_wconf 90' lang='lat' dir='ltr'><strong>unum</strong></span> <span class='ocrx_word' id='word_1_346' title='bbox 312 1747 392 1782; x_wconf 87' lang='lat' dir='ltr'><strong>quasi</strong></span> <span class='ocrx_word' id='word_1_347' title='bbox 409 1754 511 1781; x_wconf 86' lang='lat' dir='ltr'><strong>corpus</strong></span> <span class='ocrx_word' id='word_1_348' title='bbox 531 1747 719 1782; x_wconf 76' lang='lat' dir='ltr'><strong>conglutinare</strong></span> <span class='ocrx_word' id='word_1_349' title='bbox 732 1748 874 1781; x_wconf 85' lang='lat' dir='ltr'><strong>debuerat,</strong></span> <span class='ocrx_word' id='word_1_350' title='bbox 892 1749 956 1777; x_wconf 87' lang='lat' dir='ltr'><strong>dum</strong></span> 
     </span>
    </p>
   </div>
   <div class='ocr_carea' id='block_1_54' title="bbox 166 1793 958 1830">
    <p class='ocr_par' dir='ltr' id='par_1_54' title="bbox 166 1793 958 1830">
     <span class='ocr_line' id='line_1_54' title="bbox 166 1793 958 1830; baseline 0.005 -11"><span class='ocrx_word' id='word_1_351' title='bbox 166 1793 191 1820; x_wconf 90' lang='lat' dir='ltr'><strong>iu</strong></span> <span class='ocrx_word' id='word_1_352' title='bbox 208 1800 299 1828; x_wconf 77' lang='lat' dir='ltr'><strong>partes</strong></span> <span class='ocrx_word' id='word_1_353' title='bbox 321 1797 348 1820; x_wconf 89' lang='lat' dir='ltr'><strong>et</strong></span> <span class='ocrx_word' id='word_1_354' title='bbox 366 1794 489 1820; x_wconf 88' lang='lat' dir='ltr'><strong>membra</strong></span> <span class='ocrx_word' id='word_1_355' title='bbox 508 1801 590 1820; x_wconf 88' lang='lat' dir='ltr'><strong>unam</strong></span> <span class='ocrx_word' id='word_1_356' title='bbox 607 1794 734 1821; x_wconf 72' lang='lat' dir='ltr'><strong>Ecclesia:</strong></span> <span class='ocrx_word' id='word_1_357' title='bbox 748 1802 904 1830; x_wconf 79' lang='lat' dir='ltr'><strong>compagem</strong></span> <span class='ocrx_word' id='word_1_358' title='bbox 918 1797 958 1823; x_wconf 87' lang='lat' dir='ltr'><strong>di-</strong></span> 
     </span>
    </p>
   </div>
   <div class='ocr_carea' id='block_1_55' title="bbox 165 1839 955 1875">
    <p class='ocr_par' dir='ltr' id='par_1_55' title="bbox 165 1839 955 1875">
     <span class='ocr_line' id='line_1_55' title="bbox 165 1839 955 1875; baseline 0.003 -9"><span class='ocrx_word' id='word_1_359' title='bbox 165 1839 274 1871; x_wconf 76' lang='lat' dir='ltr'><strong>vidunt,</strong></span> <span class='ocrx_word' id='word_1_360' title='bbox 292 1839 355 1874; x_wconf 86' lang='lat' dir='ltr'><strong>quis</strong></span> <span class='ocrx_word' id='word_1_361' title='bbox 368 1840 423 1874; x_wconf 91' lang='lat' dir='ltr'><strong>jam</strong></span> <span class='ocrx_word' id='word_1_362' title='bbox 446 1839 521 1873; x_wconf 81' lang='lat' dir='ltr'><strong>pacis</strong></span> <span class='ocrx_word' id='word_1_363' title='bbox 536 1839 608 1874; x_wconf 88' lang='lat' dir='ltr'><strong>apud</strong></span> <span class='ocrx_word' id='word_1_364' title='bbox 621 1841 753 1874; x_wconf 92' lang='lat' dir='ltr'><strong>populum</strong></span> <span class='ocrx_word' id='word_1_365' title='bbox 771 1849 860 1875; x_wconf 69' lang='lat' dir='ltr'><strong>przeco</strong></span> <span class='ocrx_word' id='word_1_366' title='bbox 880 1842 955 1869; x_wconf 88' lang='lat' dir='ltr'><strong>futu-</strong></span> 
     </span>
    </p>
   </div>
   <div class='ocr_carea' id='block_1_56' title="bbox 167 1886 957 1921">
    <p class='ocr_par' dir='ltr' id='par_1_56' title="bbox 167 1886 957 1921">
     <span class='ocr_line' id='line_1_56' title="bbox 167 1886 957 1921; baseline 0.003 -9"><span class='ocrx_word' id='word_1_367' title='bbox 167 1894 214 1912; x_wconf 91' lang='lat' dir='ltr'><strong>rus</strong></span> <span class='ocrx_word' id='word_1_368' title='bbox 228 1890 269 1913; x_wconf 87' lang='lat' dir='ltr'><strong>est</strong></span> <span class='ocrx_word' id='word_1_369' title='bbox 287 1886 299 1911; x_wconf 77' lang='lat' dir='ltr'><em>‘I</em></span> <span class='ocrx_word' id='word_1_370' title='bbox 317 1890 345 1912; x_wconf 91' lang='lat' dir='ltr'><strong>et</strong></span> <span class='ocrx_word' id='word_1_371' title='bbox 360 1893 558 1920; x_wconf 85' lang='lat' dir='ltr'><strong>persuasurus,</strong></span> <span class='ocrx_word' id='word_1_372' title='bbox 577 1891 606 1912; x_wconf 93' lang='lat' dir='ltr'><strong>ut</strong></span> <span class='ocrx_word' id='word_1_373' title='bbox 630 1887 742 1920; x_wconf 75' lang='lat' dir='ltr'><strong>spiritus</strong></span> <span class='ocrx_word' id='word_1_374' title='bbox 764 1887 957 1921; x_wconf 87' lang='lat' dir='ltr'><strong>conjunctione</strong></span> 
     </span>
    </p>
   </div>
   <div class='ocr_carea' id='block_1_57' title="bbox 166 1930 955 1966">
    <p class='ocr_par' dir='ltr' id='par_1_57' title="bbox 166 1930 955 1966">
     <span class='ocr_line' id='line_1_57' title="bbox 166 1930 955 1966; baseline 0.001 -8"><span class='ocrx_word' id='word_1_375' title='bbox 166 1930 360 1958; x_wconf 23' lang='lat' dir='ltr'><strong>colit-rentiam</strong></span> <span class='ocrx_word' id='word_1_376' title='bbox 390 1931 555 1957; x_wconf 85' lang='lat' dir='ltr'><strong>annulorum</strong></span> <span class='ocrx_word' id='word_1_377' title='bbox 584 1930 727 1957; x_wconf 85' lang='lat' dir='ltr'><strong>imitetur?</strong></span> <span class='ocrx_word' id='word_1_378' title='bbox 757 1931 823 1958; x_wconf 81' lang='lat' dir='ltr'><strong>Nam</strong></span> <span class='ocrx_word' id='word_1_379' title='bbox 853 1933 955 1966; x_wconf 85' lang='lat' dir='ltr'><strong>qualia,</strong></span> 
     </span>
    </p>
   </div>
   <div class='ocr_carea' id='block_1_58' title="bbox 167 1977 956 2014">
    <p class='ocr_par' dir='ltr' id='par_1_58' title="bbox 167 1977 956 2014">
     <span class='ocr_line' id='line_1_58' title="bbox 167 1977 956 2014; baseline 0.003 -11"><span class='ocrx_word' id='word_1_380' title='bbox 167 1983 268 2011; x_wconf 61' lang='lat' dir='ltr'><strong>quaeso,</strong></span> <span class='ocrx_word' id='word_1_381' title='bbox 289 1980 352 2003; x_wconf 88' lang='lat' dir='ltr'><strong>sunt</strong></span> <span class='ocrx_word' id='word_1_382' title='bbox 379 1984 410 2004; x_wconf 89' lang='lat' dir='ltr'><strong>ea</strong></span> <span class='ocrx_word' id='word_1_383' title='bbox 441 1984 502 2011; x_wconf 77' lang='lat' dir='ltr'><strong>qua:</strong></span> <span class='ocrx_word' id='word_1_384' title='bbox 528 1984 577 2011; x_wconf 85' lang='lat' dir='ltr'><strong>per</strong></span> <span class='ocrx_word' id='word_1_385' title='bbox 599 1977 788 2010; x_wconf 88' lang='lat' dir='ltr'><strong>ambitionem,</strong></span> <span class='ocrx_word' id='word_1_386' title='bbox 815 1983 842 2005; x_wconf 91' lang='lat' dir='ltr'><strong>et</strong></span> <span class='ocrx_word' id='word_1_387' title='bbox 867 1979 956 2014; x_wconf 78' lang='lat' dir='ltr'><strong>magni</strong></span> 
     </span>
    </p>
   </div>
   <div class='ocr_carea' id='block_1_59' title="bbox 168 2021 956 2055">
    <p class='ocr_par' dir='ltr' id='par_1_59' title="bbox 168 2021 956 2055">
     <span class='ocr_line' id='line_1_59' title="bbox 168 2021 956 2055; baseline 0.004 -8"><span class='ocrx_word' id='word_1_388' title='bbox 168 2021 242 2048; x_wconf 88' lang='lat' dir='ltr'><strong>illius</strong></span> <span class='ocrx_word' id='word_1_389' title='bbox 257 2021 405 2048; x_wconf 81' lang='lat' dir='ltr'><strong>Alexandri</strong></span> <span class='ocrx_word' id='word_1_390' title='bbox 428 2021 533 2052; x_wconf 89' lang='lat' dir='ltr'><strong>odium,</strong></span> <span class='ocrx_word' id='word_1_391' title='bbox 560 2021 678 2048; x_wconf 82' lang='lat' dir='ltr'><strong>Mclilius</strong></span> <span class='ocrx_word' id='word_1_392' title='bbox 708 2027 880 2050; x_wconf 85' lang='lat' dir='ltr'><strong>commentus</strong></span> <span class='ocrx_word' id='word_1_393' title='bbox 903 2029 956 2055; x_wconf 89' lang='lat' dir='ltr'><strong>est,</strong></span> 
     </span>
    </p>
   </div>
   <div class='ocr_carea' id='block_1_60' title="bbox 167 2066 955 2102">
    <p class='ocr_par' dir='ltr' id='par_1_60' title="bbox 167 2066 955 2102">
     <span class='ocr_line' id='line_1_60' title="bbox 167 2066 955 2102; baseline 0.003 -8"><span class='ocrx_word' id='word_1_394' title='bbox 167 2074 286 2101; x_wconf 70' lang='lat' dir='ltr'><strong>eumque</strong></span> <span class='ocrx_word' id='word_1_395' title='bbox 311 2067 398 2094; x_wconf 89' lang='lat' dir='ltr'><strong>secuti</strong></span> <span class='ocrx_word' id='word_1_396' title='bbox 430 2066 557 2101; x_wconf 80' lang='lat' dir='ltr'><strong>discipuli</strong></span> <span class='ocrx_word' id='word_1_397' title='bbox 584 2067 780 2102; x_wconf 80' lang='lat' dir='ltr'><strong>designarunt?</strong></span> <span class='ocrx_word' id='word_1_398' title='bbox 808 2069 856 2096; x_wconf 87' lang='lat' dir='ltr'><strong>Ille</strong></span> <span class='ocrx_word' id='word_1_399' title='bbox 882 2070 955 2096; x_wconf 86' lang='lat' dir='ltr'><strong>enim</strong></span> 
     </span>
    </p>
   </div>
   <div class='ocr_carea' id='block_1_61' title="bbox 169 2113 967 2148">
    <p class='ocr_par' dir='ltr' id='par_1_61' title="bbox 169 2113 967 2148">
     <span class='ocr_line' id='line_1_61' title="bbox 169 2113 967 2148; baseline 0.001 -7"><span class='ocrx_word' id='word_1_400' title='bbox 169 2113 234 2141; x_wconf 87' lang='lat' dir='ltr'><strong>dum</strong></span> <span class='ocrx_word' id='word_1_401' title='bbox 247 2121 356 2140; x_wconf 88' lang='lat' dir='ltr'><strong>summo</strong></span> <span class='ocrx_word' id='word_1_402' title='bbox 367 2113 429 2148; x_wconf 87' lang='lat' dir='ltr'><strong>jure</strong></span> <span class='ocrx_word' id='word_1_403' title='bbox 446 2120 608 2148; x_wconf 85' lang='lat' dir='ltr'><strong>summaque</strong></span> <span class='ocrx_word' id='word_1_404' title='bbox 629 2113 734 2140; x_wconf 88' lang='lat' dir='ltr'><strong>malitia</strong></span> <span class='ocrx_word' id='word_1_405' title='bbox 748 2114 889 2141; x_wconf 86' lang='lat' dir='ltr'><strong>severitati</strong></span> <span class='ocrx_word' id='word_1_406' title='bbox 910 2121 967 2142; x_wconf 80' lang='lat' dir='ltr'><strong>ca-’</strong></span> 
     </span>
    </p>
   </div>
   <div class='ocr_carea' id='block_1_62' title="bbox 169 2158 957 2194">
    <p class='ocr_par' dir='ltr' id='par_1_62' title="bbox 169 2158 957 2194">
     <span class='ocr_line' id='line_1_62' title="bbox 169 2158 957 2194; baseline 0.001 -8"><span class='ocrx_word' id='word_1_407' title='bbox 169 2159 274 2186; x_wconf 73' lang='lat' dir='ltr'><strong>nonicae</strong></span> <span class='ocrx_word' id='word_1_408' title='bbox 286 2160 348 2194; x_wconf 88' lang='lat' dir='ltr'><strong>plus</strong></span> <span class='ocrx_word' id='word_1_409' title='bbox 361 2166 440 2194; x_wconf 66' lang='lat' dir='ltr'><strong>aaquo</strong></span> <span class='ocrx_word' id='word_1_410' title='bbox 467 2158 568 2192; x_wconf 84' lang='lat' dir='ltr'><strong>studet,</strong></span> <span class='ocrx_word' id='word_1_411' title='bbox 592 2163 621 2186; x_wconf 87' lang='lat' dir='ltr'><strong>et</strong></span> <span class='ocrx_word' id='word_1_412' title='bbox 639 2159 672 2186; x_wconf 90' lang='lat' dir='ltr'><strong>iis</strong></span> <span class='ocrx_word' id='word_1_413' title='bbox 694 2159 742 2194; x_wconf 89' lang='lat' dir='ltr'><strong>qui</strong></span> <span class='ocrx_word' id='word_1_414' title='bbox 758 2161 957 2194; x_wconf 86' lang='lat' dir='ltr'><strong>persecutionis</strong></span> 
     </span>
    </p>
   </div>
   <div class='ocr_carea' id='block_1_63' title="bbox 171 2205 963 2240">
    <p class='ocr_par' dir='ltr' id='par_1_63' title="bbox 171 2205 963 2240">
     <span class='ocr_line' id='line_1_63' title="bbox 171 2205 963 2240; baseline 0.001 -8"><span class='ocrx_word' id='word_1_415' title='bbox 171 2209 292 2240; x_wconf 83' lang='lat' dir='ltr'><strong>tempore</strong></span> <span class='ocrx_word' id='word_1_416' title='bbox 307 2205 375 2240; x_wconf 77' lang='lat' dir='ltr'><strong>lapsi</strong></span> <span class='ocrx_word' id='word_1_417' title='bbox 393 2209 483 2238; x_wconf 85' lang='lat' dir='ltr'><strong>erant,</strong></span> <span class='ocrx_word' id='word_1_418' title='bbox 511 2213 560 2233; x_wconf 86' lang='lat' dir='ltr'><strong>nec</strong></span> <span class='ocrx_word' id='word_1_419' title='bbox 586 2205 619 2232; x_wconf 91' lang='lat' dir='ltr'><strong>ad</strong></span> <span class='ocrx_word' id='word_1_420' title='bbox 643 2209 797 2234; x_wconf 80' lang='lat' dir='ltr'><strong>extremum</strong></span> <span class='ocrx_word' id='word_1_421' title='bbox 823 2210 963 2233; x_wconf 85' lang='lat' dir='ltr'><strong>concerta-</strong></span> 
     </span>
    </p>
   </div>
   <div class='ocr_carea' id='block_1_64' title="bbox 1005 922 1817 958">
    <p class='ocr_par' dir='ltr' id='par_1_64' title="bbox 1005 922 1817 958">
     <span class='ocr_line' id='line_1_64' title="bbox 1005 922 1817 958; baseline 0.002 -10"><span class='ocrx_word' id='word_1_422' title='bbox 1005 922 1053 953; x_wconf 89' lang='lat' dir='ltr'><strong>tio,</strong></span> <span class='ocrx_word' id='word_1_423' title='bbox 1067 922 1155 956; x_wconf 86' lang='lat' dir='ltr'><strong>qualis</strong></span> <span class='ocrx_word' id='word_1_424' title='bbox 1172 922 1199 949; x_wconf 94' lang='lat' dir='ltr'><strong>in</strong></span> <span class='ocrx_word' id='word_1_425' title='bbox 1215 923 1248 950; x_wconf 90' lang='lat' dir='ltr'><strong>iis</strong></span> <span class='ocrx_word' id='word_1_426' title='bbox 1271 923 1448 955; x_wconf 87' lang='lat' dir='ltr'><strong>cernebatur,</strong></span> <span class='ocrx_word' id='word_1_427' title='bbox 1473 931 1542 958; x_wconf 85' lang='lat' dir='ltr'><strong>quos</strong></span> <span class='ocrx_word' id='word_1_428' title='bbox 1569 923 1710 950; x_wconf 84' lang='lat' dir='ltr'><strong>maximus</strong></span> <span class='ocrx_word' id='word_1_429' title='bbox 1734 924 1817 951; x_wconf 80' lang='lat' dir='ltr'><strong>Ale-</strong></span> 
     </span>
    </p>
   </div>
   <div class='ocr_carea' id='block_1_65' title="bbox 1003 968 1812 1005">
    <p class='ocr_par' dir='ltr' id='par_1_65' title="bbox 1003 968 1812 1005">
     <span class='ocr_line' id='line_1_65' title="bbox 1003 968 1812 1005; baseline 0.004 -11"><span class='ocrx_word' id='word_1_430' title='bbox 1003 968 1106 996; x_wconf 85' lang='lat' dir='ltr'><strong>xander</strong></span> <span class='ocrx_word' id='word_1_431' title='bbox 1135 969 1168 995; x_wconf 89' lang='lat' dir='ltr'><strong>ad</strong></span> <span class='ocrx_word' id='word_1_432' title='bbox 1196 970 1328 997; x_wconf 79' lang='lat' dir='ltr'><strong>Melitium</strong></span> <span class='ocrx_word' id='word_1_433' title='bbox 1350 970 1511 1002; x_wconf 77' lang='lat' dir='ltr'><strong>introduxit,</strong></span> <span class='ocrx_word' id='word_1_434' title='bbox 1539 970 1634 1004; x_wconf 86' lang='lat' dir='ltr'><strong>eisque</strong></span> <span class='ocrx_word' id='word_1_435' title='bbox 1658 970 1709 1005; x_wconf 89' lang='lat' dir='ltr'><strong>qui</strong></span> <span class='ocrx_word' id='word_1_436' title='bbox 1736 978 1812 998; x_wconf 85' lang='lat' dir='ltr'><strong>cum</strong></span> 
     </span>
    </p>
   </div>
   <div class='ocr_carea' id='block_1_66' title="bbox 1003 1013 1808 1050">
    <p class='ocr_par' dir='ltr' id='par_1_66' title="bbox 1003 1013 1808 1050">
     <span class='ocr_line' id='line_1_66' title="bbox 1003 1013 1808 1050; baseline 0.002 -10"><span class='ocrx_word' id='word_1_437' title='bbox 1003 1013 1049 1040; x_wconf 93' lang='lat' dir='ltr'><strong>illo</strong></span> <span class='ocrx_word' id='word_1_438' title='bbox 1067 1014 1094 1040; x_wconf 91' lang='lat' dir='ltr'><strong>in</strong></span> <span class='ocrx_word' id='word_1_439' title='bbox 1111 1014 1227 1042; x_wconf 83' lang='lat' dir='ltr'><strong>vinculis</strong></span> <span class='ocrx_word' id='word_1_440' title='bbox 1242 1014 1458 1042; x_wconf 85' lang='lat' dir='ltr'><strong>detinebantur:</strong></span> <span class='ocrx_word' id='word_1_441' title='bbox 1489 1023 1523 1042; x_wconf 86' lang='lat' dir='ltr'><strong>ne</strong></span> <span class='ocrx_word' id='word_1_442' title='bbox 1549 1015 1623 1042; x_wconf 88' lang='lat' dir='ltr'><strong>forte</strong></span> <span class='ocrx_word' id='word_1_443' title='bbox 1650 1016 1673 1042; x_wconf 88' lang='lat' dir='ltr'><strong>si</strong></span> <span class='ocrx_word' id='word_1_444' title='bbox 1700 1016 1752 1050; x_wconf 90' lang='lat' dir='ltr'><strong>qui</strong></span> <span class='ocrx_word' id='word_1_445' title='bbox 1773 1024 1808 1042; x_wconf 83' lang='lat' dir='ltr'><strong>re</strong></span> 
     </span>
    </p>
   </div>
   <div class='ocr_carea' id='block_1_67' title="bbox 1004 1059 1806 1093">
    <p class='ocr_par' dir='ltr' id='par_1_67' title="bbox 1004 1059 1806 1093">
     <span class='ocr_line' id='line_1_67' title="bbox 1004 1059 1806 1093; baseline 0.004 -8"><span class='ocrx_word' id='word_1_446' title='bbox 1004 1059 1116 1092; x_wconf 78' lang='lat' dir='ltr'><strong>infecta,</strong></span> <span class='ocrx_word' id='word_1_447' title='bbox 1142 1060 1251 1087; x_wconf 87' lang='lat' dir='ltr'><strong>dicebat</strong></span> <span class='ocrx_word' id='word_1_448' title='bbox 1287 1060 1342 1093; x_wconf 88' lang='lat' dir='ltr'><strong>ille,</strong></span> <span class='ocrx_word' id='word_1_449' title='bbox 1369 1061 1555 1093; x_wconf 88' lang='lat' dir='ltr'><strong>remittantur,</strong></span> <span class='ocrx_word' id='word_1_450' title='bbox 1581 1061 1668 1087; x_wconf 90' lang='lat' dir='ltr'><strong>nimio</strong></span> <span class='ocrx_word' id='word_1_451' title='bbox 1700 1061 1806 1088; x_wconf 81' lang='lat' dir='ltr'><strong>dolore</strong></span> 
     </span>
    </p>
   </div>
   <div class='ocr_carea' id='block_1_68' title="bbox 1003 1105 1804 1141">
    <p class='ocr_par' dir='ltr' id='par_1_68' title="bbox 1003 1105 1804 1141">
     <span class='ocr_line' id='line_1_68' title="bbox 1003 1105 1804 1141; baseline 0.001 -9"><span class='ocrx_word' id='word_1_452' title='bbox 1003 1105 1209 1139; x_wconf 84' lang='lat' dir='ltr'><strong>contabescant,</strong></span> <span class='ocrx_word' id='word_1_453' title='bbox 1222 1114 1306 1141; x_wconf 85' lang='lat' dir='ltr'><strong>seque</strong></span> <span class='ocrx_word' id='word_1_454' title='bbox 1322 1106 1349 1133; x_wconf 84' lang='lat' dir='ltr'><strong>in</strong></span> <span class='ocrx_word' id='word_1_455' title='bbox 1366 1106 1484 1141; x_wconf 62' lang='lat' dir='ltr'><strong>iis.qu;e</strong></span> <span class='ocrx_word' id='word_1_456' title='bbox 1502 1113 1550 1140; x_wconf 87' lang='lat' dir='ltr'><strong>pro</strong></span> <span class='ocrx_word' id='word_1_457' title='bbox 1567 1107 1734 1133; x_wconf 89' lang='lat' dir='ltr'><strong>delictorum</strong></span> <span class='ocrx_word' id='word_1_458' title='bbox 1749 1114 1804 1134; x_wconf 68' lang='lat' dir='ltr'><strong>ve-</strong></span> 
     </span>
    </p>
   </div>
   <div class='ocr_carea' id='block_1_69' title="bbox 1004 1153 1806 1187">
    <p class='ocr_par' dir='ltr' id='par_1_69' title="bbox 1004 1153 1806 1187">
     <span class='ocr_line' id='line_1_69' title="bbox 1004 1153 1806 1187; baseline 0 -8"><span class='ocrx_word' id='word_1_459' title='bbox 1004 1153 1048 1179; x_wconf 78' lang='lat' dir='ltr'><strong>nia</strong></span> <span class='ocrx_word' id='word_1_460' title='bbox 1075 1153 1258 1185; x_wconf 89' lang='lat' dir='ltr'><strong>obtestantur,</strong></span> <span class='ocrx_word' id='word_1_461' title='bbox 1284 1153 1420 1187; x_wconf 86' lang='lat' dir='ltr'><strong>repulsam</strong></span> <span class='ocrx_word' id='word_1_462' title='bbox 1452 1153 1508 1186; x_wconf 83' lang='lat' dir='ltr'><strong>pati</strong></span> <span class='ocrx_word' id='word_1_463' title='bbox 1545 1153 1681 1185; x_wconf 86' lang='lat' dir='ltr'><strong>videntes,</strong></span> <span class='ocrx_word' id='word_1_464' title='bbox 1713 1153 1806 1180; x_wconf 81' lang='lat' dir='ltr'><strong>Deum</strong></span> 
     </span>
    </p>
   </div>
   <div class='ocr_carea' id='block_1_70' title="bbox 1003 1198 1806 1234">
    <p class='ocr_par' dir='ltr' id='par_1_70' title="bbox 1003 1198 1806 1234">
     <span class='ocr_line' id='line_1_70' title="bbox 1003 1198 1806 1234; baseline 0.002 -10"><span class='ocrx_word' id='word_1_465' title='bbox 1003 1206 1123 1233; x_wconf 84' lang='lat' dir='ltr'><strong>quoque,</strong></span> <span class='ocrx_word' id='word_1_466' title='bbox 1138 1198 1184 1233; x_wconf 85' lang='lat' dir='ltr'><strong>qui</strong></span> <span class='ocrx_word' id='word_1_467' title='bbox 1203 1202 1277 1226; x_wconf 88' lang='lat' dir='ltr'><strong>totus</strong></span> <span class='ocrx_word' id='word_1_468' title='bbox 1298 1199 1355 1234; x_wconf 87' lang='lat' dir='ltr'><strong>ipsa</strong></span> <span class='ocrx_word' id='word_1_469' title='bbox 1372 1199 1559 1226; x_wconf 88' lang='lat' dir='ltr'><strong>misericordia</strong></span> <span class='ocrx_word' id='word_1_470' title='bbox 1583 1203 1636 1230; x_wconf 85' lang='lat' dir='ltr'><strong>est,</strong></span> <span class='ocrx_word' id='word_1_471' title='bbox 1664 1207 1721 1226; x_wconf 90' lang='lat' dir='ltr'><strong>non</strong></span> <span class='ocrx_word' id='word_1_472' title='bbox 1750 1200 1806 1226; x_wconf 73' lang='lat' dir='ltr'><strong>nii-</strong></span> 
     </span>
    </p>
   </div>
   <div class='ocr_carea' id='block_1_71' title="bbox 1004 1243 1802 1278">
    <p class='ocr_par' dir='ltr' id='par_1_71' title="bbox 1004 1243 1802 1278">
     <span class='ocr_line' id='line_1_71' title="bbox 1004 1243 1802 1278; baseline 0.001 -9"><span class='ocrx_word' id='word_1_473' title='bbox 1004 1250 1056 1270; x_wconf 91' lang='lat' dir='ltr'><strong>nus</strong></span> <span class='ocrx_word' id='word_1_474' title='bbox 1073 1243 1125 1270; x_wconf 91' lang='lat' dir='ltr'><strong>sibi</strong></span> <span class='ocrx_word' id='word_1_475' title='bbox 1142 1243 1384 1270; x_wconf 85' lang='lat' dir='ltr'><strong>immisericordetn</strong></span> <span class='ocrx_word' id='word_1_476' title='bbox 1410 1243 1574 1278; x_wconf 89' lang='lat' dir='ltr'><strong>quandoque</strong></span> <span class='ocrx_word' id='word_1_477' title='bbox 1593 1243 1720 1270; x_wconf 89' lang='lat' dir='ltr'><strong>futurum</strong></span> <span class='ocrx_word' id='word_1_478' title='bbox 1747 1252 1802 1278; x_wconf 78' lang='grc' dir='ltr'><strong>ρη-</strong></span> 
     </span>
    </p>
   </div>
   <div class='ocr_carea' id='block_1_72' title="bbox 1005 1288 1802 1322">
    <p class='ocr_par' dir='ltr' id='par_1_72' title="bbox 1005 1288 1802 1322">
     <span class='ocr_line' id='line_1_72' title="bbox 1005 1288 1802 1322; baseline 0 -7"><span class='ocrx_word' id='word_1_479' title='bbox 1005 1292 1076 1320; x_wconf 90' lang='lat' dir='ltr'><strong>tent,</strong></span> <span class='ocrx_word' id='word_1_480' title='bbox 1092 1296 1174 1322; x_wconf 89' lang='lat' dir='ltr'><strong>quam</strong></span> <span class='ocrx_word' id='word_1_481' title='bbox 1190 1294 1315 1315; x_wconf 89' lang='lat' dir='ltr'><strong>terrenos</strong></span> <span class='ocrx_word' id='word_1_482' title='bbox 1331 1289 1358 1316; x_wconf 92' lang='lat' dir='ltr'><strong>in</strong></span> <span class='ocrx_word' id='word_1_483' title='bbox 1373 1288 1427 1316; x_wconf 88' lang='lat' dir='ltr'><strong>hoc</strong></span> <span class='ocrx_word' id='word_1_484' title='bbox 1444 1289 1542 1317; x_wconf 72' lang='lat' dir='ltr'><strong>smculo</strong></span> <span class='ocrx_word' id='word_1_485' title='bbox 1558 1291 1717 1316; x_wconf 88' lang='lat' dir='ltr'><strong>anitnarum</strong></span> <span class='ocrx_word' id='word_1_486' title='bbox 1734 1296 1802 1315; x_wconf 80' lang='lat' dir='ltr'><strong>Sua-</strong></span> 
     </span>
    </p>
   </div>
   <div class='ocr_carea' id='block_1_73' title="bbox 1005 1335 1803 1370">
    <p class='ocr_par' dir='ltr' id='par_1_73' title="bbox 1005 1335 1803 1370">
     <span class='ocr_line' id='line_1_73' title="bbox 1005 1335 1803 1370; baseline -0.001 -8"><span class='ocrx_word' id='word_1_487' title='bbox 1005 1343 1066 1362; x_wconf 87' lang='lat' dir='ltr'><strong>rum</strong></span> <span class='ocrx_word' id='word_1_488' title='bbox 1092 1335 1214 1362; x_wconf 89' lang='lat' dir='ltr'><strong>medicos</strong></span> <span class='ocrx_word' id='word_1_489' title='bbox 1232 1335 1480 1370; x_wconf 86' lang='lat' dir='ltr'><strong>conspicarentur:</strong></span> <span class='ocrx_word' id='word_1_490' title='bbox 1509 1340 1544 1363; x_wconf 42' lang='lat' dir='ltr'><strong>etr</strong></span> <span class='ocrx_word' id='word_1_491' title='bbox 1562 1335 1626 1363; x_wconf 90' lang='lat' dir='ltr'><strong>inde</strong></span> <span class='ocrx_word' id='word_1_492' title='bbox 1644 1341 1753 1362; x_wconf 88' lang='lat' dir='ltr'><strong>certam</strong></span> <span class='ocrx_word' id='word_1_493' title='bbox 1773 1335 1803 1362; x_wconf 86' lang='lat' dir='ltr'><strong>in</strong></span> 
     </span>
    </p>
   </div>
   <div class='ocr_carea' id='block_1_74' title="bbox 1005 1381 1802 1417">
    <p class='ocr_par' dir='ltr' id='par_1_74' title="bbox 1005 1381 1802 1417">
     <span class='ocr_line' id='line_1_74' title="bbox 1005 1381 1802 1417; baseline -0.003 -8"><span class='ocrx_word' id='word_1_494' title='bbox 1005 1381 1223 1416; x_wconf 84' lang='lat' dir='ltr'><strong>desperationem</strong></span> <span class='ocrx_word' id='word_1_495' title='bbox 1249 1382 1379 1416; x_wconf 87' lang='lat' dir='ltr'><strong>prolapsi,</strong></span> <span class='ocrx_word' id='word_1_496' title='bbox 1412 1383 1466 1417; x_wconf 88' lang='lat' dir='ltr'><strong>jam</strong></span> <span class='ocrx_word' id='word_1_497' title='bbox 1499 1386 1582 1416; x_wconf 87' lang='lat' dir='ltr'><strong>caput</strong></span> <span class='ocrx_word' id='word_1_498' title='bbox 1611 1388 1627 1409; x_wconf 87' lang='lat' dir='ltr'><strong>e</strong></span> <span class='ocrx_word' id='word_1_499' title='bbox 1659 1381 1802 1416; x_wconf 83' lang='lat' dir='ltr'><strong>profundo</strong></span> 
     </span>
    </p>
   </div>
   <div class='ocr_carea' id='block_1_75' title="bbox 1005 1428 1513 1464">
    <p class='ocr_par' dir='ltr' id='par_1_75' title="bbox 1005 1428 1513 1464">
     <span class='ocr_line' id='line_1_75' title="bbox 1005 1428 1513 1464; baseline -0.002 -9"><span class='ocrx_word' id='word_1_500' title='bbox 1005 1428 1168 1464; x_wconf 87' lang='lat' dir='ltr'><strong>perditionis</strong></span> <span class='ocrx_word' id='word_1_501' title='bbox 1182 1435 1311 1455; x_wconf 82' lang='lat' dir='ltr'><strong>exserere</strong></span> <span class='ocrx_word' id='word_1_502' title='bbox 1328 1435 1382 1455; x_wconf 91' lang='lat' dir='ltr'><strong>non</strong></span> <span class='ocrx_word' id='word_1_503' title='bbox 1398 1428 1513 1462; x_wconf 87' lang='lat' dir='ltr'><strong>possint.</strong></span> 
     </span>
    </p>
   </div>
   <div class='ocr_carea' id='block_1_76' title="bbox 1040 1472 1802 1505">
    <p class='ocr_par' dir='ltr' id='par_1_76' title="bbox 1040 1472 1802 1505">
     <span class='ocr_line' id='line_1_76' title="bbox 1040 1472 1802 1505; baseline -0.003 -5"><span class='ocrx_word' id='word_1_504' title='bbox 1040 1474 1175 1501; x_wconf 67' lang='lat' dir='ltr'><strong>Caeterum</strong></span> <span class='ocrx_word' id='word_1_505' title='bbox 1192 1474 1249 1500; x_wconf 71' lang='lat' dir='ltr'><strong>lucc</strong></span> <span class='ocrx_word' id='word_1_506' title='bbox 1274 1478 1302 1501; x_wconf 90' lang='lat' dir='ltr'><strong>et</strong></span> <span class='ocrx_word' id='word_1_507' title='bbox 1331 1474 1421 1505; x_wconf 86' lang='lat' dir='ltr'><strong>nobis,</strong></span> <span class='ocrx_word' id='word_1_508' title='bbox 1437 1478 1465 1500; x_wconf 91' lang='lat' dir='ltr'><strong>et</strong></span> <span class='ocrx_word' id='word_1_509' title='bbox 1478 1478 1540 1500; x_wconf 88' lang='lat' dir='ltr'><strong>ante</strong></span> <span class='ocrx_word' id='word_1_510' title='bbox 1558 1480 1608 1500; x_wconf 89' lang='lat' dir='ltr'><strong>nos</strong></span> <span class='ocrx_word' id='word_1_511' title='bbox 1637 1472 1711 1504; x_wconf 84' lang='lat' dir='ltr'><strong>aliis,</strong></span> <span class='ocrx_word' id='word_1_512' title='bbox 1741 1479 1802 1499; x_wconf 87' lang='lat' dir='ltr'><strong>non</strong></span> 
     </span>
    </p>
   </div>
   <div class='ocr_carea' id='block_1_77' title="bbox 1006 1519 1802 1555">
    <p class='ocr_par' dir='ltr' id='par_1_77' title="bbox 1006 1519 1802 1555">
     <span class='ocr_line' id='line_1_77' title="bbox 1006 1519 1802 1555; baseline -0.005 -7"><span class='ocrx_word' id='word_1_513' title='bbox 1006 1521 1099 1555; x_wconf 86' lang='lat' dir='ltr'><strong>procul</strong></span> <span class='ocrx_word' id='word_1_514' title='bbox 1114 1522 1147 1547; x_wconf 87' lang='lat' dir='ltr'><strong>ab</strong></span> <span class='ocrx_word' id='word_1_515' title='bbox 1161 1528 1194 1547; x_wconf 91' lang='lat' dir='ltr'><strong>co</strong></span> <span class='ocrx_word' id='word_1_516' title='bbox 1211 1520 1282 1554; x_wconf 89' lang='lat' dir='ltr'><strong>quod</strong></span> <span class='ocrx_word' id='word_1_517' title='bbox 1300 1527 1344 1547; x_wconf 86' lang='lat' dir='ltr'><strong>res</strong></span> <span class='ocrx_word' id='word_1_518' title='bbox 1362 1525 1411 1550; x_wconf 85' lang='lat' dir='ltr'><strong>est,</strong></span> <span class='ocrx_word' id='word_1_519' title='bbox 1430 1521 1530 1554; x_wconf 89' lang='lat' dir='ltr'><strong>piaque</strong></span> <span class='ocrx_word' id='word_1_520' title='bbox 1546 1520 1686 1546; x_wconf 86' lang='lat' dir='ltr'><strong>sententia</strong></span> <span class='ocrx_word' id='word_1_521' title='bbox 1716 1519 1802 1545; x_wconf 86' lang='lat' dir='ltr'><strong>aber-</strong></span> 
     </span>
    </p>
   </div>
   <div class='ocr_carea' id='block_1_78' title="bbox 1009 1565 1802 1600">
    <p class='ocr_par' dir='ltr' id='par_1_78' title="bbox 1009 1565 1802 1600">
     <span class='ocr_line' id='line_1_78' title="bbox 1009 1565 1802 1600; baseline -0.005 -6"><span class='ocrx_word' id='word_1_522' title='bbox 1009 1567 1135 1594; x_wconf 82' lang='lat' dir='ltr'><strong>rantibus</strong></span> <span class='ocrx_word' id='word_1_523' title='bbox 1164 1566 1327 1597; x_wconf 81' lang='lat' dir='ltr'><strong>innotuissc,</strong></span> <span class='ocrx_word' id='word_1_524' title='bbox 1355 1566 1436 1592; x_wconf 85' lang='lat' dir='ltr'><strong>exiis</strong></span> <span class='ocrx_word' id='word_1_525' title='bbox 1455 1573 1515 1600; x_wconf 74' lang='lat' dir='ltr'><strong>qua:</strong></span> <span class='ocrx_word' id='word_1_526' title='bbox 1541 1565 1575 1592; x_wconf 88' lang='lat' dir='ltr'><strong>ab</strong></span> <span class='ocrx_word' id='word_1_527' title='bbox 1599 1565 1756 1592; x_wconf 78' lang='lat' dir='ltr'><strong>Alexandro</strong></span> <span class='ocrx_word' id='word_1_528' title='bbox 1772 1568 1802 1591; x_wconf 78' lang='lat' dir='ltr'><strong>et</strong></span> 
     </span>
    </p>
   </div>
   <div class='ocr_carea' id='block_1_79' title="bbox 1009 1611 1799 1647">
    <p class='ocr_par' dir='ltr' id='par_1_79' title="bbox 1009 1611 1799 1647">
     <span class='ocr_line' id='line_1_79' title="bbox 1009 1611 1799 1647; baseline -0.005 -7"><span class='ocrx_word' id='word_1_529' title='bbox 1009 1613 1110 1640; x_wconf 79' lang='lat' dir='ltr'><strong>Melitio</strong></span> <span class='ocrx_word' id='word_1_530' title='bbox 1122 1618 1196 1647; x_wconf 82' lang='lat' dir='ltr'><strong>gesta</strong></span> <span class='ocrx_word' id='word_1_531' title='bbox 1223 1612 1359 1645; x_wconf 86' lang='lat' dir='ltr'><strong>feruntur,</strong></span> <span class='ocrx_word' id='word_1_532' title='bbox 1383 1612 1474 1646; x_wconf 78' lang='lat' dir='ltr'><strong>quivis</strong></span> <span class='ocrx_word' id='word_1_533' title='bbox 1493 1612 1573 1638; x_wconf 85' lang='lat' dir='ltr'><strong>facile</strong></span> <span class='ocrx_word' id='word_1_534' title='bbox 1595 1611 1799 1645; x_wconf 84' lang='lat' dir='ltr'><strong>deprehendat.</strong></span> 
     </span>
    </p>
   </div>
   <div class='ocr_carea' id='block_1_80' title="bbox 1008 1657 1802 1693">
    <p class='ocr_par' dir='ltr' id='par_1_80' title="bbox 1008 1657 1802 1693">
     <span class='ocr_line' id='line_1_80' title="bbox 1008 1657 1802 1693; baseline -0.006 -6"><span class='ocrx_word' id='word_1_535' title='bbox 1008 1660 1057 1687; x_wconf 82' lang='lat' dir='ltr'><strong>Ille</strong></span> <span class='ocrx_word' id='word_1_536' title='bbox 1072 1659 1145 1686; x_wconf 89' lang='lat' dir='ltr'><strong>enim</strong></span> <span class='ocrx_word' id='word_1_537' title='bbox 1158 1667 1219 1686; x_wconf 87' lang='lat' dir='ltr'><strong>cum</strong></span> <span class='ocrx_word' id='word_1_538' title='bbox 1231 1659 1409 1686; x_wconf 81' lang='lat' dir='ltr'><strong>humanitatis</strong></span> <span class='ocrx_word' id='word_1_539' title='bbox 1423 1658 1533 1693; x_wconf 89' lang='lat' dir='ltr'><strong>plenum</strong></span> <span class='ocrx_word' id='word_1_540' title='bbox 1559 1657 1593 1684; x_wconf 89' lang='lat' dir='ltr'><strong>de</strong></span> <span class='ocrx_word' id='word_1_541' title='bbox 1622 1657 1657 1684; x_wconf 91' lang='lat' dir='ltr'><strong>iis</strong></span> <span class='ocrx_word' id='word_1_542' title='bbox 1673 1657 1720 1687; x_wconf 86' lang='lat' dir='ltr'><strong>qui</strong></span> <span class='ocrx_word' id='word_1_543' title='bbox 1737 1664 1802 1691; x_wconf 81' lang='lat' dir='ltr'><strong>pcr-</strong></span> 
     </span>
    </p>
   </div>
   <div class='ocr_carea' id='block_1_81' title="bbox 1008 1704 1799 1740">
    <p class='ocr_par' dir='ltr' id='par_1_81' title="bbox 1008 1704 1799 1740">
     <span class='ocr_line' id='line_1_81' title="bbox 1008 1704 1799 1740; baseline -0.004 -8"><span class='ocrx_word' id='word_1_544' title='bbox 1008 1706 1158 1732; x_wconf 81' lang='lat' dir='ltr'><strong>sccutionis</strong></span> <span class='ocrx_word' id='word_1_545' title='bbox 1174 1711 1295 1740; x_wconf 86' lang='lat' dir='ltr'><strong>tempore</strong></span> <span class='ocrx_word' id='word_1_546' title='bbox 1311 1706 1377 1739; x_wconf 87' lang='lat' dir='ltr'><strong>lapsi</strong></span> <span class='ocrx_word' id='word_1_547' title='bbox 1393 1706 1502 1731; x_wconf 88' lang='lat' dir='ltr'><strong>fuerant</strong></span> <span class='ocrx_word' id='word_1_548' title='bbox 1516 1704 1662 1731; x_wconf 90' lang='lat' dir='ltr'><strong>consilium</strong></span> <span class='ocrx_word' id='word_1_549' title='bbox 1679 1711 1799 1738; x_wconf 75' lang='lat' dir='ltr'><strong>sugges-</strong></span> 
     </span>
    </p>
   </div>
   <div class='ocr_carea' id='block_1_82' title="bbox 1008 1748 1800 1786">
    <p class='ocr_par' dir='ltr' id='par_1_82' title="bbox 1008 1748 1800 1786">
     <span class='ocr_line' id='line_1_82' title="bbox 1008 1748 1800 1786; baseline -0.005 -9"><span class='ocrx_word' id='word_1_550' title='bbox 1008 1751 1099 1782; x_wconf 87' lang='lat' dir='ltr'><strong>sisset,</strong></span> <span class='ocrx_word' id='word_1_551' title='bbox 1125 1751 1255 1786; x_wconf 75' lang='lat' dir='ltr'><strong>martyrio</strong></span> <span class='ocrx_word' id='word_1_552' title='bbox 1273 1751 1354 1777; x_wconf 85' lang='lat' dir='ltr'><strong>vitam</strong></span> <span class='ocrx_word' id='word_1_553' title='bbox 1373 1749 1469 1776; x_wconf 87' lang='lat' dir='ltr'><strong>finivit.</strong></span> <span class='ocrx_word' id='word_1_554' title='bbox 1486 1749 1606 1775; x_wconf 84' lang='lat' dir='ltr'><strong>Melitius</strong></span> <span class='ocrx_word' id='word_1_555' title='bbox 1635 1756 1713 1780; x_wconf 65' lang='lat' dir='ltr'><strong>vero,</strong></span> <span class='ocrx_word' id='word_1_556' title='bbox 1732 1748 1800 1774; x_wconf 91' lang='lat' dir='ltr'><strong>dum</strong></span> 
     </span>
    </p>
   </div>
   <div class='ocr_carea' id='block_1_83' title="bbox 1007 1793 1800 1830">
    <p class='ocr_par' dir='ltr' id='par_1_83' title="bbox 1007 1793 1800 1830">
     <span class='ocr_line' id='line_1_83' title="bbox 1007 1793 1800 1830; baseline -0.004 -8"><span class='ocrx_word' id='word_1_557' title='bbox 1007 1796 1051 1830; x_wconf 86' lang='lat' dir='ltr'><strong>jus</strong></span> <span class='ocrx_word' id='word_1_558' title='bbox 1063 1804 1197 1822; x_wconf 85' lang='lat' dir='ltr'><strong>sunnutnn</strong></span> <span class='ocrx_word' id='word_1_559' title='bbox 1219 1795 1370 1823; x_wconf 87' lang='lat' dir='ltr'><strong>studiosius</strong></span> <span class='ocrx_word' id='word_1_560' title='bbox 1387 1795 1572 1829; x_wconf 87' lang='lat' dir='ltr'><strong>persequitur,</strong></span> <span class='ocrx_word' id='word_1_561' title='bbox 1587 1793 1614 1820; x_wconf 89' lang='lat' dir='ltr'><strong>id</strong></span> <span class='ocrx_word' id='word_1_562' title='bbox 1630 1800 1800 1820; x_wconf 85' lang='lat' dir='ltr'><strong>consecutus</strong></span> 
     </span>
    </p>
   </div>
   <div class='ocr_carea' id='block_1_84' title="bbox 1008 1839 1801 1877">
    <p class='ocr_par' dir='ltr' id='par_1_84' title="bbox 1008 1839 1801 1877">
     <span class='ocr_line' id='line_1_84' title="bbox 1008 1839 1801 1877; baseline -0.004 -9"><span class='ocrx_word' id='word_1_563' title='bbox 1008 1846 1059 1872; x_wconf 83' lang='lat' dir='ltr'><strong>est,</strong></span> <span class='ocrx_word' id='word_1_564' title='bbox 1079 1846 1107 1867; x_wconf 91' lang='lat' dir='ltr'><strong>ut</strong></span> <span class='ocrx_word' id='word_1_565' title='bbox 1119 1847 1147 1868; x_wconf 87' lang='lat' dir='ltr'><strong>ct</strong></span> <span class='ocrx_word' id='word_1_566' title='bbox 1161 1842 1281 1877; x_wconf 81' lang='lat' dir='ltr'><strong>martyrii</strong></span> <span class='ocrx_word' id='word_1_567' title='bbox 1307 1849 1407 1868; x_wconf 80' lang='lat' dir='ltr'><strong>corona</strong></span> <span class='ocrx_word' id='word_1_568' title='bbox 1424 1840 1566 1871; x_wconf 79' lang='lat' dir='ltr'><strong>exciderit,</strong></span> <span class='ocrx_word' id='word_1_569' title='bbox 1585 1844 1612 1867; x_wconf 85' lang='lat' dir='ltr'><strong>et</strong></span> <span class='ocrx_word' id='word_1_570' title='bbox 1628 1840 1732 1866; x_wconf 80' lang='lat' dir='ltr'><strong>sanctis</strong></span> <span class='ocrx_word' id='word_1_571' title='bbox 1748 1839 1801 1866; x_wconf 79' lang='lat' dir='ltr'><strong>Pa-</strong></span> 
     </span>
    </p>
   </div>
   <div class='ocr_carea' id='block_1_85' title="bbox 1010 1886 1802 1920">
    <p class='ocr_par' dir='ltr' id='par_1_85' title="bbox 1010 1886 1802 1920">
     <span class='ocr_line' id='line_1_85' title="bbox 1010 1886 1802 1920; baseline -0.004 -7"><span class='ocrx_word' id='word_1_572' title='bbox 1010 1887 1098 1914; x_wconf 83' lang='lat' dir='ltr'><strong>tribus</strong></span> <span class='ocrx_word' id='word_1_573' title='bbox 1113 1888 1159 1920; x_wconf 91' lang='lat' dir='ltr'><strong>qui</strong></span> <span class='ocrx_word' id='word_1_574' title='bbox 1182 1887 1298 1913; x_wconf 66' lang='lat' dir='ltr'><strong>Nicaeam</strong></span> <span class='ocrx_word' id='word_1_575' title='bbox 1315 1891 1507 1918; x_wconf 86' lang='lat' dir='ltr'><strong>convenerant,</strong></span> <span class='ocrx_word' id='word_1_576' title='bbox 1538 1893 1571 1912; x_wconf 88' lang='lat' dir='ltr'><strong>eo</strong></span> <span class='ocrx_word' id='word_1_577' title='bbox 1596 1886 1707 1912; x_wconf 89' lang='lat' dir='ltr'><strong>nomine</strong></span> <span class='ocrx_word' id='word_1_578' title='bbox 1732 1892 1802 1911; x_wconf 80' lang='lat' dir='ltr'><strong>cou-</strong></span> 
     </span>
    </p>
   </div>
   <div class='ocr_carea' id='block_1_86' title="bbox 1009 1929 1802 1966">
    <p class='ocr_par' dir='ltr' id='par_1_86' title="bbox 1009 1929 1802 1966">
     <span class='ocr_line' id='line_1_86' title="bbox 1009 1929 1802 1966; baseline -0.003 -8"><span class='ocrx_word' id='word_1_579' title='bbox 1009 1933 1153 1959; x_wconf 82' lang='lat' dir='ltr'><strong>demnatus</strong></span> <span class='ocrx_word' id='word_1_580' title='bbox 1167 1932 1212 1962; x_wconf 79' lang='lat' dir='ltr'><strong>sit,</strong></span> <span class='ocrx_word' id='word_1_581' title='bbox 1229 1933 1293 1966; x_wconf 89' lang='lat' dir='ltr'><strong>quia</strong></span> <span class='ocrx_word' id='word_1_582' title='bbox 1308 1940 1430 1959; x_wconf 85' lang='lat' dir='ltr'><strong>seorsum</strong></span> <span class='ocrx_word' id='word_1_583' title='bbox 1448 1937 1673 1965; x_wconf 33' lang='lat' dir='ltr'><strong>parasyn.‘gogas,</strong></span> <span class='ocrx_word' id='word_1_584' title='bbox 1690 1929 1742 1955; x_wconf 80' lang='lat' dir='ltr'><strong>hoc</strong></span> <span class='ocrx_word' id='word_1_585' title='bbox 1757 1935 1802 1956; x_wconf 82' lang='lat' dir='ltr'><strong>est</strong></span> 
     </span>
    </p>
   </div>
   <div class='ocr_carea' id='block_1_87' title="bbox 1009 1975 1802 2010">
    <p class='ocr_par' dir='ltr' id='par_1_87' title="bbox 1009 1975 1802 2010">
     <span class='ocr_line' id='line_1_87' title="bbox 1009 1975 1802 2010; baseline -0.005 -6"><span class='ocrx_word' id='word_1_586' title='bbox 1009 1978 1103 2005; x_wconf 86' lang='lat' dir='ltr'><strong>illicita</strong></span> <span class='ocrx_word' id='word_1_587' title='bbox 1127 1978 1328 2009; x_wconf 89' lang='lat' dir='ltr'><strong>conventicula,</strong></span> <span class='ocrx_word' id='word_1_588' title='bbox 1351 1981 1528 2004; x_wconf 77' lang='lat' dir='ltr'><strong>convocaret.</strong></span> <span class='ocrx_word' id='word_1_589' title='bbox 1556 1975 1670 2010; x_wconf 88' lang='lat' dir='ltr'><strong>Insuper</strong></span> <span class='ocrx_word' id='word_1_590' title='bbox 1690 1975 1738 2009; x_wconf 92' lang='lat' dir='ltr'><strong>qui</strong></span> <span class='ocrx_word' id='word_1_591' title='bbox 1763 1975 1802 2001; x_wconf 86' lang='lat' dir='ltr'><strong>ab</strong></span> 
     </span>
    </p>
   </div>
   <div class='ocr_carea' id='block_1_88' title="bbox 1008 2022 1801 2058">
    <p class='ocr_par' dir='ltr' id='par_1_88' title="bbox 1008 2022 1801 2058">
     <span class='ocr_line' id='line_1_88' title="bbox 1008 2022 1801 2058; baseline -0.003 -8"><span class='ocrx_word' id='word_1_592' title='bbox 1008 2024 1066 2058; x_wconf 83' lang='lat' dir='ltr'><strong>ipso</strong></span> <span class='ocrx_word' id='word_1_593' title='bbox 1081 2023 1198 2050; x_wconf 90' lang='lat' dir='ltr'><strong>instituti</strong></span> <span class='ocrx_word' id='word_1_594' title='bbox 1215 2025 1332 2055; x_wconf 82' lang='lat' dir='ltr'><strong>fuerant,</strong></span> <span class='ocrx_word' id='word_1_595' title='bbox 1349 2022 1483 2050; x_wconf 88' lang='lat' dir='ltr'><strong>secundas</strong></span> <span class='ocrx_word' id='word_1_596' title='bbox 1502 2022 1535 2048; x_wconf 87' lang='lat' dir='ltr'><strong>ab</strong></span> <span class='ocrx_word' id='word_1_597' title='bbox 1553 2023 1586 2049; x_wconf 89' lang='lat' dir='ltr'><strong>iis</strong></span> <span class='ocrx_word' id='word_1_598' title='bbox 1613 2022 1713 2054; x_wconf 85' lang='lat' dir='ltr'><strong>tulere,</strong></span> <span class='ocrx_word' id='word_1_599' title='bbox 1728 2029 1801 2055; x_wconf 77' lang='lat' dir='ltr'><strong>quos</strong></span> 
     </span>
    </p>
   </div>
   <div class='ocr_carea' id='block_1_89' title="bbox 1008 2066 1800 2101">
    <p class='ocr_par' dir='ltr' id='par_1_89' title="bbox 1008 2066 1800 2101">
     <span class='ocr_line' id='line_1_89' title="bbox 1008 2066 1800 2101; baseline -0.003 -7"><span class='ocrx_word' id='word_1_600' title='bbox 1008 2067 1160 2094; x_wconf 86' lang='lat' dir='ltr'><strong>Alexander</strong></span> <span class='ocrx_word' id='word_1_601' title='bbox 1175 2067 1342 2098; x_wconf 83' lang='lat' dir='ltr'><strong>instituerat,</strong></span> <span class='ocrx_word' id='word_1_602' title='bbox 1364 2072 1447 2101; x_wconf 80' lang='lat' dir='ltr'><strong>atque</strong></span> <span class='ocrx_word' id='word_1_603' title='bbox 1463 2067 1533 2093; x_wconf 85' lang='lat' dir='ltr'><strong>adeo</strong></span> <span class='ocrx_word' id='word_1_604' title='bbox 1557 2074 1591 2093; x_wconf 88' lang='lat' dir='ltr'><strong>ne</strong></span> <span class='ocrx_word' id='word_1_605' title='bbox 1607 2066 1681 2100; x_wconf 89' lang='lat' dir='ltr'><strong>quod</strong></span> <span class='ocrx_word' id='word_1_606' title='bbox 1704 2068 1800 2092; x_wconf 82' lang='lat' dir='ltr'><strong>eccle-</strong></span> 
     </span>
    </p>
   </div>
   <div class='ocr_carea' id='block_1_90' title="bbox 1008 2111 1803 2146">
    <p class='ocr_par' dir='ltr' id='par_1_90' title="bbox 1008 2111 1803 2146">
     <span class='ocr_line' id='line_1_90' title="bbox 1008 2111 1803 2146; baseline -0.003 -6"><span class='ocrx_word' id='word_1_607' title='bbox 1008 2113 1145 2140; x_wconf 86' lang='lat' dir='ltr'><strong>siasticum</strong></span> <span class='ocrx_word' id='word_1_608' title='bbox 1184 2121 1283 2146; x_wconf 85' lang='lat' dir='ltr'><strong>munus</strong></span> <span class='ocrx_word' id='word_1_609' title='bbox 1321 2117 1487 2139; x_wconf 85' lang='lat' dir='ltr'><strong>attentarent</strong></span> <span class='ocrx_word' id='word_1_610' title='bbox 1531 2111 1708 2139; x_wconf 84' lang='lat' dir='ltr'><strong>interdictum</strong></span> <span class='ocrx_word' id='word_1_611' title='bbox 1747 2116 1803 2138; x_wconf 88' lang='lat' dir='ltr'><strong>est.</strong></span> 
     </span>
    </p>
   </div>
   <div class='ocr_carea' id='block_1_91' title="bbox 1008 2156 1800 2195">
    <p class='ocr_par' dir='ltr' id='par_1_91' title="bbox 1008 2156 1800 2195">
     <span class='ocr_line' id='line_1_91' title="bbox 1008 2156 1800 2195; baseline -0.004 -9"><span class='ocrx_word' id='word_1_612' title='bbox 1008 2160 1085 2193; x_wconf 86' lang='lat' dir='ltr'><strong>Quod</strong></span> <span class='ocrx_word' id='word_1_613' title='bbox 1097 2159 1119 2187; x_wconf 86' lang='lat' dir='ltr'><strong>si</strong></span> <span class='ocrx_word' id='word_1_614' title='bbox 1134 2160 1180 2195; x_wconf 88' lang='lat' dir='ltr'><strong>qui</strong></span> <span class='ocrx_word' id='word_1_615' title='bbox 1197 2160 1305 2186; x_wconf 90' lang='lat' dir='ltr'><strong>illorum</strong></span> <span class='ocrx_word' id='word_1_616' title='bbox 1323 2160 1391 2186; x_wconf 88' lang='lat' dir='ltr'><strong>vivis</strong></span> <span class='ocrx_word' id='word_1_617' title='bbox 1407 2159 1582 2190; x_wconf 83' lang='lat' dir='ltr'><strong>excederent,</strong></span> <span class='ocrx_word' id='word_1_618' title='bbox 1614 2157 1642 2184; x_wconf 87' lang='lat' dir='ltr'><strong>bi</strong></span> <span class='ocrx_word' id='word_1_619' title='bbox 1667 2161 1728 2183; x_wconf 82' lang='lat' dir='ltr'><strong>tum</strong></span> <span class='ocrx_word' id='word_1_620' title='bbox 1748 2156 1800 2184; x_wconf 88' lang='lat' dir='ltr'><strong>de-</strong></span> 
     </span>
    </p>
   </div>
   <div class='ocr_carea' id='block_1_92' title="bbox 1018 2204 1689 2239">
    <p class='ocr_par' dir='ltr' id='par_1_92' title="bbox 1018 2204 1689 2239">
     <span class='ocr_line' id='line_1_92' title="bbox 1018 2204 1689 2239; baseline -0.003 -7"><span class='ocrx_word' id='word_1_621' title='bbox 1018 2212 1092 2233; x_wconf 89' lang='lat' dir='ltr'><strong>mum</strong></span> <span class='ocrx_word' id='word_1_622' title='bbox 1108 2205 1137 2232; x_wconf 90' lang='lat' dir='ltr'><strong>in</strong></span> <span class='ocrx_word' id='word_1_623' title='bbox 1156 2204 1348 2233; x_wconf 87' lang='lat' dir='ltr'><strong>defunctorum</strong></span> <span class='ocrx_word' id='word_1_624' title='bbox 1363 2205 1451 2232; x_wconf 88' lang='lat' dir='ltr'><strong>locum</strong></span> <span class='ocrx_word' id='word_1_625' title='bbox 1468 2207 1689 2239; x_wconf 61' lang='lat' dir='ltr'><strong>surrogarentur.</strong></span> 
     </span>
    </p>
   </div>
  </div>
