1927 3085
113 144 187 178 1365

753 141 952 174 THESAUIU
974 144 1050 175 LIB.
1071 146 1103 175 V.

1665 145 1734 178 i365

151 201 221 230 Cum
246 200 319 228 enim
335 201 445 229 Patrem
472 201 593 237 perfecte
613 205 640 228 et
655 204 751 228 exacte
776 207 831 226 non
854 206 902 225 co-
916 197 939 225 A
952 203 1054 226 essent.
1071 199 1122 232 Qui
1137 208 1198 227 cum
1223 200 1283 228 aliis
1308 201 1444 236 episcopis
1460 202 1486 228 in
1505 202 1647 230 PAJLL‘Stilta
1665 209 1733 230 con-

111 252 240 283 gnoscat,
265 255 296 274 ea
318 248 352 275 de
376 255 457 275 causa
478 255 529 275 nec
555 255 617 275 eum
649 247 768 281 perfecte
789 253 899 281 quoque

112 293 210 320 videre
227 298 333 327 potest;
353 293 408 320 imo
427 302 458 320 ne
477 302 555 321 suam
572 293 683 328 quidem
702 293 789 326 ipsius
805 300 900 319 essen-

114 338 193 369 tiam,
211 339 300 373 qualis
316 340 360 371 εἰ,
378 345 552 374 perspectam
568 344 597 367 et
612 340 779 374 exploratam
805 338 899 367 habet,

113 392 178 410 cum
194 390 304 419 propter
326 394 377 412 nos
405 386 492 412 fartus
514 386 606 419 fuerit,
639 390 668 412 ut
686 393 735 412 nos
760 393 808 419 per
825 392 899 414 eum,

114 431 192 464 quasi
208 431 345 466 quoddam
367 432 579 459 instrumentum
599 435 706 458 crearet
732 431 821 462 Deus,
852 437 902 456 nec

119 483 241 509 unquam
270 476 438 504 substitisset
464 476 528 509 ille,
553 476 605 503 nisi
635 476 708 502 Deus
732 482 826 502 creare
851 479 902 500 nos

116 521 260 549 voluisset.

154 567 239 595 Porro
253 568 380 602 τρεπτδν,
397 576 445 596 seu
480 568 623 596 mutationi
649 567 797 595 obnoxium
813 587 819 597 ,
845 573 901 593 non

118 613 210 639 minus
228 621 308 647 quam
324 614 474 643 diabolum,
500 614 648 645 asserebat,
674 613 774 648 quippe
791 612 838 646 qui
854 619 903 638 na-

118 663 179 686 tura
197 659 339 686 mutalioni
354 660 470 687 obnoxia
488 664 605 692 constet,
621 667 682 687 cum
696 664 723 686 ct
740 658 859 693 genitus,
875 663 903 685 et

118 705 264 731 mutationi
279 706 315 732 sit
326 706 472 733 obnoxius.

155 749 210 776 Nec
225 750 267 777 his
290 757 446 782 contentus,
476 755 505 778 ut
533 750 717 779 Theodoritus
734 754 830 777 auctor
850 754 902 781 est,

117 795 209 822 carnis
224 803 332 830 quoque
349 805 364 823 τι
379 797 471 824 Verbo
489 801 636 832 assumpta:
655 796 815 832 mysterium
843 803 905 822 mtt—

118 839 225 871 tilabat,
244 848 307 867 cum
331 841 438 869 diceret
460 849 561 877 corpus
588 842 738 869 inanimum
755 850 770 868 ιι
786 840 904 868 Domino

117 890 308 919 assumptum,
334 887 562 922 divinitatemquc
594 888 696 914 muniis
725 886 810 914 animi
838 895 903 921 per-

119 930 242 958 functam
261 939 333 960 esse.
353 932 458 966 Quibus
476 933 568 960 verbis
578 933 716 960 divinitati
731 933 906 967 συμπάῦειαν

119 975 210 1008 illam,
239 985 287 1005 seu
326 979 478 1006 naturalem
499 980 569 1006 cum
600 986 714 1013 corpore
741 985 905 1006 consensum

119 1020 221 1056 aiﬁngit

438 1082 513 1109 CAP.
543 1081 589 1110 Ill.

122 1123 162 1151 De
190 1125 289 1160 synodo
319 1126 501 1154 Alexandrina
531 1133 635 1158 centum
656 1127 854 1162 episcoporum,
878 1127 907 1154 in

156 1168 208 1193 qua
236 1169 296 1187 cum
322 1161 385 1189 Ario
413 1163 528 1196 quiuth
558 1163 722 1197 presbyteri.
743 1161 907 1196 totidemque

156 1195 261 1223 diatoni
282 1197 401 1223 ﬂaminio
415 1216 422 1223 .
445 1205 490 1223 seu
511 1198 596 1223 aradu
622 1197 795 1223 ecclesiastico
812 1196 907 1223 deiecti

209 1197 261 1255 'tom'
281 1197 401 1232 ﬂaminio
415 1216 422 1228 ,
445 1205 490 1224 seu
511 1196 596 1233 gradu
622 1197 795 1224 ecclesiastico
812 1196 907 1231 dejecti

157 1238 230 1257 sunt.

158 1285 222 1313 Haec
238 1290 267 1314 et
283 1286 439 1323 huiusmodi
457 1287 567 1316 t‘ucrunt
582 1288 681 1323 impuri
698 1288 755 1316 Arii
769 1289 906 1324 dogmata,

122 1331 224 1364 quibus
241 1332 385 1369 plerosque
402 1334 503 1364 irrctiit
529 1335 706 1362 incautiores.
726 1335 861 1362 Cancrum
874 1336 906 1362 Β.

122 1375 276 1404 Alexander
310 1380 427 1413 primum
469 1381 581 1415 quidem
615 1381 852 1409 cohortationibus
879 1385 908 1409 et

123 1422 247 1450 consiliis
267 1424 406 1452 hominem
434 1425 468 1452 ab
491 1426 618 1453 instituto
644 1434 772 1454 revocare
791 1432 908 1454 conatus

123 1472 186 1495 est:
205 1470 251 1496 ubi
281 1474 372 1497 autem
403 1472 537 1504 comperit
558 1480 622 1499 cum
644 1473 811 1506 impietatem
830 1480 907 1500 suam

124 1513 233 1547 publice
257 1514 390 1548 proﬁteri,
415 1516 549 1551 synodum
578 1517 774 1551 provincialem
793 1522 904 1545 centum

124 1567 209 1594 prope
236 1560 428 1594 episcoporum
457 1562 565 1595 coegit:
596 1561 622 1588 in
645 1570 698 1596 qua
722 1570 776 1590 non
809 1563 905 1590 Arium

125 1606 226 1637 solum,
255 1607 302 1634 scd
321 1607 438 1634 Arianos
455 1615 564 1642 quoque
589 1606 734 1641 Achillem,
757 1608 905 1642 lEthalem,

124 1651 288 1687 Carponem,
306 1653 400 1680 Arittm
423 1654 551 1686 alterum,
571 1653 734 1687 Sarmatam,
761 1655 906 1688 Euzoinm,

125 1699 252 1734 Lucium,
272 1700 379 1734 Menan,
405 1700 572 1733 lielladium,
594 1706 623 1729 et
644 1701 739 1728 Caium
765 1701 800 1729 de
821 1702 907 1738 gradu

124 1746 235 1780 deiecit.

160 1793 199 1819 Ex
217 1793 314 1820 horum
331 1802 414 1828 porro
429 1802 545 1822 numero
561 1795 713 1831 presbyteri
737 1801 826 1827 erant,
853 1804 907 1824 non

126 1838 183 1871 ipse
198 1839 330 1866 duntaxat
347 1840 436 1871 Arius,
455 1841 502 1867 sed
515 1841 596 1868 etiam
615 1842 764 1872 Ethales,‘
777 1842 907 1873 Achilles,

127 1884 244 1919 Carpon,
262 1885 410 1919 Sarmatas,
429 1890 456 1913 et
481 1887 562 1914 Arius
584 1887 663 1915 alter.
689 1887 787 1914 Cmteri
813 1892 906 1915 autent

125 1937 221 1958 omnes
234 1931 353 1958 diaconi.

448 1990 524 2018 CAP.
539 1991 582 2019 lV.

127 2034 163 2061 De
176 2034 333 2063 Arianorum
345 2036 515 2063 ducentorum
528 2039 706 2071 rpisropornm
718 2038 910 2064 Nicomediensi

195 2076 287 2097 contra
305 2073 459 2099 art/10110105
472 2073 655 2100 ltoniottsianos
672 2074 838 2109 autisynodo.

162 2128 404 2156 Vcrumcnimvcro
441 2130 523 2157 Arius
555 2139 616 2165 qua:
657 2121 810 2159 subsecuta
845 2136 909 2159 sunt

127 2175 233 2206 omnia,
262 2183 294 2202 ea
325 2175 433 2209 scripsit
460 2176 493 2202 ad
527 2176 685 2208 Eusebium,
714 2178 760 2211 qtti
790 2178 908 2212 pritnutn

951 246 1093 272 venientes
1107 245 1164 273 Arii
1188 247 1333 281 postulatis
1357 248 1591 289 supscripscrunt.

1278 303 1353 331 CAP.
1375 305 1407 332 γ.

952 347 988 374 De
1002 349 1106 375 Nirrrnn
1125 353 1298 376 trecentorum
1316 351 1506 382 ctrismnornm,
1522 350 1643 383 mtspiciis
1664 349 1735 377 Con-

986 385 1098 420 stantini
1117 385 1438 418 31411115signet/oratam
1458 387 1682 420 cuntrorersisque
1704 385 1737 411 de

990 418 1098 445 I’usci’tw
1114 419 1178 453 {usto
1194 420 1332 454 [Ιιηςλνηιιςέὶς.
1639 418 1643 420 Ἴ
1751 426 1754 429 ’

992 473 1026 500 At
1052 473 1149 500 beatus
1179 474 1331 504 Alexander
1350 475 1408 502 lucc
1432 475 1487 510 jam
1513 480 1572 502 tuto
1603 476 1736 509 supprimi

953 520 1062 546 silcntio
1080 528 1132 546 non
1155 528 1231 552 posse
1248 527 1332 551 rami,
1349 522 1381 547 ad
1398 521 1613 552 Antiochenutn,
1633 522 1734 548 Roma-

954 573 1018 591 num
1039 570 1066 592 et
1083 566 1227 600 plerosque
1251 567 1318 593 alios
1342 567 1473 601 pnesulrs
1491 567 1598 599 scribit,
1618 575 1736 601 quorum

953 619 1035 645 opera
1060 620 1173 646 magnus
1197 613 1240 638 iiic
1257 612 1454 640 Constantinus
1469 614 1620 647 imperator
1635 614 1738 640 certior

953 657 997 684 his
1011 658 1043 684 dc
1067 659 1148 685 rebus
1174 659 1273 689 factus,
1309 667 1363 685 non
1382 659 1558 686 mediocriter
1574 659 1668 686 dolere
1683 667 1737 686 cm-

953 703 1003 737 pit,
1029 710 1062 728 eo
1082 705 1232 738 prursertitn
1257 704 1378 734 nomine,
1396 704 1469 739 quod
1488 705 1513 731 in
1537 713 1635 732 recens
1658 704 1738 738 iactis

955 747 1017 775 ﬁdei
1036 748 1197 776 Cirris-tiatur.
1217 750 1402 777 fundamentis
1417 750 1574 784 dogmaturn
1601 750 1738 778 discordia

955 795 1056 821 multos
1082 795 1116 821 ab
1141 796 1322 830 amplexando
1348 796 1560 824 Christianismo
1586 802 1737 824 revocaret.

993 840 1147 873 Quinetiam
1183 849 1244 868 cum
1271 841 1360 868 eidem
1393 843 1598 870 renuntiaretur
1630 843 1740 870 Pascha:

957 885 1055 913 iestnm
1073 895 1088 914 a
1106 887 1280 921 quibusdam.
1299 887 1353 914 ritu
1370 887 1404 914 ab
1425 896 1458 914 eo
1483 888 1529 922 qui
1555 888 1656 922 passim
1672 889 1718 915 ino
1733 903 1741 907 -

956 931 1060 959 lcrerat
1075 932 1196 964 diverso,
1223 933 1373 966 celebrari,
1391 933 1446 960 diei
1461 941 1515 960 non
1538 937 1638 968 potest,
1659 941 1740 968 quam

956 978 1077 1013 graviter
1099 977 1125 1005 id
1150 979 1319 1014 molesteque
1344 979 1439 1006 ferret.

992 1024 1127 1056 Quocirca
1151 1025 1368 1052 sacratissimum
1409 1024 1544 1052 Corduba:
1578 1024 1738 1060 episcopum

957 1069 1080 1103 liosium,
1106 1070 1195 1097 virum
1225 1071 1278 1098 ﬁde
1307 1071 1484 1106 moribusque
1509 1071 1740 1106 probatissimum,

957 1116 1003 1152 qui
1024 1119 1102 1144 antea
1118 1116 1153 1143 iis
1179 1117 1356 1148 inclaruerat,
1375 1125 1435 1152 qu.e
1462 1125 1545 1152 super
1562 1120 1742 1144 controverso

957 1163 1082 1197 dogmate
1108 1162 1251 1198 professus
1272 1163 1373 1196 fuerat,
1399 1171 1486 1198 eaqtte
1501 1163 1534 1190 de
1553 1171 1635 1190 causa
1666 1163 1742 1189 illum

956 1213 985 1235 et
1001 1207 1191 1235 benevolentia
1209 1212 1236 1234 et
1251 1208 1356 1234 honore
1374 1208 1604 1242 prosequebatur,
1625 1207 1741 1235 Alexan—

957 1254 1044 1281 driam
1065 1254 1182 1288 ablegat,
1210 1259 1240 1280 ut
1258 1262 1306 1281 cos
1323 1254 1490 1286 reconciliet,
1516 1254 1562 1289 qui
1580 1254 1741 1281 seditione-:3

959 1300 995 1327 ibi
1010 1307 1092 1335 super
1115 1300 1241 1334 dogmate
1257 1300 1450 1333 concitabant,
1474 1305 1556 1334 atquc
1574 1299 1634 1326 illos
1648 1299 1741 1332 etiam,

960 1345 1008 1381 qui
1031 1346 1059 1373 in
1084 1345 1197 1373 Oriente
1222 1345 1255 1373 de
1282 1345 1392 1372 Pascbze
1412 1345 1481 1372 festo
1511 1344 1743 1379 digladiabantur.

959 1391 1010 1425 Qui
1033 1399 1095 1419 cum
1118 1399 1147 1419 re
1175 1391 1275 1419 infecta
1299 1391 1438 1424 rcdiisset,
1462 1391 1574 1426 publico
1603 1397 1746 1425 program-

958 1442 1030 1465 mate
1055 1438 1202 1473 imperator
1214 1438 1310 1470 edixit,
1332 1442 1361 1465 ut
1383 1445 1478 1465 omnes
1490 1437 1610 1473 episcopi
1625 1437 1743 1464 Nicmam

958 1484 1093 1520 Bithyniae
1119 1484 1293 1519 tnctropolim
1311 1485 1503 1512 convenirent.

919 1539 941 1570 α
994 1531 1133 1566 Quotquot
1148 1531 1241 1566 itaque
1257 1531 1308 1558 sub
1326 1531 1452 1558 Romano
1468 1529 1603 1565 degebant
1620 1529 1745 1564 imperio,

963 1577 1095 1604 nimirum
1131 1577 1248 1604 trecenti
1285 1576 1439 1604 octodecim
1470 1581 1658 1603 convenerunt
1687 1575 1746 1610 epi-

962 1623 1049 1658 scopi,
1069 1623 1188 1658 demptis
1203 1622 1246 1653 iis,
1276 1630 1346 1657 quos
1362 1622 1405 1650 vel
1429 1622 1543 1650 morbus
1558 1623 1599 1650 vel
1617 1627 1682 1649 atlas
1705 1623 1749 1648 in-

961 1677 1122 1705 gravescens
1147 1669 1220 1696 domi
1251 1668 1402 1696 detinebat.
1431 1668 1499 1695 Cum
1525 1669 1599 1696 cnim
1624 1667 1746 1694 nottdutn

961 1715 1117 1742 civitatibus
1131 1714 1259 1741 omnibus
1286 1714 1344 1741 suis
1373 1713 1515 1748 obtigisset
1532 1713 1687 1748 cpiscopus,
1713 1719 1747 1739 eo

962 1761 1063 1788 factum
1079 1765 1132 1792 cst.
1143 1765 1172 1787 ut
1188 1760 1281 1795 plures
1296 1760 1321 1787 id
1340 1760 1470 1794 temporis
1483 1766 1537 1786 non
1555 1757 1746 1786 convenerint.

960 1805 1169 1832 Provinciarum
1188 1806 1262 1832 enim
1280 1806 1340 1832 aliae.
1358 1805 1404 1832 uni
1426 1809 1531 1831 tantum
1549 1804 1692 1839 parebant,
1716 1808 1747 1830 nt

963 1850 1084 1885 Scythia,
1095 1858 1142 1877 seu
1161 1850 1254 1881 Rosia,
1271 1850 1297 1876 in
1315 1850 1478 1877 hodiernum
1490 1857 1576 1884 usque
1587 1849 1670 1880 diem,
1688 1849 1747 1875 alia:

961 1897 1031 1923 duos
1046 1895 1139 1922 autad
1162 1903 1299 1923 summum
1317 1901 1373 1923 tres
1392 1895 1540 1927 habebant,
1560 1901 1590 1922 ut
1604 1895 1734 1922 Dalmatia

962 1941 1117 1969 Posteriore
1136 1949 1203 1969 vero
1218 1946 1341 1976 tempore
1358 1942 1496 1977 plerisque
1514 1949 1567 1969 non
1589 1941 1747 1969 civitatibus

964 1993 1085 2021 tantum,
1117 1987 1165 2016 sed
1192 1988 1276 2015 etiam
1303 1988 1412 2023 oppidis
1445 1989 1487 2016 sui
1519 1988 1578 2016 dati
1605 1992 1670 2016 sunt
1689 1988 1748 2022 epi-

962 2034 1048 2069 scepi.

1280 2080 1357 2108 CAP.
1386 2081 1430 2108 Vl.

1054 2125 1158 2162 Synodo
1176 2126 1292 2153 Nicena!
1309 2127 1418 2161 quinam
1439 2127 1603 2161 prrrfucrint,
1617 2130 1662 2153 aut

1122 2166 1324 2190 convocaturum
1342 2163 1395 2189 vice
1410 2162 1590 2197 interfuerit“.

128 2220 229 2255 Beryti.
252 2221 350 2247 deinde
373 2221 548 2254 Nicontcdim,
564 2231 625 2257 qua:
645 2223 672 2250 in
699 2223 825 2258 ltitbynia
849 2230 908 2257 est,
927 2222 948 2249 D
997 2219 1056 2247 Jam
1071 2226 1138 2246 vero
1152 2218 1196 2245 his
1211 2218 1257 2253 qui
1272 2218 1305 2244 ad
1322 2218 1469 2245 concilium
1485 2221 1751 2252 convenerantprae-

127 2266 282 2301 cpiscopus,
302 2266 365 2293 inde
381 2267 634 2302 Constantinopolin
651 2269 797 2296 translatus
811 2270 910 2298 fuerat.

164 2311 262 2338 Coacta
289 2319 369 2345 porro
390 2311 555 2340 Nicomediae
575 2314 697 2348 synodo,
723 2322 784 2342 cum
800 2315 911 2342 ducenti

128 2358 323 2392 quinquaginta
342 2357 464 2391 cpiseopi
483 2367 516 2385 co
531 2359 743 2391 convenissent,
776 2361 912 2387 univorsis

128 2401 262 2435 episcopis
275 2402 395 2436 scripsit,
410 2407 439 2429 ut
451 2410 513 2430 cutn
531 2403 595 2430 Ario
611 2407 738 2437 tanquam
758 2405 911 2433 orthodoxo

129 2447 361 2474 communicarent
376 2457 382 2474 :
397 2455 466 2482 quos
491 2452 591 2481 tamen,
617 2449 642 2475 id
667 2453 696 2475 ut
720 2448 913 2482 facerent,ad-

129 2492 229 2519 ducere
245 2500 297 2518 non
315 2493 413 2526 potuit.

164 2537 299 2565 Czeterum
320 2546 382 2564 cum
414 2539 561 2566 Eusebiani
590 2541 742 2573 instarent,
768 2541 911 2576 accitoque

131 2582 204 2613 Ario,
213 2586 241 2609 et
252 2583 487 2611 excomtnunicato
496 2585 648 2612 Alexandro
658 2587 830 2613 Alexandria:
845 2595 913 2620 pott-

130 2627 213 2660 tiiice,
230 2629 366 2656 homousii
390 2629 505 2657 hatresin
528 2632 693 2658 anathemati
719 2632 911 2667 subjecisscnt,

131 2673 176 2700 hic
191 2674 313 2701 animum
335 2675 471 2710 recipiens
490 2676 572 2703 Arius
589 2677 692 2711 legatos
710 2678 743 2704 ad
768 2678 911 2704 Paulinum

130 2719 205 2754 Tyri,
223 2728 273 2748 nee
283 2729 335 2748 non
346 2722 493 2749 Eusebium
506 2723 645 2754 Caesareas,
655 2732 716 2758 quae
732 2725 758 2751 in
771 2724 912 2751 Palzestiua

131 2770 182 2797 est,
202 2766 391 2801 Patrophi-lutn
415 2768 612 2803 Scythopolcos
630 2770 773 2804 episcopos
791 2770 884 2801 tnittit,
899 2778 912 2796 a

132 2810 232 2844 quibus
253 2813 364 2847 petebat
389 2817 419 2839 ut
433 2813 485 2840 sibi
511 2814 622 2848 suisque
638 2815 785 2842 conciones
800 2815 834 2842 ad
863 2822 912 2848 po-

132 2856 226 2890 pulum
241 2853 342 2885 habere
357 2862 565 2892 concederetur,
586 2865 680 2895 utpote
696 2861 741 2895 qui
758 2861 911 2896 presbyteri

966 2265 1043 2292 fuere
1063 2273 1069 2291 :
1086 2264 1220 2291 Macarius
1236 2263 1506 2299 Hierosolymorum,
1533 2268 1560 2290 et
1589 2263 1750 2290 Eustathius

966 2311 1197 2340 Antiochcnorum
1221 2310 1374 2344 pontiﬁces,
1393 2317 1511 2345 quorum
1527 2309 1572 2336 hic
1584 2309 1664 2344 paulo
1677 2313 1749 2338 ante,

967 2357 1103 2386 communi
1121 2364 1216 2384 eorum
1242 2357 1288 2390 qui
1312 2361 1498 2383 convenerant
1521 2356 1628 2384 calculo
1650 2355 1750 2389 dignus

966 2403 1116 2438 aposrolira
1140 2402 1205 2428 sede
1232 2402 1343 2429 habittts
1368 2401 1477 2434 fuerat,
1506 2406 1589 2436 atqtte
1612 2401 1714 2428 idcirco
1735 2407 1750 2426 e

967 2449 1082 2476 finitima
1111 2448 1220 2475 Demea
1245 2447 1418 2475 Antiochiam
1434 2453 1580 2482 evocatus.
1610 2445 1750 2480 Siquidem

967 2501 1028 2532 post
1046 2496 1193 2525 Domuum,
1213 2494 1259 2529 qui
1276 2494 1358 2521 l’aulo
1376 2495 1554 2522 Samnsateno
1569 2497 1749 2521 successerat.

967 2541 1144 2569 Antiocheam
1173 2540 1301 2567 Ecclesia:
1325 2540 1472 2575 prmiucrat
1498 2540 1617 2566 Timaeus
1650 2537 1750 2565 deinde

967 2588 1086 2624 Cyrillns
1102 2595 1109 2613 :
1127 2590 1183 2612 tum
1203 2586 1312 2617 Vitalis,
1339 2586 1383 2613 cui
1410 2579 1593 2620 Philogonius
1607 2584 1748 2612 succrssit.

968 2641 1049 2668 queui
1069 2633 1201 2660 Paulinus
1224 2632 1388 2659 subsecutus
1411 2636 1463 2663 est,
1485 2637 1513 2658 et
1534 2630 1676 2657 Paulinum
1696 2629 1752 2656 Bo-

968 2686 1066 2706 manus
1085 2678 1108 2705 is
1131 2678 1178 2712 qui
1197 2677 1413 2712 comprehensus
1430 2684 1492 2703 cum
1509 2683 1558 2711 pro
1572 2675 1672 2703 Christi
1691 2675 1751 2702 reli~

968 2723 1049 2759 gione
1075 2721 1177 2749 tuenda
1199 2722 1332 2756 martyrio
1360 2722 1444 2748 vitam
1465 2721 1586 2752 (inisset,
1604 2719 1751 2747 Antiochia

968 2769 1098 2804 episcopo
1122 2767 1204 2794 vidua
1225 2768 1320 2795 relicta
1341 2772 1393 2799 est,
1411 2767 1474 2802 quia
1498 2767 1641 2797 nimirum,
1659 2769 1688 2792 ut
1703 2773 1751 2799 par

970 2819 1028 2846 est,
1056 2821 1104 2848 per
1131 2818 1311 2847 tyrannorum
1327 2813 1532 2848 persecutiones
1558 2811 1750 2846 episcoporum

970 2859 1068 2887 electio
1089 2858 1175 2886 libera
1198 2865 1250 2885 non
1266 2864 1349 2887 esset.
