1927 3085
212 114 282 147 1367

823 120 973 152 mare
994 121 1195 154 cumnam
1446 119 1473 124 "

1810 120 1886 153 13εὲ

247 176 274 202 Id
289 184 355 211 ergo
368 178 498 212 temporis
511 177 684 206 Antiochiam
698 179 809 214 quidem
823 179 993 212 Eustathius,
1009 181 1031 209 Δ
1047 187 1107 214 qua:
1124 181 1150 208 in
1167 181 1310 209 Palaestina
1333 186 1385 214 est,
1406 180 1563 209 Narcissum
1576 178 1798 211 Nemniadis,
1821 187 1881 214 qu

211 222 404 250 Alexandriam
428 231 493 251 vero
511 225 666 253 Alexander
692 226 903 258 moderabatur,
930 233 992 253 cum

208 275 264 302 quo
289 268 500 297 familiarissime
528 271 638 299 vivebat
665 280 780 307 magnus
804 272 849 300 ille
872 272 994 300 Athana-

209 315 277 346 sius,
290 314 524 351 diaconorumque
538 317 624 344 choro
640 323 764 352 przecrat.

244 359 379 388 Caeterum
396 362 460 389 Julii
478 363 663 391 Romanorum
675 364 812 399 pontificis
824 364 880 398 jam
895 365 992 392 decre-

209 406 258 439 pili
284 405 345 432 loco
362 406 440 434 Biton
464 412 491 434 et
517 409 677 436 Vincentius
692 409 843 445 presbyteri
867 409 992 436 aderant.

210 450 396 479 Theodorilus
422 453 591 488 Sylvestrum
618 455 644 481 in
663 455 732 482 vivis
754 456 837 482 etiam
861 459 918 482 tum
948 463 994 482 su-

209 498 341 530 perfuisse
353 504 449 526 aurtor
465 505 515 526 est.
537 501 672 528 Eusebius
691 505 782 528 autem
807 501 943 535 Pamphili
958 501 992 528 li-

209 543 258 571 bro
283 544 364 570 tertio
381 544 419 571 De
442 545 494 571 vita
520 545 687 573 Constantini
714 547 892 580 imperatoris,
918 546 991 573 Con-

207 590 483 624 stant'nopolilauum
514 591 627 625 quidem
663 591 819 626 pontilicem
847 600 861 618 a
888 591 992 627 synodo

207 631 328 659 abfuisse
346 633 453 664 scribit,
479 638 592 668 propter
618 635 737 665 senium.
758 639 785 661 at
810 641 910 661 nomen
933 634 992 668 ejus

206 678 363 712 supprimit,
390 679 470 712 cujus
495 679 556 706 loco
574 679 725 716 presbyteri
742 679 853 714 quidam
881 687 990 714 compa-

207 724 323 750 rucrint.
341 725 375 752 At
401 733 465 751 vero
487 733 520 752 ex
547 726 644 760 synodi
667 726 742 753 Actis
761 731 870 754 constat
888 726 990 754 Metro-

207 769 322 802 phancm
337 770 614 806 Constantinopoleos
631 773 656 799 id
677 774 808 808 temporis
830 773 988 808 episcopum

205 816 300 847 fuisse.
325 817 370 851 qui
387 817 555 852 decrepitam
575 819 609 846 ob
623 823 730 846 aetatem
751 819 778 846 in
793 819 899 855 synodo
925 829 990 847 con-

205 863 294 890 sidere
309 871 364 890 non
377 865 508 898 potuerit,
524 865 602 900 cujus
620 870 710 893 tamen
733 866 821 894 vicem
835 866 989 894 Alexander

205 909 373 943 suppleverit
390 911 545 946 presbyter,
574 913 652 947 cujus
672 920 755 946 opera
785 918 813 940 et
835 913 988 940 ministerio

204 955 339 989 synodica:
351 956 448 984 littera:
459 957 486 983 in
498 957 608 996 Europa
626 958 894 988 trausmittebautur.

520 1025 596 1053 CAP.
610 1026 668 1054 Vll.

256 1079 296 1107 De
303 1081 388 1115 prima
401 1081 515 1108 Nico-na:
526 1084 618 1118 synodi
633 1084 757 1112 sessione.
775 1083 896 1116 Quanam
905 1085 936 1111 de

457 1125 538 1145 causa
555 1124 734 1145 convenerint.

195 1210 198 1214 .
238 1185 379 1220 Quotquot
407 1185 498 1221 itaque
525 1186 552 1213 in
580 1186 742 1223 prieﬁnitam
775 1187 913 1214 civitatem
942 1187 989 1214 Ni-

203 1238 286 1258 caeam
309 1236 507 1263 convenerunt,
525 1232 552 1260 in
569 1233 810 1265 consultationem,
828 1237 854 1259 ut
870 1240 918 1267 par
934 1237 986 1264 est,

202 1277 394 1310 adduxerunt,
418 1286 536 1312 quanam
556 1278 664 1305 tandem
687 1278 722 1306 de
738 1286 820 1307 causa
837 1284 989 1306 conventus

202 1323 358 1358 hujusmodi
375 1329 529 1359 cogeretur.
550 1326 639 1359 Atque
654 1325 792 1352 Eusebius
815 1324 937 1359 quidem,
956 1325 989 1352 li-

203 1370 255 1395 bro
274 1369 312 1396 De
327 1369 494 1397 Constantini
521 1371 575 1397 vita
594 1371 692 1402 tertio,
716 1378 745 1398 se
761 1370 880 1405 primum
907 1371 988 1398 verba

203 1416 231 1441 in
248 1415 352 1450 synodo
377 1415 475 1443 fecisse
496 1420 620 1444 testatur.
647 1416 676 1444 Si
702 1421 793 1444 tamen
820 1417 988 1445 Theodorito

201 1461 352 1494 credimus,
372 1462 534 1490 Eustathius
558 1463 746 1490 Antiochenus
761 1463 907 1498 episcopus
932 1464 989 1498 pri-

1046 227 1072 253 in
1098 226 1193 254 Cilicia
1211 232 1263 260 est,
1280 227 1417 263 hodieque
1446 228 1597 262 lrenopolis
1615 227 1760 258 dicitur,
1802 225 1879 252 Pau-

1044 272 1128 299 linum
1145 272 1219 308 Tyri,
1235 273 1449 308 Menophantum
1467 273 1580 308 Ephesi.
1594 272 1794 300 Secundum
1814 270 1878 297 Pto-

1043 317 1177 350 lemaidis,
1195 327 1255 354 quae
1267 319 1414 354 (Egyptum
1430 319 1548 354 attingit,
1565 324 1592 346 et
1607 319 1776 346 Theonan
1804 317 1868 343 Mar

1043 364 1161 392 tnaricze.
1178 365 1298 398 Quorum
1326 373 1388 392 cum
1416 366 1583 400 deprehensa
1608 364 1721 392 fuisset
1746 363 1873 396 impro

1044 409 1124 441 bitas,
1143 414 1208 437 tunc
1234 411 1272 437 illi
1297 410 1349 437 sibi
1372 411 1406 437 ab
1434 411 1622 446 indignatione
1649 409 1775 445 synodi
1815 417 1873 435 me-

1044 460 1152 482 tuentes
1192 455 1267 483 aliud
1309 456 1466 491 imposturaa
1507 464 1594 491 genus
1627 457 1871 490 cxcogitarunt.

1043 500 1141 527 Serum
1184 501 1258 528 enim
1286 505 1447 536 reputantes
1479 501 1538 528 fore
1583 505 1612 527 ut
1635 499 1872 527 ecclesiasticis

1042 547 1223 574 conventibus
1255 547 1334 581 ejecti
1370 546 1489 573 infantia:
1517 550 1610 573 notam
1646 545 1869 572 incurrerent.

1042 599 1094 619 nec
1119 593 1190 619 ullus
1220 592 1335 627 posthac
1360 593 1410 620 sibi
1442 592 1478 620 ob
1512 591 1685 625 impietatem
1734 590 1869 625 dejectis

1041 638 1250 671 adhaeresceret,
1275 639 1379 666 idcirco
1405 646 1469 666 cum
1491 637 1644 665 Catholicis
1674 645 1712 664 se
1744 637 1865 663 ssntire

1042 683 1190 715 finxerunt.
1211 692 1362 719 omnesque
1378 689 1478 719 praeter
1501 684 1642 710 Theonam
1663 687 1696 710 et.
1735 683 1861 710 Secun-

1041 729 1105 756 dum
1124 729 1290 757 confessioni
1310 729 1372 756 lidei
1390 730 1626 763 subscripserunt.

1075 775 1135 802 Jam
1153 775 1350 808 'l‘heodoritus,
1379 782 1480 809 paucos
1509 773 1594 801 fuisse
1621 772 1786 808 praefatus,
1809 771 1858 806 qui

1042 821 1107 849 Ario
1132 821 1309 853 adbatserint,
1337 821 1516 854 omniumque
1544 818 1712 847 nominibus
1730 825 1855 852 expres-

1041 869 1089 899 sis,
1110 868 1144 894 iis
1160 867 1208 902 qui
1233 867 1287 902 jam
1308 874 1323 893 a
1354 866 1500 893 Theodoro
1522 864 1747 892 commemorati
1773 867 1854 894 sunt,

1040 920 1157 949 quatuor
1180 913 1258 944 alios,
1283 913 1457 940 Theodorum
1483 911 1636 942 Laodiccm,
1651 910 1854 937 Athanasium

1039 959 1184 991 Anazarbi,
1213 959 1374 994 Gregorium
1407 957 1516 993 Beryti,
1541 962 1568 984 et
1594 956 1712 984 Aetium
1743 956 1852 990 Lymes

1040 1013 1087 1032 seu
1104 1005 1250 1039 Diopoleos
1277 1004 1379 1039 adjicit,
1405 1003 1504 1031 deinde
1530 1002 1673 1030 recentius
1701 1002 1847 1036 quiddam

1039 1055 1139 1086 prater
1155 1054 1268 1077 caeteros
1284 1057 1377 1076 oumcs
1395 1049 1437 1076 his
1456 1048 1546 1075 verbis
1557 1048 1684 1083 adjungit
1700 1057 1707 1074 :
1734 1046 1768 1073 lli
1781 1054 1846 1080 ergo

1040 1096 1197 1131 apostolicis
1211 1095 1434 1123 contradicentes
1460 1094 1606 1129 dogmatis,
1634 1093 1843 1125 diversamque

1040 1143 1120 1170 ﬁdem
1149 1141 1275 1176 professi,
1297 1140 1446 1168 Catholicis
1466 1147 1525 1167 eam
1550 1138 1732 1170 obtulerunt,
1758 1145 1841 1172 quam

1039 1189 1187 1224 perlectam
1205 1187 1308 1218 cuncti.
1339 1191 1368 1213 ut
1384 1186 1505 1221 spuriam
1523 1190 1551 1212 et
1564 1184 1757 1212 adulterinam
1775 1191 1840 1210 cono

1040 1235 1191 1262 sciderunt.
1209 1234 1311 1261 Exorto
1328 1237 1422 1260 autem
1439 1231 1570 1263 tumultu,
1595 1229 1748 1266 perterriti
1777 1237 1839 1256 sur-

1040 1286 1194 1313 rexerunt,
1224 1279 1362 1315 primique
1393 1278 1517 1305 omnium
1545 1277 1613 1304 Ario
1647 1275 1835 1303 abrenuntia-

1040 1332 1114 1360 runt,
1133 1322 1232 1361 praeter
1251 1325 1408 1354 Secundum
1423 1329 1450 1352 et
1466 1323 1617 1351 Theonatn.

1074 1372 1221 1405 Caeterum,
1242 1377 1272 1399 ut
1291 1370 1492 1404 Philostorgius
1514 1370 1604 1405 primo
1630 1367 1761 1395 Ilistorim
1778 1373 1833 1393 sua

1039 1420 1111 1447 libro
1129 1424 1225 1446 auctor
1243 1424 1295 1450 est,
1309 1418 1344 1446 ab
1358 1417 1424 1444 Ario
1438 1420 1574 1444 steterunt
1588 1415 1626 1445 hi,
1641 1421 1763 1448 quorum
1781 1420 1831 1439 no-

1041 1466 1114 1493 mina
1129 1465 1345 1499 subsequuntur,
1359 1463 1493 1497 episcopi.
1508 1461 1548 1489 Ex
1562 1460 1706 1495 superiore
1718 1457 1828 1494 quidem

201 1515 263 1535 mus
290 1509 478 1535 encomiorum
514 1510 636 1536 ﬂosculis
669 1510 878 1543 imperatorium
905 1513 1023 1544 caputc
1040 1511 1125 1547 Libya
1144 1511 1292 1538 Sentianus
1312 1509 1409 1538 Bortei.
1444 1508 1565 1535 Dachius
1591 1505 1751 1535 Beronices,
1776 1502 1826 1530 Se-

201 1551 350 1580 redimit'it.
365 1553 401 1580 Ut
417 1559 507 1581 autem
523 1554 685 1582 Theodorus
698 1556 904 1590 Mopsuestiaeus
918 1555 987 1582 scri-

200 1597 251 1628 hit,
287 1597 440 1624 Alexandro
467 1598 651 1626 Alexandrino
680 1599 805 1627 Pontifici
831 1599 857 1627 id
872 1598 986 1627 honoris

200 1641 273 1669 ultro
299 1643 419 1670 delatum
444 1649 503 1674 est.
539 1644 642 1679 quippe
667 1645 713 1680 qui
734 1645 830 1681 synodi
856 1646 986 1681 cogendae

200 1689 256 1715 dux
273 1693 300 1716 et
313 1693 410 1716 auctor
422 1689 581 1717 exstitisset.
601 1690 679 1718 Hune
694 1691 721 1718 in
736 1691 831 1727 synodi
853 1699 985 1719 consessu

199 1734 290 1761 oumia
308 1739 337 1761 ut
357 1742 386 1762 se
413 1735 551 1762 habebant
570 1735 667 1762 ordine
696 1744 822 1769 narrasse
849 1737 984 1772 subjicit:

199 1780 348 1815 multisque
361 1781 430 1807 adeo
447 1781 623 1808 sermonibus
639 1781 712 1809 ultro
727 1783 852 1817 citroque
875 1784 984 1817 habitis,

199 1825 342 1863 episcopos
358 1826 428 1852 inter
442 1834 471 1855 se
483 1833 578 1854 omnes
596 1827 771 1860 convenisse,
791 1832 873 1862 atque
887 1829 986 1863 ὁμοού-

199 1879 256 1898 σιον
276 1872 349 1899 Patri
363 1872 474 1905 Filium,
502 1873 554 1901 hoc
568 1877 610 1900 est
630 1873 754 1909 ejusdem
783 1881 897 1909 prorsus
924 1882 986 1902 cum

198 1919 246 1950 illo
266 1918 437 1951 substantiae,
456 1919 660 1958 pronuntiasse.

234 1976 290 2003 Soli
322 1980 412 2003 tamen
439 1976 608 2012 quindecim,
633 1976 786 2005 Sozomeno
812 1984 880 2006 teste
895 1999 902 2011 ,
927 1979 984 2007 Arii

198 2021 319 2056 dogmati
335 2022 560 2058 subscripserunt
575 2032 581 2050 :
596 2030 713 2057 quorum
727 2025 837 2058 quidem
848 2025 984 2059 plerique,

197 2071 303 2094 mutata
333 2068 477 2095 confestim
500 2069 657 2101 sententia,
694 2076 870 2097 communem
901 2070 987 2097 totius

196 2113 327 2141 Ecclesiae
362 2121 527 2142 consensum
562 2115 681 2150 amplexi
716 2121 792 2143 sunt.
833 2116 986 2143 Sozomeno

196 2159 382 2194 astipulantur
401 2159 468 2187 Acta
486 2160 593 2195 synodi,
623 2169 684 2195 qua:
706 2161 808 2195 passim
836 2161 984 2188 circumfe-

197 2209 305 2239 runtur.
331 2206 366 2233 lis
382 2206 456 2234 enim
485 2211 596 2234 constat
622 2208 819 2241 septemdecim
839 2207 984 2242 episcopos

197 2259 252 2279 una
265 2260 327 2279 cum
339 2252 403 2280 Ario
420 2251 554 2280 defecisse
565 2261 571 2278 :
582 2260 697 2287 quorum
711 2260 758 2280 sex
772 2253 798 2280 in
811 2254 870 2288 ejus
887 2253 982 2281 lueresi

197 2298 380 2332 perstiterint,
401 2299 529 2326 undecim
546 2304 637 2326 autem
665 2298 831 2333 palinodiam
852 2303 984 2326 canentes

197 2352 282 2371 manu
309 2345 420 2380 quidem
451 2345 685 2379 subscripserint,
719 2344 811 2374 animo
838 2352 903 2372 vero
928 2352 983 2372 non

197 2389 275 2420 item.

233 2435 360 2464 Socrates
375 2436 414 2464 ait
430 2437 552 2472 quinque
576 2438 731 2472 episcopos,
759 2437 910 2464 Eusebium
937 2437 985 2465 Ni-

197 2482 328 2509 comediae
342 2503 349 2513 .
375 2483 518 2518 Theognin
541 2483 650 2515 Nicaeae,
675 2483 762 2511 Mariu
779 2483 963 2516 Chalcedonis
976 2505 983 2515 ,

197 2528 339 2556 Tltconam
350 2529 527 2561 Marmaricae,
544 2534 626 2564 atque
638 2530 794 2557 Secundum
808 2530 985 2558 Ptolemaldis

196 2575 332 2610 asynodo
361 2576 519 2604 secessisse.
547 2576 711 2603 Theodorus
738 2581 829 2603 autem
861 2576 985 2610 Mopsue-

196 2620 290 2647 stiteus
312 2625 410 2648 auctor
434 2626 498 2653 estI
527 2629 625 2649 novem
659 2627 763 2649 tantum
791 2629 823 2648 ex
855 2622 983 2649 omnibus

198 2665 293 2697 fuisse,
306 2666 409 2700 quibus
422 2666 518 2701 synodi
534 2667 644 2694 decreta
658 2675 711 2694 nou
727 2667 880 2698 arriserint,
897 2667 983 2702 iisque

197 2709 367 2742 nominibus,
393 2710 536 2746 Theoguin
553 2711 660 2744 Nicaeae,
679 2712 829 2739 Eusebium
853 2712 981 2738 Nicome-

198 2753 260 2785 ἀίω.
270 2754 455 2789 Palrophilum
465 2756 666 2791 Scythopolcos,
682 2756 829 2783 Eusebium
840 2755 981 2787 thsarear,

237 2832 291 2866 ιξεὶ
303 2832 382 2860 Forte
397 2833 505 2862 Ξ.ι1)ειξς
521 2838 596 2869 lnge“
609 2837 662 2862 tum
679 2839 729 2866 est,
742 2843 775 2861 qu
791 2842 802 2859 Δι
819 2833 915 2862 Sirmi;

1037 1558 1144 1585 orandus
1163 1557 1395 1587 Theuchirorum,
1411 1555 1540 1589 Zopyrus
1557 1553 1667 1582 Barees.
1683 1548 1826 1578 Secundus

1036 1604 1106 1632 alius
1122 1603 1307 1634 Ptolemaidis,
1339 1601 1433 1629 Theon
1456 1599 1634 1627 Marmaricae.
1659 1597 1698 1624 Ex
1726 1594 1824 1622 Thebis

1036 1649 1171 1686 (Egyptiis
1186 1648 1314 1676 Melitius.
1340 1647 1378 1674 Ει
1402 1645 1545 1673 Palaestina
1565 1642 1742 1677 Patropbilus
1763 1641 1821 1675 Scy‘

1039 1697 1196 1732 tuopoleos,
1212 1695 1348 1723 Eusebius
1371 1692 1556 1723 Ca-sarieizsis,
1579 1691 1624 1725 qui
1641 1688 1820 1724 Pamphilidi-

1037 1747 1098 1770 ctus
1114 1747 1166 1770 est.
1197 1742 1238 1770 Ex
1268 1740 1408 1769 Pltmnicia
1433 1739 1564 1767 Paulinus
1587 1736 1664 1772 Tyri,
1689 1735 1820 1770 Amphion

1038 1789 1184 1824 Sigedonis
1199 1788 1265 1822 (6i).
1282 1788 1320 1814 Ex
1350 1786 1444 1813 Cilicia
1464 1785 1607 1812 Narcissus
1641 1782 1820 1816 lrenopoleos.

1037 1833 1203 1861 Athanasius
1229 1831 1376 1862 Anazarbi,
1408 1829 1636 1857 Tarcondimotus
1660 1828 1757 1861 Αἰξί-ιιι.
1786 1826 1820 1852 Ex

1037 1878 1209 1914 Cappadocia
1242 1875 1573 1908 Leontius,‘Longiauus,
1590 1879 1618 1901 et
1633 1873 1763 1900 Eulalius.
1784 1872 1820 1898 Ex

1038 1925 1136 1956 Ponto,
1159 1922 1277 1950 Basilius
1301 1921 1428 1952 Amasiae,
1453 1919 1573 1947 Melitius
1601 1917 1818 1951 Sebastopnleos.

1037 1970 1077 1997 Ex
1092 1968 1228 2004 Bithynia,
1246 1967 1384 2002 Theognis
1398 1966 1504 1996 Nicaeae,
1529 1965 1612 1992 Maris
1627 1962 1817 1991 Chalcedonis.

1038 2015 1174 2044 Eusebius
1188 2014 1363 2044 Nicomediae,
1386 2013 1499 2048 Magnus
1522 2011 1632 2046 quidam
1651 2009 1816 2044 cognomine,

1038 2062 1083 2097 qui
1103 2061 1224 2088 Luciauo
1241 2059 1351 2095 martyri
1374 2057 1516 2085 familiaris
1547 2057 1648 2088 luerat,
1667 2056 1816 2089 virtuteque

1038 2108 1140 2140 clarus,
1161 2111 1191 2133 ut
1206 2106 1253 2140 qui
1279 2104 1395 2132 maxime
1412 2113 1419 2131 :
1437 2111 1469 2132 ex
1489 2110 1543 2138 quo
1564 2102 1646 2130 etiam
1673 2100 1758 2136 Magni
1774 2107 1815 2127 co-

1038 2159 1154 2189 gnomen
1169 2150 1285 2185 adeptus
1301 2154 1369 2177 erat.

1347 2206 1424 2234 CAP.
1442 2205 1511 2233 Vill.

1039 2255 1075 2282 De
1092 2255 1149 2282 Arii
1165 2253 1443 2283 excommunicationc,
1466 2259 1519 2277 una
1537 2259 1596 2277 cum
1611 2250 1735 2276 librorum
1750 2250 1811 2284 ejus,

1064 2291 1091 2316 in
1111 2290 1254 2324 primisque
1273 2287 1382 2320 Tltaliw,
1401 2295 1446 2313 seu
1463 2286 1579 2313 Convivii
1593 2285 1788 2319 improbatione.

1072 2345 1206 2372 C:cterum
1226 2341 1382 2376 conscriplo
1409 2341 1471 2368 ﬁdei
1498 2339 1632 2376 symbolo,
1657 2338 1810 2372 scripturam

1037 2390 1151 2424 quidem
1165 2388 1302 2416 Eusebius
1311 2387 1486 2417 Nicomediae,
1501 2393 1555 2413 una
1569 2392 1630 2412 cum
1652 2384 1808 2418 Thcoguide,

1036 2436 1113 2469 Mari,
1139 2434 1306 2469 Patrophilo,
1322 2437 1349 2460 et
1367 2431 1494 2459 Secundo
1525 2431 1758 2465 approbaverunt,
1774 2430 1806 2457 ci-

1036 2491 1090 2518 que
1105 2481 1223 2516 propriis
1239 2478 1428 2514 chirographis
1453 2477 1694 2511 subscripserunt.
1714 2481 1738 2502 at
1766 2484 1807 2503 ex-

1037 2527 1239 2555 communicato
1254 2525 1330 2556 Ario,
1355 2522 1578 2556 dietiouibusque
1603 2521 1637 2548 iis
1663 2521 1756 2555 quibus
1775 2521 1804 2547 ad

1037 2573 1201 2600 fulciendam
1220 2570 1337 2598 haeresin
1358 2569 1487 2596 utebatur
1505 2566 1676 2601 improbatis,
1694 2566 1752 2600 quin
1776 2566 1804 2593 li.

1035 2620 1085 2646 hro
1099 2618 1192 2649 etiam,
1216 2625 1297 2652 quem
1313 2623 1395 2650 super
1419 2614 1514 2641 eadem
1545 2613 1741 2646 conscripserat
1755 2631 1761 2642 ,
1778 2615 1803 2638 et

1036 2665 1162 2693 T/taleian
1184 2663 1369 2698 inscripserat,
1388 2658 1576 2694 hujuscemodi
1591 2657 1799 2684 excommunica-

1036 2709 1103 2737 tioni
1132 2708 1266 2735 Eusebius
1293 2706 1468 2738 Nicomediae,
1489 2709 1517 2732 et
1547 2703 1686 2738 Theognis
1709 2701 1798 2733 Nm.

1038 2755 1211 2782 subscribere
1235 2753 1393 2781 noluerunt.

940 2835 964 2859 in
987 2835 1125 2861 Patimur:
1138 2839 1175 2860 n3:
