1927 3085
26 113 134 147 1369

710 116 909 148 TlIESAURI
932 118 1005 149 ΜΒ.
1028 120 1063 150 ν.
1104 132 1109 133 ⁷

1641 119 1710 150 13Ἲο

84 173 202 206 Quare
220 172 316 201 Arium
333 173 482 209 imperator
498 174 597 202 exsilio
620 174 757 202 multavit.
779 174 864 201 Euse-
882 174 1094 210 Ajurisjurandi
1119 174 1248 209 opinione
1262 195 1269 206 ,
1298 172 1466 201 accusationi
1494 173 1564 201 ﬂctze
1588 173 1708 201 colerent

1 235 7 254 χ
26 219 146 247 bium
168 228 255 255 porro
269 220 311 247 vel
335 220 387 247 alia
405 219 438 248 de
461 228 542 247 causa
560 227 670 252 exosus,
694 220 758 255 quia
785 219 867 246 ninti-

1 283 10 299 ,-
30 274 126 293 rum
149 274 170 294 a
188 272 305 302 tyranno
320 266 425 301 printtts
446 270 570 298 steterat,
589 266 696 301 sibique
711 265 763 299 ipsi
776 265 867 292 fuerat

1 328 7 345 ξ
32 312 234 345 insidiatus,
254 320 307 340 una
322 321 383 339 cum
399 311 520 346 Theogni
550 313 676 339 exsulare
696 311 787 346 jussit.
814 311 866 337 lta—

3 376 6 391 ς
34 365 116 394 que
147 358 267 386 Eusebii
280 358 339 385 loco
355 357 556 384 Nicontediensi
577 357 705 384 Ecclesia:
722 356 866 391 praefectus

1 435 2 438 η
35 411 100 432 est
124 405 294 439 Amphion:
322 409 350 431 et
371 404 486 431 Nicaeum
507 404 568 431 loco
593 403 759 437 Theognitlis
781 402 867 430 Chre-

1 478 3 485 ,
47 456 137 478 stus.
156 450 268 478 Necita
292 449 378 476 multo
409 452 470 484 post
494 449 575 475 Arius
601 448 635 474 ab
662 447 758 474 exsilio
787 454 866 472 revo-

1 519 3 529 ,
44 501 151 522 catus
179 500 233 527 est,
255 495 335 528 eiqttc
363 495 419 520 sola
442 493 558 529 .‘Egypto
591 497 672 527 atque
697 491 864 520 Alexandria

48 541 258 568 Interdictum
285 545 337 567 est.
363 540 502 574 Pauloque
524 545 583 574 post
605 539 741 566 Eusebius
756 545 865 573 quoque

48 593 87 613 el
109 587 274 621 Theognis,
299 586 471 621 pmnitudine
492 593 538 619 per
552 585 709 620 hypocrisin
725 584 864 616 simulata,

52 641 134 660 suas
151 637 272 667 uterque
288 637 451 666 receperunt
475 631 623 658 Ecclesias.

100 679 180 706 Item
195 679 393 713 Philostorgius
404 678 455 705 sub
472 677 553 704 ﬁncnt
576 677 655 711 primi
675 676 750 707 libri,
766 680 865 703 auctor

54 730 121 756 est,
149 733 250 751 eorum
269 724 315 758 qui
331 724 446 750 Nicwnat
462 723 523 749 ﬁdei
543 723 774 756 subscripserunt,
795 722 864 748 alios

54 771 190 804 quidem
199 778 214 796 e
226 769 471 803 chirographoruut
489 775 599 795 suorum
612 769 722 802 regione
734 767 864 793 ltomousii

58 817 230 843 dictionem
254 814 425 848 ascripsisse,
444 813 512 840 alios
537 821 602 840 vero
629 813 662 840 ab
680 812 801 839 Eusebio
821 812 863 838 in-

59 866 200 888 structos
210 860 399 894 blaspltemam
413 860 548 886 ltonuzusii
562 866 655 885 vocem
667 859 727 884 loco
739 857 867 884 Iiomonsii

60 907 258 941 suppOsnisse
275 915 282 932 :
310 911 407 940 pr.cler
428 905 585 932 Secundum
607 909 633 930 et
652 904 804 934 Theonaat,
818 903 864 937 qui

60 953 157 980 etiam
178 960 233 978 una
248 959 310 978 etttn
333 951 398 978 Ario
419 951 534 985 ejusque
558 949 728 985 presbyteris
749 949 774 976 in
802 948 866 984 illy-

67 999 151 1025 rium
171 997 284 1032 relegati
301 1001 374 1023 sunt.

105 1043 195 1070 Initio
223 1049 316 1070 autem
337 1042 400 1068 libri
433 1041 546 1069 secundi
584 1041 680 1068 scribit
706 1040 864 1072 Eusebium,

64 1089 232 1122 Thcognin,
261 1094 288 1116 et
315 1088 411 1120 Mariti,
431 1095 526 1117 eorum
564 1095 625 1122 qua:
647 1087 866 1121 subscripserant

65 1135 247 1170 pmnitudine
262 1135 370 1167 ductos,
387 1135 420 1161 ad
435 1135 627 1169 imperatorem
642 1134 760 1165 venisse,
771 1133 867 1168 hisque

66 1181 146 1214 apud
165 1188 230 1207 eum
241 1181 333 1207 verbis
364 1188 451 1208 usos:
471 1180 560 1214 lmpii,
591 1179 753 1214 imperator,
783 1179 809 1206 itt
834 1187 867 1206 eo

68 1227 188 1257 fuimus,
207 1226 279 1260 quod
298 1226 335 1253 tui
352 1231 426 1252 metu
451 1225 568 1260 perculsi
590 1225 723 1260 intpictati
749 1225 869 1252 subscri-

69 1271 221 1306 psevimus.
237 1271 276 1298 Ex
291 1279 345 1305 qtto
372 1271 472 1298 factum
488 1271 532 1302 sit,
552 1274 582 1297 ut
599 1272 747 1305 imperator
769 1279 868 1297 excan-

72 1318 192 1344 descens
206 1325 253 1344 eos
270 1318 296 1344 in
314 1317 416 1344 Gallias
431 1326 478 1344 seu
496 1317 614 1345 Galatias
640 1317 775 1344 Occiduas
797 1318 867 1344 rel"-

73 1366 156 1399 parit,
175 1363 291 1390 Arianos
306 1367 396 1390 autent
414 1370 463 1389 sua
480 1370 616 1397 quemque
632 1363 719 1396 patria
735 1363 867 1389 excedere

72 1410 164 1446 jussit.
190 1409 326 1436 Cteterunt
345 1413 442 1436 exacto
460 1408 578 1436 triennio
596 1407 758 1435 Eusebianis
770 1407 803 1434 ad
818 1415 868 1436 sua

76 1455 244 1492 postliminio
264 1455 353 1482 redire
369 1455 505 1490 permisit.

404 1511 479 1538 CAP.
497 1510 542 1538 lX.

78 1560 117 1588 De
137 1559 330 1586 Nicomediensi
353 1557 515 1585 Arianomm
532 1556 656 1584 adversus
676 1557 866 1585 Homousianoa

114 1595 269 1622 orthodoxa;
293 1593 460 1628 antisyuodo,
484 1596 508 1618 et
530 1593 630 1620 insidiis
648 1593 675 1620 in
698 1592 866 1621 Euatatltium

114 1630 302 1657 ΑηιὶυεΙιειιιιηι
321 1628 470 1663 episcopum
486 1629 604 1655 structis.

114 1687 203 1715 Ariani
220 1694 253 1714 ex
278 1685 372 1713 Galliis
399 1684 502 1712 reversi
526 1685 706 1713 ducentorum
732 1686 866 1720 quinqua-

81 1735 150 1769 ginta
164 1734 354 1767 episcoporum
381 1731 544 1766 antisynodo
561 1731 747 1758 Nicomediam
764 1739 866 1758 convo-

82 1784 148 1810 cata.
175 1778 357 1805 Alexandrum
384 1777 668 1808 excontmunicarunt,
693 1780 721 1803 et
745 1784 807 1802 cttm
832 1783 865 1802 co

82 1828 209 1860 quotquot
234 1823 378 1856 ὁμοτύςιον
404 1821 613 1855 proﬁtebantur.
630 1821 686 1847 Nec
706 1822 791 1848 ullunt
816 1822 866 1848 int-

83 1869 229 1904 pngnattda:
252 1867 314 1894 ﬁdei
330 1867 471 1894 catholica:
497 1866 577 1892 ﬁnem
599 1866 734 1893 faciebant
759 1867 863 1899 Ariani,

83 1916 183 1950 sibique
211 1913 414 1941 adversantium
441 1921 457 1939 ε
481 1912 572 1939 medio
605 1912 809 1940 tollcndorunt:
836 1913 862 1939 itt

86 1962 173 1997 primis
191 1966 282 1988 autem
298 1960 403 1986 nullum
424 1966 478 1985 non
494 1958 640 1985 movebant
664 1958 793 1992 lapidem,
810 1967 864 1992 quo

87 2007 247 2035 Ettstathiunt
268 2004 441 2032 Antioclteno
459 2003 618 2038 episcopatu
635 2003 784 2037 privarent.
799 2003 864 2036 Qua:

87 2061 126 2080 res
142 2051 284 2079 Eusebium
312 2049 546 2077 Niconted‘cnsem
577 2049 669 2080 movit,
688 2055 717 2075 ut
731 2049 864 2076 orationis

87 2098 162 2133 gratia
183 2104 211 2123 se
230 2103 283 2123 una
305 2103 367 2122 cum
394 2094 551 2129 Theognide
574 2093 694 2125 Nicmno,
717 2099 744 2120 et
760 2094 865 2128 aliquot

88 2143 141 2169 aliis
160 2142 254 2168 eodem
273 2141 368 2168 ntorbo
391 2139 578 2167 laborantibus
602 2138 701 2166 [Ellan
728 2139 862 2174 proficisci

88 2189 199 2222 ﬁngeret.

120 2234 246 2262 Gravihus
262 2233 351 2267 itaque
375 2232 480 2260 insidiis
495 2232 667 2259 Eustathium
688 2233 861 2259 adoriuntur.

90 2280 150 2308 Elia
165 2280 234 2307 enim
252 2279 423 2306 Antiochiam
443 2280 544 2305 reversi
562 2278 655 2304 mttltis
670 2279 788 2305 ttuntmis
804 2287 862 2306 tne-

92 2325 204 2353 retriecm
223 2325 273 2352 sibi
291 2329 462 2359 comparant,
483 2332 544 2359 qu;c
568 2324 707 2351 hominem
731 2329 861 2351 accuset:

92 2376 140 2397 tunt
161 2378 220 2397 cum
238 2371 276 2397 iili
293 2371 319 2397 in
333 2371 378 2404 jus
394 2374 504 2402 vocant,
520 2369 566 2404 qui
588 2375 700 2396 vocatus
716 2370 741 2396 itt
755 2370 798 2404 jus
815 2370 863 2396 ad-

93 2415 149 2446 luit;
164 2415 255 2449 partim
273 2415 381 2449 propria
396 2415 482 2441 fretus
500 2415 680 2446 conscientia,
696 2415 794 2449 partim
810 2416 862 2442 hoc

94 2461 212 2495 plerisque
242 2461 318 2488 mala:
347 2468 428 2487 consc
441 2461 523 2487 entia:
553 2466 744 2494 argumentum
775 2461 862 2489 videri

96 2511 166 2534 ratus.
180 2505 201 2532 si
215 2505 277 2540 quis
287 2505 374 2539 judiei
388 2513 416 2532 se
429 2506 524 2532 sistere
542 2505 688 2533 detrectet.

125 2551 233 2578 Postulat
247 2559 312 2585 ergo
334 2551 500 2580 Eustathius,
521 2556 550 2578 ut
565 2552 726 2579 muliercula
742 2553 787 2580 illa
800 2561 862 2588 pec-

96 2597 151 2627 catis
165 2602 258 2624 onusta
273 2602 301 2623 et
316 2596 491 2623 sulfarcinata
508 2596 663 2624 testimonio
675 2598 767 2633 aliquo
781 2598 861 2626 ﬁdem

97 2644 232 2671 verbissuis
248 2643 340 2677 faciat,
360 2643 432 2677 qttod
451 2642 560 2677 quidem
576 2650 604 2670 et
616 2643 722 2678 legibus
735 2649 762 2671 et
778 2653 860 2671 cano-

97 2689 162 2717 nihus
181 2694 394 2717 consentaneum
410 2693 477 2716 erat.
498 2689 537 2716 Illi
553 2693 643 2716 atttettt
667 2690 786 2721 mulieri,
801 2699 862 2725 quae

99 2736 236 2771 probatione
254 2735 327 2762 otnni
343 2734 545 2762 destituebatur
581 2735 768 2770 iusiurandum
784 2737 861 2763 detu-

99 2782 178 2813 lrruul,
200 2789 306 2809 outnem
324 2781 351 2808 in
367 2789 400 2809 eo
413 2781 508 2816 judic’i
529 2781 670 2809 veritatem
691 2783 860 2810 constituen-

100 2831 138 2857 tes.
152 2827 199 2854 lluc
218 2832 307 2854 autem
323 2828 358 2855 ita
372 2835 401 2853 ex
420 2827 544 2862 professo
559 2833 679 2863 egerunt,
698 2834 725 2856 ut
743 2828 786 2855 illa
803 2829 857 2856 veri

918 219 1040 247 adderet.
1058 221 1104 248 illa
1120 221 1193 248 enirn
1216 227 1331 255 puerunt
1346 219 1492 247 duodecim
1512 227 1599 247 annos
1615 224 1708 247 natum

917 267 1081 300 producens,
1105 275 1166 294 ettnt
1183 267 1218 294 ab
1240 266 1382 294 Eustathio
1411 266 1563 300 suscepisse
1588 265 1708 293 dicebat.

917 312 1050 338 (la-terum
1067 317 1146 339 antea
1161 312 1363 338 clandestinum
1377 315 1502 346 stuprum
1516 311 1550 337 ab
1563 310 1708 338 Eustathio

915 354 1034 389 quodam
1050 354 1128 382 fabro
1144 363 1221 390 passa
1237 355 1336 389 fuerat,
1346 364 1379 382 ex
1390 363 1445 390 quo
1457 360 1485 382 ct
1499 363 1613 390 puerum
1633 356 1707 383 hunc

916 407 1086 436 susceperat.

953 447 1095 474 Ettstatltio
1111 448 1201 476 itaque
1218 448 1268 475 hac
1284 453 1343 475 arte
1359 448 1495 483 deposito,
1515 450 1708 484 imperatorem
1739 455 1743 472 1

914 493 1104 520 Constantium
1131 494 1245 527 huiusce
1270 495 1308 520 rei
1337 495 1482 521 certiorem
1512 496 1653 524 fecerunt.
1681 502 1710 523 ut

916 539 1062 566 Eusebium
1080 540 1214 574 Pamphili
1245 540 1374 567 Cas-sarem
1399 541 1556 575 episcopum
1572 542 1599 568 in
1614 542 1710 568 Antia—

916 585 1031 612 clzenam
1061 585 1153 612 sedent
1191 591 1356 619 surrogarct.
1382 586 1417 612 At
1443 586 1576 613 Eusebius
1611 587 1710 614 litteris

915 632 976 666 ejus
1000 631 1122 658 ttttmeris
1149 632 1352 666 deprecatorias
1374 633 1406 658 ad
1423 632 1616 667 intperatorcm
1641 634 1709 660 scri-

914 677 987 712 psit;
1013 677 1076 712 quia
1098 677 1226 703 nimirum
1251 677 1321 703 itlent
1347 677 1550 704 ecclesiasticus
1565 679 1631 704 ordo
1650 686 1704 705 non

915 727 1064 756 pateretur.
1091 722 1174 756 Cujus
1195 722 1308 756 probato
1335 722 1451 749 consilio
1471 722 1621 757 imperator
1645 731 1707 749 eum

915 767 1025 794 beatum
1049 775 1108 794 esse
1133 767 1219 799 dixit,
1244 768 1345 802 quippe
1373 769 1419 802 qui
1445 776 1500 794 ttott
1528 769 1609 795 unius
1633 769 1710 796 urbis

918 816 1060 846 duntaxat,
1077 822 1172 842 verum
1191 815 1274 842 totius
1298 815 1380 841 etiam
1396 815 1471 842 orbis
1493 815 1652 850 episcopatu
1668 816 1711 842 di-

883 851 903 877 n
922 868 992 896 guns
1011 865 1097 888 esset.

953 907 1072 940 Eligitur
1089 914 1165 940 ergo,
1192 906 1238 940 qui
1259 906 1402 933 Eustatliio
1430 907 1569 936 succedat,
1593 907 1712 934 Arianus

917 952 1039 986 qttidattt,
1056 952 1233 986 Euphronius
1255 952 1376 983 nomine,
1392 956 1422 978 ut
1440 951 1644 985 Mopsuestmus.
1661 951 1710 978 So—

917 1001 1017 1028 crates,
1033 1001 1060 1024 et
1073 996 1242 1024 Sozontcms
1262 997 1404 1030 scribunt;
1425 1002 1454 1024 ut
1468 1002 1558 1024 autem
1580 997 1708 1024 Theodo-

917 1042 971 1068 rito
987 1047 1014 1069 et
1029 1042 1239 1077 chronograpbo
1266 1042 1424 1076 Theophani
1453 1043 1550 1078 placet,
1573 1043 1706 1070 Eulalius.

919 1090 1000 1117 Solus
1015 1098 1080 1116 vero
1097 1090 1295 1124 Philostorgins
1309 1090 1379 1116 libro
1397 1090 1572 1116 Ilisloriarnm
1589 1089 1709 1116 secundo

920 1136 1063 1163 Paulinum
1082 1136 1155 1170 Tyro
1170 1136 1342 1163 Atttiochiatn
1363 1136 1522 1162 translatum
1541 1143 1601 1162 esse
1615 1140 1708 1162 auctor

917 1188 969 1209 est.
985 1182 1120 1209 Caeterum
1137 1187 1276 1209 annuente
1292 1189 1403 1216 quoque
1421 1182 1596 1215 imperatore,
1614 1181 1708 1209 Eusta-

917 1229 993 1255 thius
1016 1228 1156 1262 Philippos
1180 1228 1208 1254 itt
1230 1227 1417 1254 Macedoniam
1444 1227 1612 1261 abducitur,
1638 1227 1708 1255 unde

918 1274 1051 1309 originem
1067 1273 1202 1301 trahebat.

1204 1327 1210 1332 ’
1246 1339 1323 1367 CAP.
1344 1339 1377 1367 Χ.

919 1397 1004 1430 Quam
1026 1398 1141 1424 subdolis
1159 1398 1258 1425 artibus
1280 1398 1373 1424 Ariani
1391 1395 1570 1423 Iurrcsinrchm
1584 1397 1626 1422 sui
1641 1397 1709 1423 relli-

954 1437 1009 1459 tnm
1025 1433 1055 1459 ub
1070 1433 1161 1460 exsilio
1186 1434 1394 1465 impetraverint,
1410 1436 1433 1457 et
1448 1433 1478 1457 de
1492 1432 1656 1457 intendendis
1683 1433 1709 1458 in

956 1469 1128 1494 Athanasium
1143 1467 1353 1494 Alexandrinum
1367 1467 1591 1500 archiepiscopum
1608 1466 1710 1492 calum—

954 1504 1004 1529 niis
1019 1504 1209 1536 (agitaverint;
1236 1503 1326 1534 quibus
1345 1503 1450 1528 tandem
1476 1502 1656 1536 sanctissimus
1671 1502 1710 1527 uir

955 1535 1200 1571 Hicrosblymilame
1224 1539 1318 1572 synodi
1334 1537 1437 1563 decreto
1452 1537 1524 1571 apud
1549 1535 1666 1562 Treviros
1683 1537 1709 1562 in

953 1572 1042 1600 Callia
1059 1572 1181 1599 exsulare
1191 1573 1285 1608 jussus
1301 1576 1348 1599 est.

952 1641 1018 1668 Cum
1035 1641 1126 1676 itaque
1140 1641 1196 1668 haec
1211 1639 1374 1668 Eusebianis
1395 1647 1443 1674 pro
1464 1638 1548 1666 animi
1572 1639 1709 1666 sententia

915 1687 1123 1719 successissent,
1150 1687 1254 1721 majore
1272 1687 1321 1720 τῆς
1344 1685 1519 1718 καινοτομίας
1536 1692 1583 1711 seu
1609 1692 1711 1710 novan-

915 1731 1009 1758 darum
1029 1739 1120 1758 rerutn
1145 1731 1237 1758 studio
1262 1734 1435 1758 exarserunt.
1462 1729 1603 1764 Siquidem
1628 1729 1712 1755 Euse-

915 1778 977 1805 bius
999 1783 1026 1805 ct
1043 1777 1182 1811 Theognis
1200 1784 1233 1804 eo
1247 1777 1279 1804 ad
1298 1784 1375 1804 suam
1401 1775 1551 1810 nequitiam
1579 1775 1708 1810 pellecto,

915 1824 959 1851 Cui
975 1824 1091 1851 Nirzena:
1115 1823 1209 1858 synodi
1226 1828 1285 1849 acta
1306 1823 1455 1856 imperator
1477 1822 1611 1849 servanda
1633 1829 1709 1848 com-

917 1870 1038 1899 miserat,
1050 1868 1161 1902 propria
1175 1867 1354 1902 chirographa
1370 1867 1545 1898 deleverunt,
1562 1865 1704 1899 deinceps.

916 1923 969 1949 quc
992 1914 1099 1949 publice
1130 1914 1253 1948 proﬁteri
1282 1917 1439 1947 coeperunt,
1465 1912 1562 1939 Filium
1586 1911 1708 1946 ejusdem

915 1968 977 1988 cum
1003 1961 1084 1987 Patre
1102 1959 1263 1986 substantire
1288 1958 1456 1985 censendum
1474 1965 1527 1984 non
1545 1965 1614 1985 esse.
1631 1957 1707 1990 Quod

915 2014 976 2033 cum
993 2006 1110 2039 graviter
1124 2009 1151 2032 et
1166 2004 1261 2038 iniquo
1284 2004 1378 2031 anituo
1397 2002 1482 2030 ferret
1496 2002 1706 2033 Constantinus,

915 2060 962 2080 eos
976 2051 1009 2078 ad
1026 2059 1074 2079 sua
1095 2051 1186 2078 redire
1200 2050 1293 2085 jussit.

951 2098 1192 2126 Verutnenimvero
1207 2097 1245 2124 illi
1258 2097 1291 2124 ad
1306 2095 1415 2131 imperii
1429 2099 1573 2121 consortes
1587 2101 1615 2121 se
1629 2101 1704 2120 rece-

917 2148 1025 2179 perunt,
1053 2147 1249 2177 contractaque
1274 2149 1335 2169 cum
1362 2141 1414 2168 illis
1432 2140 1626 2172 familiaritate,
1653 2139 1708 2174 pri-

876 2190 897 2216 D
910 2191 1008 2217 stinant
1027 2190 1194 2225 πχῤῥησίαν,
1212 2196 1260 2215 seu
1277 2188 1387 2215 dicendi
1411 2187 1580 2218 libertatem,
1602 2194 1707 2213 resum—

917 2241 1040 2271 pserunt,
1059 2243 1087 2262 et
1109 2236 1135 2262 in
1151 2235 1332 2262 Athanasium
1363 2234 1487 2268 Magnum
1507 2233 1658 2260 calumnias
1680 2237 1708 2259 ct

918 2282 1028 2309 insidias
1050 2282 1195 2312 instruere,
1222 2285 1304 2315 atque
1327 2280 1396 2307 adeo
1419 2279 1595 2315 antisynodos
1612 2278 1708 2305 adver-

917 2338 963 2356 sus
978 2329 1054 2355 illnnt
1080 2336 1177 2363 cogere
1202 2333 1355 2361 creperum.
1372 2327 1440 2354 llinc
1458 2333 1540 2360 porro
1564 2333 1660 2353 eorum
1675 2325 1708 2351 li-

917 2375 1016 2402 bertati
1034 2374 1181 2409 plurimum
1198 2373 1360 2400 incrementi
1379 2372 1505 2400 accessit.

950 2420 1067 2447 Arianus
1088 2419 1230 2453 presbyter
1246 2418 1273 2444 itt
1285 2418 1450 2445 Constantia:
1475 2416 1649 2451 imperatoris
1662 2423 1705 2442 so.

916 2466 988 2492 roris
1014 2464 1225 2491 familiarhatctn
1248 2471 1278 2491 sc
1300 2463 1495 2491 insinuaverat.
1519 2462 1567 2489 llic
1591 2469 1624 2488 eo
1647 2466 1691 2487 tan

915 2511 977 2538 dent
1000 2510 1117 2537 licentia:
1138 2510 1272 2545 prorupit,
1288 2515 1318 2537 ut
1334 2510 1421 2536 libere
1441 2516 1503 2535 cum
1519 2516 1551 2535 ea
1567 2508 1704 2541 colloqutu

915 2561 1000 2588 retur,
1030 2556 1181 2590 Ariumque
1205 2556 1309 2591 injuste
1322 2560 1349 2582 et
1365 2562 1414 2589 per
1428 2553 1559 2580 invidiam
1583 2552 1703 2579 Ecclesia

914 2602 1031 2635 ejectum
1047 2608 1107 2628 esse
1121 2601 1236 2628 diceret.
1261 2601 1367 2634 Quibus
1383 2599 1475 2626 verbis
1499 2597 1626 2628 adducta,
1645 2605 1706 2630 prv-

913 2645 1054 2680 sbyterum
1072 2646 1098 2672 in
1113 2645 1241 2672 familiam
1262 2645 1367 2672 ascivit.
1385 2643 1453 2671 Cum
1469 2648 1560 2670 autem
1577 2644 1634 2668 hanc
1650 2646 1703 2668 tam

913 2691 987 2726 gravi
1007 2691 1104 2718 morbo
1123 2690 1268 2720 laboraret,
1289 2694 1318 2715 ut
1331 2689 1442 2723 jantjam
1469 2688 1602 2714 moritura
1626 2685 1702 2712 vidc~

914 2742 1001 2768 retur,
1019 2744 1034 2763 a
1049 2736 1229 2764 Constantino
1252 2735 1347 2768 fratre,
1373 2734 1420 2769 qui
1441 2734 1514 2761 illam
1531 2733 1558 2760 id
1574 2732 1704 2765 temporis

914 2783 1055 2813 inviseret.
1076 2783 1227 2809 extremum
1247 2781 1300 2809 hoe
1313 2779 1476 2808 beneﬁcium
1494 2779 1581 2814 petiit,
1596 2782 1625 2804 ιιι
1641 2785 1702 2811 pta--

913 2829 1052 2864 sbyterum
1082 2828 1158 2855 illum
1185 2828 1256 2855 inter
1280 2827 1428 2855 familiares
1462 2825 1596 2857 haberet,
1618 2823 1699 2858 eique
