1927 3085
277 97 346 129 1375

894 100 918 129 N
925 98 1043 129 lCET/E
1062 97 1164 127 CHON
1171 97 1266 127 [ATrE

269 153 387 180 ximinus
423 157 554 188 tyrannus
595 153 747 186 etioderat,
777 154 938 189 sinistrique
972 152 1175 183 cubitiAdem
1211 153 1387 188 appellationi
1412 153 1563 188 imperator
1586 161 1705 188 quoque
1738 153 1914 181 Consus

268 206 369 225 nervos
399 198 570 228 absciderat.
599 204 682 233 atque
709 208 761 227 una
796 208 858 227 cum
899 201 1056 235 Paphnutio

276 244 456 280 A-Tuypliados
476 245 621 279 episcopos
635 245 668 272 ad
684 246 841 274 etl‘odicnda
860 247 967 274 metalla
991 255 1057 274 con-

266 290 457 321 demnaverat,
483 290 516 316 ad
539 290 686 325 Di0p0leos
700 292 888 326 episcopatum
914 297 1055 320 evexerat.

266 336 343 369 Quod
362 344 423 362 cum
452 344 523 370 aegre
542 336 646 365 ferrent
659 338 901 373 Hierosolymitani
925 339 959 370 (is
982 339 1055 366 enim

266 385 328 416 post
358 381 468 408 Macarii
496 382 601 408 obitum
628 382 880 418 Hierosolymorum
908 385 1056 419 episcopus

245 422 249 453 ‘5
265 427 425 462 (Ιετίίζιιθιιιε
440 429 552 459 fuerat).
563 430 736 463 paenitudine
751 431 850 457 ductus
862 435 903 457 est
916 430 1055 465 aliumque

246 470 249 506 ξ
271 473 450 506 Diupolitanis
476 474 636 509 episcopum
654 475 730 501 dedit
748 484 753 502 :
775 476 976 511 Maximumque
991 477 1055 504 Ilie-

246 510 248 520 ¹
265 519 406 547 ι-ωςυιιιηίίς
424 521 640 554 nianercjjussit,
658 529 689 547 ea
707 521 775 556 lege,
792 526 820 547 ut
836 522 991 550 sacerdotio
1011 531 1053 550 5e-

245 559 246 562 “
265 571 326 588 cum
346 564 518 597 fungeretur,
544 572 628 598 seque
647 570 756 591 mortuo
783 566 910 593 Ecclesia:
929 566 1052 600 praefice—

265 614 352 634 retur.
371 608 436 641 Quae
452 617 515 636 cum
530 610 701 642 arrisrsscnt,
723 610 796 638 facto
819 611 963 638 confestim
980 619 1053 639 com-

272 655 384 688 probata
399 660 472 681 sunt.

301 699 434 727 Maximus
478 700 570 735 itaque
611 700 863 736 Hierosolymorum
906 703 1052 738 episcopus

263 751 382 776 creatus,
399 747 490 773 nescio
500 747 563 781 quid
577 747 736 774 humanitus
749 755 893 782 perpessus
903 754 955 782 est,
969 756 1051 784 atque

265 793 335 818 eain
355 793 457 827 synodo
473 801 554 824 quam
583 793 718 820 Eusebius
743 794 961 823 Nicomediensis
987 797 1052 823 Hio-

265 838 399 872 rosolyma
421 844 628 870 convocaverat,
643 847 697 873 quo
715 844 838 874 tempore
852 841 961 868 Maximi
979 850 1050 868 uiar-

263 885 323 919 tyrii
344 885 471 911 Enen-uia
497 885 630 911 celebrata
653 890 726 916 sunt,
745 886 882 913 Athanasii
898 886 985 921 Magni
1001 888 1050 914 de-

263 930 389 962 positinni
404 931 578 964 subscripsit.
596 931 692 958 Postea
717 939 782 957 vero
807 932 894 965 topica
905 940 953 959 seu
969 933 1048 960 locali

260 975 363 1011 synodo
374 975 526 1002 Sardiceusi
536 982 639 1007 coacta,
649 984 701 1002 una
714 984 814 1003 cumeo
826 978 1047 1007 communicavit.

294 1022 353 1049 lam
369 1027 429 1056 post
445 1022 598 1049 Constantii
616 1023 734 1054 obitum,
754 1024 800 1056 qui
817 1024 850 1050 ab
872 1024 971 1051 Actcio
993 1025 1047 1052 Eu-

259 1069 327 1096 Scbii
346 1069 480 1103 Pamphili
501 1076 671 1101 successore,
695 1070 810 1104 ejusque
830 1069 970 1102 Cu‘sareie,
987 1079 1047 1104 quae

260 1114 286 1140 in
309 1113 453 1140 l’uia-stina
474 1118 526 1143 est,
548 1113 687 1147 episcopo.
706 1121 757 1140 nec
781 1122 834 1140 non
856 1123 870 1141 a
889 1116 1047 1150 Patrophilo

259 1159 483 1192 Setthopolitano
504 1159 623 1192 stabant,
644 1159 667 1185 ei
685 1159 845 1192 objccnrunt
866 1161 938 1194 quod
965 1169 1045 1195 quem

259 1205 335 1239 prius
354 1205 529 1239 deposuerat,
551 1213 614 1233 eum
629 1211 723 1240 postea
746 1206 918 1240 paenitudine
945 1207 1045 1235 ductus

258 1260 286 1277 l‘t‘
291 1257 422 1279 γορίιεευι.

294 1297 331 1324 Ea
346 1305 411 1332 ergo
435 1298 466 1324 de
482 1305 564 1324 causa
581 1297 727 1324 Maximum
753 1299 912 1333 episcopatu
939 1299 1046 1334 dcjcce-

258 1349 333 1374 runt,
363 1343 560 1378 Cyrillumque,
584 1345 631 1378 qui
660 1344 784 1377 ejusdem
805 1353 866 1372 cum
894 1345 960 1380 ipsis
989 1345 1045 1372 h:c-

257 1395 350 1415 roseos
377 1396 489 1415 consors
518 1389 540 1416 si
574 1396 627 1415 non
653 1393 736 1421 esset,
763 1390 858 1417 saltem
886 1391 1044 1422 haberetur,

256 1438 422 1460 asciverunt.
452 1434 501 1460 llic
522 1434 555 1461 de
581 1436 699 1469 primatu
718 1443 780 1462 cum
799 1436 930 1470 praedicto
945 1437 1045 1463 Acacio

257 1478 409 1510 contendit,
425 1479 483 1505 viro
500 1480 645 1506 verborum
660 1480 806 1515 elegantia.
822 1489 970 1516 rerumque
986 1490 1046 1516 gra—

257 1523 340 1550 vitate
357 1525 520 1558 percelcbri,
536 1530 564 1552 et
581 1527 628 1561 qui
645 1534 676 1554 ea
698 1528 892 1560 consultando,
909 1536 968 1563 qua:
984 1529 1044 1555 aliis

257 1571 349 1597 minus
373 1571 453 1597 obvia
479 1577 582 1604 essent,
607 1573 687 1600 facile
711 1574 891 1608 perspiceret,
920 1575 1045 1601 omnium

256 1616 533 1651 perspicarissimus,
557 1619 799 1654 conjectandisque
831 1620 947 1647 aliorum
983 1628 1046 1648 seu-

257 1664 350 1690 teutiis
375 1664 540 1698 peridoneus
559 1673 564 1691 :
584 1665 630 1700 qui
655 1664 774 1700 denique
791 1666 916 1700 quamvis
938 1667 1044 1694 nullum

257 1717 311 1736 non
326 1714 449 1736 meveret
462 1710 593 1745 lapidem,
609 1719 664 1745 quo
679 1719 694 1738 a
709 1719 738 1738 se
758 1711 854 1739 callida
871 1713 1045 1740 adversario-

257 1764 317 1783 rum
336 1757 458 1790 consilia,
475 1757 659 1792 subdolasque
676 1758 788 1786 technas
804 1759 979 1791 amoliretur,
996 1767 1044 1788 eos

257 1808 346 1830 tamen
360 1804 473 1838 placidis
483 1804 580 1834 oculis.
593 1804 752 1839 nullamque
763 1813 817 1838 pne
830 1812 858 1832 se
872 1806 1043 1833 iracundiam

255 1849 410 1876 ferentibus
425 1849 604 1882 intuebatur;
629 1855 657 1877 et
677 1851 843 1877 adversariis
865 1851 1044 1879 convicianti-

256 1895 307 1922 hus
322 1895 478 1922 assimulata
492 1895 610 1930 quadam
626 1896 755 1930 patientia
771 1896 888 1929 ridebat,
905 1905 936 1925 ac
957 1898 978 1924 si
993 1898 1043 1924 loe-

255 1942 343 1969 d-iriis
353 1945 380 1968 et
396 1941 570 1968 contumeliis
588 1941 671 1968 nullis
687 1946 854 1969 moveretur.

291 1988 429 2015 Primatus
439 1988 531 2023 itaque
544 1987 656 2015 ambitio
665 1987 884 2023 inimicitiisqua:
893 1989 964 2017 inter
973 1990 1027 2017 Aea
1035 2004 1043 2010 -

253 2036 326 2062 cium
346 2041 375 2063 et
389 2035 521 2070 Cyrillum
535 2039 706 2066 exarserunt,
724 2042 817 2062 ansam
833 2036 960 2069 praebuit.
974 2036 1042 2063 Cum

254 2087 344 2108 autem
369 2081 461 2113 Acacii
480 2081 630 2109 ambitione
658 2089 702 2108 res
730 2086 885 2116 gereretur,
908 2081 1043 2109 :‘Elienscs

254 2128 385 2162 Cyrillum
404 2131 579 2157 accusarunt,
596 2126 668 2160 quod
682 2135 742 2153 cum
759 2126 845 2153 fames
861 2132 1040 2161 grassaretur,

1069 825 1086 850 ll

1111 194 1281 234 suffragatus
1293 203 1345 226 est.
1359 200 1449 234 Atque
1462 199 1496 226 de
1511 198 1614 234 Cyrillo
1629 199 1799 227 hactenus.

1416 253 1492 281 CAP.
1511 254 1582 281 XVI.

1109 309 1148 336 De
1174 310 1318 336 Macedonii
1352 309 1639 341 Conslantinopolituni
1669 312 1798 344 episcopr
1858 321 1909 338 εῖτ

1145 346 1231 374 nibus.
1245 351 1268 371 et
1281 345 1349 372 crede
1363 350 1415 376 (an)
1431 345 1626 373 Cutholirornm
1639 354 1728 380 quam
1747 347 1910 372 Aria

1144 380 1174 416 ob
1190 388 1273 406 mero!
1291 381 1458 414 imperatoris
1477 381 1647 407 Constantini
1668 389 1770 416 caput
1788 387 1904 408 (rga,

1142 415 1238 441 tionem
1251 416 1308 450 ipso
1322 416 1349 442 in
1364 415 1460 450 templo
1476 420 1579 442 exorta.

1144 469 1322 498 Macedonius
1339 476 1431 498 autem
1449 472 1737 507 Constantinopoleos
1759 475 1905 508 opiﬁcem

1107 524 1171 543 reus
1191 517 1294 544 idcirco
1307 517 1494 551 deferebatur,
1510 519 1574 552 quia
1590 519 1741 546 Eleusium
1757 529 1910 554 quem“

1105 565 1132 587 et
1146 561 1350 588 Marathoniam
1367 563 1477 590 sceleris
1499 569 1640 591 consortes
1664 564 1849 594 habuerat.
1874 576 1908 594 ιῖι

1105 614 1165 633 rum
1191 614 1275 641 opera
1294 606 1496 635 llomousianos
1519 609 1649 636 infestare
1674 617 1791 645 posset.
1827 612 1912 638 Evr:

1105 653 1217 687 quidem
1238 653 1355 681 alterum
1372 662 1404 681 ex
1418 655 1528 689 publico
1548 656 1667 682 militum
1685 659 1880 691 provincia;

1103 699 1268 726 calculatore
1285 699 1432 727 diaconum
1449 701 1563 733 fecerat,
1595 703 1811 738 emnobiisquc
1840 713 1907 731 me;

1103 745 1217 772 chorum
1237 749 1265 772 et
1285 746 1456 776 monialium.
1472 751 1554 781 atque
1572 748 1822 784 ptochotropbiis
1842 758 1874 778 et
1889 762 1906 778 λγ

1104 790 1235 817 socomiis
1255 790 1425 825 praefecerat,
1441 791 1542 826 quippe
1561 793 1607 826 qui
1624 792 1803 821 divitiarum
1835 805 1888 831 qu;

1104 841 1159 863 tum
1174 837 1241 864 satis
1257 842 1317 863 erat
1329 837 1363 864 ab
1377 838 1499 864 exercitu
1514 838 1566 864 sibi
1582 846 1795 873 comparasset.
1821 843 1894 869 Ρω.

1104 891 1169 909 vero
1183 883 1215 909 ad
1235 883 1401 910 Nicomedia‘
1414 884 1601 918 episcopatum
1616 893 1832 919 promoverat.

1138 929 1249 955 Eleusio
1265 923 1367 961 autem,
1383 930 1428 964 qui
1445 938 1499 956 non
1520 931 1663 958 instrenuo
1675 932 1703 958 in
1721 932 1899 967 imperatw

1102 975 1234 1002 comitatu
1264 975 1420 1005 militasset,
1445 976 1534 1012 Cyzici
1550 977 1742 1011 episcopatum
1771 979 1905 1007 dunaa.

1104 1022 1142 1048 Ex
1156 1029 1209 1056 quo
1229 1023 1332 1053 evenit,
1348 1027 1377 1048 ut
1396 1023 1474 1048 malis
1497 1023 1650 1050 innumeris
1672 1024 1874 1054 Novatianns
1891 1039 1910 1054 ,ιν

1100 1066 1256 1098 ﬂictaveril,
1271 1075 1339 1102 quos
1353 1069 1378 1094 iu
1396 1068 1488 1101 primis
1502 1069 1518 1094 ii
1532 1073 1596 1094 sunt
1613 1071 1747 1104 aggressi.
1765 1073 1831 1105 qui
1852 1073 1908 1098 513;.

1102 1112 1224 1144 timeum,
1243 1112 1295 1139 hoc
1312 1117 1353 1140 est
1366 1113 1506 1140 Ponticam
1525 1113 1694 1145 Heracleam,
1717 1117 1911 1151 reliquasqs;

1101 1158 1294 1192 Paphlagonim
1309 1164 1401 1193 partes
1417 1159 1585 1186 incolebant.
1600 1160 1664 1193 Ejus
1680 1162 1759 1188 enim
1777 1166 1887 1190 consi‘

1101 1203 1202 1230 milites
1215 1203 1313 1230 armati
1329 1204 1363 1230 ah
1387 1204 1553 1238 imperatore
1569 1205 1642 1231 missi
1663 1211 1742 1238 sunt,
1759 1209 1823 1241 qui
1858 1211 1913 1235 “iu:

1100 1249 1289 1276 adorirentur.
1315 1250 1450 1282 Quocirca
1472 1251 1579 1278 collatis
1597 1251 1728 1287 utrinque
1749 1255 1911 1283 manibus.

1101 1297 1231 1331 permulti
1251 1297 1380 1331 utrinque
1394 1297 1567 1324 ceciderunt.

1133 1342 1172 1367 Ad
1198 1341 1255 1368 [nec
1281 1342 1459 1376 reliquiarum
1487 1343 1577 1377 magni
1606 1343 1680 1371 illius
1710 1346 1912 1380 imperatoris

1099 1387 1273 1415 ConSIautini
1303 1395 1426 1422 capsum,
1460 1397 1514 1416 non
1545 1390 1604 1416 sine
1633 1391 1719 1417 multa
1749 1395 1910 1427 sanguinis

1098 1434 1243 1466 effusione,
1256 1435 1283 1460 in
1296 1435 1383 1462 sancti
1394 1436 1519 1470 martyris
1535 1437 1628 1463 Acacii
1648 1436 1789 1464 basilicam
1805 1445 1905 1465 trans-

1100 1480 1171 1512 tulit,
1200 1481 1332 1515 templum
1363 1481 1389 1508 in
1419 1489 1474 1516 quo
1507 1483 1628 1516 reposita
1653 1483 1746 1514 fuerit,
1777 1486 1900 1512 ruinam

1099 1526 1196 1553 minari
1220 1532 1358 1554 causatus.
1387 1527 1597 1556 “eluctantibus
1623 1530 1698 1556 enim
1725 1530 1908 1562 Catholieis,

1096 1579 1148 1598 nec
1163 1579 1274 1606 capsam
1299 1571 1360 1598 loco
1383 1573 1547 1600 movendam
1564 1580 1628 1600 esse
1642 1574 1906 1606 conclamantibus,

1098 1617 1226 1653 idemque
1251 1618 1304 1644 hoc
1319 1625 1441 1652 esse,_ac
1457 1618 1479 1645 si
1497 1618 1632 1645 tumulum
1649 1619 1775 1651 etl‘odiat,
1798 1629 1907 1655 magna

1097 1663 1226 1698 utrinque
1239 1663 1327 1690 caedes
1337 1667 1432 1691 exorta
1441 1668 1498 1699 esti:
1516 1668 1546 1691 ut
1556 1664 1614 1698 ipsa
1623 1664 1705 1691 etiam
1717 1664 1796 1692 :rdes
1816 1666 1902 1692 beato

1096 1709 1209 1744 martyri
1221 1716 1309 1741 sacra,
1322 1709 1436 1745 ejusque
1450 1710 1581 1742 ambitus,
1595 1717 1692 1737 cruore
1705 1711 1902 1739 redundaret.

1395 1767 1472 1795 CAP.
1490 1767 1572 1795 XVII.

1095 1824 1134 1851 De
1171 1825 1329 1852 Ariminensi
1363 1825 1544 1860 episcoporum
1584 1826 1794 1861 quadringentis
1842 1828 1896 1859 plu-

1134 1861 1204 1887 rium
1237 1861 1360 1895 synoda,
1390 1861 1600 1893 confessioneaue
1627 1861 1689 1893 ﬁdei
1723 1862 1757 1888 ob
1790 1863 1897 1889 Ariani:

1132 1899 1203 1929 apud
1223 1896 1302 1922 Nicen
1320 1895 1438 1922 Thracia:
1457 1895 1570 1929 conﬁcta
1585 1899 1609 1922 ει
1629 1904 1677 1930 pro
1695 1905 1761 1924 vera
1787 1898 1896 1925 Nicena

1131 1930 1262 1965 Bithyniae
1276 1939 1342 1966 supp
1349 1931 1428 1957 osila.

1130 1988 1233 2023 Duplex
1247 1987 1339 2022 igitur,
1357 1992 1386 2013 ut
1398 1987 1455 2022 jam
1469 1987 1575 2019 monui,
1589 1987 1656 2014 coiit
1667 1989 1819 2023 synodus:
1838 1990 1890 2016 Ari-

1094 2033 1161 2060 mini
1178 2032 1300 2067 quidem,
1329 2037 1358 2058 ut
1383 2031 1416 2059 de
1439 2031 1633 2066 dogmatibus,
1653 2032 1794 2061 Seleuciae
1819 2042 1889 2064 vero.

1095 2082 1125 2105 ut
1141 2078 1175 2105 de
1189 2077 1383 2112 episcoporum
1401 2077 1644 2104 criminationibus
1657 2085 1885 2113 cognosceretur.

1094 2123 1170 2151 Prior
1194 2124 1286 2158 itaque
1310 2124 1491 2151 Ariniiuensis
1516 2129 1681 2158 congregata
1705 2130 1763 2158 est,
1790 2133 1885 2152 conve-

254 2173 299 2199 ille
316 2181 466 2207 pauperum
483 2177 616 2207 praetextu
647 2180 723 2199 sacra
743 2172 863 2199 clinodia
898 2177 1042 2207 vestesque
1060 2175 1079 2202 D
1094 2174 1249 2204 “eruntque
1267 2169 1456 2197 Occidentales
1485 2171 1607 2204 episc0pi
1631 2171 1725 2205 plures
1752 2173 1882 2206 quadrin-

255 2219 375 2245 auctioni
390 2221 572 2253 exposuisset,
590 2226 706 2252 quarum
726 2218 872 2245 nonnullas
888 2219 1041 2253 negotiator

256 2265 366 2298 quidam
385 2270 525 2299 coemptas
553 2265 706 2299 thymelieae
721 2264 829 2290 cuidam
854 2272 903 2291 seu
926 2265 1042 2291 scenica:

255 2311 364 2337 mulieri
381 2310 559 2338 vendidisset.
577 2310 765 2337 Theodoritus
782 2318 866 2345 porro
883 2316 980 2338 auctor
999 2316 1041 2339 est

253 2357 410 2392 hujusmodi
426 2361 528 2384 vestem
544 2357 660 2384 Macario
679 2356 927 2391 Hierosolymorum
944 2357 978 2384 ah
993 2358 1042 2384 ini-

254 2409 379 2440 peratore
395 2403 576 2431 Constantino
593 2403 722 2430 donatum
743 2402 838 2435 fuisse,
852 2410 906 2438 qua
928 2411 985 2430 rem
999 2412 1042 2430 sa-

253 2458 328 2479 cram
345 2450 447 2478 faciens
461 2454 597 2480 uteretur,
612 2457 661 2476 nec
677 2457 691 2475 ει
712 2448 819 2475 scenica
842 2449 967 2480 muliere,
993 2450 1039 2476 sed

253 2497 391 2532 quondam
408 2497 530 2532 ejusdem
542 2496 609 2522 artis
622 2495 682 2521 viro
694 2499 877 2529 comparatam
891 2495 986 2522 fuisse.

289 2544 450 2570 Convocatis
464 2550 529 2577 ergo
544 2541 668 2568 finitimis
696 2541 834 2576 episcopis
854 2541 970 2568 Aeacius
988 2541 1040 2576 Cy-

253 2589 344 2616 rillum
369 2590 396 2616 in
416 2590 461 2624 jus
480 2587 608 2615 vocavit:
635 2594 727 2621 quem.
750 2587 814 2621 quia
838 2595 910 2621 saepe
928 2591 1040 2614 vocatus

253 2641 308 2662 non
324 2632 741 2668 comparuisset,deposuerunt.
757 2631 805 2657 llic
820 2636 911 2658 autent
924 2631 999 2658 solus
1013 2630 1040 2658 id

255 2679 399 2714 temporis,
422 2683 450 2705 et
473 2678 579 2713 primus
594 2681 693 2713 praeter
709 2676 928 2704 ecclesiasticum
955 2684 1040 2704 cauo-

255 2734 317 2752 ncm
329 2725 519 2760 appellationis
533 2724 566 2751 ad
583 2723 723 2758 publicum
741 2722 830 2749 forum
843 2730 956 2754 meumr,
973 2722 1005 2749 iis
1024 2730 1038 2749 a

257 2769 356 2802 quibus
387 2769 528 2803 depositus
558 2768 658 2800 fuerat,
686 2767 888 2802 provocationis
916 2767 1037 2794 libellum

258 2815 339 2847 misit,
355 2821 381 2842 et
396 2816 427 2842 ad
443 2816 525 2850 muju:
548 2814 666 2842 tribunal
683 2814 851 2849 provocavit.
873 2814 957 2849 Cujus
975 2814 1037 2849 qui-

1092 2215 1190 2249 gcutis.
1207 2214 1340 2247 Quocirca
1355 2215 1457 2243 Valens
1473 2215 1628 2249 Sigedonis,
1655 2217 1791 2244 Ursacius
1818 2217 1883 2243 Mur-

1091 2267 1137 2289 ste,
1155 2259 1313 2287 Germinius
1338 2260 1444 2291 Sirmii,
1471 2260 1624 2287 Auxentius
1653 2261 1880 2291 Mediolauorum,

1092 2312 1118 2333 ct
1135 2305 1312 2340 Demophilus
1328 2306 1466 2333 Berl-hune
1483 2308 1509 2333 iu
1529 2306 1649 2334 medium
1672 2309 1826 2343 progressi,
1843 2307 1880 2334 Fi-

1091 2352 1157 2379 lium
1172 2352 1245 2379 Patri
1264 2352 1367 2387 ὃμαιον,
1385 2360 1432 2379 seu
1448 2352 1577 2385 similem,
1599 2361 1660 2380 esse
1676 2354 1828 2381 dicendum
1847 2361 1875 2379 es

1092 2396 1199 2431 Scripta
1205 2405 1294 2424 rarum
1305 2398 1466 2432 prteseripto
1474 2403 1654 2425 censuerunt.
1666 2400 1769 2430 Οὐσίας
1780 2404 1874 2428 autem,

1091 2442 1262 2474 substantia),
1280 2443 1326 2469 ubi
1351 2442 1384 2468 de
1415 2443 1472 2469 Deo
1500 2444 1603 2476 agitur,
1634 2443 1739 2470 nullam
1765 2450 1870 2478 prorsus

1091 2488 1243 2515 faciendam
1277 2497 1336 2517 esse
1375 2489 1543 2516 mentionem
1584 2496 1775 2518 asseruerunt.
1806 2489 1871 2521 QUOS

1091 2534 1201 2569 quidem
1216 2542 1248 2561 ea
1271 2534 1298 2561 in
1323 2535 1460 2561 sententia
1479 2535 1618 2562 mordicus
1637 2536 1806 2563 insistentes.
1830 2542 1868 2568 sy-

1090 2581 1180 2609 nodus
1202 2581 1246 2608 illa
1273 2581 1411 2616 deposuit,
1439 2586 1521 2614 atque
1552 2581 1584 2608 ad
1606 2581 1808 2616 imperatorem,
1827 2577 1867 2612 qui

1090 2635 1140 2662 per
1160 2627 1186 2654 id
1203 2632 1310 2661 tempus
1324 2627 1417 2653 Sirmii
1441 2632 1511 2658 erat,
1535 2626 1640 2661 legatos
1654 2627 1742 2660 misit,
1756 2626 1799 2660 qui
1811 2630 1864 2649 eum

1091 2672 1124 2700 de
1145 2672 1228 2699 rebus
1246 2673 1272 2698 in
1287 2673 1392 2708 synodo
1406 2671 1489 2707 gestis
1505 2677 1654 2699 certiorem
1669 2672 1795 2700 facerent.
1816 2667 1860 2701 Qui

1090 2719 1208 2753 depositi
1223 2719 1340 2750 fuerant,
1359 2719 1474 2746 moleste
1493 2717 1520 2744 id
1538 2717 1669 2750 ferentes,
1689 2719 1789 2753 legatos
1801 2721 1858 2750 μινιε·

1090 2770 1234 2796 venerunt,
1246 2765 1459 2799 imperatorique
1469 2764 1566 2798 synodi
1577 2768 1638 2790 aeta
1662 2764 1855 2791 renuntiarumi

1090 2819 1199 2845 etcum,
1215 2814 1260 2848 qui
1279 2813 1382 2840 Ariano
1400 2812 1520 2848 dogmati
1541 2813 1658 2846 faveret,
1683 2816 1774 2840 contra
1790 2814 1849 2841 ειηθ
