1927 3085
15 185 73 211 51m
101 189 362 220 exasperarunt:
381 189 464 220 atque
490 184 528 212 ita
554 183 659 218 legatos
682 183 741 218 ejus
764 189 793 209 re
810 183 851 208 in-

33 236 85 257 :ta
112 232 264 258 remisit.
277 231 407 260 Ursacius
420 238 497 265 ergo.
514 230 565 257 hac
576 229 687 256 licentia
699 228 849 263 proposita,

18 307 21 313 ‘
48 277 238 311 Oppidum
260 277 384 304 Thracia:
400 277 516 303 nomine
529 275 614 302 Nicen
635 275 772 309 pervenit,
787 274 850 300 Ari-

11 335 17 347 ε
40 323 248 357 nensisquc
265 323 327 350 ﬁdei
355 323 557 358 expositionum
573 323 600 348 in
612 320 735 348 Graicutn
749 320 850 347 idioma

11 369 236 399 ~~tttsfusum,
253 369 352 396 deinde
386 368 620 395 subadulteratam
641 371 669 393 et
691 369 849 399 corruptam

29 423 40 440 ι
66 415 108 440 in
134 415 255 448 vulgus
279 414 380 444 emisit.
400 422 431 441 ac
449 415 471 441 si
496 414 531 440 ab
557 413 706 440 universali
732 411 848 446 synodo,

14 464 81 486 itan
117 461 229 487 Nicen
248 461 433 489 convenisset.
465 459 699 494 proﬁcisceretur,
719 458 849 485 similitu-

14 512 86 533 ‘tte
143 507 282 533 nominis
316 506 530 540 sitnp.icioribus
568 509 596 531 et
626 504 786 530 rudioribus
818 510 849 530 os

20 551 172 577 blinere
191 556 324 581 conatus,
343 558 402 577 eain
420 557 480 577 esse
505 549 568 576 ﬁdei
593 549 791 583 expositionem
808 556 850 575 re-

10 601 148 623 ~ututut
161 598 202 628 is,
220 604 282 630 qua:
298 595 370 630 apttd
393 595 527 630 Bithynia:
543 594 660 620 Nicaeam
676 593 750 620 edita
765 597 848 619 esset.

53 643 146 670 Cum
175 647 276 669 autetn
294 642 428 677 synodum
461 647 515 668 tant
542 640 680 667 diuturna:
698 638 769 673 apud
786 639 849 665 Ari-

10 689 151 715 minum
192 697 280 715 mone
303 690 358 724 jatn
383 689 505 719 taadcret,
522 687 587 722 quia
616 686 763 719 imperator
788 692 848 712 eam

22 744 187 769 'csponso
206 736 338 770 dignatus
362 742 415 761 non
442 734 541 764 fuerat,
555 733 572 759 ii
589 733 636 767 qui
657 732 755 758 Ftliunt
774 731 848 757 Patri

23 783 152 816 ὅμοιον,
188 789 243 808 seu
270 781 399 812 sim.lem,
424 780 633 815 proﬁtebantur,
659 778 751 805 nescio
779 785 848 811 quos

20 828 257 857 sub.t.iseruttt,
286 827 332 861 qui
361 834 424 853 cutn
465 826 592 852 Patribus
627 823 849 851 Ariminensibus

13 873 261 904 consultarent.
295 878 425 906 tanquattt
453 871 596 906 indignum
614 873 698 901 esset,
724 873 755 895 ut
770 868 852 894 unius

23 920 173 947 norniuis
193 926 273 953 ergo,
300 919 430 945 nimirum
454 918 561 949 οὐσίας,
580 924 629 943 seu
648 914 820 946 substantiae,
838 922 855 941 a

28 966 133 992 totius
169 966 253 992 orbis
285 965 478 992 sacerdotibus
519 963 699 990 dissiderent.
731 961 854 994 Quorum

10 1032 13 1037 .
31 1011 161 1037 ratione
181 1010 298 1037 adducti
314 1010 409 1037 Patres
425 1009 631 1038 Ariminenses.
648 1007 782 1040 scriptum
798 1005 854 1032 col-

10 1068 12 1070 -
34 1056 206 1082 laudarunt
236 1055 308 1090 quod
323 1055 452 1082 Ursacius
465 1055 574 1084 Murste,
586 1052 778 1080 elGerminius
795 1051 854 1078 Sir-

35 1103 94 1129 mii
108 1102 293 1129 elaboraraut
316 1102 367 1134 Qui
380 1101 471 1133 veriti,
495 1108 529 1127 ne
538 1099 654 1127 secundi
668 1107 682 1125 a
701 1098 807 1134 synodo
819 1098 853 1125 ad

40 1150 255 1182 imperatorem
273 1147 353 1174 missi
370 1147 462 1181 legati,
477 1146 501 1173 ei
516 1145 706 1180 explanarent,
727 1151 853 1179 quaenam

39 1195 254 1229 episcoporum
269 1194 486 1221 Occidentalium
503 1192 538 1219 ab
555 1192 634 1218 initio
651 1191 790 1222 instantia,
804 1198 853 1217 su-

43 1240 178 1274 blatique
192 1239 329 1266 homousii
340 1246 419 1266 causa
433 1239 539 1267 fuisset.
553 1245 601 1264 eos
615 1237 712 1264 hiemis
721 1241 853 1271 pnetextu

46 1286 127 1320 apud
138 1286 267 1312 Thracia:
282 1285 366 1312 Niceti
377 1284 571 1316 detinucrunt,
589 1287 852 1318 persuaseruntque,

50 1337 85 1359 ut
102 1332 177 1366 quod
198 1332 343 1358 ediderant
356 1331 502 1365 scriptum,
520 1330 614 1356 Graece
632 1330 850 1364 interpretaren-

52 1383 112 1404 tur.
128 1379 189 1410 Quo
206 1377 288 1407 facto.
307 1385 368 1403 mox
395 1377 428 1403 ad
457 1375 577 1403 Orientis
593 1375 737 1409 episcopos
763 1377 852 1401 mise-

55 1428 135 1450 runt.
148 1423 237 1457 Atque
247 1423 304 1449 haec
314 1423 424 1457 quidctn
440 1422 514 1448 hunc
527 1421 554 1448 itt
567 1421 677 1447 modum
688 1425 762 1456 gesta
775 1427 851 1448 sunt.

358 1478 436 1506 CAP.
451 1477 547 1504 XVI”.

60 1537 99 1564 De
116 1537 273 1564 Seleuciaua
288 1539 391 1562 contum
417 1536 555 1570 sexaginta
582 1535 760 1569 episcoporum
779 1534 849 1561 anti-

98 1573 206 1607 synodo.
223 1573 248 1598 in
263 1580 315 1606 qua
333 1572 539 1597 Homaeunorum
560 1573 591 1596 ab
611 1571 803 1607 Homwusjonis
825 1575 849 1596 et

98 1605 347 1635 Auamwunis'aectu
364 1607 444 1632 diviso
468 1612 521 1636 est;
541 1606 701 1640 Acaciusque
726 1605 850 1632 Momen-

97 1651 190 1669 uorum
205 1642 258 1668 dux
270 1647 293 1668 et
307 1647 400 1668 auctor
412 1642 439 1667 in
457 1641 580 1667 assiliunt
597 1645 681 1667 actus.

100 1700 154 1727 Nec
168 1708 231 1726 vero
252 1700 289 1726 ita
316 1699 405 1726 tnulto
426 1703 487 1733 post
505 1698 627 1733 episcopi
651 1698 762 1726 circiter
785 1705 850 1726 cen-

69 1750 124 1772 tum
141 1751 167 1772 et
180 1746 317 1780 sexaginta
334 1745 488 1771 Seleuciam
512 1744 622 1771 Isauriae
648 1749 848 1776 convenerunt,

71 1791 170 1825 quibus
201 1797 229 1817 se
257 1790 383 1824 adjunxit
411 1791 522 1824 quidam
542 1789 582 1815 vir
606 1789 731 1820 illustris,
759 1794 787 1816 et
803 1789 850 1823 qui

71 1836 181 1862 multum
192 1835 217 1862 in
225 1835 286 1861 aula
299 1835 474 1868 imperatoria
485 1839 601 1868 poterat,
612 1835 722 1862 nomine
732 1835 849 1868 Leonas,

73 1886 100 1908 et
127 1881 261 1907 Lauricius
287 1881 498 1915 provincialium
521 1880 638 1906 militum
663 1881 728 1912 dux,
748 1881 796 1913 qui
815 1881 850 1908 ab

77 1927 230 1961 imperatore
242 1927 337 1962 jussus
352 1926 442 1953 fuerat
458 1927 599 1960 suppetias
615 1927 711 1953 Leonte
725 1928 806 1960 ferre,
827 1928 850 1955 si

76 1981 139 2008 Opus
151 1978 227 2000 esset.
244 1973 273 1999 lu
286 1974 374 2007 prima
389 1978 480 1999 autem
493 1973 626 2003 sessione,
638 1973 706 1999 duas
720 1973 747 2000 in
759 1978 850 2008 partes

79 2023 181 2053 repente
195 2019 272 2045 divisi
284 2023 358 2046 sunt.
371 2018 460 2053 Atque
473 2019 518 2045 uni
533 2019 643 2053 quidem
653 2024 768 2053 praeerat
781 2020 851 2047 Aca-

80 2065 133 2092 cius
154 2065 284 2097 Cnsareag,
309 2073 370 2100 quae
392 2065 420 2091 itt
445 2065 589 2092 Palaestina
612 2071 667 2096 est,
692 2067 849 2102 episcopus,

81 2111 182 2146 ejusque
205 2116 355 2142 consortes,
371 2111 480 2137 duobus
504 2115 530 2137 rt
554 2112 665 2145 triginta
683 2112 794 2146 plures:
811 2114 851 2140 al-

83 2157 129 2183 teri
144 2161 224 2183 autent
239 2156 373 2191 Georgius
400 2156 550 2189 Laodicere,
568 2165 630 2191 qua:
651 2159 679 2185 in
701 2158 780 2194 Syria
796 2164 849 2193 est,

84 2202 182 2237 ejusque
194 2207 342 2230 consortes.

117 2248 193 2282 Atque
204 2247 230 2273 lti
242 2248 353 2282 quidem
368 2247 395 2275 in
408 2249 515 2276 exteris
530 2250 659 2278 omnibus
679 2251 796 2279 Nicamac
811 2260 855 2288 sy-

87 2294 149 2320 nodo
173 2293 369 2321 subscribentes
400 2294 508 2322 unicam
550 2296 679 2323 homousii
703 2297 852 2324 dictionem

89 2339 269 2373 improbabant,
304 2339 513 2375 ὁμοιούσιονίιιιθ
536 2341 610 2368 Patri
636 2341 734 2369 Filium
758 2343 853 2370 dicen-

91 2384 144 2411 dum
159 2392 208 2412 esse
225 2386 436 2420 proﬁtebantur.
451 2386 581 2414 Acaciani
605 2395 671 2415 vero
684 2388 710 2414 in
728 2396 758 2416 ca
772 2393 851 2416 erant

93 2430 182 2462 heresi,
199 2434 225 2457 ut
247 2435 274 2457 et
288 2431 421 2458 Itomausio
438 2437 466 2458 et
483 2432 624 2460 ltomazust'a
646 2441 680 2460 ex
703 2441 782 2468 aequo
808 2442 850 2461 re-

92 2477 164 2512 jectis,
189 2482 310 2512 tauquam
345 2479 524 2512 dictionibus,
559 2487 620 2514 qua:
653 2488 668 2506 a
699 2480 850 2515 Scripturis

94 2522 171 2549 alienae
181 2529 282 2556 prorsus
290 2527 393 2554 essent,
407 2523 461 2550 imo
472 2524 554 2551 etiam
565 2525 684 2560 ἀνομοίῳ
695 2526 849 2560 antiquata,

95 2567 174 2594 Filium
182 2568 243 2595 Patri
262 2568 364 2602 ὅμοιον,
379 2575 428 2595 seu
442 2568 561 2597 similem
573 2570 660 2605 palam
676 2577 846 2599 assercrent.

97 2612 135 2640 Est
146 2613 214 2646 enim,
229 2617 258 2640 ut
271 2613 418 2648 Apostolus
434 2613 536 2641 alicubi
551 2615 599 2648 ait,
616 2615 704 2651 imago
718 2615 766 2643 Dei
784 2617 850 2643 inui-

97 2659 162 2688 tibilis
168 2660 195 2687 ³⁸.

128 2705 261 2739 Interrogati
277 2713 344 2733 vero
359 2710 495 2740 quatenus
509 2714 571 2734 eum
590 2707 662 2735 Patri
672 2708 790 2736 similent
807 2709 851 2735 di-

100 2751 329 2783 cereut.Voluntatc
355 2753 423 2785 sola,
446 2753 670 2788 respondebant:
697 2756 850 2784 substantia

132 2847 242 2875 “010:5.
260 2855 278 2876 t,
298 2847 340 2875 lli.

706 124 857 154 THESAU

864 124 905 154 R1
927 125 998 155 LIB.
1022 126 1054 155 ν.
1625 124 1692 154 1378

866 187 889 215 Α
905 188 970 208 vero
983 189 1038 208 non
1055 181 1119 208 item
1139 190 1146 208 :
1162 188 1225 216 quae
1240 188 1302 209 cutn
1320 185 1466 216 utramque
1478 180 1504 208 in
1522 184 1627 215 partem
1639 181 1697 215 agt-

907 230 1041 257 tarcntur,
1063 227 1175 254 dimissa
1189 231 1231 254 est
1247 227 1379 262 synodus.

942 271 1077 298 Cmterutn
1098 273 1227 300 Acaciani
1253 280 1314 300 cum
1342 273 1375 299 iis
1398 281 1412 300 a
1433 272 1533 307 quibus
1551 271 1694 299 dissentie-

905 317 984 348 bant,
1002 317 1119 344 ulterius
1131 319 1274 344 considere
1290 318 1450 344 noluerunt.
1467 319 1638 351 Quapropter
1654 317 1694 344 illi

905 363 1062 397 congregati
1076 362 1206 390 Acacium
1219 368 1247 390 et
1259 364 1318 398 ejus
1330 370 1472 391 consortes
1486 366 1527 397 de;
1539 369 1672 390 osuerunl
1687 372 1693 389 :

905 409 977 436 inter
993 417 1062 443 quos
1087 412 1147 436 erat
1171 409 1312 436 Eudoxius
1341 411 1504 442 Autiocltize,
1525 411 1585 436 loco
1615 411 1695 444 cujus

904 456 1044 482 Adrianus
1074 455 1117 481 vel
1145 455 1289 485 Aniunus,
1338 455 1504 482 Antiocheni
1531 456 1595 481 cleri
1634 463 1694 489 pre-

904 501 1008 535 sbyter.
1035 500 1168 526 sulTectus
1187 504 1230 526 ιδι
1249 510 1254 526 ;
1271 500 1318 534 qui
1343 501 1487 528 conl'estint
1506 510 1521 527 a
1542 501 1640 535 ,Leona
1668 505 1693 528 et

904 544 1032 572 Lauricio
1049 544 1077 570 in
1095 543 1223 571 esstlintn
1241 551 1341 570 nnSsus
1353 549 1405 570 est.

1216 600 1293 627 CAP.
1309 600 1382 627 ΧΙΧ.

904 645 1075 674 Constantius
1094 647 1239 680 impuntor
1264 647 1338 673 Aetio
1362 647 1587 673 Anommnnorum
1613 647 1691 674 luere-

940 682 1046 707 .st'urclm
1063 683 1089 707 iu
1109 683 1228 708 el'Siltutll
1244 687 1310 711 (tcto,
1333 683 1491 708 Arimiueusi
1509 682 1628 716 ﬁdeipro
1646 683 1692 709 Νί-

940 725 1013 742 είιιιια
1028 717 1170 750 supposin
1184 717 1355 744 subscribens.
1370 718 1692 743 Acuciunorumllomwa-

938 759 1033 777 norum
1050 752 1166 777 ha’resm
1179 751 1315 785 muplcrus
1328 757 1375 777 est.
1571 750 1575 753 ’

938 797 1007 824 Cum
1022 802 1111 824 autent
1129 797 1308 824 Constantius
1333 798 1482 831 imperator
1505 798 1538 825 al)
1566 798 1695 825 Occiduis

867 843 1029 895 Bpartibus
1050 842 1308 876 Constantinopolin
1342 843 1482 872 rediisset,
1520 845 1694 877 primumque

906 889 975 916 adeo
1000 889 1060 924 ejus
1090 889 1169 915 urbis
1196 888 1354 923 prafectum
1380 887 1551 914 Honoratum
1584 889 1696 914 nomine

906 934 1106 966 constituisset,
1144 938 1227 967 atque
1262 933 1475 967 proconsulatus
1504 932 1693 966 magistratum

905 981 1084 1015 antiquasset,
1100 979 1229 1007 Acaciani
1254 986 1287 1006 eo
1302 987 1417 1014 prepere
1435 983 1579 1011 veneruttt,
1610 983 1638 1005 et
1662 987 1694 1006 er

905 1027 1003 1054 aulicis
1021 1027 1089 1054 alios
1108 1026 1220 1061 quidem
1236 1034 1313 1053 suatn
1329 1026 1355 1052 in
1370 1026 1535 1052 scnlentiant
1559 1026 1693 1060 pellectus

904 1073 956 1100 sibi
973 1073 1161 1105 concilianles,
1176 1071 1244 1098 alios
1255 1077 1347 1098 autem
1358 1070 1553 1098 ecclesiasticis
1567 1070 1646 1097 bonis
1660 1071 1695 1097 ita

905 1123 1125 1153 corrumpentcs,
1141 1118 1193 1145 hac
1207 1122 1266 1145 arte
1280 1117 1331 1144 sibi
1356 1117 1389 1143 ad
1417 1116 1592 1151 imperatoris
1616 1124 1696 1144 aures

904 1164 977 1191 viam
1009 1167 1190 1198 aperuerunt,
1218 1167 1299 1197 atque
1321 1169 1369 1189 eos
1399 1161 1445 1196 qui
1474 1162 1590 1188 diversa:
1613 1161 1697 1196 partis

904 1213 983 1237 erant
999 1209 1159 1236 calumniati
1176 1214 1261 1235 sunt:
1276 1216 1394 1243 quortttn
1414 1208 1510 1235 decetn
1529 1207 1564 1235 ad
1580 1209 1698 1242 impera-

904 1259 993 1283 torcnt
1023 1259 1169 1282 venerunt.
1201 1255 1307 1288 Quibus
1338 1254 1522 1289 przt'scntibus
1553 1262 1606 1281 una
1633 1261 1695 1281 cum

904 1302 999 1330 decem
1018 1301 1081 1329 aliis
1101 1302 1135 1328 ab
1153 1301 1320 1328 Aritninensi
1334 1301 1438 1335 synodo
1453 1300 1553 1331 missis,
1570 1300 1625 1326 itno
1636 1300 1696 1327 aliis

904 1356 1014 1383 quoque
1031 1353 1096 1375 tunc
1120 1348 1147 1374 in
1172 1348 1233 1374 aula
1253 1347 1325 1374 forte
1348 1347 1536 1378 versantibus,
1556 1346 1698 1374 mandavit

904 1396 1066 1429 imperator,
1080 1398 1110 1420 ut
1122 1401 1207 1428 super
1221 1393 1301 1420 Aetio
1314 1393 1519 1427 anquireretur.

937 1441 997 1474 Quo
1032 1441 1103 1467 facto
1131 1440 1226 1466 Aetius
1257 1439 1380 1474 quidem,
1418 1439 1465 1473 qui
1491 1439 1589 1466 Filium
1623 1439 1698 1466 Patri

905 1488 1045 1522 ἀνόμοιον,
1062 1493 1110 1513 seu
1126 1485 1288 1512 dissimilent
1309 1484 1499 1520 proﬁtebatur,
1519 1485 1546 1511 in
1567 1485 1693 1512 exsiliunt

866 1544 888 1575 ο
903 1534 1008 1569 ejectus
1023 1536 1077 1559 est.
1094 1531 1224 1558 Acaciani
1254 1536 1344 1557 autent
1359 1538 1393 1557 ex
1411 1531 1567 1565 composito
1583 1538 1696 1565 prame-

904 1580 1045 1613 ditataque
1059 1578 1155 1604 fraude
1174 1577 1363 1612 perfecerunt,
1380 1581 1409 1603 ut
1425 1576 1486 1603 ﬁdei
1501 1577 1637 1610 expositio
1658 1577 1696 1603 lc-

901 1631 1024 1662 gerctur,
1040 1633 1102 1660 qua:
1116 1623 1241 1651 Arimino
1256 1623 1335 1650 allata
1351 1622 1450 1655 fuerat,
1470 1622 1498 1649 in
1515 1631 1569 1657 qua
1584 1631 1617 1650 ex
1641 1623 1694 1650 Va—

901 1672 984 1700 lentis
998 1676 1025 1698 et
1040 1670 1146 1698 Ursacii
1161 1670 1277 1702 ambitu,
1294 1668 1440 1704 ὁμοουσίου
1457 1669 1569 1696 nomine
1593 1669 1694 1696 deleto.

901 1719 1005 1753 ὅμοιον,
1024 1724 1073 1744 seu
1087 1716 1208 1743 similem
1222 1715 1375 1743 secundum
1391 1713 1550 1748 Scripturas
1562 1722 1692 1748 reposue—

902 1767 977 1790 runt.

938 1809 1024 1841 Quam
1038 1808 1188 1841 imperator
1199 1814 1308 1841 quoque
1320 1807 1419 1833 lectam
1441 1805 1582 1840 amplexus
1598 1809 1650 1836 cst,
1668 1810 1695 1832 (ι

902 1859 1005 1888 quanta
1022 1857 1094 1880 esset
1111 1853 1156 1879 illa
1172 1852 1318 1886 prtesulum
1344 1851 1501 1883 multitudo,
1518 1851 1566 1885 qui
1588 1851 1686 1877 Arimi-

902 1908 967 1927 num
981 1902 1166 1926 convencrant
1183 1898 1411 1932 (quadringentos
1426 1897 1499 1923 enim
1514 1897 1598 1924 fuisse
1619 1905 1686 1931 pra:-

902 1947 1006 1977 monui,
1019 1952 1112 1972 secum
1129 1949 1270 1979 reputans)
1295 1951 1346 1970 ttec
1360 1951 1388 1970 sc
1408 1943 1603 1970 abcrratnrum
1627 1951 1692 1970 cau~

902 1996 988 2023 satus,
1006 1991 1028 2017 si
1046 1989 1145 2016 Filium
1167 1989 1238 2016 Patri
1264 1988 1384 2015 similent
1411 1995 1471 2015 esse
1487 1988 1602 2019 diceret,
1623 1996 1693 2022 piac—

902 2039 996 2066 serlim
1014 2045 1077 2065 cum
1097 2037 1238 2072 ειόμοιον,
1265 2040 1293 2062 et
1316 2034 1481 2070 ὀμοιούσιον,
1508 2038 1535 2061 et
1554 2033 1695 2068 ὀμούσιον.

902 2084 974 2111 idem
991 2082 1156 2118 signiﬁcent.
1173 2082 1241 2110 Cum
1257 2081 1348 2115 itaque
1364 2087 1397 2107 ea
1412 2080 1439 2106 itt
1456 2079 1595 2106 sctttcntia
1612 2083 1694 2105 esset.

899 2130 982 2165 jussit
993 2129 1137 2164 episcopos
1152 2136 1237 2155 ttnuttt
1251 2127 1380 2161 idemque
1393 2126 1496 2153 sentire
1507 2132 1591 2159 super
1599 2131 1695 2152 eorum

901 2175 1083 2205 confessione,
1100 2174 1148 2209 qui
1163 2173 1197 2200 ad
1216 2173 1371 2200 Ariminum
1389 2174 1578 2199 convenerant
1599 2179 1606 2197 τ
1631 2170 1692 2198 sub-

865 2214 1131 2256 Dscripseruutque
1147 2227 1210 2246 cum
1236 2219 1293 2252 alii,
1319 2223 1376 2245 tum
1401 2218 1495 2246 decem
1515 2218 1553 2244 illi
1576 2217 1622 2252 qui
1645 2217 1694 2244 Se-

906 2269 995 2296 leucia
1013 2268 1241 2299 adventaverant,
1256 2266 1321 2301 quin
1344 2270 1372 2293 ct
1396 2265 1479 2292 Maris
1499 2263 1695 2294 Chalcedonis.

903 2320 931 2342 et
948 2314 1071 2349 Ulphilas
1101 2313 1235 2347 Gotthiteq
1262 2312 1388 2347 quamvis
1416 2310 1493 2346 prius
1515 2318 1577 2337 etttn
1605 2309 1695 2335 Theo-

904 2361 979 2395 pltilo
994 2359 1120 2390 sentiret,
1149 2359 1176 2385 in
1190 2359 1269 2393 cujus
1285 2358 1476 2392 episcopatum
1507 2360 1693 2386 successerat,

904 2406 950 2441 qtti
967 2405 1077 2432 Nicacna
1094 2404 1121 2431 in
1137 2405 1241 2439 synodo
1262 2411 1382 2438 pra-scus
1397 2403 1554 2437 scripserat.

1219 2458 1295 2485 CAP.
1315 2457 1374 2484 XX.

904 2505 1103 2542 Quinquaginta
1117 2505 1231 2540 episcopi
1249 2504 1376 2546 Acut-iani
1399 2512 1444 2530 seu
1459 2503 1607 2546 Ilammalm',
1624 2501 1692 2543 Ana.-
1736 2502 1738 2504 ’

938 2537 1016 2568 maéos
1029 2537 1153 2568 "undecim
1179 2537 1313 2574 episcopos
1338 2539 1368 2565 ob
1395 2544 1466 2565 certa
1494 2539 1615 2571 quadam
1645 2537 1691 2563 cri-

938 2578 1011 2604 mina
1028 2578 1112 2612 potius
1133 2584 1212 2611 quam
1231 2577 1357 2609 dogmata
1369 2574 1557 2607 deposuerunt.

939 2622 974 2649 Ut
986 2623 1012 2648 in
1026 2628 1132 2648 summa
1153 2621 1253 2653 dicam,
1272 2618 1473 2654 quinquaginta
1493 2616 1617 2652 episcopi
1633 2622 1694 2643 cum

902 2667 1004 2695 Acacio
1031 2668 1102 2694 hanc
1127 2666 1209 2694 ﬁdem
1235 2665 1447 2694 conﬁrmarunt,
1473 2662 1574 2690 deinde
1600 2669 1694 2689 eorum

903 2713 951 2748 qui
979 2712 1132 2741 Seleuciam
1160 2714 1357 2741 convenerant,
1386 2709 1538 2737 nonnullos
1559 2708 1692 2742 depowe-
1723 2714 1726 2715 '

904 2763 992 2786 runt:
1012 2767 1067 2786 non
1084 2758 1158 2794 quod
1185 2764 1233 2785 eos
1258 2764 1343 2791 super
1361 2760 1541 2784 controverso
1568 2753 1695 2788 dogmate
