1927 3085
202 98 268 131 1333

199 201 264 228 huic
302 202 385 235 capiti
403 200 493 227 obiter
508 200 633 227 inseruit.
647 200 714 227 Nota
731 200 857 226 “ornante
873 199 988 226 Alexan-

198 247 338 281 drina-que
345 246 418 273 sedis
428 246 614 273 rebementcm
625 246 753 273 adversus
761 246 915 272 Flavianum
925 254 988 273 con-

202 292 374 323 citationem,
391 299 451 326 qua:
464 291 540 317 nihili
556 299 646 318 tamen
664 291 731 317 facta
742 295 794 322 est,
805 292 877 325 quod
890 296 987 325 praeter

196 339 330 365 rationem
361 337 431 364 facta
458 337 611 363 videretur.
640 336 708 369 Quia
742 337 814 363 enim
842 336 986 363 Flavianus

196 392 210 410 a
225 384 300 410 nullo
316 383 465 410 damnatus
481 383 551 409 intra
568 390 633 409 suos
651 382 720 409 lines
734 390 748 409 a
776 382 832 409 suis
842 382 986 409 excoleba-

197 435 250 459 tur,
265 437 298 456 eo
311 428 405 459 liebat,
430 433 459 455 ιιι
474 428 576 455 alienas
596 428 840 462 expostulationes,
856 433 983 461 tanquam

195 479 271 508 septa
292 482 340 500 sua
356 474 593 506 transcendentes,
606 474 699 501 irritas
712 482 823 501 manere
847 474 925 501 facile
939 482 985 508 pa-

196 525 310 546 teretur.

230 565 337 592 Mortuo
349 570 440 592 autem
454 565 580 596 Paulino,
597 565 754 592 Flavianum
783 565 900 600 populus
933 565 984 592 itc-

193 618 254 636 rum
267 615 406 636 aversatus
417 615 468 641 est,
482 618 621 644 operaque
650 615 677 636 et
690 610 782 636 studio
813 610 916 641 edecit,
953 614 982 636 ut

195 656 327 688 Evagrius
373 656 491 690 propria:
518 656 589 690 parti
626 656 823 689 pra-liceretur.
848 655 981 688 Quicum

193 709 281 734 pauco
299 705 326 728 et
353 701 409 735 ipse
435 706 556 734 tempore
585 701 793 735 supervixisset.
825 702 918 727 nullus
954 702 980 728 in

193 747 252 780 ejus
278 747 368 773 locum
394 746 525 773 suﬂectus
558 751 610 777 est,
634 747 716 781 idque
740 747 861 773 Flaviani
886 755 978 781 opera.

194 791 435 818 Verumeuimvem
489 791 640 818 refractarii
685 792 796 826 quidam
851 793 979 819 Flaviano

809 99 954 129 NlCETdi
974 99 1176 129 CllONlA'l‘J-I

231 153 653 190 Caeterumpatriarchat‘hotius
685 153 840 189 liujusmudi
854 154 976 181 seholioa
992 158 1016 186 Α
1031 155 1081 182 dus
1116 155 1303 183 audiendusve
1336 160 1419 188 patet,
1458 163 1511 190 quo

1842 94 1891 125 135

1556 156 1678 190 quidem
1735 153 1751 181 ἰ
1760 151 1890 186 turpi-5;

1037 205 1064 226 et
1077 200 1245 227 abominatiu
1261 201 1410 235 detegitur,
1426 209 1478 236 qua
1506 201 1614 236 profani
1643 201 1693 229 illi
1738 198 1899 234 cpi-Sf?

1038 246 1110 272 ultro
1128 253 1187 273 sese
1205 247 1391 278 involverunt,
1410 247 1455 281 qui
1474 248 1607 282 pecunias
1624 248 1654 274 in
1676 254 1798 274 usus
1841 251 1900 279 p2;-

1037 298 1132 324 pernm
1157 290 1308 318 destinatas
1335 291 1368 318 ad
1386 291 1526 325 privatqu
1552 292 1675 323 fastum,
1692 296 1739 318 el.
1782 295 1886 315 coris

1036 334 1209 368 obsequium,
1228 336 1432 370 quieonsortes
1463 336 1667 370 imperatorum
1690 335 1728 362 id
1759 334 1910 376 [enipi

1036 380 1075 406 ris
1084 385 1173 412 erant,
1192 386 1320 415 tanquam
1332 382 1472 416 palearum
1499 390 1612 409 acervos
1632 390 1712 408 even
1720 387 1737 408 ι
1747 381 1815 407 ita
1824 388 1848 405 η
1857 377 1910 404 ιε

1035 434 1068 454 ex
1086 427 1119 453 iis
1134 427 1203 453 alios
1218 428 1329 461 quidem
1349 436 1507 455 sermonum
1521 429 1631 462 piorum
1648 433 1680 455 et.
1703 429 1734 454 si
1743 427 1885 461 napii:
1915 443 1918 458 ι

1035 475 1090 499 tate
1121 473 1300 507 gaudentium
1343 475 1585 505 CODYCI‘SlOﬂIbuS,
1615 474 1890 505 ιιιθΙεειὶςίριςι

1034 519 1204 552 compendiis
1228 519 1254 545 in
1285 519 1451 553 perditionis
1478 519 1642 546 barathrum
1673 520 1907 554 prtucipitbe

1034 562 1176 594 dederunt.
1205 563 1265 589 aliis
1292 568 1382 591 autem
1426 565 1610 599 impingentes
1636 566 1736 591 FCIUsi
1795 571 1924 614 suui.‘

1034 614 1087 633 non
1101 615 1180 634 secus
1195 613 1277 641 atque
1292 609 1314 635 si
1341 609 1367 635 in
1386 617 1496 636 murum
1516 610 1719 636 Semitainium
1742 610 1905 636 dentes
1923 609 1924 626 ἒ

1033 651 1210 687 infregiSsent
1234 654 1301 688 (ίῶ),
1328 655 1430 689 quippe
1445 656 1492 690 qui
1519 655 1625 682 di\itiis
1653 663 1778 682 eorum
1809 663 1905 689 pri;-

1033 697 1171 725 (lentiores
1184 703 1286 731 essent,
1304 707 1354 726 nec
1370 700 1432 726 ullis
1447 700 1600 735 logicorum
1625 702 1849 735 epichcrem
1866 711 1895 726 ι-

1033 746 1089 768 ῑιιιιι
1102 743 1236 770 marhinis
1247 744 1471 778 percellerentur.
1485 744 1540 771 Hos
1562 753 1630 772 vero
1657 746 1897 781 synndorum

1095 794 1342 816 COHSCIIIHHCHNIIH
1362 791 1572 820 convocatione.
1588 798 1703 817 necnon
1735 799 1892 818 eorum

194 836 333 863 adversari
361 841 516 871 pergentes.
549 836 664 871 privatis
691 837 895 864 conventiculis
916 845 981 864 c0n-
997 846 1016 872 Β
1031 840 1167 860 consensu
1181 835 1310 861 etl'avore
1324 835 1371 870 qui
1387 836 1471 862 multa
1481 840 1594 870 possent
1609 836 1686 869 apud
1712 837 1812 870 impe
1820 843 1891 862 ra-

193 882 396 916 gregabautnr;
422 885 450 907 at
476 881 520 908 ille
543 882 648 908 nttllum
681 889 736 908 non
751 882 866 909 rationis
882 882 975 910 funem

195 927 287 958 movit,
303 931 331 954 ut
344 927 393 953 hos
404 934 516 961 quoque
541 927 593 955 sibi
608 927 758 962 subjiceret
772 936 780 956 ι
804 928 879 963 quod
897 930 978 963 paulo

194 977 287 1006 postea
300 972 425 1006 perfecit.

225 1017 293 1044 Cum
310 1018 384 1044 enim
398 1011 582 1053 Theophilum
608 1020 823 1048 Alexandrinum
832 1022 884 1050 sibi
900 1024 980 1050 obsc-

195 1063 258 1096 quio
275 1071 326 1089 suo
341 1064 459 1090 amicum
472 1068 605 1098 parasset.
619 1065 678 1100 ejus
687 1074 769 1100 opera
783 1075 844 1094 cum
863 1069 979 1095 Damaso

195 1108 318 1136 Romano
335 1109 362 1135 in
378 1110 494 1144 gratiam
509 1110 602 1141 rediit,
617 1111 741 1144 profecto
751 1112 783 1138 ad
794 1120 857 1139 cum
874 1113 979 1140 Isidoro

195 1155 328 1181 monacho
343 1160 371 1182 et
394 1156 563 1191 presbytero,
578 1156 625 1191 qui
645 1164 707 1183 cum
733 1158 905 1186 Scetensium
919 1160 979 1195 phi-

194 1200 366 1234 losophorum
389 1208 461 1227 unus
475 1205 558 1232 esset,
575 1202 687 1229 Damaso
701 1207 794 1237 gratus
813 1212 899 1238 usque
911 1206 978 1231 adeo

194 1245 252 1275 l'uit,
267 1249 297 1271 ut
312 1245 370 1273 sine
383 1246 437 1273 ulla
451 1254 526 1273 mora
541 1252 569 1273 et
579 1247 721 1274 confestim
735 1248 810 1274 illum
825 1249 981 1276 Constanti-

195 1291 324 1325 nopoleos
345 1292 504 1326 episcopum
521 1293 630 1320 crearit.
644 1294 729 1320 Porro
741 1293 923 1322 Theodorilus
934 1303 981 1322 au-

194 1340 250 1364 ctor
262 1342 303 1363 est
335 1337 495 1364 Flavianum
529 1347 583 1365 non
610 1347 670 1366 cum
704 1339 820 1367 Damaso
844 1340 979 1374 Romano,

193 1382 240 1409 sed
254 1391 314 1409 cum
334 1383 495 1410 Innocentio
506 1385 532 1411 in
550 1385 665 1419 gratiam
679 1386 805 1418 rediisse,
823 1387 905 1424 idque
916 1395 981 1422 Ope—

193 1436 221 1455 ra
242 1434 269 1456 et
281 1429 372 1456 studio
386 1430 534 1457 Theodosii
547 1431 734 1465 imperatoris,
757 1433 847 1460 missis
872 1434 906 1459 ad
923 1433 981 1459 Fla-

194 1473 301 1499 vianum
334 1473 510 1500 Berrhmeusi
538 1474 655 1508 aliisque
682 1475 831 1509 episcopis.
856 1475 916 1502 Non
934 1475 981 1502 dc—

1032 881 1105 905 lotes
1121 882 1242 906 atterere
1261 887 1376 914 prorsus
1398 881 1581 912 conaLantur,
1600 888 1655 907 nec
1668 881 1764 907 solum
1787 882 1882 907 suis

1029 931 1078 950 eos
1090 924 1203 951 sedibus
1216 929 1244 951 et
1256 925 1376 952 ovilibus
1393 926 1595 957 deturbabant,
1612 926 1662 952 sed
1677 932 1766 953 etiam
1787 934 1874 960 quo

1026 967 1090 1004 jure
1102 978 1214 1005 quaque
1228 971 1331 1005 injuria
1346 979 1455 1005 semper
1471 979 1486 998 e
1512 972 1605 998 medio
1629 972 1735 999 tollere
1748 972 1870 998 medi-

1031 1017 1170 1050 tabantur,
1187 1018 1338 1045 nonnullos
1352 1019 1434 1045 etiam
1447 1020 1612 1046 commentis
1637 1019 1717 1046 dolis
1744 1026 1773 1047 et
1794 1028 1861 1055 sy-

1030 1063 1185 1096 cophantiis
1204 1064 1383 1098 impctehant.
1405 1073 1420 1092 e
1452 1065 1610 1099 bujusmodi
1648 1066 1767 1093 artibus
1786 1074 1858 1100 ορ-

1035 1111 1089 1134 tata
1117 1109 1357 1143 consequebantur
1372 1118 1379 1140 ;
1395 1118 1456 1136 cum
1469 1111 1574 1145 justitia
1589 1111 1753 1138 subsannet
1773 1120 1849 1143 eos.

1029 1153 1139 1187 jndiciis
1158 1154 1183 1180 ei
1203 1154 1253 1181 soli
1263 1155 1390 1189 cognitis,
1409 1155 1453 1182 cui
1469 1156 1578 1190 quoties
1595 1161 1719 1189 peccant
1739 1157 1851 1183 homi-

1031 1206 1081 1225 nes
1104 1199 1131 1225 in
1157 1199 1224 1226 iram
1253 1200 1456 1228 excandescere
1482 1209 1536 1228 non
1552 1202 1642 1236 placet
1663 1202 1739 1237 (64),
1757 1209 1787 1229 at
1807 1203 1849 1229 in

1031 1243 1171 1277 plerisque
1188 1245 1231 1271 vel
1251 1245 1279 1271 in
1298 1245 1460 1273 diuturnum
1486 1252 1593 1281 tempus
1611 1248 1646 1274 de
1666 1248 1705 1274 ini
1720 1249 1776 1281 ,uis
1795 1249 1850 1275 fa—

1031 1287 1173 1316 cinoribus
1188 1298 1286 1325 ptenas
1306 1297 1431 1326 repetere
1450 1291 1550 1319 dilIert.
1568 1293 1648 1320 lluac
1664 1294 1692 1319 in
1713 1295 1844 1320 modum

1032 1339 1156 1368 pastores
1169 1335 1353 1370 desipiebant,
1368 1345 1418 1364 nec
1436 1345 1532 1364 eorum
1552 1339 1633 1373 pauci
1652 1339 1764 1366 vincam
1782 1340 1845 1367 Dei

1032 1381 1263 1415 corrumpebant.
1277 1381 1413 1414 Quocirca
1432 1384 1562 1410 Dominus
1575 1386 1703 1418 graviter
1725 1387 1752 1412 id
1769 1394 1845 1413 m0-

1032 1425 1155 1460 lesteque
1169 1427 1260 1454 ferens
1276 1436 1323 1461 per
1339 1429 1500 1463 prophetam
1520 1431 1657 1456 exclamat
1675 1439 1682 1456 :
1720 1431 1766 1458 Vw
1778 1433 1836 1466 qui

1033 1475 1147 1505 pascunt
1158 1472 1258 1507 scipsos
1268 1473 1300 1500 ³⁵.
1317 1473 1375 1500 lino
1389 1475 1410 1501 si
1423 1476 1484 1508 quis
1502 1476 1623 1510 penitius
1636 1477 1774 1510 exploret.
1798 1485 1836 1505 ea

194 1523 266 1550 sunt,
282 1519 383 1552 quibus
396 1520 418 1545 is
432 1520 480 1554 qui
495 1520 567 1547 inter
581 1521 676 1548 Patres
693 1521 877 1556 Cbrysologus
887 1522 978 1549 dictus

1031 1524 1091 1549 qua:
1106 1517 1265 1551 hujusmodi
1281 1523 1384 1546 temere
1405 1520 1598 1555 designatum,
1630 1526 1658 1548 et
1686 1523 1834 1550 adversus

193 1568 244 1594 est,
264 1571 316 1590 una
331 1572 392 1590 cum
413 1564 569 1598 Theophila
599 1566 792 1597 Alexandrino,
811 1567 902 1594 Acacii
916 1567 979 1594 Ber-

193 1609 336 1641 rbmensis,
363 1615 391 1637 et
421 1610 518 1636 lsidori
547 1611 699 1645 presbyteri
728 1612 829 1643 studio,
863 1613 977 1646 gratiam

193 1654 321 1680 Flaviano
335 1655 498 1681 conciliasse
515 1655 653 1682 videatur.

486 1722 561 1750 CAP.
582 1723 675 1750 XXVI.

192 1778 322 1805 Invectiva
337 1779 462 1813 (ligrrssto
479 1780 581 1806 Nieetw
605 1781 630 1806 in
651 1780 838 1815 anulp/mbetos
855 1783 897 1808 sui
914 1787 979 1808 tem-

229 1815 298 1847 poris
308 1815 448 1848 episcopos,
469 1823 577 1848 quorum
596 1816 716 1849 inprimis
740 1824 820 1849 opera
848 1817 980 1844 Andrum!

226 1858 269 1874 cus
285 1855 308 1875 et
325 1849 431 1875 Marius
447 1850 572 1876 Cumncni
583 1851 608 1875 in
621 1859 696 1876 sacra
715 1851 872 1884 templorum
898 1852 979 1879 clino-

224 1885 268 1910 dia
292 1885 471 1910 invaserunt:
499 1885 572 1918 cujus
596 1886 729 1919 sacrilegii
761 1886 868 1913 Alexius
897 1896 977 1915 uitreo

233 1919 305 1944 bulla
318 1921 440 1953 pwnitcre
457 1927 484 1945 se
502 1924 662 1953 protestatus
671 1925 718 1946 est.

226 1973 471 2002 Verumenimvcro
496 1975 572 2009 impii
598 1975 654 2002 Arii
671 1976 850 2004 refutationcs
869 1978 977 2006 interim

192 2020 219 2046 in
230 2021 314 2047 alium
339 2022 427 2048 loctnn
450 2021 622 2056 rejieiantur.
647 2021 715 2054 Quia
749 2023 930 2051 cnimAetius
951 2029 979 2051 et

189 2066 344 2093 Eunomius
360 2067 418 2094 Arii
436 2073 580 2094 consortes
595 2067 719 2100 luerunt,
752 2077 842 2103 operte
860 2072 978 2105 pretium

191 2112 316 2140 tacturus
340 2114 447 2145 videor,
472 2114 493 2140 si
521 2122 582 2148 qua:
605 2114 639 2141 ab
675 2114 731 2142 illis
744 2115 887 2150 designata
902 2122 976 2149 sunt,

190 2157 383 2186 ltuicltistorizu
399 2159 475 2194 prius
503 2160 642 2187 inseram:
662 2165 718 2188 tum
732 2161 835 2188 deinde
852 2162 884 2188 ad
899 2169 976 2189 com—

191 2212 301 2231 munem
320 2205 400 2231 tritnu
417 2197 634 2232 contdtationcm
645 2206 796 2241 aggrediar.
812 2206 888 2238 Quod
901 2207 975 2233 enim

188 2250 306 2284 jaciilum
323 2251 384 2284 quis
403 2251 428 2277 in
451 2258 546 2278 eorum
573 2259 656 2278 unum
687 2251 833 2286 paraverit,
862 2252 887 2278 id
911 2260 976 2279 vero

189 2302 244 2321 non
271 2295 389 2322 absurde
414 2297 440 2322 in
462 2301 575 2323 caeteros
606 2304 715 2331 quoque
743 2296 898 2323 deterserit.
927 2298 975 2325 Ilia

193 2347 276 2372 porro
296 2340 531 2374 inprrcsentiarum
547 2341 612 2367 mihi
627 2341 821 2376 perpendenda
834 2341 972 2374 videntur,

191 2393 361 2420 qtnerunqne
378 2387 428 2417 illi,
457 2387 557 2421 quibus
587 2388 654 2414 cieri
674 2386 876 2414 administratio
901 2395 974 2415 sorte

189 2429 297 2464 obtigit,
311 2430 443 2458 adversus
457 2439 519 2458 cum
534 2433 723 2464 cl'lutiverunt,
736 2440 750 2459 a
766 2440 820 2467 quo
834 2433 867 2459 ad
882 2439 972 2468 pasto-

191 2476 246 2502 rale
259 2484 359 2503 munus
374 2477 461 2504 evecti
475 2483 540 2504 sunt
553 2487 558 2505 :
571 2483 598 2505 et
617 2478 719 2513 quibus
743 2486 808 2506 oves
823 2486 886 2506 suas
899 2479 976 2506 dam-

192 2521 234 2548 nis
247 2524 420 2550 attriverant.
437 2523 493 2550 imo
506 2531 570 2550 vero
581 2523 650 2550 liber
661 2532 714 2558 quo
727 2531 769 2551 res
785 2525 818 2550 ab
834 2525 975 2559 illisgcstze

190 2560 553 2603 continenturdilucidequc
576 2574 742 2600 tractantur.
772 2569 860 2597 cuivis
884 2571 976 2606 legen—

187 2652 191 2655 -
229 2636 250 2651 3“
260 2636 361 2664 Jercm.
383 2637 467 2669 xnt,l
485 2645 493 2670 ',
514 2637 612 2666 Ezecb.
627 2647 716 2671 xxxtv,
737 2639 764 2666 2.

1031 1560 1118 1588 Deum
1143 1562 1298 1590 innumeris
1328 1565 1416 1591 modis
1442 1566 1581 1599 prolocuti
1617 1571 1694 1598 sunt,
1710 1575 1761 1595 eos
1791 1577 1833 1595 ne

1030 1608 1136 1642 scipsos
1153 1609 1265 1643 quidem
1279 1618 1402 1645 pascere,
1423 1619 1474 1638 nec
1494 1612 1565 1638 ovile
1593 1617 1702 1639 tantum
1735 1615 1832 1648 negli-

1030 1661 1103 1687 gere,
1119 1654 1168 1680 sed
1181 1659 1209 1681 et
1224 1655 1330 1689 scipsos
1348 1660 1376 1682 et
1391 1664 1471 1682 suum
1483 1664 1593 1691 gregem
1610 1665 1624 1684 τι
1651 1658 1709 1685 Deo
1723 1658 1832 1686 distra-

1030 1698 1116 1730 xiSse,
1134 1706 1299 1733 gregemque
1314 1701 1388 1727 nullo
1402 1709 1456 1728 non
1471 1702 1562 1729 herba:
1577 1702 1687 1731 lethalis
1704 1710 1732 1731 et
1749 1713 1829 1730 mor-

1031 1745 1116 1770 tifera:
1133 1753 1234 1777 genere
1249 1746 1369 1780 pavisse,
1383 1747 1458 1774 nullo
1476 1755 1531 1774 non
1563 1748 1685 1782 denique
1711 1750 1828 1776 turbido

1030 1798 1080 1816 nec
1094 1790 1229 1818 feculento
1243 1791 1354 1817 ﬂumine
1370 1792 1521 1826 adaquasse
1540 1795 1754 1826 comperiet,'cx
1770 1802 1828 1827 quo

1032 1835 1080 1869 ipsi
1097 1844 1210 1870 quoque
1241 1837 1369 1870 poculum
1399 1838 1553 1872 porrigant,
1585 1844 1716 1872 tanquam
1739 1840 1828 1866 duces

1031 1881 1122 1915 gat-gis
1134 1884 1247 1914 arietes,
1258 1882 1360 1916 quibus
1374 1891 1473 1910 sonora
1489 1883 1636 1910 sacerdotii
1650 1885 1827 1919 crepitacula

1032 1927 1168 1953 incassum
1186 1935 1306 1962 appensa
1325 1929 1392 1955 sitit.
1405 1929 1541 1956 (Ia-terum
1570 1930 1701 1963 quamvis
1728 1932 1827 1957 omnia

1031 1972 1067 1999 ita
1084 1977 1246 2006 tractarent,
1262 1980 1291 2002 ut
1306 1976 1380 2001 unde
1396 1975 1433 2001 nil
1447 1980 1546 2010 prwter
1556 1975 1691 2009 privatam
1707 1984 1829 2003 arcusa-

1031 2021 1142 2052 tionvm,
1176 2026 1203 2047 et
1216 2021 1314 2048 animae
1335 2023 1531 2056 plerorumque
1549 2023 1736 2056 perditionem
1756 2032 1828 2049 con-

1030 2071 1224 2100 sequrrcntur,
1242 2069 1374 2094 nonnulla
1392 2073 1484 2095 tamen
1504 2069 1583 2095 utilia
1613 2069 1735 2102 amplexi
1755 2078 1829 2104 quo-

1031 2120 1082 2143 que
1098 2118 1171 2139 sunt.
1189 2113 1228 2140 Ita
1239 2118 1268 2140 ιιι
1283 2116 1366 2141 excis
1378 2119 1511 2149 tanquatn
1528 2115 1616 2148 spinis
1634 2122 1712 2142 rosas
1725 2115 1829 2142 decer-

1031 2164 1106 2191 pere,
1124 2163 1152 2184 et
1169 2163 1298 2193 tauquam
1319 2164 1477 2193 serpentum
1507 2160 1639 2186 carnibus
1669 2168 1823 2194 panaceam

1028 2205 1176 2232 salutarem
1193 2205 1434 2239 conticereliceat,
1458 2210 1534 2238 tunc,
1562 2206 1687 2240 inquam,
1719 2214 1825 2235 cumet

1029 2253 1153 2284 pastores
1179 2255 1206 2277 et
1231 2255 1373 2284 pastorum
1408 2252 1595 2278 mercenarius
1617 2251 1822 2286 deposuerunt,

1028 2295 1241 2329 quotquotlidci
1269 2297 1351 2323 rudes
1368 2301 1395 2323 et
1426 2298 1537 2331 ignaros
1562 2298 1822 2331 deprehenderunt,

1028 2347 1080 2366 tice
1098 2340 1213 2368 idoneos
1225 2341 1345 2376 quiﬁdei
1365 2342 1508 2369 catholicae
1540 2348 1677 2377 praecepta
1700 2344 1821 2371 subditis

1028 2385 1086 2412 suis
1096 2393 1127 2412 ex
1140 2394 1237 2413 eorum
1254 2388 1417 2422 praescripto
1432 2389 1613 2422 explicarent.
1792 2396 1806 2411 ‘-
1828 2411 1831 2413 .

1067 2433 1310 2460 \‘crumcnimvcro
1326 2443 1350 2461 .a
1378 2435 1518 2462 nonnullis
1544 2443 1654 2470 quoque
1693 2437 1818 2463 accusati

1029 2482 1103 2509 sunt,
1121 2480 1193 2513 quod
1217 2487 1394 2514 percussores
1418 2484 1446 2507 et
1470 2488 1582 2515 rapaces
1602 2486 1713 2513 essent,
1745 2483 1818 2517 quod

1029 2532 1077 2551 cos
1094 2525 1140 2558 qui
1156 2525 1190 2552 de
1207 2526 1292 2560 gradu
1305 2526 1404 2561 dejecti
1417 2527 1523 2554 inerant
1539 2527 1572 2554 ad
1592 2529 1817 2555 communionem

1029 2571 1221 2604 admisissent,
1245 2573 1318 2607 quod
1345 2574 1493 2602 seditiones
1522 2577 1719 2608 concitasscnt,
1745 2577 1818 2612 quod

227 2695 283 2729 (63)
300 2694 402 2722 Alludit
420 2694 452 2722 ad
479 2695 571 2723 Horat.
595 2704 601 2722 :
623 2695 727 2731 Fragili
742 2705 861 2731 quaerens
885 2697 988 2725 illidere
998 2698 1111 2726 dentem.

651 2732 770 2767 Ojfeudet
788 2732 884 2759 soluto.

228 2766 280 2800 (6t)
293 2766 326 2794 Oi
336 2766 372 2795 id.
647 2766 676 2794 Si
690 2769 790 2800 quoties
802 2775 884 2800 peccat

271 2774 280 2801 )
293 2774 326 2794 Ut
336 2774 372 2795 td.

647 2766 676 2794 Si
690 2769 790 2802 quoties
802 2773 907 2801 peccant
925 2769 1040 2796 homines
1053 2778 1102 2798 sua
1122 2770 1234 2803 fulmina
1246 2773 1333 2800 mittat

652 2802 766 2837 Jupiter,
781 2803 874 2839 exiguo
890 2808 1005 2834 tempore
1032 2802 1138 2833 inermis
1157 2808 1214 2834 erit.
