1927 3085
84 111 187 144 1285
754 116 874 144 TllESA
882 117 903 145 [ἶ

978 115 1048 145 LIB.
1071 116 1103 144 ν.
1677 113 1745 147 1386

71 171 237 206 denique
254 172 279 198 in
298 172 408 206 opibus,
422 171 566 199 elementis
581 175 608 198 et
631 172 773 206 principiis
789 179 820 199 ea
845 181 906 206 qua:
922 178 942 202 Α
958 173 1019 199 suis
1034 171 1192 199 domesticis
1204 192 1210 201 .
1227 171 1280 198 illis
1296 171 1406 206 quidem
1430 170 1568 201 hostibus,
1591 175 1618 197 et
1644 170 1746 197 aulico-

76 217 121 243 in
154 218 222 244 vita
237 218 333 244 facturi
351 222 444 245 essent
464 219 675 252 prtetnuuisscnt
691 226 696 244 ί
712 227 772 253 quae
793 219 904 253 quidem
961 225 1022 244 tum
1040 217 1178 252 plerisque
1194 217 1324 252 perniciei
1337 221 1462 244 auctores
1475 216 1605 251 exiliique
1618 215 1745 249 fuerunt;

77 265 114 291 si
159 272 231 291 cum
252 266 358 292 caeteris
383 265 511 292 Ecclesia:
538 265 722 295 caeremoniis.
748 273 808 300 quae
833 273 906 292 com-
959 263 1063 298 quippe
1079 263 1125 297 qui
1153 268 1282 298 tanquam
1302 263 1357 290 Deo
1377 262 1575 289 suceenturiati
1598 262 1746 296 opitulato-

81 310 188 336 muni
221 311 331 337 utilitati
350 310 515 341 consulunt,
542 319 596 337 non
628 312 822 343 evanuissent,
852 312 907 338 imo
960 317 1017 340 res,
1029 310 1074 344 jus
1087 309 1268 343 persuadendi
1284 309 1428 340 haberem;
1443 309 1547 343 quique
1559 309 1628 335 nihil
1644 309 1747 343 absque

80 355 117 382 si
145 355 253 382 nullus
272 357 298 382 in
316 356 479 383 hodiernum
501 364 588 391 usque
602 357 674 384 diem
692 365 724 384 ea
755 363 907 392 transgrcsu
960 355 1057 383 divino
1078 355 1209 382 instinctu
1225 360 1273 382 aut
1290 355 1382 382 dicere
1396 359 1443 381 aut
1462 361 1542 389 agere
1558 359 1748 382 censerentur.

83 409 152 428 sus
190 406 276 433 esset,
305 410 366 437 qum
392 408 469 430 recta
496 404 565 430 ratio
597 403 759 439 praeseribit,
792 408 819 430 et
848 411 908 438 qua:
961 401 1044 428 l‘auei
1059 401 1131 427 enim
1153 405 1234 431 sunt.
1254 401 1300 435 qui
1325 408 1373 434 per
1395 400 1543 427 fenestram
1568 400 1687 433 pectoris
1709 399 1752 426 in-

85 451 188 474 rt-cte
210 455 225 474 a
247 448 299 483 piis
311 448 440 475 Patribus
455 449 509 483 jam
523 449 587 475 olim
601 449 706 476 sancita
725 454 800 482 suntl
821 449 909 476 haud-
961 447 1113 480 trospicerc
1129 467 1135 478 ,
1167 446 1347 481 cordiumque
1377 446 1556 481 cogitationes
1591 452 1750 480 perspectas

88 500 255 527 quaquam
288 494 382 522 nescio
411 495 511 528 quibus
538 495 680 529 glebarum
713 495 907 528 occatoribus,
963 493 1065 520 ltabere
1092 497 1207 527 queant.
1231 492 1285 520 Sed
1318 493 1376 520 inec
1412 492 1560 524 hactenus;
1589 500 1623 519 ne
1649 492 1750 526 quibus

90 539 294 574 vectigalium
317 540 550 575 redemptoribus,
574 542 694 568 ferarum
719 542 908 574 venatoribus,
962 541 1032 566 forte
1053 540 1166 574 propria
1188 544 1299 574 peccata
1324 540 1351 566 in
1376 544 1480 574 tergum
1508 538 1643 573 rejicerc,
1660 539 1749 565 aliena

94 583 239 618 publicis
256 592 398 619 procerum
414 586 566 613 aulicorum
581 587 755 622 consortibus
767 607 774 618 ,
796 587 910 621 dogma—

99 635 173 656 tum
196 630 260 657 lldci
279 638 393 665 prorsus
407 632 507 666 ignaris
520 653 527 664 ,
547 632 768 659 incautatoribus
791 633 910 668 denique

97 680 136 702 et
176 677 339 710 raptoribus
379 678 550 712 episcopales
590 678 670 706 sedes
705 679 912 706 committerem

96 725 154 748 tur
169 721 281 757 (65-66)
295 732 301 749 :
313 731 363 750 nec
376 723 409 750 iis
421 724 466 758 qui
481 724 571 750 uthoc
583 732 693 758 quoque
706 725 806 757 dicam,
817 726 912 752 subdi-

96 773 151 794 tos
167 770 248 799 s'uos,
271 769 372 803 quibus
398 771 544 804 pascendis
572 771 692 805 pnel'ccti
719 776 802 800 sunt.
824 772 910 798 multo

97 813 267 840 violentius
298 815 420 849 expilant
440 835 447 847 ,
482 822 564 850 quam
593 817 696 851 publici
732 817 906 851 vectigalium
925 813 944 840 li

99 865 271 893 exactores,
293 861 357 887 dum
373 861 580 889 tributariorum
594 862 716 889 debittnn
742 871 795 889 non
811 871 908 898 snper-

102 906 221 935 ﬁciaria
247 909 319 941 lana,
349 910 552 945 mulgcutloqtte
579 911 649 938 lacte
665 916 744 938 tenus
762 910 907 941 definiunt,

103 953 158 980 sed
180 956 266 981 etiam
284 963 289 981 :

172 1023 292 1058 Tergora
313 1025 441 1060 diripiunt
459 1027 545 1059 costis,
566 1031 590 1052 et
605 1027 704 1054 viscera
722 1026 835 1053 nudant.

147 1091 188 1119 Ex
208 1100 263 1127 quo
279 1093 382 1125 evenit,
399 1097 428 1120 nt
445 1093 560 1129 pristina
578 1094 622 1121 illa
641 1102 735 1130 regunt
760 1094 910 1130 objurgan-

108 1137 217 1164 dorttm
232 1139 398 1174 dicendique
417 1139 485 1167 citra
511 1140 644 1174 pudorem
663 1140 799 1175 quidlibet
815 1149 907 1168 curaui

107 1184 153 1211 eis
184 1184 300 1212 libertas
323 1190 436 1220 prorsus
461 1186 516 1214 illis
534 1187 656 1221 perierit,
679 1187 814 1222 pattciqtte
840 1188 908 1215 adeo

109 1231 175 1258 illos
191 1232 246 1266 jam
271 1237 454 1260 reverentur:
470 1238 551 1269 atqtte
572 1241 606 1261 ex
627 1235 825 1269 consequentia
851 1243 908 1263 ina-

111 1277 219 1303 ximum
239 1276 304 1304 illttd
334 1278 482 1312 pontificiae
499 1279 643 1314 dignitatis
666 1279 751 1307 decus
765 1281 908 1313 eviluerit,

110 1323 230 1357 ejusque
247 1324 306 1350 loco
325 1333 356 1352 ea
380 1325 539 1353 introducta
564 1326 640 1357 sint,
662 1334 723 1361 qua:
746 1334 826 1354 veros
841 1335 910 1362 pon—

113 1368 204 1395 tilices
220 1373 332 1396 muuiuo
345 1370 498 1398 dedeceant
515 1381 520 1398 :
537 1373 692 1407 cujusmodi
711 1378 775 1399 sunt
791 1372 910 1408 impera-

115 1415 224 1442 toribus
249 1417 396 1449 assentari.
412 1422 440 1444 et
457 1417 550 1445 servili
576 1425 651 1445 more
678 1427 850 1453 quzecunquc
875 1419 909 1446 ab

114 1461 170 1488 illis
183 1461 315 1489 dicuntur
339 1468 386 1490 aut
408 1463 477 1491 fiunt
499 1464 662 1499 approbare,
687 1465 839 1499 quamlibet
863 1465 908 1492 illa

115 1507 228 1542 ﬂagitiis
247 1509 376 1536 omnibus
392 1509 569 1545 ﬂagitiosiora
583 1512 648 1536 sint.

151 1553 186 1581 [ι
207 1559 323 1585 taceam,
338 1555 411 1590 quod
427 1554 509 1582 nobis
526 1563 648 1590 quoque,
665 1556 712 1590 qui
741 1555 907 1591 magistrati~

117 1599 168 1627 bus
182 1600 333 1634 fungimur,
353 1601 508 1628 libertatem
527 1609 636 1629 omnem
654 1601 763 1629 dicendi
787 1602 907 1630 abstule-

119 1646 183 1678 rint,
202 1653 284 1682 atque
299 1655 350 1675 uos
364 1655 397 1674 ex
417 1647 529 1675 sublimi
546 1647 688 1683 dignitatis
704 1648 790 1683 gradu
811 1649 905 1676 detur-

118 1693 252 1724 havcrint.
289 1699 316 1721 et
353 1694 429 1721 humi
469 1696 694 1729 prostraverint.
721 1703 754 1722 eo
787 1695 907 1730 deniqttc

119 1739 270 1774 adegeriut,
288 1745 316 1767 ut
337 1749 392 1767 una
409 1748 471 1767 cum
485 1741 539 1768 illis
552 1741 730 1768 Melitaeorum
747 1741 906 1768 eatellorum

121 1793 195 1811 more
212 1785 426 1819 imperatoribus
440 1786 559 1813 blandiri
577 1786 664 1813 coacti
682 1786 826 1813 fuerimus.
840 1787 907 1813 Nam

122 1830 184 1864 quid
200 1830 284 1862 aliud.
300 1839 404 1865 quaeso,
419 1830 589 1863 fecissemus,
605 1839 667 1858 cum
681 1831 821 1866 primaria:
834 1832 908 1858 sedis

123 1876 273 1910 pontilirem
300 1881 328 1903 ct
348 1881 479 1909 caeteros,
505 1882 534 1903 ut
558 1877 656 1904 ordine
680 1878 908 1912 subsequuntur,

123 1921 272 1955 episcopos,
292 1921 373 1948 ttuico
391 1926 461 1948 nutu
480 1927 508 1948 et
529 1922 614 1950 verbo
628 1922 785 1956 permisisse
800 1923 908 1950 videre-

125 1974 198 1998 mus,
218 1971 246 1992 Ill
272 1974 348 1993 sat-ra
373 1967 492 1994 cliuodia
515 1968 702 1995 avellerentur
726 1969 795 2002 (67),
819 1969 908 2004 genti—

125 2011 225 2047 busque
258 2018 386 2047 tanquam
432 2014 548 2041 canibus
578 2014 611 2041 ad
644 2015 740 2048 epulas
775 2015 909 2050 parandas

127 2063 322 2092 exponerentur
338 2067 344 2084 :
362 2067 424 2086 eum
444 2067 492 2086 sua
510 2060 609 2094 cuique
632 2061 747 2094 privato.
776 2061 832 2088 imo
853 2062 908 2088 rei-

128 2104 237 2138 publit‘a:
252 2112 370 2145 "quoque
390 2105 461 2139 ipsi,
479 2109 508 2133 ut
524 2105 559 2132 ita
577 2106 679 2139 dicam,
695 2111 769 2134 sarta
791 2111 860 2135 tecta
881 2112 910 2134 et

129 2150 224 2185 integra
242 2143 395 2182 manerent,
414 2156 442 2178 et
465 2151 491 2178 in
510 2152 618 2179 futuros
634 2160 700 2179 usus
726 2161 741 2179 a
763 2154 822 2181 suis
845 2161 907 2188 pos-

129 2197 272 2224 sessoribus
287 2198 525 2225 recondereutur?

161 2242 273 2270 Omnino
289 2243 311 2270 si
331 2249 434 2271 temere
454 2245 675 2277 restitissemus,
700 2245 811 2274 obtorto
834 2246 906 2273 haud

130 2289 204 2317 dubie
217 2289 288 2317 collo
312 2289 347 2317 de
371 2290 503 2318 tribunali
529 2291 628 2326 deiecti
654 2291 814 2320 fuissemus.
838 2293 905 2320 lllud

130 2336 194 2363 enim
207 2336 361 2370 exemplum
377 2335 566 2371 impudentiae,
579 2337 626 2372 qui
639 2337 719 2364 nobis
735 2338 761 2365 id
776 2340 908 2373 temporis

131 2381 257 2409 assidebat
281 2382 433 2417 imperator
448 2382 517 2410 nihil
543 2391 597 2410 non
623 2391 722 2411 eorum
744 2392 804 2419 qua:
832 2392 907 2417 pete-

132 2427 232 2460 bantur,
257 2428 329 2455 ultro
353 2428 531 2457 concedebat.
556 2429 646 2463 Quare
667 2430 690 2458 si
717 2431 779 2465 quis
805 2431 905 2458 affectu

134 2474 198 2501 omni
213 2478 329 2507 semoto,
345 2483 401 2502 rem
418 2475 528 2508 penitus
539 2477 696 2512 perspicere
717 2477 800 2508 Velit,
817 2477 907 2505 eccle-

136 2520 247 2547 siasticos
278 2520 350 2547 haud
386 2520 469 2548 dubie
501 2522 581 2556 plura
610 2523 771 2557 designasse
805 2522 907 2557 ﬂagitia

136 2567 283 2602 comperiet,
297 2574 378 2602 quam
396 2568 570 2602 imperatoris
586 2569 642 2603 (68)
664 2569 770 2597 aulicos
783 2574 811 2597 et
825 2570 908 2597 satel-

135 2613 194 2639 lites.
208 2611 240 2638 lli
256 2612 329 2638 enim
345 2619 526 2647 quaecumque
547 2612 655 2647 imperii
671 2614 840 2649 magnitudo,
857 2622 907 2649 po-

137 2659 224 2686 testatis
239 2658 435 2693 praecellentia,
450 2663 478 2686 et.
493 2659 619 2686 voluntas
641 2659 721 2691 tulit,
739 2668 771 2688 ea
793 2669 844 2695 per
867 2661 908 2688 fas

136 2709 160 2732 et
171 2706 237 2731 nefas
252 2705 484 2739 designaverunt;
501 2705 530 2732 hi
545 2709 638 2733 autem
657 2711 685 2733 et
700 2706 908 2742 coadjutoribus

169 2771 261 2807 (65-66)
293 2774 331 2801 De
355 2773 512 2810 hujusmodi
527 2773 675 2808 phorologia
691 2773 844 2810 LChrysost.
874 2775 903 2803 in

140 2810 329 2844 comparatione
346 2810 418 2844 regis
433 2809 468 2836 ad
489 2809 666 2844 monachum.

172 2844 218 2879 (67)
232 2843 523 2872 Sacrorum’vasorum
538 2843 752 2888 distractionem
766 2846 902 2887 intelligit

284 2894 418 2923 PATROL.
443 2892 500 2922 GR.
527 2892 686 2924 CXXXIX.

962 593 1028 612 vero
1047 586 1186 613 anteriore
1210 587 1335 613 mautieze
1351 590 1428 621 parte
1450 592 1571 620 gestare,
1594 593 1680 620 caque
1702 592 1750 611 cu-

963 633 1127 659 riasioribus
1142 631 1228 658 «mulis
1244 633 1397 666 inspectare
1416 632 1519 658 videar.

1245 698 1321 725 ()Al’.
1349 697 1467 726 XXVIII.

983 759 1018 785 De
1034 758 1262 785 Semiuriaimrum
1283 759 1461 792 episcoporum
1480 759 1625 793 hypocrisi,
1641 758 1734 785 vra’ci-

1099 794 1207 828 pttisqne
1225 794 1351 820 luet-escas
1363 802 1453 820 eorum
1469 794 1607 828 capitibus.

997 862 1032 890 Ut
1047 869 1112 896 ergo
1135 861 1206 888 unde
1219 861 1342 896 digressa
1357 866 1409 893 est,
1426 868 1459 888 eo
1472 868 1501 888 se
1517 860 1616 887 referat
1639 861 1727 888 oratio
1742 881 1750 892 .

961 908 1103 935 videamus
1118 916 1178 942 qua:
1203 912 1230 934 et
1254 907 1345 942 qualia
1373 907 1477 934 fuerint
1504 907 1549 934 illa
1570 907 1652 934 verba
1667 927 1674 939 ,
1692 915 1753 942 qua:

961 955 1068 983 Arianae
1097 956 1150 983 ltus
1184 959 1406 991 propugnatores
1444 955 1577 983 adversus
1610 955 1751 982 Christum

961 1006 1159 1038 conceperunl,
1176 1007 1202 1029 et
1221 1007 1396 1037 pepererunt.
1414 1001 1660 1036 frequentibusque
1671 1010 1753 1033 svno-

961 1049 1004 1076 dis
1029 1048 1206 1080 convocatis,
1239 1048 1363 1076 otnnium
1396 1048 1510 1075 auribus
1544 1053 1751 1083 exposuerunt,

961 1095 1080 1130 denique
1100 1099 1228 1130 tauquam
1245 1094 1398 1121 orthodoxa
1415 1094 1580 1121 confirmare
1595 1094 1653 1121 ausi
1674 1098 1749 1126 sunt.

961 1141 1087 1175 quamvis
1115 1140 1225 1168 ittterim
1258 1139 1327 1167 nihil
1357 1139 1409 1167 nisi
1449 1147 1552 1167 meram
1583 1139 1751 1173 impietatem

961 1185 1109 1220 spirarcnt,
1124 1189 1255 1219 tanquam
1271 1183 1427 1211 adulterina
1447 1187 1475 1210 et
1489 1183 1522 1210 ab
1536 1183 1662 1210 Ecclesia:
1687 1190 1753 1217 apo-

961 1231 1065 1258 stolica;
1092 1230 1200 1264 placitis
1223 1229 1321 1257 aliena.
1349 1229 1386 1256 At:
1410 1229 1527 1264 primum
1554 1228 1663 1263 quidem
1690 1228 1753 1262 quis

962 1278 1103 1313 Theoguin
1119 1278 1226 1309 Niewat,
1246 1276 1394 1304 Eusebium
1412 1276 1587 1306 Nicontcdite,
1604 1280 1684 1310 atque
1699 1276 1755 1302 Eu-

961 1325 1068 1351 sebium
1090 1324 1239 1356 Czesarete,
1262 1331 1322 1358 quae.
1342 1327 1384 1350 est
1409 1322 1435 1349 in
1455 1322 1610 1354 Palaestina,
1635 1330 1688 1348 non
1708 1330 1754 1349 ac-

961 1371 1056 1397 cuset?
1072 1371 1119 1404 qui
1138 1370 1266 1396 illiberali
1288 1373 1316 1397 et
1344 1368 1521 1403 pontificibus
1539 1368 1651 1403 indigno
1668 1376 1751 1396 sensu

962 1417 1069 1451 praediti
1099 1416 1211 1443 fuerint.
1250 1415 1318 1443 Cum
1351 1415 1425 1442 enitn
1459 1415 1594 1442 haeretica:
1626 1415 1754 1441 factionis

962 1467 1064 1495 essent,
1083 1466 1302 1496 vererenturque
1316 1469 1349 1489 ne
1368 1462 1487 1496 propriis
1502 1461 1632 1488 Eeclesiis
1646 1461 1753 1488 excide-

963 1515 1040 1541 rent,
1069 1515 1116 1536 attt
1146 1509 1256 1536 infamia
1284 1513 1467 1542 notarentur,
1499 1509 1594 1536 Arium
1627 1509 1753 1535 simulate

961 1557 1122 1591 altjuraruut
1141 1566 1146 1582 :
1165 1556 1302 1590 pauloque
1321 1561 1398 1591 post,
1415 1563 1490 1582 more
1509 1563 1608 1582 canum
1628 1554 1660 1582 ad
1688 1563 1753 1590 pro-

961 1602 1049 1636 prium
1088 1602 1220 1628 vomitum
1262 1601 1387 1629 reversi.
1417 1601 1472 1628 Arii
1500 1601 1666 1635 depositioui
1699 1609 1753 1628 non

961 1652 1172 1679 consenserunt,
1192 1647 1239 1674 sed
1257 1647 1413 1674 resilientes
1432 1647 1537 1673 nullum
1565 1647 1664 1674 exinde
1690 1647 1751 1673 ﬁdei

961 1694 1104 1720 catholea:
1129 1694 1339 1728 impugnaudaz,
1364 1693 1529 1727 piorunzque
1554 1694 1754 1728 oppugnando-

961 1748 1022 1766 rum
1037 1739 1117 1766 liuem
1143 1740 1278 1766 fecerunt.
1299 1739 1367 1766 lliuc
1395 1738 1570 1765 fraudulenta
1589 1738 1635 1765 illa
1656 1743 1753 1765 contra

961 1785 1135 1812 Eustathiutn
1150 1785 1276 1815 consilia,
1301 1785 1365 1811 hinc
1383 1785 1542 1818 frequentes
1566 1784 1617 1811 ilhc
1634 1784 1729 1819 synodi
1745 1804 1753 1814 .

961 1831 1062 1864 quibus
1093 1831 1237 1864 ὸμοούσιον
1272 1830 1357 1857 dictio
1395 1835 1524 1865 tanquam
1554 1838 1568 1856 a
1600 1829 1752 1864 Scripturis

961 1877 1048 1904 aliena
1074 1876 1240 1903 censebatur
1267 1876 1339 1911 apud
1380 1876 1442 1902 illos
1471 1882 1500 1903 et
1531 1874 1753 1910 explodebatur.

960 1923 1075 1957 ejusque
1098 1922 1159 1949 loco
1183 1929 1256 1949 nunc
1280 1922 1445 1956 ὁμοιούσιον,
1469 1929 1543 1949 nunc
1563 1922 1665 1956 ὅμοιον.
1685 1921 1753 1948 alias

960 1969 1043 1995 etiam
1059 1968 1188 2002 ἀνόμοιον
1199 1987 1206 2000 ,
1220 1967 1421 1995 obtrudebatur
1439 1976 1446 1995 :
1468 1975 1528 2002 qua:
1548 1968 1638 1994 omnia
1654 1967 1752 1994 Filium

961 2023 976 2042 a
999 2014 1151 2042 substantia
1175 2013 1264 2042 Patris
1289 2015 1410 2041 alienum
1430 2014 1544 2041 faciunt.
1571 2013 1599 2041 in
1620 2021 1652 2041 ea
1678 2014 1752 2041 enim

961 2061 1098 2088 sententia
1115 2065 1212 2091 erant,
1236 2064 1263 2087 ut
1289 2059 1370 2087 Pater
1390 2061 1477 2095 prima
1502 2064 1529 2087 et
1554 2060 1662 2094 propria
1688 2059 1754 2086 sub-

962 2106 1061 2134 stantia
1093 2106 1249 2138 diccretur,
1276 2107 1362 2134 Filius
1384 2111 1477 2134 autem
1506 2107 1637 2134 secunda.
1663 2106 1752 2140 Atque

925 2165 945 2192 ῃ
962 2153 1071 2180 Patrem
1092 2153 1205 2187 quidem
1228 2153 1312 2179 Deum
1349 2153 1459 2187 proprie
1483 2152 1628 2184 dicebant,
1652 2152 1752 2179 Filium

960 2204 1051 2227 autem
1073 2207 1122 2234 per
1144 2199 1365 2234 homonyutiam,
1382 2199 1434 2226 hoc
1453 2205 1512 2230 est,
1526 2199 1684 2233 tequivoco,
1704 2206 1752 2224 no-

961 2246 1043 2273 minis
1061 2246 1221 2275 substantim
1237 2250 1265 2273 et
1282 2245 1392 2273 deitatis
1407 2245 1568 2281 participem
1583 2253 1653 2272 esse.
1669 2244 1750 2272 Verbi

960 2293 1047 2326 gratia
1070 2292 1155 2319 Deum
1179 2293 1286 2319 Patrem
1313 2292 1449 2328 dogmatis
1474 2291 1531 2319 suis
1554 2292 1676 2319 animato
1692 2292 1751 2318 ani-

962 2339 1035 2368 mali.
1054 2338 1152 2365 Filium
1168 2343 1260 2365 autem
1276 2338 1396 2366 inanimo
1411 2342 1439 2366 et
1456 2338 1529 2373 picto
1553 2338 1671 2366 similem
1689 2345 1751 2365 esse

962 2386 1068 2420 flagella
1074 2391 1111 2412 ut.

995 2430 1129 2463 Quocirca
1154 2431 1262 2458 Patrem
1287 2431 1373 2458 Deum
1401 2432 1529 2466 proprie,
1558 2436 1589 2458 ut
1609 2430 1750 2462 diximus,

961 2477 1060 2504 Filium
1075 2486 1150 2509 vero,
1164 2478 1311 2513 quamdam
1332 2478 1448 2506 Deitatis
1462 2477 1608 2512 imaginem
1626 2476 1752 2503 nomina-

961 2525 1028 2552 bant
1045 2532 1052 2550 :
1070 2523 1106 2550 ita
1122 2527 1151 2550 ut
1165 2524 1304 2550 incassum
1325 2523 1393 2551 Filio
1414 2528 1442 2550 et
1467 2522 1618 2550 divinitatis
1634 2525 1661 2548 et
1682 2521 1748 2549 sub-

961 2570 1070 2597 stantia:
1093 2577 1192 2596 nomen
1215 2569 1388 2605 afﬁngerent.
1413 2569 1483 2602 Quia
1507 2568 1582 2596 cnitn
1615 2567 1713 2595 Filium
1736 2576 1752 2594 a

961 2616 1051 2644 Patris
1074 2615 1226 2643 substantia
1251 2615 1449 2650 sejungebant,
1476 2615 1640 2649 Patremque
1664 2614 1750 2641 Deum

963 2663 1075 2699 proprie
1091 2662 1275 2697 nominantes,
1292 2661 1392 2689 Filium
1413 2661 1448 2688 ab
1471 2661 1532 2696 ejus
1547 2661 1667 2688 essentia
1688 2668 1752 2695 pro-

964 2708 1113 2736 fitebantur
1129 2709 1267 2739 alienum,
1290 2715 1324 2735 eo
1345 2707 1444 2741 ﬁebat,
1461 2712 1491 2735 ut
1515 2715 1578 2734 cum
1602 2707 1703 2733 frustra
1725 2710 1754 2733 et

956 2777 1035 2810 cujus
1051 2775 1164 2802 Alexius
1179 2774 1339 2802 Comnenus
1361 2775 1387 2801 in
1400 2774 1490 2802 Aurea
1522 2773 1598 2801 Bulla
1614 2772 1749 2810 meminit,

992 2807 1048 2845 168)
1079 2810 1268 2837 Andronicum
1302 2810 1451 2846 intelligit,
1485 2810 1520 2838 de
1548 2817 1603 2844 quo
1637 2807 1752 2837 Michael

954 2846 1103 2874 Choniates
1120 2846 1147 2872 in
1164 2845 1302 2874 Monodia.

1561 2892 1598 2922 Ιιίο
