1927 3085
176 95 260 126 4387

175 201 318 227 duntaxat
335 198 516 230 hotuouvmim
537 197 661 228 ratione,
675 204 729 231 qua
747 197 819 223 inter
839 204 869 223 se
892 197 970 223 vivus

186 247 269 273 homo
280 251 308 272 et
323 245 412 280 pictus
430 243 608 270 conferuntur
619 263 626 275 ,
642 243 815 277 hominisque
835 243 969 270 vocabulo

185 292 324 326 :vquivoce
337 290 528 324 designantur.
540 289 579 316 Eo
595 296 661 323 ergo
684 296 752 315 vana
767 295 968 323 ,perversorum

178 337 326 364 hominum
341 336 470 370 cogitata,
484 336 575 368 ὅμοιην
588 339 616 361 et
627 333 780 368 ὁμοιούσιον
795 333 967 368 spectabant.

182 384 242 416 Qua
263 383 297 409 de
310 390 393 409 causa
414 379 582 408 Semiariaui
598 386 707 414 quoque
722 379 787 406 dicti
808 385 882 406 sunt.
901 379 970 412 Quia

184 431 258 457 cuitu
276 430 384 457 Patrem
405 432 433 455 et
458 427 558 454 Filium
581 425 614 452 ad
632 425 843 460 inaequalitatem
867 425 972 460 redige-

185 477 261 506 hant,
285 475 412 509 Patrique
436 473 489 500 hoc
516 472 684 504 tribuebant,
705 475 735 498 ut
755 478 837 505 supra
861 478 968 497 omnem

184 521 341 552 essentiam,
360 526 390 547 ut
411 519 561 555 ingenitus,
585 523 616 545 ut
635 522 755 545 alemus
778 522 851 553 esset
867 526 873 543 :
889 517 970 543 Filio-

185 575 239 602 que
251 572 356 597 contraI
373 571 401 593 ιιι
419 571 536 593 creatus
551 568 625 597 ,⁴-ιιι.
635 569 730 598 postea
751 570 811 590 esse
832 563 968 597 coepisset,

185 615 268 642 fuisse
281 613 400 648 denique
425 614 552 646 tempus.
574 618 629 646 quo
651 618 704 638 non
728 609 843 641 fuisset,
867 609 970 637 idcirco

184 661 257 686 ferre
274 667 327 686 non
346 663 484 694 poterant,
499 661 529 684 ut
549 657 694 691 ὁμοουσιου
708 655 803 687 dictio,
816 655 971 690 ﬁdei'sym-

184 706 246 732 bolo
272 705 461 735 insererclur,
486 710 539 737 qua
560 701 670 737 quidem
706 700 804 728 Filium
835 699 918 727 unius
944 704 972 726 et

183 751 305 787 cjusdcln
329 757 391 776 cum
423 749 501 776 Patre
524 747 685 775 substantia:
705 753 765 774 esse
791 745 969 780 proﬁtemur,

184 798 235 823 hac
250 800 309 822 arte
329 797 502 829 satagentes,
518 797 548 819 ut
562 800 638 820 suam
667 794 695 819 in
722 791 838 819 hazresin
864 791 972 826 opinio-

185 849 302 875 nemque
324 846 480 874 perversam
495 838 640 873 episcopos
662 845 758 864 omnes
779 837 897 864 latenter
907 837 969 871 pel-

184 890 318 918 licerent,
351 886 398 920 qui
424 885 550 920 quamvis
575 885 678 919 pietate
705 884 968 915 cohonestarentur,

183 937 346 966 morumque
360 929 533 964 simplicitate
543 928 703 963 gauderent,
721 929 867 955 verborum
881 934 970 954 tamen

183 977 306 1012 strophis
326 984 374 1004 seu
400 974 604 1002 iuversionibns
619 979 648 1000 et
663 974 820 1008 sophisticis
843 981 971 1008 compen-

184 1024 237 1051 diis
261 1023 474 1057 haudquaquam
492 1020 677 1055 invigilareut,
696 1019 874 1053 dicentesque
901 1015 970 1045 nihil

185 1077 243 1098 esse
265 1067 435 1096 discriminis
469 1066 542 1093 inter
570 1065 728 1099 ὀμοούσιον,
757 1065 912 1099 ὸμῡιούσιον
943 1069 972 1091 et

184 1118 294 1152 ὅμοιον,
319 1113 528 1146 cavendumque
557 1111 636 1138 nobis
662 1109 794 1141 esse,'ne
820 1109 970 1136 dictionum

184 1162 306 1189 novitate
321 1159 449 1188 scandala
463 1157 594 1185 Ecclesiis
611 1156 804 1183 suborireutur
827 1160 854 1182 et
880 1155 972 1182 eoale~

182 1211 296 1241 soerent
320 1216 327 1234 :
353 1213 471 1241 quarum
503 1203 614 1238 quidem
659 1202 810 1230 dictionum
834 1201 971 1228 lenocinio

185 1253 333 1288 impietatis
357 1259 448 1279 escam
481 1249 674 1280 obducebaut,
702 1248 857 1281 multosque
893 1247 971 1274 exitii

185 1300 308 1327 cassibus
324 1298 508 1334 implicabaut.

477 1366 553 1394 CAP.
574 1364 670 1392 XXIX.

189 1427 224 1454 De
244 1425 476 1453 Scutim'ianortmt
494 1423 644 1457 proceribus
663 1429 671 1448 :
687 1420 806 1456 [oleoque
828 1420 970 1447 dictionum

276 1460 420 1495 ὁμοθυσὶου
439 1463 464 1485 ει
487 1457 639 1492 ὁμθιουσὶθυ
657 1457 883 1491 interpretatione.

222 1527 280 1554 Jam
298 1534 363 1553 vero
377 1525 423 1559 qui
441 1524 503 1552 talia
517 1523 720 1558 contingebant,
736 1529 863 1557 proceres
877 1522 972 1556 impie-

188 1574 252 1600 tatis
277 1571 456 1606 primariique
482 1575 609 1597 auctores
623 1573 719 1600 erant,
742 1573 771 1594 ut
789 1568 835 1602 qui
859 1573 973 1595 cmtcros

187 1620 213 1646 id
231 1617 362 1652 temporis
384 1615 527 1643 haereticos
544 1614 675 1649 religione
701 1614 881 1648 doctrinaque
903 1621 972 1646 pr:c~

177 1664 329 1692 reﬂerent.
345 1661 479 1689 Eusebius
491 1681 498 1692 ,
513 1660 624 1694 inquam
639 1680 646 1691 ,
663 1659 828 1687 Nicomediae
842 1679 848 1692 ,
869 1663 898 1686 et
920 1659 974 1686 Eu-

187 1710 281 1736 sebius
295 1709 435 1738 Caesareas.
454 1714 513 1741 quae
531 1706 558 1732 in
578 1705 719 1732 Palmstiua
734 1709 785 1736 est,
812 1705 834 1732 is
857 1705 903 1739 qui
929 1712 974 1732 ec-

188 1754 370 1783 clesiasticam
394 1753 557 1787 conscripsit
573 1751 734 1784 historiam;
753 1750 890 1785 Theognis
908 1751 972 1777 item

187 1801 294 1832 Nicaeae,
316 1804 343 1827 et
359 1799 462 1828 caueri.
479 1798 525 1833 qui
542 1798 638 1824 horum
660 1796 804 1824 sententiis
821 1800 848 1823 ct
867 1796 974 1830 placitis

188 1846 409 1874 subscribebaut.
453 1844 545 1879 Magna
585 1843 658 1870 enim
695 1850 757 1870 cum
802 1842 973 1876 impudentia

187 1894 330 1928 ὸμοούσιον
355 1892 389 1919 de
418 1889 580 1925 corporibus
601 1890 710 1924 proprie
733 1888 848 1922 intelligi
875 1892 902 1914 et
919 1886 972 1914 dici

153 1929 159 1932 ’
190 1939 402 1974 proﬁtebantur,
432 1942 461 1963 nt
485 1935 518 1963 de
534 1935 646 1962 homine
671 1939 699 1961 et
724 1934 829 1961 exteris
850 1932 974 1959 animali-

190 1989 250 2016 bus,
271 1985 305 2012 de
332 1983 479 2011 arboribus
504 1982 568 2008 item
594 1986 622 2008 et
648 1979 750 2015 plantis
773 1985 853 2006 omne
876 1985 973 2013 genus,

189 2032 290 2066 quibus
314 2027 527 2057 communicatio
547 2030 574 2054 et
593 2030 671 2053 ortus
696 2032 730 2052 ex
751 2024 890 2051 similibus
910 2028 973 2050 est:

187 2077 342 2112 ὸμοιοῦσιον
368 2079 458 2101 autem
476 2073 558 2100 rebus
580 2071 751 2106 incorporeis
767 2071 879 2097 insitum
903 2077 974 2101 esse,

188 2128 216 2150 et
233 2123 266 2150 de
280 2121 346 2156 ipsis
359 2119 469 2155 proprie
481 2118 547 2149 dici,
564 2122 594 2144 ut
610 2116 644 2143 de
660 2117 717 2143 Deo
731 2120 759 2142 et
775 2115 873 2150 angelo
885 2136 891 2147 ,
909 2115 974 2142 item

189 2168 222 2195 de
240 2171 357 2200 utroque
373 2163 482 2200 propria
499 2163 525 2190 in
541 2162 659 2189 essentia
675 2161 824 2188 intellecto.

225 2213 259 2240 Et
276 2210 400 2247 quamvis
413 2209 465 2237 sibi
480 2208 547 2235 satis
562 2207 664 2235 conscii
681 2211 772 2234 essent
792 2206 933 2233 veritatem
943 2213 973 2232 se

188 2259 242 2286 alio
261 2258 342 2284 modo
365 2255 484 2287 habere,
505 2254 581 2281 falsis
600 2258 690 2280 tamen
717 2252 974 2279 ratiocinationibus

175 2303 384 2334 abutebantur,
400 2305 430 2328 ut
447 2307 494 2327 eos
508 2299 588 2326 dictis
603 2298 661 2326 suis
676 2298 828 2328 irretirent.
845 2298 891 2332 qui
911 2305 973 2324 ver-

185 2349 286 2375 borum
326 2353 440 2373 suorum
473 2351 583 2371 sensum
611 2343 720 2377 assequi
751 2349 805 2368 non
834 2345 972 2376 poteram.

187 2391 414 2427 Quandoquidem
440 2398 471 2417 ea
496 2397 557 2424 quae
573 2389 728 2416 oblrudunt
745 2389 878 2422 puerilia,
895 2393 924 2415 et
940 2388 974 2414 ab

170 2437 317 2466 "Ecclesiae
335 2444 416 2464 sensu
435 2436 523 2462 aliena
541 2440 614 2462 sunt.
637 2435 691 2462 Nec
716 2435 789 2461 enim
813 2441 907 2461 rerum
931 2441 974 2468 ap-

184 2483 342 2518 parentinm
368 2482 480 2509 nomina
504 2481 602 2515 seipsis
630 2480 697 2508 solis
724 2478 974 2507 Circumscribenda

186 2535 271 2561 sunt;
295 2528 342 2555 sed
368 2527 401 2555 ad
425 2535 456 2554 ea
483 2534 592 2561 quoque
617 2526 798 2557 traducenda,
815 2533 876 2560 qum
893 2524 974 2552 intel-

186 2576 259 2602 lectu
278 2573 478 2608 percipiuntur.
501 2572 578 2604 Quod
594 2571 666 2599 enim
696 2571 760 2598 inde
778 2573 973 2603 subveremur,

186 2621 340 2657 periculum
359 2620 464 2646 nullum
485 2627 599 2654 prorsus
613 2624 672 2651 cst,
697 2618 750 2646 nisi
769 2627 822 2653 qua
847 2618 874 2645 in
900 2622 975 2652 parte

186 2668 357 2696 intellectum
385 2666 472 2700 ipsum
503 2665 669 2692 mutilamus.
704 2665 731 2692 Si
755 2665 820 2698 quis
847 2665 920 2691 enim
942 2664 975 2690 de

186 2713 290 2748 angelis
307 2712 531 2745 ὁμοουσιάῖητας.
556 2711 607 2739 hoc
632 2716 684 2740 est.
701 2709 976 2737 consubstantialita-

187 2763 255 2790 tein,
282 2758 338 2785 imo
366 2764 428 2784 vero
456 2757 489 2784 de
510 2758 612 2792 plantis
642 2757 725 2785 etiam
750 2761 779 2783 et
809 2755 975 2782 animalibus

788 93 894 120 NlL‘E'l
905 94 936 120 ﬁt
957 94 1054 121 (ΣΙ-10)(
1063 95 1115 122 ΙΑἸ
1127 95 1157 121 ΑΕ

186 155 246 181 sine
268 153 406 188 hypostasi
434 152 518 178 brum
549 150 672 178 dicereut
688 170 695 182 ,
713 151 804 184 atque
823 151 891 177 adeo
915 150 974 184 ejus
989 153 1010 180 Λ
1026 151 1136 182 dixerit,
1154 152 1224 178 haud
1240 160 1375 188 quaquam
1390 161 1403 180 ιι
1419 161 1483 180 vero
1508 154 1685 181 aberraverit
1707 162 1715 180 :

1810 88 1887 121 2'33“

1753 160 1783 185 (χ
1793 158 1881 176 "('1'-

1027 197 1174 224 admodnm
1201 197 1234 224 de
1261 197 1331 225 Filio
1353 204 1381 226 et
1402 200 1480 227 Patre
1500 207 1610 234 quoque
1637 201 1700 227 dici
1731 204 1882 234 potri

1026 243 1087 269 Haec
1107 243 1180 270 enim
1201 248 1243 271 est
1260 245 1418 278 quarumvis
1435 253 1527 272 rerum
1550 245 1686 273 essentia:
1705 249 1865 272 natura

1025 293 1054 314 ιιι
1074 289 1146 324 quod
1162 290 1283 324 genitum
1300 295 1340 318 est
1360 291 1416 317 eia
1437 299 1491 326 quo
1505 293 1630 326 genitum
1658 297 1708 319 est
1746 290 1884 318 simi.‘

1077 314 1090 324 τ
1116 314 1146 316 -—
1162 314 1283 324 ο---------
1303 314 1340 318 η-
1363 314 1386 317 ν-
1402 314 1416 317 —
1439 314 1490 326 τη
1505 314 1630 326 ον-υ--η-
1660 314 1708 319 νη
1746 314 1826 318 --η
1862 314 1868 315 κ

1025 333 1088 365 ﬁat,
1100 339 1130 361 et
1142 340 1224 369 prout
1239 335 1335 362 eadem
1352 337 1497 372 utriusque
1513 339 1634 365 essentia
1651 344 1713 369 est,
1726 336 1881 364 eodem
1898 314 1903 357 1

1023 386 1133 413 quoque
1147 379 1251 407 honore
1263 380 1407 415 adiciatur;
1423 389 1475 418 nec
1491 382 1564 410 illius
1578 383 1700 417 quidem
1720 382 1883 418 potior.

1023 425 1105 460 hujus
1120 432 1184 452 vero
1202 426 1323 454 deterior
1335 446 1344 460 ,
1360 434 1409 455 aut
1425 428 1498 456 illius
1517 430 1630 464 quidem
1651 430 1739 464 antiq
1750 430 1858 456 υἱοπ-
1874 449 1883 456 ε

1024 471 1105 506 hujus
1120 479 1186 499 vero
1201 472 1337 499 recentior
1354 475 1472 501 essentia
1487 474 1606 502 dicatur.
1620 475 1701 502 Nam
1729 476 1880 502 forma:

1022 517 1132 551 generis
1162 517 1303 551 aequaliter
1328 519 1363 545 ab
1390 526 1424 546 eo
1452 520 1626 554 procedunt,
1659 521 1880 555 eodemque

1023 567 1128 588 natura:
1143 564 1299 590 communis
1317 564 1420 591 honore
1444 565 1670 593 condecorantur
1684 576 1693 594 :
1715 573 1748 594 ut
1777 575 1877 593 om-

1024 615 1073 634 nes
1091 607 1214 636 homines
1228 610 1422 638 communione
1444 611 1613 639 deﬁnitiouis
1631 614 1769 640 conveni
1780 619 1875 640 ιιηι.

1024 653 1172 687 quamlibet
1189 654 1215 681 in
1235 654 1354 688 plurima
1378 655 1519 683 individua
1536 657 1617 684 divisi
1647 658 1721 685 siut.
1744 658 1875 691 Qua:—

1023 707 1141 734 cumque
1157 707 1222 735 ergo
1238 700 1273 728 ad
1296 709 1379 729 unum
1407 702 1527 738 aliquem
1554 704 1712 731 terminum
1738 705 1869 732 redu-

1024 750 1136 777 cuntur,
1160 747 1275 782 ejusque
1301 748 1411 782 capacia
1438 754 1514 782 sunt,
1537 757 1569 777 ea
1591 750 1676 777 etiam
1708 751 1866 785 propriae

1024 790 1160 822 homines,
1186 792 1227 818 vel
1251 793 1328 827 equi,
1352 793 1394 820 vel
1420 793 1515 826 boves,
1539 799 1578 825 et.
1603 799 1634 821 ut
1650 795 1691 822 ita
1717 795 1860 825 dicam,

1024 837 1122 871 plantae
1136 842 1164 865 et
1178 838 1290 866 arbores
1307 838 1454 871 dicuntur,
1481 840 1652 875 omninoque
1667 841 1854 875 ὁμοούσια.

1024 882 1075 909 hoc
1111 888 1153 911 est
1190 884 1317 911 essentne
1345 887 1539 913 communione
1569 887 1732 914 constantia
1765 888 1853 915 diei

1023 932 1162 962 poterunt.
1182 928 1374 965 Quacumque
1394 939 1462 959 vero
1486 932 1594 959 termini
1625 933 1745 967 capacia
1765 941 1850 960 non

1022 979 1097 1006 sunt,
1122 980 1185 1008 puta
1211 975 1331 1003 hominis
1345 977 1386 1004 vel
1409 978 1536 1005 animalis
1549 978 1680 1014 alicujus.
1704 980 1845 1006 nomine

1022 1024 1113 1046 autem
1130 1021 1188 1048 solo
1207 1021 1332 1049 homines
1355 1023 1397 1050 vel
1421 1024 1533 1058 aliquod
1550 1024 1625 1051 aliud
1643 1025 1752 1052 animal
1772 1033 1841 1060 ap-

1024 1066 1170 1100 pellantur,
1192 1067 1236 1094 illa
1264 1075 1315 1095 nec
1332 1068 1458 1096 homines
1470 1070 1580 1104 proprie
1600 1078 1661 1098 :nec
1685 1071 1833 1098 animalia

1023 1111 1077 1138 dici
1094 1120 1108 1138 a
1123 1120 1262 1147 quoquam
1279 1119 1409 1147 poterunt
1426 1120 1527 1150 :atque
1545 1115 1582 1143 ita
1603 1124 1656 1144 nec
1682 1117 1830 1151 ὀμοούσιιι

1023 1158 1204 1190 vocabuntur,
1223 1159 1312 1193 qualis
1325 1165 1367 1188 cst
1383 1160 1473 1196 pictus
1485 1169 1573 1197 equus
1589 1167 1618 1190 et
1634 1163 1739 1195 homo;
1752 1164 1826 1198 quia

1024 1204 1153 1232 nimirum
1171 1212 1206 1232 ne
1229 1205 1262 1232 ad
1280 1205 1396 1234 formam
1415 1207 1525 1241 quidem
1541 1215 1618 1235 suam
1633 1209 1820 1240 referuntur.

1023 1256 1074 1276 nec
1100 1249 1203 1284 proprii
1231 1250 1341 1277 termini
1366 1252 1476 1286 capacia
1501 1257 1583 1284 sunt,
1612 1258 1680 1286 puta
1705 1253 1821 1279 ratione

1022 1295 1140 1330 prmditi,
1155 1300 1183 1323 et
1201 1295 1283 1323 morti
1309 1296 1433 1327 obnoxii,
1448 1302 1530 1332 atque
1553 1298 1655 1325 mentis
1678 1299 1821 1326 scientia-

1023 1346 1076 1375 que
1090 1347 1205 1375 eapaces
1225 1350 1230 1368 :
1251 1341 1294 1368 vel
1309 1342 1392 1368 etiam
1408 1343 1560 1376 hinnibilis,
1575 1344 1742 1379 rationeque
1767 1353 1821 1372 cn-

1024 1386 1121 1413 reutis.
1150 1386 1287 1422 Quidquid
1311 1388 1383 1414 enim
1408 1389 1441 1415 ad
1473 1389 1593 1416 hominis
1624 1390 1743 1425 alicujus
1769 1391 1816 1416 νιιι

1023 1431 1086 1466 equi
1107 1432 1315 1460 similitudinem
1352 1433 1502 1461 statuarius
1526 1433 1736 1465 eﬂ'ormaverit,
1766 1434 1819 1461 de-

981 1488 1008 1519 C
1027 1477 1181 1512 plnaeritve
1206 1479 1303 1513 pictor.
1321 1479 1461 1506 hominem
1487 1479 1598 1514 quidem
1619 1480 1712 1507 dicere
1737 1486 1818 1515 pote-

1025 1524 1079 1556 ris,
1106 1525 1170 1558 quia
1199 1525 1284 1559 ﬁgura
1314 1525 1428 1553 t‘ormam
1453 1526 1557 1553 imitata
1583 1527 1639 1559 sit;
1668 1532 1697 1554 at
1722 1529 1820 1555 minus

1024 1569 1145 1603 proprie,
1159 1570 1327 1597 setlabusive
1337 1575 1365 1597 et
1375 1571 1526 1606 mquivocc;
1541 1579 1592 1599 nec
1602 1573 1676 1599 enim
1687 1573 1818 1607 ejusdem

1023 1615 1192 1641 cum10rma
1211 1615 1379 1643 deﬁnitionis
1400 1616 1537 1651 particeps
1551 1621 1594 1644 est
1614 1618 1700 1653 :quia
1721 1624 1818 1646 statua

1024 1667 1077 1686 non
1092 1665 1133 1687 est
1148 1661 1248 1687 animal
1264 1661 1369 1688 ratione
1381 1662 1537 1697 praeditum,
1553 1664 1636 1690 morti
1647 1664 1818 1696 obnoxium.

1024 1707 1124 1733 mentis
1140 1711 1168 1733 et
1182 1707 1305 1734 scientia:
1323 1715 1424 1742 capax;
1450 1717 1502 1736 nec
1516 1710 1599 1737 etiam
1626 1710 1773 1738 hinnibilis
1789 1717 1820 1738 et.

1023 1750 1190 1785 quadrupes,
1206 1752 1293 1786 qualis
1305 1755 1347 1780 est
1360 1752 1438 1780 vivus
1453 1761 1551 1788 equus,
1566 1762 1619 1782 nec

1089 1829 1314 1865 Quadrupedame
1327 1835 1430 1864 putrem
1439 1837 1532 1859 solum
1547 1834 1632 1867 quam
1645 1835 1751 1869 angnia

1353 1874 1486 1901 campum.

1062 1932 1130 1959 Hine
1145 1940 1210 1968 ergo
1230 1934 1425 1968 consequitur,
1442 1939 1472 1962 ut
1488 1936 1720 1970 quemadmodum
1738 1939 1819 1966 nob‘l

1027 1977 1196 2010 hominibus,
1209 1978 1331 2013 itemque
1344 1979 1461 2015 singulis
1476 1981 1590 2015 angelis,
1606 1981 1732 2016 ipsisque
1746 1984 1820 2010 adeo

1025 2022 1200 2055 animalibus,
1218 2031 1270 2050 una
1286 2025 1419 2058 quapiam
1435 2025 1561 2059 speciﬁca
1584 2027 1705 2053 essentia
1734 2027 1819 2055 insita

1025 2073 1067 2095 est
1082 2077 1088 2094 :
1104 2068 1139 2095 ita
1165 2069 1246 2095 etiam
1268 2069 1295 2096 in
1312 2070 1402 2097 tribus
1418 2071 1552 2105 personis,
1573 2071 1666 2103 Patre,
1691 2073 1818 2107 inquam.

1026 2113 1107 2143 Filio.
1123 2118 1149 2140 et
1164 2113 1268 2147 Spiritu
1286 2119 1392 2146 saneto,
1407 2123 1460 2142 una
1474 2116 1603 2147 essentia.
1620 2117 1767 2150 divinitas,
1790 2125 1817 2145 et

991 2158 1010 2184 D
1026 2163 1123 2185 natura
1148 2158 1225 2185 insit.
1247 2159 1280 2187 At
1299 2160 1385 2195 impii,
1405 2162 1444 2189 illi
1464 2162 1574 2189 Eusebii
1589 2183 1596 2195 ,
1622 2162 1817 2191 haereticorum

1028 2203 1173 2237 primitize,
1199 2204 1264 2231 dum
1286 2205 1449 2233 vocabulum
1471 2206 1544 2234 Deus
1558 2208 1651 2241 primae
1668 2209 1759 2242 patris
1773 2217 1818 2236 es-

1027 2249 1123 2276 sentia:
1136 2250 1277 2282 tribuunt,
1299 2259 1418 2286 eumque
1440 2252 1554 2279 alterius
1571 2253 1700 2280 essentia:
1713 2273 1721 2284 ,
1734 2259 1816 2289 atque

1025 2295 1142 2322 alterius
1172 2296 1237 2323 item
1257 2296 1361 2324 ‘Fiiium
1387 2298 1464 2332 quasi
1490 2299 1655 2332 quibusdam
1684 2301 1816 2333 gradibus

1027 2348 1087 2368 esse
1105 2346 1240 2373 Statu-unt,
1265 2342 1408 2375 ὁμοούπιον
1429 2343 1539 2378 quidem
1556 2344 1709 2379 abrogant.
1729 2354 1815 2380 coque

1026 2394 1078 2420 pro
1090 2387 1161 2414 virili
1190 2392 1266 2422 parte
1287 2388 1470 2420 adnituntur,
1491 2398 1525 2416 ne
1540 2398 1592 2424 qua
1616 2391 1690 2418 illius
1713 2393 1815 2419 mentio

1023 2433 1149 2466 supersit
1164 2444 1170 2461 :
1184 2439 1214 2460 at
1229 2435 1290 2462 loco
1307 2435 1382 2463 illius
1400 2435 1491 2470 ὅμοιον
1509 2441 1537 2463 et
1549 2436 1704 2470 ὑμοιοὺσιον
1722 2438 1815 2465 obtru-

1029 2480 1108 2510 dunt,
1134 2484 1162 2506 et
1185 2480 1207 2507 si
1228 2488 1282 2507 non
1311 2481 1410 2515 reipsa,
1434 2481 1529 2508 saltem
1552 2482 1637 2509 verbo
1651 2482 1753 2510 Filium
1774 2491 1814 2511 es-

1029 2525 1116 2551 sentia
1134 2525 1207 2552 Patri
1226 2526 1342 2553 similem
1366 2526 1540 2561 proﬁtentur.
1565 2527 1618 2555 Sed
1639 2528 1733 2556 dehis
1752 2533 1814 2557 tunc

1029 2571 1149 2604 apertius
1165 2572 1351 2602 tractabimus.
1374 2580 1436 2599 cum
1450 2573 1482 2600 ad
1498 2573 1555 2600 Arii
1570 2573 1686 2609 ejusque
1701 2581 1814 2602 consor-

1031 2617 1097 2642 tium
1117 2622 1145 2643 et
1159 2618 1324 2644 asscclarum
1338 2619 1481 2653 opiniones
1501 2619 1660 2647 reiutandas
1677 2622 1817 2656 aggredie~

1030 2670 1103 2689 mur.
1124 2663 1172 2691 Hic
1195 2669 1285 2691 autem
1313 2665 1533 2704 locus'postulat,
1551 2671 1626 2693 utea
1649 2674 1815 2695 commemo-

1031 2715 1132 2739 remus,
1149 2716 1207 2738 nine
1225 2709 1257 2736 Ile
1272 2709 1350 2737 Aetio
1365 2716 1392 2738 et
1416 2710 1550 2738 Eunomio
1568 2711 1812 2746 circumferuntur,
