1927 3085
108 117 123 148 1
130 117 191 149 38f)

418 172 493 200 CAP.
524 170 607 198 XXX.

100 239 155 266 De
171 239 290 266 Aetionis
305 244 329 266 et
355 239 499 271 Anomazis,
516 239 607 274 quibus
627 238 789 275 Ennominni
807 247 907 275 quo'jue

150 279 334 302 acccnsenlur.
364 276 433 301 Aetii
453 275 505 301 vita
532 279 556 300 et
578 275 703 300 moribus.
729 273 867 307 Stephani
882 281 906 300 et

149 309 255 344 Onagn’
269 310 406 336 lendiculis
418 310 445 336 in
459 311 590 342 episcopos
610 310 711 341 aliquot
738 311 905 336 ortltodoa‘os.

149 344 263 371 Leontio
293 345 402 371 eviruto.
430 345 641 379 Antiphonurum
673 344 906 370 ecclesiasticarum

149 380 264 414 origine.

149 444 220 478 Qua:
237 444 270 472 de
296 444 375 471 Aetio
396 447 424 471 ct
447 443 583 471 Eunomio
613 443 856 474 circumferuntur,
875 450 906 468 ea

104 491 268 526 Gregorius
292 490 402 524 quidem
430 490 581 525 Nyssenus,
610 488 827 523 Theodorusque
851 489 908 515 Mo-

106 541 284 572 psuestenus
309 536 451 571 pluribus,
483 535 653 570 Epiphanius
683 540 774 562 autent
805 534 906 569 Cypri,

106 581 304 608 Theodoritus
317 581 390 616 Cyri,
406 585 434 607 et
450 580 699 608 ecclesiasticarum
725 579 906 606 Historiarum

107 627 269 662 scriptores
295 626 525 654 succinctioribus
553 626 644 652 verbis
666 625 803 659 prosecuti
830 628 906 654 sunt.

106 681 147 700 ex
165 673 267 708 quibus
282 673 410 700 omnibus
435 680 466 700 ea
484 672 599 699 mutuati
615 679 720 702 sumus,
742 679 803 705 qua:
827 670 908 697 nobis

107 720 227 746 utiliora
246 724 274 746 et
290 719 537 747 accommodatiora
554 718 611 745 visa
631 723 706 744 sunt.

150 765 303 792 Sciendum
321 765 412 799 itaque
426 769 478 796 est.
495 764 603 791 Aetium
619 763 786 795 Antiochiae,
804 770 864 798 qua:
879 763 906 789 in

108 809 196 846 Syria
212 814 264 840 est.
279 814 369 837 ortum
388 809 483 841 fuisse,
504 814 597 844 atque,
614 813 643 836 ut
660 808 798 843 Nyssenus
810 813 907 835 auctor

750 110 948 146 TIIESAURI
967 113 1040 147 LIB.
1063 112 1097 147 ν.

920 175 942 200 A
958 171 1002 198 ille
1019 172 1176 206 Stephanus
1187 192 1194 203 ,
1212 178 1258 206 qm
1274 176 1327 198 non
1343 170 1476 199 haereseos
1490 171 1577 198 solum
1593 170 1743 197 antistitem

1676 112 1744 143 i390

957 224 987 244 se
1009 217 1142 251 praebuit,
1168 225 1261 244 rerum
1293 217 1435 244 innumera
1463 224 1570 250 quoque
1596 216 1647 242 alia
1675 217 1744 243 mala

957 261 1119 296 designarit,
1140 262 1242 289 nullam
1258 270 1313 289 non
1329 262 1457 296 nequitia:
1473 261 1657 296 fmdttatisque
1681 269 1744 296 spe-

957 306 1027 333 ciem
1043 311 1205 340 persecutus
1219 316 1226 333 :
1242 307 1289 341 qui
1307 307 1436 334 lectorem
1451 307 1596 341 quemdam
1610 306 1744 333 scelerum

957 359 1069 379 suorum
1083 352 1277 379 administrum
1302 357 1329 379 et
1355 357 1482 386 tanquam
1505 351 1678 378 emissarium
1697 351 1745 378 lla-

958 398 1046 429 heret,
1064 398 1110 432 qui
1127 406 1159 425 ea
1172 398 1206 425 dc
1222 406 1303 425 causa
1321 397 1428 432 Onager
1443 397 1616 432 perapposiln
1635 397 1744 423 nomine

959 444 1120 474 dicebatur.
1152 445 1231 479 cujus
1259 451 1342 478 opera
1370 444 1414 470 ille
1443 443 1559 470 fabulam
1589 443 1743 476 hujusmodi

959 490 1076 518 adorSus
1093 495 1145 517 est.

996 534 1086 560 Finita
1110 534 1267 562 Sardiccnsi
1302 535 1408 570 synodo
1440 534 1575 561 Constans
1607 534 1668 568 pius
1700 533 1744 560 ille

960 579 1144 607 Romanorum
1189 580 1341 615 imperator
1367 581 1402 607 ad
1439 587 1599 615 germanum
1632 580 1745 606 fratrem

959 631 1039 650 suum
1071 624 1263 653 Constantium
1303 633 1387 660 super
1422 626 1571 652 Athanasio
1606 631 1635 652 et
1662 625 1745 652 Paulo

959 671 1117 705 scripserat.
1131 672 1250 699 Litteras
1268 672 1427 707 Euphratas
1443 677 1471 699 et
1496 671 1657 699 Vincentius
1685 671 1745 705 epi-

960 717 1035 751 scopi
1053 725 1105 744 una
1125 725 1187 744 cum
1213 717 1307 744 Salino
1331 718 1449 744 militum
1475 718 1590 746 ductore
1622 717 1744 751 pertule-

961 765 1031 788 rant.
1049 761 1176 794 Quicum
1198 762 1371 789 Antiochiam
1397 764 1577 797 appulissent.
1596 763 1642 790 ubi
1673 762 1744 789 Cotl-

960 806 1079 833 stantius
1093 805 1120 833 id
1147 807 1278 840 temporis
1299 810 1381 836 esset.
1399 806 1425 833 in
1449 806 1596 840 hospitium
1625 806 1746 833 diverte-

110 861 174 888 est,
193 856 302 883 mulieri
327 856 434 883 cuidam
459 855 594 889 Ampelidi
621 855 732 882 nomine
758 855 904 885 serviisse,
923 846 943 873 Β
960 857 1034 879 runt.
1046 852 1231 880 Detestandus
1249 857 1340 880 autem
1365 851 1522 886 Stephanus
1548 851 1650 886 Onagri
1662 859 1746 886 opera

109 910 181 930 cum
197 903 320 930 fabrilem
335 907 422 929 artem
436 906 589 932 exerceret.
605 908 743 936 parvoque
758 901 857 928 malleo
878 905 906 928 et

110 955 201 983 parva
219 947 319 975 incude
333 954 398 974 vasa
412 953 482 973 terea
495 945 594 972 detrita
611 944 772 976 resarciret,
789 949 845 971 tum
866 945 905 970 fo-

112 994 224 1021 ramina
247 993 397 1026 obturans,
427 996 484 1018 tum
510 991 687 1026 liquefactum
712 996 839 1017 stannum
866 990 907 1017 eis

112 1039 285 1071 infundens,
321 1039 441 1066 lebetum
479 1037 599 1071 denique
635 1037 775 1063 ventribus
816 1036 906 1063 infuso

113 1085 233 1120 plumbo
256 1084 422 1112 mederetur.
438 1083 473 1111 Ut
489 1086 587 1118 gentem
614 1082 837 1117 Mopsuestiensis
859 1089 907 1109 au-

114 1135 178 1158 ctor
193 1135 252 1161 est,
269 1135 344 1164 patre
368 1129 413 1156 ille
430 1128 518 1155 libero
533 1127 643 1162 quidem
657 1147 665 1158 ,
686 1132 714 1154 at
732 1127 843 1154 aurifice
859 1135 907 1161 pa-

115 1168 277 1210 pilionario,
292 1175 344 1201 hoc
358 1178 411 1205 est,
424 1173 530 1201 tedibus
545 1177 666 1204 carente,
683 1173 730 1200 sed
744 1172 906 1207 papilionem

115 1228 166 1248 seu
185 1220 393 1248 tabernaculum
406 1219 468 1254 pilis
486 1223 513 1246 et
527 1219 594 1246 setis
605 1223 773 1250 contextum,
792 1218 908 1252 ideoque

117 1266 184 1297 vile,
203 1264 430 1297 circumferente,
455 1268 535 1299 atque
552 1263 621 1291 adeo
635 1264 864 1295 circumforaneo,
881 1268 908 1290 et

118 1311 245 1338 minutiis
273 1310 436 1345 quibusdam
460 1309 620 1344 fi-ivolisquc
643 1310 772 1344 operibus
805 1310 907 1337 victum

118 1356 147 1383 in
163 1356 235 1383 diem
258 1356 309 1383 sibi
332 1359 519 1390 comparante,
547 1359 627 1382 natus
654 1360 705 1382 est.
736 1355 821 1388 Quem
846 1363 908 1382 cum

119 1402 403 1436 filiussequeretur,
435 1409 497 1428 eum
525 1401 552 1428 in
579 1401 724 1428 artificiolo
769 1401 820 1428 hoc
858 1409 908 1428 suo

120 1448 261 1479 instruxit.
287 1448 341 1475 imo
357 1455 420 1475 vero
443 1447 538 1482 primis
556 1455 665 1482 quoqtte
684 1447 836 1475 litterarum
862 1456 909 1474 ru-

121 1493 252 1521 dimentis
266 1493 344 1520 illum
362 1493 507 1520 instituere
520 1498 636 1520 conatus
654 1499 696 1520 est
709 1513 716 1524 .
739 1499 908 1528 calenusque

121 1539 267 1574 promovit,
283 1544 312 1566 ut
323 1544 513 1566 contractnum
531 1539 614 1566 verba
632 1538 787 1566 describere
804 1544 907 1574 posset.

119 1585 197 1618 Quod
224 1590 314 1613 autent
339 1585 434 1612 Aetius
458 1585 564 1612 aurifex
593 1585 687 1618 fuerit,
712 1585 773 1621 ejus
798 1593 907 1620 quoque

119 1639 234 1659 consors
256 1631 456 1667 Philostorgius
482 1632 562 1659 tertio
589 1631 714 1660 Historiae
749 1640 805 1659 sua:
836 1632 907 1659 libro

121 1683 217 1704 auctor
228 1682 269 1704 est
283 1685 290 1706 :
308 1677 390 1704 «Cum
404 1679 505 1712 itaque,
522 1678 620 1713 inquit,
636 1678 756 1705 animum
767 1678 860 1706 Aetius
874 1679 905 1705 ad

119 1723 273 1750 auriﬂciutn
289 1723 450 1758 appulisset,
464 1731 589 1750 summus
602 1723 690 1750 evasit
703 1723 821 1750 aurifex.
838 1723 906 1751 Cum

120 1773 209 1795 autent
229 1775 343 1802 operum
363 1768 413 1795 sibi
431 1769 641 1795 commissorum
657 1769 804 1803 quodpiam
828 1769 907 1796 adul-

122 1817 246 1844 terasset.
262 1813 386 1844 acribus,
404 1817 434 1839 ut
452 1820 501 1847 par
521 1818 580 1845 est,
598 1813 690 1848 flagris
703 1813 838 1842 dissectus
855 1820 906 1841 est.

122 1859 216 1886 Postea
232 1866 293 1885 cum
313 1866 342 1886 se
360 1857 413 1885 hac
437 1864 496 1885 arte
523 1858 642 1886 tenuiter
656 1859 731 1894 juxta
755 1863 784 1886 et
797 1860 908 1886 sordide

121 1903 224 1935 vivere.
246 1903 411 1931 christianos
427 1909 519 1931 autem
534 1911 640 1931 summa
652 1911 714 1931 cum
739 1905 908 1933 humanitate

122 1948 249 1982 quosvis,
273 1949 392 1975 maxime
419 1952 511 1975 autem
537 1956 594 1976 sua:
620 1948 760 1982 religionis
784 1949 909 1977 homines

122 1994 246 2028 excipere
261 1993 377 2026 videret,
408 1998 467 2020 arte
488 1993 594 2028 relicta.
618 1998 777 2028 mutatoque
801 1995 907 2027 habitu,

123 2039 334 2074 philosophicam
383 2043 465 2073 atque
501 2039 570 2066 adeo
610 2039 788 2067 christianam
822 2040 906 2067 vitam

123 2085 288 2116 ementitus,
320 2085 421 2112 multos
448 2085 566 2112 asseclas
596 2085 709 2113 invenit.
741 2086 810 2113 Tum
842 2094 907 2114 vero

125 2131 310 2158 Alexandriam
337 2130 474 2164 profectus
497 2138 559 2158 cum
587 2139 688 2166 paucos
714 2132 818 2166 aliquot
848 2133 908 2160 dies

961 898 1135 925 meretricem
1165 899 1308 930 conduxit,
1334 904 1473 932 noctuque
1502 898 1528 924 in
1554 898 1745 932 episcoporum

958 944 1141 971 diversorium
1155 944 1291 972 introduci
1306 944 1390 979 jussit
1405 952 1412 970 :
1429 949 1511 978 atque
1525 944 1658 978 quosdam
1678 944 1746 971 sub-

958 991 1068 1016 ornat-it
1082 1010 1090 1022 ,
1113 990 1160 1025 qui
1188 990 1359 1017 meretricem
1384 997 1447 1018 eum
1462 990 1601 1024 episcopis
1615 997 1675 1017 esse.
1690 990 1746 1017 cla-

959 1041 1075 1064 marent.
1092 1036 1161 1063 Cum
1175 1041 1266 1063 autem
1285 1036 1414 1063 fortiores
1426 1041 1519 1063 essent
1542 1037 1676 1070 episcopi,
1693 1044 1744 1062 ρο-

959 1089 1076 1116 rumque
1086 1082 1310 1114 contubernales,
1327 1086 1355 1109 et
1367 1081 1538 1108 meretricem
1551 1086 1579 1108 et
1593 1082 1652 1117 ejus
1662 1082 1748 1111 admi-

960 1127 1064 1155 nistros
1080 1128 1105 1154 vi
1121 1127 1313 1156 detinuerunt.

995 1173 1060 1204 Quae
1090 1173 1180 1200 fabula
1209 1173 1290 1200 sinml
1315 1177 1398 1208 atque
1425 1172 1459 1200 ad
1487 1173 1641 1200 Constantii
1665 1181 1748 1201 aures

960 1219 1063 1254 perlata
1079 1224 1121 1246 est
1137 1219 1337 1246 calumniatore
1364 1219 1506 1254 Stephano
1523 1220 1660 1255 deposito,
1690 1228 1745 1247 non

959 1265 1050 1290 minus
1073 1265 1172 1291 malum
1187 1264 1309 1292 evlratus
1325 1264 1457 1292 Leontius
1470 1265 1498 1292 in
1510 1265 1570 1300 ejus
1582 1265 1672 1292 locutn
1688 1267 1746 1292 suf-

961 1311 1050 1338 fectus
1070 1316 1124 1343 est,
1139 1311 1184 1346 qui
1208 1312 1263 1347 jam
1282 1311 1445 1345 presbyterii
1470 1311 1574 1339 honore
1596 1311 1747 1344 exciderat,

960 1357 1023 1391 quia
1039 1364 1100 1384 cum
1115 1357 1205 1391 puella
1220 1356 1338 1392 quadam
1365 1357 1486 1384 Eustolia
1502 1357 1612 1384 nomine
1624 1357 1748 1391 quotidie

961 1403 1191 1435 eonvcrsabatur,
1204 1402 1341 1437 hnjusquc
1363 1402 1543 1438 turpitudinis
1560 1404 1747 1438 suspicionem

966 1454 979 1473 a
993 1454 1022 1474 se
1039 1447 1204 1475 amoliturus
1220 1447 1310 1474 virilia
1325 1447 1376 1475 sibi
1389 1455 1582 1483 praesecuerat,
1599 1453 1655 1476 tum
1671 1449 1749 1477 dein-

961 1500 1026 1527 ceps
1051 1493 1168 1520 liberius
1195 1493 1228 1520 ad
1253 1494 1327 1520 illam
1352 1494 1534 1525 commeabat.
1556 1495 1589 1522 iis
1616 1495 1746 1522 nimirum

962 1538 1092 1565 membris
1107 1539 1242 1573 privatus,
1257 1547 1318 1574 quae
1331 1540 1474 1568 calumnia:
1487 1548 1597 1568 causam
1625 1541 1749 1575 praebue-

961 1589 1032 1611 rant.
1051 1584 1101 1612 llic
1112 1593 1177 1620 ergo
1195 1585 1349 1612 Constantii
1363 1586 1537 1618 imperatoris
1551 1594 1634 1621 opera
1649 1592 1677 1614 et
1692 1592 1749 1615 stn-

961 1629 1007 1656 dio
1026 1629 1059 1656 ad
1075 1629 1279 1657 Anliochcnum
1304 1630 1494 1664 episcopatum
1511 1636 1625 1658 evectus
1647 1631 1746 1658 fuerat.

961 1675 1095 1702 Caeterum
1121 1683 1169 1710 per
1187 1675 1214 1702 id
1250 1680 1357 1710 tempus
1379 1676 1532 1703 Antiochia:
1561 1676 1705 1707 ﬂorebant.
1720 1681 1749 1703 et

961 1722 1062 1748 virtute
1080 1721 1254 1755 scientiaque
1274 1721 1396 1748 celebres
1413 1721 1584 1748 habebantur
1601 1722 1748 1748 Flavianus

961 1772 989 1793 et
1007 1767 1153 1798 Diodorus,
1176 1774 1294 1801 quorum
1314 1767 1359 1793 ille
1375 1767 1550 1794 Antiocheno
1565 1767 1748 1802 episcopatui,

963 1812 1010 1838 hic.
1024 1812 1154 1838 Tarsensi
1168 1816 1262 1845 postea
1278 1811 1422 1845 praefectus
1434 1817 1485 1838 est.
1503 1812 1593 1846 Atque
1611 1817 1642 1838 ut
1656 1813 1748 1840 Theo—

962 1857 1048 1883 dorus
1068 1856 1278 1891 Mopsuestenus
1294 1857 1401 1888 scribit.
1418 1857 1491 1884 illam
1514 1858 1671 1891 psalmodire
1688 1867 1749 1893 spe-

961 1904 1044 1936 ciem,
1063 1911 1132 1938 quas
1160 1903 1326 1937 antiphonas
1353 1903 1482 1935 dicimus.
1498 1904 1536 1931 illi
1556 1912 1589 1931 ex
1614 1905 1745 1940 Syrorum

960 1949 1051 1984 lingua
1070 1950 1096 1976 in
1113 1949 1233 1976 Graecam
1250 1950 1463 1982 transtulerunt,
1477 1955 1503 1977 et
1526 1951 1648 1977 omniuut
1660 1959 1746 1986 prope

960 1996 1010 2022 soli
1027 1992 1182 2023 admirandi
1214 1995 1296 2031 hujus
1319 1996 1412 2030 operis
1428 1997 1556 2024 otnnibtts
1572 1997 1648 2024 orbis
1671 1997 1746 2024 chri<

960 2041 1042 2068 stiani
1061 2041 1219 2068 hominibus
1240 2042 1375 2069 Auctores
1390 2048 1584 2077 apparuerunt.
1612 2044 1747 2072 Heteron-

960 2087 1049 2114 siasta:
1066 2086 1178 2121 quidem
1194 2091 1280 2117 certa,
1297 2086 1348 2115 hoc
1365 2093 1417 2119 est,
1443 2087 1548 2121 Ariani,
1572 2089 1679 2118 diversa
1702 2092 1747 2119 Fi-

961 2133 1028 2159 lium
1042 2140 1056 2158 a
1081 2132 1162 2159 Patre
1179 2132 1337 2159 substantia
1364 2140 1424 2160 esse
1441 2133 1577 2166 dicentes,
1591 2135 1626 2162 ita
1648 2143 1746 2165 canere

125 2176 302 2204 Aristotelicis
316 2177 430 2211 argutiis
444 2177 600 2204 ediscendis
624 2179 801 2212 transegisset
820 2184 904 2213 atque
923 2192 944 2220 ο
960 2179 1085 2206 solebant
1101 2188 1108 2206 -.
1124 2178 1217 2206 Gloria
1235 2179 1307 2206 Patri
1321 2186 1369 2214 per
1385 2178 1484 2206 Filium
1502 2180 1529 2206 in
1548 2180 1654 2215 Spiritu
1681 2190 1747 2210 san-

125 2222 218 2257 aliquis
232 2229 291 2249 esse
303 2222 458 2253 videretur,
475 2231 535 2257 qua:
551 2224 670 2251 hominis
696 2224 801 2251 indoles
811 2245 818 2256 .
832 2225 905 2252 dica-

125 2270 189 2295 citas
209 2273 237 2295 et
252 2268 420 2302 impudentia
439 2274 508 2299 erat,
523 2277 575 2296 non
592 2277 692 2303 paucos
710 2270 820 2297 laudum
844 2279 906 2297 sna-

127 2322 180 2340 rmn
197 2315 387 2342 buccinalores
405 2314 510 2341 habuit.
526 2315 593 2342 Cum
608 2320 698 2342 autem
711 2317 829 2343 exituius
849 2317 904 2344 Arii

127 2359 275 2393 dogmatum
290 2366 477 2394 propugnator
490 2365 574 2391 esset,
590 2361 644 2388 illis
656 2361 767 2395 quidem
785 2362 906 2389 subscri-

128 2405 183 2438 psit,
201 2404 235 2430 ab
250 2405 358 2431 Arianis
372 2413 436 2431 vero
450 2405 573 2437 secessit,
587 2406 661 2440 quod
677 2407 771 2433 Ariunt
786 2407 819 2434 ad
831 2414 907 2434 corn-

129 2450 278 2476 tnnnioneut
305 2450 488 2482 admisissent,
518 2451 566 2486 qui
590 2451 617 2478 in
642 2451 703 2479 fidei
734 2452 906 2479 confessione

128 2495 157 2521 ad
173 2495 363 2528 imperatorem
384 2496 593 2523 Constantinum
616 2497 716 2532 scripta
746 2498 905 2533 pcjerassct.

129 2546 202 2572 atque
218 2540 270 2566 alia
293 2540 424 2574 cogitans,
449 2541 501 2568 alia
519 2542 678 2576 prolocutus
702 2547 786 2570 esset.
811 2543 907 2570 Postea

130 2593 185 2610 tero
199 2585 360 2613 Alexandria
386 2587 530 2613 discedens
551 2588 724 2615 Antiochiam
753 2589 842 2616 natale
863 2597 907 2615 so-

130 2630 176 2655 lum
206 2630 304 2661 rediit.
325 2635 405 2665 atque
431 2639 445 2657 a
476 2631 589 2658 Leontio
616 2633 852 2660 Antiochenornm
881 2634 906 2660 id

130 2675 253 2708 temporis
275 2675 404 2709 episcopo
419 2669 552 2710 exceptus
566 2681 618 2704 est.
642 2678 663 2703 A
686 2677 808 2705 discessu
834 2678 907 2704 enim

129 2720 209 2754 magni
219 2721 292 2746 illius
300 2721 464 2753 Eustbathii,
477 2722 651 2756 Euphronius
659 2723 786 2756 Arianus,
798 2724 908 2750 Eusebii

131 2763 339 2792 Nicomediensis
349 2773 431 2800 opera
447 2766 473 2793 ei
491 2767 654 2802 subrogatus
667 2773 719 2795 est.
735 2769 908 2804 Euphronio-

131 2816 176 2843 que
198 2809 354 2842 Phlacilus,
379 2810 437 2838 sive
460 2811 599 2844 Placitus,
620 2812 743 2847 ejusdem
775 2821 838 2840 cum
863 2814 910 2840 illo

133 2854 279 2889 hereseos,
304 2857 445 2884 successit.
475 2857 578 2885 Placito
602 2858 694 2895 itaque
730 2859 910 2894 impiissimus

958 2231 1012 2255 cto.
1029 2225 1183 2251 Flavianus
1200 2230 1291 2252 autem
1310 2226 1416 2260 primus
1427 2227 1561 2254 cecinisse
1577 2227 1747 2264 fertur,Glo_-

959 2272 999 2298 ria
1017 2271 1089 2298 Patri
1114 2275 1141 2298 et
1157 2271 1225 2298 Filio
1237 2276 1264 2298 et
1277 2271 1391 2306 Spiritui
1409 2276 1513 2300 sancto.

1258 2337 1335 2364 CAP.
1347 2337 1445 2365 XXXI.

961 2393 1063 2421 lterum
1078 2397 1109 2421 de
1124 2395 1193 2421 Aetii
1208 2400 1232 2421 et
1250 2393 1374 2422 Eunantit‘
1388 2396 1440 2422 rita
1456 2401 1481 2423 et
1504 2398 1621 2425 moribus
1646 2407 1744 2433 pauca.

995 2451 1143 2486 Exceptum
1174 2458 1251 2484 ergo,
1278 2455 1308 2478 ut
1331 2453 1387 2487 jam
1419 2452 1523 2480 dictum
1549 2459 1602 2485 est,
1633 2454 1744 2482 Aetium

961 2495 1092 2522 Leontius
1128 2496 1276 2523 diaconum
1307 2497 1473 2525 ordinavit:
1499 2499 1543 2525 cui
1573 2507 1635 2526 cum
1666 2499 1745 2527 multi

960 2542 1194 2573 contradicerent,
1231 2550 1316 2576 seque
1358 2543 1391 2570 ab
1431 2543 1552 2570 Ecclesia
1587 2551 1746 2572 secessnros

960 2587 1166 2619 minitarentur,
1194 2591 1222 2614 et
1249 2587 1394 2614 Flavianus
1419 2588 1445 2614 iu
1473 2588 1568 2622 primis
1593 2589 1745 2617 Diodorus-

960 2640 1013 2666 que
1040 2632 1065 2659 id
1093 2632 1183 2660 facere
1211 2638 1361 2666 tentarent,
1394 2633 1522 2668 Aetiique
1553 2634 1671 2662 lmrcsin
1702 2643 1746 2663 ar-

961 2682 1086 2712 guerent,
1102 2677 1233 2705 Leontius
1252 2678 1350 2712 partim
1382 2678 1407 2704 id
1422 2679 1539 2710 veritus.
1567 2681 1665 2714 partim
1682 2689 1745 2708 eum

962 2723 994 2749 ad
1011 2731 1043 2749 ea
1068 2731 1128 2758 qua
1147 2723 1295 2750 subsecuta
1323 2728 1387 2750 sunt
1411 2730 1626 2759 pra'paraturus,
1652 2734 1714 2753 eum
1732 2735 1746 2753 a

960 2770 1104 2796 diaconatu
1117 2770 1227 2804 quidem
1240 2771 1366 2804 removit,
1381 2776 1508 2798 czeterum
1519 2772 1648 2806 majorem
1660 2773 1685 2799 ei
1697 2773 1746 2799 ho-

962 2823 1057 2842 norem
1071 2816 1181 2842 detulit.

998 2861 1054 2888 Jan.
1075 2869 1138 2887 vero
1169 2861 1264 2888 Aetius
1291 2863 1453 2890 temerarius
1487 2869 1515 2890 et
1536 2864 1642 2891 facetus
1673 2869 1745 2896 erat,
