1927 3085
268 118 337 150 1375

885 119 1034 152 NlCET/E
1053 119 1155 150 CHON
1162 119 1257 149 [ΑΤίΕ

1830 119 1897 153 1376

260 175 378 201 ximiuus
413 178 545 210 tyrannus
586 174 738 208 eﬂoderat,
768 176 929 211 siuistrique
964 176 1050 203 cubiti
1068 177 1089 205 Α
1105 173 1167 201 dem
1201 175 1379 218 appellationi
1403 175 1554 210 imperator
1577 183 1687 210 quoque
1712 175 1896 206 Constantius

259 227 360 247 nervos
389 219 561 250 absciderat.
590 225 673 255 atque
700 229 752 248 una
787 229 849 249 cum
890 223 1048 257 Paphnutio

266 266 447 301 A-Tgypliados
467 267 612 301 episcopos
627 267 659 294 ad
675 267 832 295 effodienda
851 269 958 296 metalla
983 277 1048 296 con-

257 311 448 343 detnnaverat.
474 312 508 338 ad
530 313 677 346 Diopoleos
691 314 879 348 episcopatum
905 319 1046 342 eruerat.

257 357 334 390 Quod
353 366 414 384 curti
443 366 514 392 aegre
533 359 636 386 ferrent
649 360 891 395 Hierosolymitani
916 361 950 392 (is
973 361 1046 388 enitn

239 407 319 440 post
349 403 459 430 Macarii
487 404 592 430 obitum
619 404 871 440 Hierosolymorum
899 407 1047 441 episcopus

236 450 238 453 ’
257 450 416 484 designatus
431 450 543 480 fuerat),
554 451 726 485 pmnitudine
743 452 841 479 ductus
853 457 894 479 est
907 452 1046 487 aliumque

237 491 241 527 ξ
262 495 440 528 Πὶωμοιὲιιιιιὶς
467 496 627 530 episcopum
645 497 721 523 dedit
738 506 744 523 :
766 498 967 533 Maximumquc
983 499 1046 526 llic-

236 532 239 542 ⁴
257 541 397 569 rosolimis
415 543 630 576 mancrefjussit,
649 551 679 569 ea
697 543 766 578 lnge,
783 548 811 569 ut
826 544 982 572 sacerdotio
1002 553 1044 572 se-

256 593 317 610 rum
337 585 508 619 fungeretur,
535 593 619 619 seque
638 591 747 613 mortuo
774 587 902 614 Εςειυεὶςη
921 588 1043 622 pra-fice-

256 635 343 656 retur.
362 630 427 663 Quae
443 638 506 658 cunt
521 632 691 664 arrisrsscnt,
714 632 787 660 facto
811 633 954 660 confestim
970 641 1044 660 cout-

263 677 374 710 prohata
389 682 462 703 stitit.

291 721 424 748 Maximus
469 722 561 757 itaque
601 722 854 758 Hierosolymorum
897 725 1043 760 episcopus

254 772 372 798 creatus,
390 769 480 795 nescio
490 769 554 802 quid
568 769 727 796 humanitus
740 777 884 804 perpessus
893 775 946 804 est,
959 778 1042 806 alque

256 814 326 840 eain
346 815 448 848 synodo
463 823 545 846 quam
574 815 710 842 Eusebius
734 815 952 844 Nicomediensis
978 819 1042 845 Hie-

255 860 390 894 rosolyma
412 866 619 892 convocaverat,
634 869 688 895 quo
705 866 829 896 tempore
843 862 952 889 Maximi
970 871 1041 890 tuar-

253 906 314 941 tyrii
335 906 461 933 Eucwnia
488 906 621 933 celebrata
644 911 717 938 sunt,
736 908 872 934 Athanasii
889 908 977 943 Magni
993 909 1041 936 de-

254 952 380 984 positioni
394 952 568 986 subscripsit.
587 953 683 979 Postea
707 961 773 979 vero
798 954 885 987 topica
896 962 944 980 seu
960 955 1039 982 locati

251 997 354 1032 synodo
365 997 516 1024 Sardiccnsi
527 1003 630 1029 coacta,
640 1006 692 1024 una
705 1006 765 1024 cum
773 1007 805 1025 eo
817 1000 1037 1028 communicavit.

285 1043 344 1070 Jam
360 1049 420 1078 post
436 1043 589 1070 Constantii
607 1044 724 1076 obitutn,
745 1046 791 1078 qtti
808 1045 841 1072 ab
862 1046 962 1073 Acutio
984 1047 1038 1074 Eu-

250 1090 317 1117 sebii
336 1090 470 1124 Pamphili
492 1097 662 1122 successore,
686 1091 800 1126 ejusque
821 1091 961 1123 Cursarem,
978 1101 1038 1126 quae

251 1136 277 1160 in
299 1135 444 1161 I’almstina
464 1139 516 1165 est,
539 1135 678 1168 episcopo,
697 1143 747 1162 nec
772 1143 825 1162 non
847 1144 861 1162 a
880 1137 1038 1172 Patrophilo

249 1180 474 1214 Scythopolitano
495 1180 614 1213 stabant,
635 1181 658 1208 ei
675 1181 836 1214 objecerunt
857 1183 929 1216 quod
956 1191 1036 1218 quem

250 1227 326 1261 prius
344 1227 520 1261 deposuerat,
542 1235 604 1254 eum
621 1233 714 1261 postea
737 1228 909 1262 prenitudine
935 1229 1035 1257 ductus

250 1278 412 1301 I‘('\'0CHSSCL

285 1318 322 1346 Ea
337 1326 402 1353 ergo
425 1319 457 1345 de
473 1327 554 1346 causa
573 1319 718 1346 Maximum
744 1321 903 1355 episcopatu
929 1322 1037 1356 dcjccc-

248 1371 324 1396 runt,
354 1366 551 1400 Cyrillumque,
575 1366 622 1400 qui
650 1366 774 1399 ejusdem
795 1375 857 1393 cum
885 1367 951 1401 ipsis
979 1367 1035 1394 ire-

248 1417 340 1436 ruseas
368 1418 480 1437 consors
508 1411 531 1437 si
564 1418 618 1437 non
644 1415 728 1442 esset,
754 1412 848 1438 saltem
877 1412 1033 1444 haberetur,

247 1460 414 1482 ascrvcrunt.
443 1455 492 1482 Hic
512 1456 546 1483 de
572 1457 689 1490 primatu
709 1464 770 1483 curn
790 1457 921 1492 praedicto
936 1458 1035 1485 Acacio

1060 847 1077 872 Β

1103 220 1273 256 suffragatus
1285 224 1337 248 est.
1350 221 1440 256 Atque
1453 221 1487 248 de
1501 220 1605 255 Cyrillo
1620 220 1765 249 hactenus.

1407 275 1483 303 CAP.
1502 276 1574 304 XVI.

1100 331 1140 358 De
1165 331 1310 358 Macedonii
1343 331 1629 363 Constantinopolituni
1657 334 1768 367 episcopi
1800 335 1893 361 crimi-

1136 367 1222 396 nibus.
1236 373 1260 393 et
1271 367 1340 393 caule
1354 372 1406 398 (an;
1421 367 1617 395 Cutholirorum
1630 376 1709 401 quam
1725 369 1892 396 Arianorum

1135 402 1165 427 ob
1181 410 1263 428 sacrae
1282 403 1449 436 imperatoris
1469 403 1639 429 Commmini
1657 411 1744 437 capsa
1761 405 1886 431 transla—

1133 437 1229 463 tionem
1242 437 1299 471 ipso
1314 437 1340 463 in
1356 437 1451 471 tentplo
1467 441 1570 464 exortu.

1135 492 1313 520 Macedonius
1330 498 1422 520 autem
1440 494 1718 529 Constantinopoleos
1739 497 1891 531 cpiscopus

1098 546 1162 565 reus
1181 539 1284 566 idcirco
1298 539 1485 572 deferebatur,
1501 541 1565 574 quia
1581 541 1722 568 Eleusium
1737 543 1890 576 quemdam

1095 587 1123 609 ct
1137 583 1341 610 Marathonium
1358 585 1468 612 sceleris
1489 590 1631 612 consortes
1654 585 1802 617 habuerat,
1822 596 1880 622 quo

1096 636 1156 654 rum
1182 636 1265 663 opera
1285 628 1487 657 Homousianos
1510 631 1639 658 infestare
1663 638 1765 666 posset.
1787 633 1892 660 liorqu

1095 674 1207 709 quidem
1229 675 1346 702 alterum
1363 684 1394 702 ex
1408 677 1519 710 publico
1538 677 1657 704 militum
1674 680 1890 712 provincialium

1094 721 1259 748 calculatore
1276 721 1423 749 diaconum
1440 723 1554 755 fecerat,
1586 724 1778 759 cmuobiisque
1796 734 1891 753 mona-

1094 766 1208 794 chorum
1228 771 1256 794 et
1275 768 1447 798 monialium.
1463 773 1545 803 atque
1562 770 1785 805 ptochotrophiis
1799 777 1829 799 et
1845 781 1891 800 no-

1095 812 1226 839 socomiis
1246 812 1416 847 praefecerat,
1432 813 1533 848 quippe
1551 815 1598 848 qui
1615 814 1774 842 divitiarum
1794 825 1887 852 quau-

1095 863 1150 885 tum
1165 859 1232 886 satis
1247 864 1308 885 erat
1320 859 1353 886 ah
1367 860 1490 886 exercitu
1505 859 1557 886 sibi
1572 868 1769 895 comparasset.
1786 863 1886 892 Postea

1094 913 1160 931 vero
1174 905 1206 931 ad
1225 905 1391 932 Niconicditt‘
1404 906 1591 940 episcopatum
1607 914 1796 941 promoverat.

1128 951 1240 977 Eleusio
1255 943 1358 983 autem,
1373 952 1419 986 qui
1436 960 1489 978 non
1511 953 1653 979 instrenuo
1665 954 1690 980 iu
1708 954 1888 988 imperatoris

1093 997 1225 1024 comitatu
1255 998 1410 1028 militasset.
1436 998 1525 1034 Cyzici
1541 999 1728 1033 episcopatum
1756 1001 1886 1028 donarat.

1094 1043 1132 1069 Ex
1146 1050 1200 1077 quo
1220 1045 1322 1075 evertit,
1339 1049 1367 1070 tit
1386 1044 1465 1071 malis
1488 1045 1640 1071 innumeris
1661 1046 1832 1074 Novatianos
1850 1048 1887 1075 af-

1090 1088 1246 1120 ﬂictavcrit,
1261 1097 1330 1124 quos
1343 1090 1369 1116 in
1386 1090 1479 1123 primis
1492 1091 1509 1117 ii
1522 1095 1586 1116 sunt
1603 1092 1733 1126 aggressi.
1750 1093 1799 1126 qui
1814 1093 1885 1120 Mau-

1093 1133 1214 1166 titueum,
1234 1134 1286 1161 hoc
1303 1139 1343 1161 est
1357 1135 1497 1162 Ponticam
1515 1135 1684 1167 lleracli-am,
1705 1137 1883 1172 reliquasque

1091 1179 1284 1214 Paphlagoniae
1299 1185 1391 1215 partes
1407 1181 1575 1208 incolebant.
1592 1182 1656 1216 Ejus
1672 1183 1746 1209 enim
1762 1185 1878 1212 consilio

1092 1225 1192 1251 milites
1205 1225 1303 1252 armati
1319 1226 1354 1252 ah
1377 1226 1542 1260 imperatore
1558 1227 1633 1253 utissi
1653 1232 1730 1259 sunt,
1747 1230 1795 1263 qui
1821 1230 1880 1257 illos

1091 1271 1279 1298 adorirentur.
1306 1273 1440 1304 Quocirca
1463 1273 1569 1300 collatis
1587 1274 1718 1309 utrinque
1740 1275 1879 1310 manibus,

1091 1319 1221 1353 permulti
1240 1319 1370 1353 utrinque
1384 1319 1557 1346 ceciderunt.
1572 1339 1575 1342 .

1123 1365 1162 1390 Ad
1187 1364 1245 1391 hzec
1271 1364 1449 1398 reliquiarum
1476 1365 1566 1399 magni
1595 1365 1669 1393 illius
1701 1367 1879 1401 imperatoris

1089 1409 1263 1436 Consmnlini
1292 1417 1415 1444 capsam,
1449 1419 1504 1438 tton
1534 1412 1594 1438 sine
1622 1413 1706 1439 multa
1739 1415 1882 1449 sanguinis

1088 1456 1232 1488 effusione,
1246 1457 1272 1482 in
1286 1457 1372 1483 sancti
1383 1458 1509 1492 martyris
1526 1458 1618 1485 Acacii
1637 1458 1780 1486 basilicam
1795 1467 1884 1488 trans-

248 1500 400 1532 wmcndu’
416 1501 474 1526 vim
491 1501 636 1527 verborum
650 1502 797 1536 elegantia.
813 1511 960 1538 rerumque
977 1512 1036 1538 gra-
1051 1523 1071 1551 ο
1091 1502 1160 1534 tulit,
1190 1503 1321 1536 templum
1352 1503 1379 1530 in
1408 1511 1464 1538 quo
1497 1505 1617 1538 reposita
1642 1505 1737 1537 fuerit,
1767 1508 1877 1535 ruinatn
1904 1508 1907 1511 ’

247 1545 330 1572 vitate
347 1547 510 1580 percelebri,
527 1551 555 1574 et
571 1547 618 1582 qui
635 1555 666 1575 ea
688 1549 882 1581 consultando,
899 1557 959 1584 qua:
974 1550 1035 1577 aliis

247 1593 339 1619 minus
364 1593 444 1620 obvia
469 1598 572 1626 essent,
597 1595 677 1622 facile
701 1596 882 1630 perspiceret,
911 1597 1035 1623 omnium

247 1639 524 1673 perspicarissimus,
547 1641 789 1676 canjectandisque
821 1642 938 1669 aliorum
973 1649 1036 1670 seu-

247 1686 341 1712 tentiis
365 1686 531 1720 peridoneus
548 1695 554 1713 :
573 1687 619 1722 qui
645 1687 764 1722 denique
782 1688 907 1722 quamvis
928 1688 1034 1715 nullum

248 1739 302 1759 non
317 1736 440 1759 maveret
452 1732 582 1767 lapidem,
599 1741 653 1767 quo
669 1740 683 1760 a
699 1740 729 1760 se
748 1733 845 1760 callida
862 1734 1035 1762 adversario-

247 1786 307 1805 rum
327 1779 448 1812 consilia,
465 1779 649 1813 subdolasque
665 1780 778 1807 technas
795 1781 969 1812 amoliretur,
987 1789 1035 1810 eos

248 1830 336 1852 tamen
349 1826 463 1860 placidis
473 1825 570 1856 oculis,
583 1825 742 1860 nullamque
753 1834 807 1860 pne
820 1834 849 1854 se
862 1826 1033 1854 iracundiam

246 1871 400 1898 ferentibus
415 1871 594 1904 intuebatur;
620 1877 646 1898 et
667 1872 833 1899 adversariis
855 1872 1034 1901 convicianti-

247 1917 298 1944 bus
312 1917 468 1944 assimulata
482 1917 599 1951 quadam
616 1917 746 1951 patientia
761 1917 878 1951 ridebat,
896 1925 927 1946 ac
948 1919 969 1946 si
984 1919 1034 1946 lua-

245 1963 333 1990 d-iriis
343 1967 370 1989 et
387 1963 560 1990 contumeliis
578 1963 661 1990 nullis
677 1968 844 1990 moveretur.

282 2010 419 2037 Primatus
430 2010 520 2044 itaque
534 2009 645 2036 ambitio
655 2009 874 2044 inimicitiisqua:
883 2010 954 2039 inter
963 2012 1034 2039 Aca-

244 2057 317 2083 ciutn
337 2062 366 2084 et
380 2056 510 2091 Cyrillum
526 2061 696 2087 exarserunt,
714 2063 808 2082 ansatn
823 2057 950 2091 praebuit.
963 2058 1032 2085 Cum

244 2108 335 2130 autem
360 2102 451 2133 Acacii
470 2102 620 2130 ambitione
648 2110 692 2129 res
720 2107 875 2137 gereretur,
897 2103 1033 2131 AZlicnsc-s

244 2149 375 2184 Cyrillum
395 2152 569 2179 accusarunt,
586 2147 657 2182 quod
672 2155 732 2174 cum
749 2148 834 2175 fames
851 2153 1031 2183 grassaretur,

1089 1548 1186 1575 minari
1210 1554 1348 1576 causatus.
1376 1549 1587 1578 Reluctantibus
1613 1551 1687 1578 enim
1716 1552 1880 1585 Catltolicis,

1086 1600 1138 1620 nec
1152 1601 1263 1628 capsam
1288 1593 1349 1620 loco
1373 1595 1537 1622 movendam
1554 1603 1618 1622 esse
1631 1596 1880 1629 conclamantibus,

1088 1639 1216 1674 idemque
1241 1640 1294 1666 hoc
1309 1647 1432 1674 esse,_ac
1447 1640 1469 1667 si
1487 1641 1622 1667 tumulum
1638 1641 1764 1673 effodiat,
1783 1651 1878 1677 magna

1087 1685 1217 1720 utrinque
1229 1685 1317 1712 caedes
1327 1689 1421 1712 exorta
1430 1690 1488 1721 est;
1506 1690 1536 1713 ut
1546 1686 1604 1720 ipsa
1613 1686 1695 1713 etiam
1707 1687 1780 1714 a-des
1798 1687 1876 1714 beato

1086 1730 1199 1766 martyri
1211 1738 1300 1763 sacra,
1313 1731 1426 1767 ejusque
1440 1732 1572 1765 ambitus,
1585 1740 1683 1760 cruore
1696 1733 1873 1761 redundaret.

1385 1789 1462 1817 CAP.
1480 1789 1562 1817 XVII.

1161 1847 1319 1873 Arimiucnsi
1353 1847 1535 1881 episcoporum
1574 1848 1776 1883 quadringentis
1818 1849 1875 1881 plu-

1125 1882 1194 1909 rium
1226 1883 1326 1916 διίησιΙο
1344 1903 1350 1914 ,
1380 1883 1590 1915 confessioneque
1618 1882 1744 1916 ﬁdci'ab
1771 1884 1876 1911 Ariani:

1122 1920 1193 1950 apud
1213 1917 1292 1944 Nicen
1310 1917 1429 1943 Thracia:
1448 1916 1561 1951 con/icta
1575 1921 1600 1944 et
1620 1926 1668 1952 pro
1686 1926 1747 1945 vera
1769 1919 1876 1947 Nicena

1121 1952 1252 1987 Bithyniae
1266 1953 1419 1987 supposita.

1086 1845 1124 1873 Dc

1120 2010 1224 2044 Duplex
1237 2009 1329 2044 igitur,
1347 2013 1375 2035 ut
1389 2009 1445 2044 jant
1460 2009 1564 2041 monui,
1579 2009 1645 2037 coiit
1658 2011 1800 2045 synodus:
1818 2012 1875 2039 Ari-

1085 2055 1152 2081 tnini
1169 2054 1291 2088 quidem,
1319 2059 1348 2081 ut
1373 2054 1406 2080 de
1429 2054 1623 2088 dogmatibus,
1642 2054 1776 2082 Seleucia:
1800 2065 1873 2089 vero,

1085 2103 1116 2126 ut
1132 2100 1166 2126 de
1180 2099 1373 2134 episcoporum
1391 2099 1634 2126 criminationibus
1647 2107 1872 2135 cognosceretur.

1085 2145 1161 2172 Prior
1185 2146 1276 2180 itaque
1301 2145 1482 2173 Arintiuensis
1507 2151 1671 2180 congregata
1695 2151 1749 2179 est,
1773 2156 1871 2175 conve-

244 2195 290 2221 iile
307 2202 457 2229 pauperum
473 2199 606 2228 praetextu
636 2201 713 2220 sacra
734 2193 852 2221 clinodia
888 2198 1032 2229 vestesque
1050 2197 1069 2224 ι)
1085 2196 1239 2226 "eruntque
1257 2191 1446 2219 Occidentales
1476 2193 1597 2227 episcopi
1621 2193 1713 2227 plures
1739 2202 1794 2227 qua
1807 2196 1871 2221 irin-

244 2241 365 2268 auctioni
380 2243 561 2275 exposuisset,
580 2248 695 2274 quarutn
715 2240 861 2266 nonnullas
878 2241 1031 2275 negotiator

246 2287 356 2320 quidam
374 2291 514 2320 coemptas
542 2287 696 2321 thymelicaa
711 2286 819 2312 cuidam
844 2294 892 2313 seu
915 2287 1032 2314 scenicae

244 2333 354 2359 mulieri
371 2331 549 2360 vendidisset.
567 2332 754 2360 Thcodoritus
772 2340 855 2367 porro
873 2338 970 2360 auct0r
989 2338 1031 2361 est

243 2379 399 2414 hujusmodi
415 2383 518 2406 vestem
533 2379 649 2406 Macario
668 2378 916 2414 Hierosolymorum
933 2379 968 2406 ab
982 2380 1032 2406 itit-

244 2431 369 2461 peratore
385 2425 566 2453 Constantino
582 2426 712 2452 donatum
733 2425 827 2457 fuisse,
842 2432 895 2460 qua
918 2433 975 2452 rem
989 2434 1032 2453 sa—

243 2480 318 2500 cram
335 2473 436 2499 faciens
450 2475 587 2503 uteretur,
602 2479 651 2498 nec
667 2479 681 2497 a
701 2471 809 2498 scenica
832 2471 956 2502 muliere,
982 2472 1029 2499 scd

243 2517 380 2553 quondam
397 2517 519 2552 ejusdem
532 2518 600 2544 artis
611 2517 671 2543 viro
683 2521 867 2551 comparatam
880 2517 976 2544 fuisse.

279 2565 440 2591 Convocatis
455 2571 519 2597 ergo
534 2563 658 2590 finitimis
686 2563 824 2598 episcopis
843 2563 960 2590 Aeacius
977 2563 1029 2598 Cy-

242 2610 334 2638 rillum
359 2610 386 2636 in
406 2610 451 2644 jus
470 2609 598 2635 voravit:
624 2616 717 2642 quem,
739 2610 803 2643 quia
827 2617 898 2644 surpe
917 2614 1029 2636 vocatus

243 2663 297 2683 non
314 2653 523 2688 comparuisset,
534 2653 731 2688 deposuerunt.
747 2653 795 2679 lIie
809 2658 901 2680 autent
914 2653 989 2680 solus
1002 2653 1029 2680 id

244 2699 389 2734 temporis,
412 2702 439 2726 et
463 2699 568 2733 primus
583 2703 682 2734 praeter
698 2699 918 2726 ecclesiasticum
944 2706 1029 2726 cano-

244 2756 306 2775 nctu
320 2745 508 2780 appellationis
523 2745 556 2773 ad
573 2745 712 2780 publicum
731 2744 820 2772 forum
832 2753 945 2777 memor,
962 2745 994 2772 iis
1014 2753 1027 2771 a

246 2790 346 2825 quibus
376 2789 517 2824 depositus
547 2790 646 2822 fuerat,
675 2789 878 2824 provocationis
905 2790 1026 2816 libclhnn

246 2838 328 2871 irrisit,
344 2843 369 2864 et
385 2837 416 2864 ad
432 2837 517 2873 utath
536 2836 655 2864 tribunal
672 2836 841 2871 provocavit.
862 2836 946 2871 Cujus
964 2837 1026 2872 qui-

1083 2237 1181 2272 geutis.
1197 2236 1330 2269 Quocirca
1345 2237 1447 2264 Valens
1464 2237 1618 2272 Sigedouis,
1644 2239 1776 2266 Urs'tcius
1802 2240 1872 2267 Mur-

1082 2289 1128 2310 sm.
1145 2282 1304 2309 Gertuinius
1329 2282 1434 2314 Sirmii,
1462 2282 1615 2309 Auxentius
1643 2283 1871 2318 Mediolanorum,

1083 2334 1108 2355 ct
1125 2328 1303 2363 Demophilus
1319 2328 1456 2355 Berrhaaae
1473 2330 1500 2355 in
1519 2329 1639 2356 tnediutn
1662 2332 1814 2365 progressi,
1832 2332 1871 2359 Fi-

1082 2374 1148 2401 liutn
1163 2375 1235 2401 Patri
1253 2374 1358 2409 ὅμοιον,
1374 2382 1422 2401 seu
1438 2374 1567 2407 similem,
1589 2383 1649 2402 esse
1665 2376 1818 2404 dicendum
1838 2387 1868 2405 es

1082 2418 1284 2453 Scripturarum
1295 2420 1455 2454 praescripto
1464 2425 1643 2447 censuerunt.
1656 2421 1758 2452 Οὐσίας
1770 2428 1868 2455 autent,

1082 2464 1252 2495 substantia),
1270 2465 1316 2491 tibi
1341 2464 1374 2491 de
1406 2465 1462 2492 Deo
1490 2466 1593 2498 agitur,
1624 2465 1728 2492 nullam
1754 2476 1865 2501 prorsus

1081 2510 1233 2537 faciendam
1267 2519 1326 2539 esse
1365 2511 1533 2538 mentionem
1574 2519 1766 2540 asseruerunt.
1798 2514 1868 2546 Quos

1080 2556 1191 2591 quidem
1206 2565 1238 2583 ea
1262 2556 1288 2583 in
1313 2557 1450 2584 sententia
1469 2557 1607 2584 mordicus
1627 2557 1801 2589 insistentes.
1826 2568 1866 2595 sy-

1081 2604 1170 2631 nodus
1191 2603 1236 2630 illa
1263 2603 1401 2638 deposuit,
1429 2608 1510 2637 atque
1541 2603 1574 2630 ad
1595 2603 1804 2638 imperatorem,
1825 2605 1866 2640 qui

1080 2657 1130 2685 per
1149 2649 1176 2676 id
1193 2654 1300 2684 tempus
1314 2649 1408 2676 Sit‘mii
1431 2654 1501 2680 erat,
1524 2648 1629 2683 legatos
1643 2649 1732 2682 misit,
1747 2651 1794 2684 qui
1807 2658 1866 2677 eum

1080 2695 1115 2722 de
1135 2695 1218 2722 rebus
1236 2695 1262 2721 in
1277 2695 1382 2730 synodo
1395 2694 1479 2729 gestis
1494 2699 1642 2721 certiorem
1658 2694 1792 2722 facerent.
1816 2696 1864 2729 Qui

1080 2741 1198 2776 depositi
1213 2741 1330 2773 fuerant,
1349 2741 1464 2768 moleste
1483 2739 1509 2766 id
1527 2739 1658 2772 ferentes,
1677 2741 1786 2775 legatos
1799 2750 1863 2776 pne-

1080 2792 1223 2818 \‘encrnnt,
1236 2787 1449 2822 imperatorique
1459 2785 1555 2820 synodi
1566 2790 1626 2812 acta
1650 2788 1863 2815 renuntiarunt:

1080 2841 1190 2867 etcum,
1204 2836 1250 2870 qui
1270 2835 1372 2863 Ariauo
1390 2835 1509 2870 dogmati
1531 2835 1646 2867 faveret,
1671 2839 1769 2863 contra
1787 2843 1852 2869 syno
