1927 3085
9 125 115 158 113.77

709 124 860 154 THESAU
867 125 907 153 Ri
930 125 1001 155 LIB.
1025 125 1057 155 V.

1628 123 1695 154 1378

7 184 106 212 dum
132 188 343 219 exasperarunt
359 194 365 212 :
384 188 467 219 atque
493 183 531 212 ita
557 183 663 218 legatos
685 182 744 218 ejus
768 189 796 209 re
814 182 855 208 in-
871 187 892 214 Α
907 188 973 208 vero
986 189 1040 208 non
1058 181 1122 208 item
1142 189 1149 208 :
1165 188 1228 216 quae
1243 188 1305 208 cutn
1323 184 1469 215 utramque
1481 180 1508 207 in
1525 183 1630 215 partem
1642 180 1700 215 agt.

12 232 115 258 recta
139 231 266 258 remisit.
279 231 410 260 Ursacius
424 238 501 265 ergo,
517 229 568 257 hac
580 228 690 256 licentia
702 228 852 263 proposita,

11 277 54 304 "\n
80 277 241 311 oppidum
262 277 387 304 Thraciae
403 277 519 303 nomine
532 275 618 302 Ntcen
638 275 775 309 pervenit,
790 273 853 300 Ari-

14 323 251 357 minensisqne
267 323 330 350 ﬁdei
358 323 560 357 eXptisitiottem
576 323 602 347 in
615 320 738 348 GriECUlll
752 320 854 346 idioma

15 369 239 399 transfusant,
256 369 355 395 deinde
389 368 624 395 subadtilteratant
644 371 672 392 et
694 369 852 399 corruptam

17 414 69 441 ita
92 415 129 440 in
156 415 258 448 vulgus
281 414 383 443 emisit,
402 421 434 441 ae
451 414 474 441 si
499 413 534 440 ab
560 413 710 439 universali
735 411 851 446 synodo,

19 469 103 496 quae
136 461 232 487 Nicen
250 461 436 489 convenisset.
468 460 702 494 proﬁcisceretur,
722 458 853 485 similitu-

19 508 106 534 dine
161 507 285 532 nominis
319 506 533 540 simp.ieioribus
571 509 600 531 et
629 503 789 530 rudioribus
821 510 853 530 os

22 552 185 579 oblinere
200 556 327 580 conatus,
345 558 405 576 eatn
423 557 483 576 esse
508 549 571 576 ﬁdei
596 548 794 583 expositionem
812 556 854 575 re-

23 598 209 633 putaturis,
223 604 284 630 qua:
300 595 373 629 apud
396 595 530 630 Bithynia:
545 594 663 621 Nicaeam
680 593 754 619 edita
768 596 852 619 esset.

70 644 160 671 Cum
187 647 279 669 autent
297 643 431 676 synodum
464 647 518 668 tam
545 640 683 667 diuturnae
701 638 772 673 apud
790 638 852 665 Ari-

28 691 166 717 minntn
201 697 283 715 morie
305 690 361 724 jam
385 689 509 719 taederet,
525 688 590 722 quia
619 686 766 719 imperator
791 692 851 711 eam

30 744 196 771 responso
212 735 340 770 dignatus
365 742 418 761 non
445 734 545 764 fuerat,
559 734 576 759 ii
592 732 639 767 qui
661 732 758 758 Ftlittin
777 731 851 757 Patri

31 784 164 818 6p.o-.ov,
197 790 246 808 seu
273 782 402 812 sitttLlcm,
426 780 636 815 proﬁtebantur,
662 778 755 805 nescio
783 784 852 812 quos

33 829 260 858 sub.I.iserutll.
288 827 335 861 qui
364 834 426 853 cum
468 826 595 853 Palribus
631 823 852 850 Ariminensibus

35 874 264 904 consultarent.
298 878 428 907 tanquam
456 872 599 906 indignum
617 874 702 900 esset,
728 873 758 895 ut
774 868 856 894 unius

36 922 183 949 nominis
200 927 276 953 ergo,
303 919 434 946 nimirum
457 919 564 948 οὐσίας,
583 923 632 943 seu
651 914 823 946 substantiae,
842 922 858 941 a

39 968 142 994 totius
179 966 256 993 orbis
288 965 481 992 sacerdotibus
522 963 702 990 dissiderent.
735 961 858 994 Quorum

40 1012 170 1038 ratione
189 1010 301 1037 adducti
317 1010 412 1036 Patres
428 1009 634 1038 Ariminenses,
652 1007 785 1041 scriptttm
801 1005 858 1032 col-

42 1057 212 1084 laudarunt
239 1056 312 1090 quod
327 1055 455 1082 Ursaeius
469 1055 578 1084 Murste,
590 1052 781 1080 etGertninius
798 1051 858 1078 Sir-

42 1105 98 1132 mii
113 1103 296 1130 elaborarant
319 1102 370 1134 Qui
384 1101 474 1133 veriti,
498 1108 532 1127 tte
542 1099 657 1127 secundi
671 1107 686 1125 a
705 1098 810 1134 synodo
822 1098 857 1126 ad

46 1152 259 1184 imperatorem
276 1147 356 1174 missi
374 1147 466 1181 legati,
481 1146 506 1173 ei
519 1145 709 1180 erplanarent,
731 1151 857 1178 quaenam

44 1197 258 1231 cpiscoporunt
272 1193 490 1220 Occidentalium
507 1192 542 1218 ab
560 1191 638 1218 initio
654 1191 794 1222 instantia,
807 1198 857 1217 su-

46 1242 185 1276 blatique
198 1239 333 1266 ltomousii
344 1246 423 1266 causa
437 1238 543 1267 fuisset.
557 1245 605 1264 eos
619 1237 716 1263 hiemis
725 1241 856 1271 praetextu

47 1287 130 1322 apud
143 1286 271 1313 Thracia:
286 1285 370 1312 Niceti
381 1285 575 1316 detittucrunt,
593 1287 855 1318 pcrsuaseruntque,

51 1338 85 1361 ut
102 1333 184 1367 quod
204 1332 348 1358 ediderant
361 1331 506 1365 scriptum,
524 1330 618 1356 Grazce
635 1329 854 1363 interpretaren-

52 1385 113 1406 tur.
129 1380 195 1411 Quo
210 1377 292 1407 facto,
311 1385 372 1403 mox
399 1376 432 1403 ad
461 1375 581 1402 Orientis
597 1375 741 1409 episcopos
767 1377 856 1402 mise-

53 1429 136 1452 runt.
150 1424 241 1458 Atque
251 1423 308 1449 ha:c
318 1422 429 1457 quidem
444 1422 518 1448 huttc
531 1422 558 1448 in
571 1421 681 1447 moduni
692 1425 766 1456 gesta
779 1427 855 1448 sunt.

362 1478 440 1506 CAP.
456 1477 551 1505 XVIII.

56 1539 96 1566 De
114 1538 277 1565 Seleuciana
292 1540 395 1563 centum
421 1535 559 1569 sexaginta
586 1535 764 1569 episcoporum
783 1533 853 1561 anti-

95 1573 210 1608 synotlo.
227 1574 319 1606 inqua
337 1572 543 1597 llommuuorum
564 1573 595 1596 ab
616 1570 806 1608 ﬂatttwusjnnis
830 1574 854 1596 ιιι

94 1605 350 1636 Αἰιοηιωωιῐδβεσιιι
367 1607 449 1632 divisa
472 1612 526 1636 est;
545 1606 705 1640 Acutiusqu
730 1605 855 1631 [Ioniam-

94 1651 194 1670 nornm
210 1641 263 1667 diu:
275 1647 298 1668 et
312 1647 404 1668 auctor
416 1643 444 1668 in
461 1641 584 1668 exsilium
601 1645 686 1667 actus.

95 1701 154 1729 Nec
170 1707 237 1725 vero
258 1698 295 1725 ita
322 1699 409 1725 multo
430 1703 491 1733 post
509 1698 632 1732 episcopi
656 1697 767 1725 circiter
790 1705 854 1725 cen-

63 1752 121 1775 tum
139 1751 169 1773 et
184 1745 323 1778 sexaginta
340 1744 492 1770 Seleuciam
516 1743 627 1771 Isauriae
652 1749 853 1775 convenerunt,

63 1793 171 1828 quibus
205 1797 234 1817 se
262 1790 388 1824 adjunxil.
416 1791 526 1823 quidam
546 1789 587 1816 vir
610 1789 735 1821 illustris,
764 1793 792 1816 et
808 1789 854 1823 qui

63 1839 182 1865 multum
195 1836 221 1862 in
230 1835 291 1862 aula
304 1834 479 1868 imperatoria
490 1839 605 1868 poterat,
616 1836 727 1863 nomine
737 1835 853 1868 Leonas,

63 1888 92 1910 et
121 1882 267 1908 Lauricius
293 1880 503 1915 provincialium
526 1881 643 1907 militum
667 1883 732 1913 dux,
753 1882 800 1914 qui
820 1882 854 1909 ab

68 1929 235 1963 imperatore
247 1927 343 1962 jussus
358 1926 447 1953 fuerat
463 1926 603 1960 suppetias
619 1927 716 1954 Leonaa
729 1929 810 1961 ferre,
831 1929 854 1956 si

67 1983 136 2010 Opus
148 1978 232 2001 esset.
250 1973 278 2000 ιη
292 1974 380 2007 prima
395 1977 485 1999 autem
498 1972 632 2002 sessione,
643 1973 711 2000 duas
725 1975 752 2000 in
764 1980 855 2008 partes

69 2025 181 2055 repente
197 2019 277 2046 divisi
290 2023 364 2046 sunt.
377 2018 466 2052 Atque
478 2019 524 2044 uni
539 2019 649 2052 quidem
659 2025 774 2053 praeerat
785 2021 855 2048 Aca-

70 2068 128 2095 cius
151 2066 290 2097 Cesarem,
315 2073 376 2100 quae
399 2065 425 2091 in
451 2065 595 2091 Palzestina
619 2070 673 2096 est,
698 2066 854 2101 episcopus,

70 2113 181 2148 ejusque
207 2116 360 2142 consortes,
377 2110 486 2137 duobus
510 2114 536 2136 t'l
560 2110 671 2144 triginta
689 2111 800 2145 plures:
817 2114 856 2140 al-

74 2159 123 2185 teri
139 2162 228 2184 autem
245 2156 378 2191 Georgius
406 2156 556 2188 Laodiceae,
574 2164 636 2190 quae
658 2158 685 2184 in
708 2157 786 2192 Syria
802 2163 855 2193 est,

73 2204 181 2239 ejusque
194 2207 348 2230 consortes.

110 2250 194 2283 Atque
207 2247 235 2274 lii
249 2248 359 2282 quidem
374 2248 401 2274 in
414 2249 521 2276 caeteris
537 2249 665 2277 omnibus
686 2250 802 2278 Niczenre
817 2259 861 2286 sy~

76 2296 145 2321 nodo
172 2293 376 2321 subscribentes
406 2294 514 2322 unicam
556 2296 686 2323 homousii
709 2296 858 2324 dictionem

79 2340 275 2374 improbabant,
311 2339 519 2375 opotou'atovque
541 2341 616 2368 Patri
642 2341 741 2368 Filium
765 2342 860 2369 dicen-

79 2385 140 2412 dum
155 2393 212 2412 esse
231 2386 442 2420 proﬁtebantur.
457 2386 587 2413 Acaciani
612 2395 678 2414 vero
690 2388 716 2414 in
734 2395 765 2415 ea
779 2392 857 2415 erant

82 2430 182 2462 ha-resi,
201 2434 232 2457 ul
254 2435 280 2457 ct
295 2431 428 2458 Itomousio
444 2437 472 2459 et
490 2433 631 2459 homomsio
652 2440 686 2460 ex
710 2441 789 2468 aequo
815 2441 857 2461 re-

82 2477 162 2513 iectis,
189 2482 316 2511 tanquam
352 2479 530 2511 dictionibus,
566 2487 626 2514 quae
660 2488 674 2506 a
705 2479 856 2514 Scripturis

83 2523 169 2549 aliena:
181 2529 289 2556 prorsus
297 2527 400 2553 essent,
413 2523 467 2549 imo
479 2524 561 2551 etiam
571 2525 690 2559 ἀνομοίῳ
701 2526 855 2559 autiquato,

84 2567 174 2594 Filium
183 2567 250 2594 Patri
269 2568 371 2602 ὅμοιον,
387 2575 435 2595 seu
449 2568 567 2596 similem
579 2570 667 2604 palam
683 2576 853 2598 asset-orent.

86 2612 129 2639 Est
141 2612 218 2644 enim,
236 2617 266 2640 ut
278 2612 425 2648 Apostolus
441 2613 543 2640 alicubi
558 2615 606 2647 ait,
622 2616 710 2651 imago
725 2615 773 2642 Dei
791 2617 856 2644 invi-

87 2658 197 2686 sibilis".

120 2703 268 2739 Interrogati
285 2712 351 2732 vero
365 2711 502 2740 quatenus
516 2712 578 2733 eum
596 2707 669 2734 Patri
679 2707 796 2735 similem
814 2708 858 2735 di-

89 2755 179 2781 cerent,
195 2750 337 2779 Yolutttate
363 2752 430 2785 sola,
452 2752 677 2788 respondebant:
704 2755 857 2784 substantia

125 2845 144 2861 ‘°
156 2847 250 2874 (2.10:5.
267 2855 285 2876 t.
305 2847 348 2874 l5.

910 229 1044 257 tarentnr,
1066 226 1178 254 dimissa
1192 231 1234 254 est
1250 226 1382 262 synodus.

945 271 1080 299 Cmternm
1101 273 1229 300 Acaciani
1256 281 1318 300 cttm
1344 273 1378 299 iis
1401 280 1415 299 a
1436 271 1537 307 quibus
1555 271 1698 299 dissentie-

909 317 987 348 bant,
1006 317 1122 344 ulterius
1134 319 1277 344 considero.
1293 318 1453 344 noluerunt.
1470 318 1641 351 Quapropter
1657 316 1697 343 illi

909 363 1065 397 congregati
1080 362 1209 389 Acacium
1222 368 1250 390 et
1262 364 1321 398 ejus
1333 370 1475 390 consortes
1489 366 1696 397 deposuerunt:

909 409 981 436 inter
996 417 1066 442 quos
1090 412 1150 435 erat
1175 408 1315 436 Eudoxius
1344 410 1507 442 Antincitim,
1528 410 1588 436 loco
1618 410 1698 443 cujus

907 455 1047 482 Adrianus
1077 454 1120 481 vel
1148 455 1292 485 Aniattus,
1341 455 1506 483 Antiochcni
1534 455 1598 481 cleri
1638 463 1697 489 pre-

907 500 1011 535 sbyter,
1039 499 1171 526 suﬂettus
1191 504 1233 526 Lai
1252 509 1257 526 :
1274 500 1321 534 qui
1346 501 1489 527 conl‘estim
1509 509 1523 527 a
1545 500 1643 534 ,Lcona
1671 505 1696 527 et

907 544 1036 572 Laurieio
1052 544 1080 570 itt
1098 543 1226 570 eastliutn
1244 551 1344 569 mlSaUS
1356 549 1408 570 est.

1219 600 1297 627 CAP.
1313 599 1385 627 XIX.

908 645 1078 673 Constantius
1098 647 1242 680 impnolor
1267 647 1342 672 Actio
1365 646 1590 672 Anomwnnornm
1616 647 1694 673 lucre-

944 682 1048 707 sinrchtt
1066 682 1092 706 in
1112 682 1230 707 et‘siltent
1247 687 1314 710 acto,
1336 682 1495 707 Arintinensi
1512 682 1631 715 liticipro
1649 683 1695 708 Νί-

943 724 1017 742 cu'na
1031 717 1172 750 διερμοδὶιιυ
1187 717 1358 743 subscribrns,
1373 717 1566 742 Acuciunut’uttt
1576 717 1695 743 llomwn-

941 759 1036 777 norunt
1053 752 1093 776 Iuv
1100 759 1169 776 resin
1182 751 1318 785 arripimus
1331 756 1378 777 est.
1575 749 1579 753 ’

941 797 1010 824 Cum
1025 802 1114 824 autem
1133 797 1311 824 Constantius
1336 798 1486 830 imperator
1508 797 1542 824 ab
1570 797 1698 824 Occiduis

870 843 1033 894 Bpartibus
1053 842 1311 876 Constantinopolin
1345 842 1485 872 rediisset.
1523 844 1698 877 primumque

909 889 978 916 adeo
1003 889 1063 924 ejus
1093 888 1172 915 urbis
1199 888 1357 922 praefectum
1383 887 1554 914 Honoratum
1587 888 1699 913 nomine

910 934 1110 965 constituisset,
1148 937 1230 967 atque
1266 932 1478 967 proconsulatus
1507 932 1696 966 magistratum

909 981 1088 1015 antiquasset,
1104 978 1232 1006 Aeaciaui
1257 986 1290 1005 eo
1306 986 1420 1013 propere
1439 982 1583 1010 venerttttt,
1613 983 1642 1005 et
1665 986 1698 1005 er

909 1027 1007 1054 aulicis
1024 1027 1092 1054 alios
1112 1026 1224 1060 quidem
1240 1033 1317 1052 suam
1332 1025 1358 1051 in
1374 1026 1539 1051 sententiant
1562 1025 1696 1060 pellectos

908 1073 960 1100 sibi
976 1073 1165 1104 conciliantes,
1180 1071 1247 1098 alios
1259 1076 1350 1098 autem
1362 1070 1556 1097 ecclesiasticis
1571 1070 1649 1096 bonio
1663 1071 1698 1096 ita

908 1122 1129 1153 corrumpetttes,
1146 1117 1197 1145 hac
1211 1122 1270 1144 arte
1284 1117 1335 1144 sibi
1360 1116 1393 1142 ad
1421 1116 1595 1150 imperatoris
1620 1123 1700 1143 aures

908 1164 981 1191 viam
1012 1166 1193 1198 aperuerunt,
1222 1166 1303 1196 atque
1325 1169 1373 1188 eos
1403 1161 1449 1196 qui
1477 1162 1593 1188 diversae
1617 1161 1700 1196 partis

908 1213 986 1237 erant
1003 1209 1163 1236 calumniati
1180 1213 1265 1235 sunt:
1280 1216 1397 1242 quorutn
1418 1207 1514 1234 decem
1533 1207 1567 1234 ad
1583 1208 1701 1241 impera-

908 1259 997 1283 torettt
1027 1259 1173 1282 venerunt.
1205 1254 1311 1287 Quibus
1342 1254 1526 1288 pra-sentibus
1557 1261 1610 1280 una
1637 1260 1698 1280 cum

908 1302 1003 1329 decem
1022 1301 1084 1328 aliis
1105 1301 1139 1328 ab
1157 1301 1324 1327 Aritnincnsi
1338 1301 1441 1335 synodo
1456 1299 1557 1330 missis,
1574 1300 1628 1326 ittto
1639 1299 1699 1326 aliis

908 1356 1017 1383 quoque
1036 1353 1100 1375 tunc
1124 1347 1151 1374 in
1176 1347 1237 1374 aula
1258 1347 1329 1374 forte
1353 1346 1540 1377 versantibus,
1560 1346 1701 1373 mandavit

907 1396 1070 1429 imperator,
1084 1398 1114 1420 ut
1127 1400 1211 1428 super
1226 1393 1305 1420 Aetio
1318 1393 1523 1427 anquireretur.

941 1441 1000 1474 Quo
1035 1441 1107 1467 facto
1135 1439 1230 1466 Aetius
1261 1439 1384 1473 quidem,
1422 1439 1469 1473 qui
1495 1438 1594 1465 Filium
1626 1439 1701 1466 Patri

909 1488 1049 1522 ἀνόμοιον,
1067 1493 1114 1513 seti
1130 1485 1292 1512 dissimilem
1313 1484 1504 1519 proﬁtebatur,
1523 1485 1550 1511 itt
1571 1485 1697 1511 exsilium

870 1544 892 1574 ο
908 1533 1012 1569 ejectus
1027 1536 1081 1559 est.
1098 1531 1228 1558 Acaciani
1257 1536 1349 1557 autem
1364 1538 1397 1557 ex
1415 1531 1571 1564 composito
1587 1537 1633 1565 pra
1644 1538 1700 1556 nte-

908 1579 1049 1612 ditataque
1063 1577 1160 1604 fraude
1178 1576 1367 1611 perfecerunt,
1384 1581 1413 1603 ut
1429 1576 1490 1603 ﬁdei
1505 1576 1642 1610 expositio
1662 1576 1699 1603 lc-

906 1630 1028 1661 geretur,
1044 1632 1106 1659 qua:
1121 1623 1246 1651 Arimino
1260 1623 1339 1650 allata
1355 1622 1454 1655 fuerat,
1474 1622 1503 1648 in
1519 1630 1573 1657 qua
1588 1631 1622 1650 ex
1646 1623 1698 1649 Va-

906 1672 988 1699 lentis
1002 1676 1030 1698 et
1045 1670 1151 1698 Ursacii
1165 1670 1282 1701 ambitu,
1299 1668 1444 1703 ὸμοουσιου
1461 1669 1573 1695 nomine
1598 1669 1698 1695 deleto.

906 1718 1010 1752 ὅμοιον,
1029 1724 1077 1743 seu
1092 1716 1212 1743 similem
1227 1714 1379 1742 secundum
1396 1713 1554 1748 Scripturas
1566 1721 1696 1748 reposue-

906 1766 981 1789 runt.

943 1809 1029 1841 Quam
1043 1808 1193 1841 imperator
1203 1813 1312 1841 quoqtte
1324 1806 1424 1833 lectam
1445 1805 1586 1839 amplexus
1602 1809 1654 1836 est,
1672 1809 1699 1831 (ι

906 1859 1009 1889 quanta
1026 1858 1098 1880 esset
1115 1852 1160 1878 illa
1176 1852 1322 1886 pra-sulum
1348 1851 1506 1883 multitudo,
1523 1851 1570 1885 qui
1593 1850 1691 1877 Arimi-

906 1909 971 1928 num
986 1903 1171 1927 eonvenerant
1187 1897 1416 1932 (quadringentos
1430 1897 1504 1923 enim
1519 1897 1603 1924 fuisse
1623 1904 1690 1930 pra:-

906 1947 1011 1978 monui,
1024 1953 1117 1972 secum
1132 1949 1275 1979 reputans)
1299 1951 1350 1970 nec
1365 1951 1393 1970 se
1413 1943 1608 1970 aberraturutn
1632 1951 1696 1970 cau-

907 1997 993 2024 satus,
1011 1991 1033 2018 si
1051 1990 1150 2017 Filiuttt
1171 1989 1243 2016 [‘atri
1269 1988 1388 2015 similem
1415 1996 1475 2015 esse
1491 1988 1607 2018 diceret,
1628 1996 1697 2022 pne-

907 2039 1002 2067 sertim
1019 2045 1082 2066 cum
1102 2044 1128 2064 et
1141 2037 1243 2072 ὅμοιον,
1270 2040 1297 2062 et
1321 2034 1485 2070 ὀμοιούσιον,
1513 2038 1540 2060 et
1559 2033 1700 2068 ὁμοὺσιον.

907 2085 979 2112 idem
996 2083 1162 2119 signiﬁcent.
1178 2082 1246 2110 Cum
1261 2081 1353 2115 itaque
1369 2087 1402 2107 ea
1417 2080 1443 2106 in
1461 2079 1600 2106 sententia
1616 2083 1699 2105 esset.

904 2130 987 2165 jussit
998 2130 1142 2164 episcopos
1157 2136 1242 2155 unuttt
1256 2127 1385 2161 idemque
1398 2125 1501 2153 sentire
1512 2132 1596 2159 super
1605 2131 1700 2152 eorum

906 2176 1088 2207 confessione,
1106 2175 1153 2210 qui
1169 2174 1202 2201 ad
1221 2173 1376 2200 Ariminum
1394 2174 1584 2199 convenerant
1604 2179 1611 2196 :
1636 2170 1696 2198 sub-

871 2213 898 2244 Ῑ)
912 2222 1136 2255 scripseruntqu
1153 2228 1215 2247 cum
1242 2219 1299 2253 alii,
1324 2223 1381 2245 tum
1406 2218 1501 2246 decem
1520 2218 1559 2244 illi
1581 2217 1627 2252 qui
1650 2216 1699 2244 Sc-

913 2268 1002 2295 leucia
1019 2268 1247 2300 adventaverant,
1261 2267 1327 2302 quin
1350 2271 1378 2293 ct
1401 2265 1484 2292 Maris
1504 2263 1701 2294 Chalcedonis,

910 2319 938 2341 et
955 2313 1077 2347 Ulphilas
1107 2313 1241 2348 60"!“qu
1268 2312 1394 2348 quamvis
1421 2310 1498 2345 prius
1519 2317 1582 2337 cum
1610 2309 1700 2335 Theo.

910 2359 986 2394 philo
1001 2358 1126 2389 sentiret,
1155 2358 1182 2384 in
1196 2359 1274 2393 cuius
1291 2359 1481 2393 episcopatum
1513 2360 1698 2386 successerat,

910 2405 956 2439 qtti
974 2404 1084 2431 Nic-retia
1100 2403 1127 2429 in
1143 2404 1247 2438 synodo
1268 2411 1389 2437 pra-sctis
1403 2403 1559 2437 scripserat.
1574 2430 1575 2433 η

1225 2457 1301 2484 CAP.
1322 2457 1381 2484 XX.

910 2504 1109 2541 Quinquaginta
1124 2503 1237 2539 episcopi
1256 2503 1382 2541 Acaciani
1405 2513 1451 2530 seu
1465 2502 1612 2534 Hammoni,
1630 2501 1697 2541 Ano-

945 2537 1023 2567 mteos
1036 2537 1159 2567 imdeciin
1186 2537 1320 2573 episcopos
1345 2537 1374 2564 ob
1401 2544 1473 2565 tet-ta
1500 2540 1621 2573 qua-dum
1650 2537 1696 2563 cri-

945 2577 1017 2603 mina
1035 2577 1119 2611 potius
1139 2583 1219 2610 qurtm
1237 2575 1364 2608 dogmata
1376 2573 1564 2607 deposuerunt.

946 2621 980 2649 Ut
992 2622 1019 2648 in
1033 2627 1140 2648 summa
1159 2620 1260 2651 dicam,
1279 2617 1479 2653 quinquaginta
1499 2617 1624 2653 episcopi
1640 2623 1700 2644 cum

909 2667 1011 2694 Acacio
1037 2668 1108 2694 hanc
1134 2665 1215 2693 ﬁdem
1242 2663 1454 2694 conﬁrmarunt,
1481 2663 1581 2691 deinde
1606 2671 1700 2689 eorum

910 2712 957 2747 qui
986 2712 1139 2740 Seleuciam
1167 2713 1364 2741 convenerant,
1394 2708 1544 2736 nonnullos
1566 2709 1699 2744 deposue-

911 2763 998 2786 runt:
1019 2766 1074 2786 non
1091 2757 1165 2793 quod
1192 2763 1240 2784 eos
1265 2763 1350 2790 super
1368 2760 1548 2783 controverso
1575 2754 1701 2789 dogmate
