1927 3085
207 104 273 138 1333
814 106 959 135 ΝΙΕΕΤ.·Ε
979 105 1181 136 (ΣΙΙΟΝιΑΤΗΕ

236 160 658 197 Caeterumpatriarchai’hotius
690 160 982 196 hujusmodisehotion
999 165 1021 192 Α
1036 161 1087 188 ilus
1121 162 1308 190 audiemlusve
1341 167 1424 196 patet,

204 209 269 236 huic
307 209 391 242 capiti
408 207 498 234 ohiler
513 208 638 234 inseruit.
651 206 720 233 Nota
736 207 863 233 licttzanac
879 206 994 233 Alexan-

203 254 344 288 drinaeque
351 253 423 281 sedis
433 253 562 280 vehemen
568 258 620 279 tem
630 253 759 280 adversus
766 252 920 279 Flavianum
931 260 994 280 con-

207 300 379 330 citationem,
397 306 457 333 quae
470 298 545 324 nihili
561 305 651 325 tamen
669 298 737 324 facta
747 302 799 329 est,
811 299 882 332 quod
896 303 993 332 praeter

201 346 335 372 rationem
366 344 436 371 facta
463 344 616 370 videretur.
645 343 713 376 Quia
747 344 820 370 enitn
847 343 992 370 Flavianus

202 399 215 418 a
230 391 305 417 nullo
321 390 471 417 damnatus
486 390 556 416 intra
573 397 638 416 suos
656 389 724 415 fines
739 397 754 415 a
781 389 838 416 suis
847 389 991 415 excoleba-

201 442 255 467 tur,
270 445 303 463 eo
316 435 410 466 liebat,
435 439 464 462 ιιι
479 435 581 462 alienas
601 435 845 469 expostulationes,
861 440 988 468 tanquam

200 487 276 515 septa
297 489 345 508 sua
361 481 598 513 lransceudentcs,
612 481 704 508 irritas
718 489 828 508 manere
853 481 930 508 facile
944 489 991 515 pa-

201 531 315 553 teretur.

236 572 342 599 Mortuo
354 578 445 599 autem
460 573 585 603 Paulino,
602 572 759 599 Flavianum
787 572 905 606 populus
939 572 989 599 ite-

199 622 626 651 rumavcrsatusest,operaque
655 622 682 644 et
695 617 787 643 studio
818 617 921 648 etfceit,
958 621 988 643 ut

1780 108 1873 140 1333.

1462 171 1516 197 quo
1561 163 1671 197 quidem
1706 163 1749 190 im
1756 163 1873 198 pietas

1042 207 1251 234 etabotninatio
1266 207 1414 242 detegitur,
1430 216 1483 242 qua
1511 208 1616 243 profani
1643 209 1684 236 illi
1708 210 1869 244 episcopi

1042 253 1115 279 ultro
1133 260 1193 280 sese
1211 254 1396 285 involverunt,
1415 255 1460 288 qui
1479 255 1611 288 pecunias
1626 255 1653 282 in
1670 263 1746 282 usus
1785 263 1867 290 pau-

1042 305 1138 331 perum
1162 297 1313 325 destinatas
1341 298 1373 325 ad
1391 298 1531 332 privatum
1557 299 1714 331 fastum,et
1737 306 1865 325 eorum

1041 341 1214 376 obsequium,
1234 343 1279 376 qui
1292 348 1436 370 consortes
1467 343 1664 377 imperatorum
1682 344 1710 370 id
1727 349 1863 378 tempo-

1042 387 1080 414 ris
1089 392 1178 419 erant,
1197 393 1326 422 tanquam
1337 389 1477 423 palearum
1504 397 1616 416 acervos
1633 390 1860 419 cventilautcs,

1041 441 1073 460 ex
1092 433 1125 460 iis
1140 434 1209 460 alios
1223 435 1335 468 quidem
1354 443 1512 462 sermonum
1526 436 1633 470 piorum
1647 440 1675 463 et
1694 437 1754 462 sim
1762 437 1857 470 plici-

1040 483 1096 506 tate
1126 479 1305 514 gaudentium
1348 482 1589 512 conversionibus,
1619 483 1858 515 dialecticisque

1039 526 1209 559 compendiis
1233 526 1260 552 in
1290 526 1456 560 perditionis
1483 526 1643 553 barathrum
1671 528 1856 562 praecipites

1040 569 1182 601 dederunt,
1210 571 1271 596 aliis
1297 575 1388 598 autem
1431 571 1614 606 impingentcs
1638 573 1728 598 relusi
1761 578 1854 603 sunt,

1039 621 1091 640 non
1106 622 1185 641 secus
1200 620 1282 648 atque
1297 616 1319 642 si
1347 616 1372 642 in
1391 624 1501 643 murum
1521 617 1712 643 Semitamium
1734 617 1854 644 dentes

200 663 332 695 Evagrius
378 664 496 698 proplia:
523 663 593 697 parti
632 663 828 696 prmliceretur.
854 662 905 694 Qui
924 670 987 689 eum

199 716 286 742 pauco
304 712 331 735 et
358 708 414 742 ipse
440 713 561 742 tempore
590 708 798 742 supervixisset,
830 708 923 734 nullus
959 708 986 734 in

199 754 257 787 ejus
284 754 373 780 locum
398 753 530 780 suﬂcctus
563 757 615 784 est,
639 754 721 787 idque
745 753 866 780 Flaviani
892 762 984 788 opera.

200 798 440 825 Verumenimvero
494 799 645 826 refractarii
689 799 802 833 quidam
856 799 985 826 Flaviano

1039 659 1215 694 infregissent
1239 662 1306 695 (ἰῶ),
1333 662 1434 696 quippe
1451 663 1496 696 qui
1525 662 1628 688 divitiis
1653 670 1756 689 eorum
1776 671 1854 697 pru-

1037 704 1176 732 dentiores
1189 710 1291 738 essent,
1309 715 1360 733 nec
1375 707 1437 734 ullis
1452 707 1604 742 logieornm
1628 709 1846 742 epicherema-

1038 753 1094 775 tum
1106 750 1242 778 machinis
1252 751 1476 785 percellerentur.
1491 751 1545 778 llos
1567 760 1633 779 vero
1657 753 1849 788 synodorum

1037 795 1347 823 sibiconscntanearutu
1368 797 1577 828 convocatione,
1593 805 1699 824 necnon
1730 805 1846 824 eorum

199 843 339 870 adversari
367 849 522 878 pergentes,
554 843 669 878 privatis
697 843 900 870 conventiculis
921 852 986 870 con-
1002 853 1021 879 Β
1036 848 1172 867 consensu
1186 841 1315 868 etfavore
1329 841 1377 877 qui
1392 843 1477 869 multa
1486 847 1599 876 possent
1613 842 1685 876 apud
1707 843 1848 877 impera-

199 889 401 923 grecahantur;
427 893 455 914 at
481 889 526 915 ille
549 889 654 915 nullum
686 897 741 915 non
757 889 872 916 rationis
887 889 981 917 funem

200 933 292 965 movit,
308 939 337 961 ut
349 934 398 960 hos
410 942 521 968 quoque
546 934 598 962 sibi
613 935 763 969 subjiceret
778 943 785 963 :
810 935 884 969 quod
903 937 983 970 paulo

200 984 292 1014 postea
306 979 429 1013 perfecit.

231 1024 299 1052 Cum
315 1025 389 1051 enim
403 1018 587 1060 Theophilum
613 1027 828 1056 Alexandrinum
837 1029 889 1056 sibi
905 1030 985 1057 ohse-

200 1070 263 1104 quio
281 1078 331 1097 suo
346 1071 464 1098 amicum
477 1076 610 1106 parasset.
624 1073 683 1107 ejus
692 1081 774 1107 opera
788 1081 850 1101 cum
868 1075 984 1103 Damaso

201 1115 323 1143 Rontano
341 1116 368 1143 in
383 1117 499 1151 gratiam
515 1117 607 1149 rediit,
622 1117 746 1152 profecto
756 1119 789 1145 ad
799 1127 862 1146 cum
879 1121 984 1148 Isidoro

201 1162 333 1188 monacho
349 1167 376 1189 et
399 1163 569 1198 presbytero.
583 1163 630 1198 qui
650 1171 712 1190 cum
739 1165 910 1193 Scetcnsiuin
925 1167 985 1202 phi-

199 1207 371 1241 losophorum
395 1216 466 1234 unus
481 1212 563 1239 esset.
580 1209 692 1237 Damaso
706 1215 799 1244 gratus
818 1218 904 1245 lisque
916 1213 984 1238 adeo

199 1252 257 1283 fuit,
273 1257 303 1279 ut
317 1253 376 1280 sine
388 1254 443 1279 ulla
457 1261 532 1280 mora
547 1259 574 1280 et
584 1254 727 1281 confestim
740 1255 815 1281 illum
830 1255 986 1283 Constanti-

200 1298 330 1332 nopoleos
351 1299 509 1334 episcopum
527 1301 636 1327 crearit.
650 1301 734 1327 Porro
746 1301 928 1329 Thcodoritus
939 1311 986 1330 au-

199 1348 255 1371 ctor
267 1349 309 1370 est
340 1345 500 1371 Flavianum
534 1353 588 1372 non
616 1354 676 1373 eum
709 1347 825 1374 Damaso
849 1347 984 1381 Romano,

199 1390 245 1416 sed
259 1398 320 1416 cum
340 1390 500 1418 lunocentio
512 1391 538 1418 in
555 1393 671 1426 gratiam
684 1393 810 1425 rediisse,
828 1393 910 1431 idque
921 1403 986 1429 ope—

199 1444 226 1462 ra
247 1441 274 1463 et
286 1437 378 1462 stu.lio
392 1437 539 1464 Theodosii
552 1437 740 1472 imperatoris,
763 1439 852 1466 missis
877 1441 911 1466 ad
928 1440 986 1466 Fla-

199 1480 306 1506 vianum
339 1480 515 1507 Bcrrhceensi
544 1481 660 1515 aliisque
688 1482 837 1516 episcopis.
862 1482 920 1509 Non
939 1482 986 1509 dr—

1037 889 1110 911 lOiL‘S
1126 890 1247 913 alterere
1267 894 1381 920 prorsus
1404 888 1586 919 conal.antur,
1605 895 1655 914 nec
1668 888 1761 914 εοΙιιιιι
1777 888 1844 914 suis

1034 937 1083 958 eos
1095 931 1208 958 sedibus
1221 937 1249 958 et
1261 933 1382 959 ovilibus
1398 933 1600 964 deturbabant,
1616 933 1663 960 sed
1676 936 1763 960 etiam
1779 941 1840 968 quo

1032 973 1094 1011 jure
1107 985 1219 1012 quaque
1233 978 1337 1012 injuria
1351 985 1460 1012 semper
1476 986 1490 1005 e
1517 979 1609 1005 tnedio
1632 979 1730 1006 tollere
1744 979 1839 1005 inedi-

1036 1024 1175 1056 tabantur,
1192 1025 1343 1052 nonnullos
1356 1025 1439 1052 etiam
1453 1027 1616 1053 commentis
1641 1026 1714 1053 dolis
1739 1032 1770 1054 et
1787 1035 1834 1062 sy-

1036 1069 1191 1103 cophantiis
1209 1071 1388 1105 impctebant.
1410 1080 1424 1099 e
1456 1072 1614 1107 bujusmodi
1651 1073 1763 1099 artibus
1783 1081 1835 1107 op—

1039 1118 1095 1142 tata
1123 1117 1362 1151 consequebantur
1377 1125 1384 1147 ;
1400 1125 1461 1144 cum
1474 1118 1579 1153 justitia
1593 1118 1747 1145 subsannct
1769 1126 1829 1150 eos,

1034 1160 1145 1194 judiciis
1163 1162 1188 1187 ei
1208 1162 1394 1196 solieognitis,
1414 1162 1458 1188 cui
1474 1163 1583 1196 quoties
1600 1167 1716 1196 peccant
1735 1163 1833 1190 homi-

1037 1213 1086 1232 nes
1110 1206 1136 1232 in
1162 1206 1229 1233 iram
1259 1207 1461 1235 excandescere
1487 1216 1541 1235 non
1557 1209 1645 1243 placet
1665 1209 1735 1243 (66),
1753 1214 1783 1236 at
1801 1209 1832 1236 in

1037 1250 1176 1285 plerisque
1193 1252 1236 1278 vel
1256 1252 1284 1278 in
1303 1253 1464 1280 diuturnu‘m
1491 1259 1599 1288 tempus
1616 1255 1649 1281 de
1668 1255 1705 1281 ini
1719 1255 1772 1288 ,uis
1791 1255 1834 1282 fa-

1037 1295 1178 1323 cinoribus
1193 1305 1291 1332 pinnas
1312 1303 1436 1333 repetere
1455 1299 1555 1326 diifert.
1573 1300 1651 1327 llutie
1666 1301 1692 1326 in
1713 1300 1830 1327 modum

1037 1346 1161 1375 pastores
1174 1342 1358 1377 desipiebant,
1372 1352 1424 1371 nec
1441 1352 1537 1371 eorum
1557 1346 1636 1380 pauci
1655 1346 1763 1372 vineam
1780 1347 1831 1373 Dei

1037 1388 1268 1422 corrumpebant.
1282 1389 1418 1422 Quocirca
1437 1390 1567 1418 Dominus
1581 1392 1704 1425 graviter
1725 1393 1751 1419 id
1769 1400 1832 1419 m0-

1038 1432 1160 1466 lesteque
1174 1434 1265 1461 ferens
1281 1443 1329 1469 per
1344 1437 1505 1470 prophetam
1525 1438 1660 1463 exclamat
1678 1446 1684 1463 :
1721 1437 1766 1475 Vir
1778 1439 1827 1473 qui

1039 1483 1152 1512 pascunt
1163 1479 1263 1514 seipse:
1273 1480 1306 1507 ³⁵.
1322 1480 1380 1507 lino
1394 1482 1416 1508 si
1428 1483 1490 1514 quis
1507 1483 1627 1516 peuitius
1640 1483 1774 1517 exploret,
1795 1492 1827 1511 ea

199 1530 272 1557 sunt,
288 1526 389 1559 quibus
402 1527 424 1552 is
437 1527 486 1561 qui
501 1527 572 1554 inter
586 1528 681 1555 Patres
698 1528 882 1563 Chrysologus
893 1529 983 1556 dictus

1037 1531 1096 1556 qua:
1112 1523 1271 1560 hujusntodi
1286 1530 1389 1553 temere
1410 1527 1603 1561 designatum,
1634 1532 1663 1555 et
1689 1529 1827 1556 adversus

199 1575 249 1602 est,
269 1579 322 1597 una
336 1579 398 1597 cuin
418 1571 574 1605 Theophilo
605 1573 798 1604 Alexandrino,
816 1574 908 1601 Acacii
921 1574 984 1601 Ber-

198 1616 341 1648 rhmensis.
368 1622 396 1644 ct
427 1617 523 1644 lsitlori
553 1618 705 1652 presbyteri
733 1619 835 1650 studio,
868 1620 982 1653 gratiam

198 1661 326 1687 Flaviano
341 1662 504 1689 conciliasse
521 1663 658 1689 videatur.

491 1730 566 1757 (ῙᾹΡ.
587 1730 680 1758 XXVI.

197 1785 327 1812 Inrecliua
342 1786 466 1820 digressta
485 1787 586 1813 Niretw
611 1788 635 1813 in
656 1787 844 1822 (malplmbelos
860 1790 902 1815 sui
919 1794 983 1815 tent—

234 1822 453 1855 puriscpiiropos,
474 1830 583 1855 quorum
602 1823 721 1856 inprimis
746 1831 825 1856 opera
853 1824 985 1850 Androni-

231 1865 274 1881 cus
291 1862 312 1882 et
331 1856 437 1883 Maius
451 1857 614 1883 Cuntilcniiu
626 1866 702 1883 sacra
720 1858 878 1892 templorum
903 1859 984 1886 clino-

229 1892 273 1916 (iin
297 1892 477 1918 invaserunt:
504 1892 578 1925 cujus
601 1893 734 1926 sacrilegii
766 1893 873 1920 Marius
901 1902 982 1922 aurea

238 1925 311 1952 bulla
323 1927 446 1960 pomi!ch
462 1934 490 1951 ac
507 1931 667 1960 protestatus
676 1932 723 1953 est.

233 1980 476 2009 Verumenimvcro
501 1982 578 2016 impii
603 1983 660 2009 Arii
676 1983 855 2011 refutationes
873 1984 982 2013 interim

196 2027 223 2054 in
236 2027 319 2054 alium
344 2029 433 2056 locum
456 2029 627 2063 rejiciantur.
652 2029 721 2061 Quia
754 2030 935 2058 cnimAetius
956 2036 984 2058 et

195 2074 349 2100 Eunomius
365 2075 423 2101 Arii
440 2080 585 2101 consortes
600 2075 724 2106 fuerunt,
757 2083 846 2110 operte
865 2078 982 2111 pretium

196 2119 320 2146 facturus
346 2121 452 2152 videor,
477 2121 499 2148 si
525 2129 587 2155 quae
610 2121 644 2148 ab
681 2122 736 2149 illis
749 2122 891 2158 designata
906 2129 982 2157 sunt,

195 2164 388 2193 lllliClliSlOritB
404 2167 480 2201 prius
508 2167 626 2194 inseram
640 2176 647 2194 :
667 2173 723 2195 tum
738 2168 840 2196 deinde
857 2168 889 2195 ad
904 2176 981 2196 com-

196 2219 306 2238 munem
325 2212 405 2238 triutn
422 2205 639 2240 confu'tationcm
650 2214 801 2248 aggrediar.
817 2213 893 2246 Quod
906 2214 979 2241 enim

192 2257 311 2291 jacttlum
328 2257 389 2291 quis
408 2258 433 2284 in
456 2265 550 2285 eorum
578 2267 661 2285 unutn
691 2259 839 2292 paraverit,
867 2259 892 2286 id
916 2268 981 2287 vero

194 2309 249 2328 non
276 2302 394 2329 absurde
420 2304 445 2330 in
467 2308 580 2330 caeteros
611 2312 720 2338 quoque
748 2305 904 2331 deterserit.
932 2305 980 2332 Illa

198 2354 281 2380 porro
301 2347 536 2381 iuprzcsentiarum
553 2349 617 2374 tnihi
631 2348 826 2383 perpendenda
838 2348 977 2381 videntur,

196 2400 366 2427 quaecunque
383 2394 432 2424 illi,
461 2394 562 2428 quibus
592 2395 658 2421 cieri
679 2394 881 2422 administratio
906 2402 979 2422 sorte

194 2437 302 2472 obtigit,
316 2438 448 2465 adversus
462 2447 524 2465 eutn
539 2439 729 2471 cffuliverunt,
741 2448 755 2466 a
771 2447 825 2474 quo
839 2440 872 2466 ad
887 2447 977 2475 pasto-

196 2483 251 2509 rale
264 2491 363 2510 munus
379 2484 466 2511 evecti
480 2489 544 2511 sunt
557 2494 563 2511 :
576 2490 603 2512 et
622 2485 724 2520 quibus
748 2493 813 2512 oves
828 2494 891 2513 suas
904 2486 981 2513 ἀλιπ-

196 2529 239 2555 nis
252 2531 425 2556 attriverunt.
442 2529 498 2556 imo
511 2537 575 2557 vero
586 2531 655 2558 liber
665 2539 719 2566 quo
732 2539 774 2558 res
790 2532 823 2558 ab
839 2532 980 2566 illisgcstm

194 2567 373 2602 continentur
383 2575 558 2611 dilucidequc
582 2582 747 2607 tractantur.
777 2577 865 2604 cuivis
889 2578 981 2613 legen-

192 2659 196 2662 -
233 2643 366 2671 "Jcrcm.
388 2645 472 2676 xut,i
490 2652 497 2677 ;
518 2645 617 2673 Ezech.
633 2654 722 2678 xutv,
742 2646 769 2673 2.

1036 1567 1124 1595 Deum
1149 1569 1304 1598 innumeris
1333 1571 1422 1599 modis
1447 1573 1586 1606 prolocuti
1622 1578 1696 1604 sunt,
1712 1582 1761 1602 eos
1790 1583 1826 1601 ne

1035 1615 1141 1648 seipsos
1159 1615 1271 1649 quidem
1284 1625 1407 1651 pascere,
1429 1626 1479 1645 nec
1499 1619 1570 1645 ovile
1598 1623 1705 1646 tantum
1737 1621 1825 1654 negli-

1035 1667 1108 1693 gere,
1124 1661 1173 1688 sed
1187 1666 1214 1688 et
1229 1662 1336 1695 seipsos
1353 1668 1381 1689 ct
1397 1671 1477 1690 suum
1488 1671 1598 1698 gregem
1614 1671 1629 1691 a
1655 1665 1711 1692 Deo
1725 1665 1824 1692 distra-

1036 1705 1122 1737 xisse,
1139 1714 1305 1741 gregemque
1320 1708 1394 1734 nullo
1406 1716 1461 1735 non
1476 1708 1567 1736 herba:
1582 1709 1690 1737 lethalis
1706 1716 1733 1737 et
1749 1719 1822 1737 tuor-

1036 1752 1122 1778 til‘era:
1139 1760 1239 1785 genere
1254 1753 1374 1787 pavisse,
1388 1754 1463 1780 nullo
1481 1762 1536 1780 non
1567 1754 1688 1788 denique
1713 1756 1821 1782 turbido

1035 1805 1086 1823 nec
1100 1797 1234 1825 feculenlo
1248 1799 1359 1825 [lumine
1375 1799 1526 1833 adaquasse
1545 1801 1753 1833 eomperiet,'cx
1768 1808 1821 1834 quo

1037 1842 1215 1877 ipsiqttoquc
1246 1845 1374 1877 poculum
1403 1845 1558 1878 porrigant,
1590 1851 1718 1879 tanquam
1739 1845 1820 1872 duces

1036 1888 1127 1922 εις-διε
1139 1891 1251 1921 arietes,
1263 1889 1365 1923 quibus
1378 1898 1477 1916 sonora
1493 1890 1640 1917 sacerdotii
1654 1891 1819 1924 crrpitacula

1037 1934 1173 1960 incassum
1191 1942 1311 1969 appensa
1330 1935 1546 1962 sittt.C:eterum
1575 1937 1703 1969 quamvis
1729 1938 1817 1963 omnia

1036 1979 1073 2006 ita
1089 1984 1251 2013 tractarent,
1267 1987 1296 2009 ut
1311 1984 1384 2008 unde
1400 1982 1437 2008 nil
1452 1986 1551 2017 praeter
1560 1982 1695 2016 privatam
1710 1990 1818 2009 accusa-

1037 2028 1147 2059 tionem,
1181 2034 1208 2055 et
1221 2029 1319 2056 anima:
1340 2030 1536 2062 plerorumque
1554 2029 1736 2063 perditioncn‘n
1754 2038 1818 2056 con-

1035 2078 1229 2107 sequerentur,
1246 2076 1379 2101 nonnulla
1396 2080 1488 2102 tamen
1508 2076 1588 2101 utilia
1618 2075 1735 2109 amplexi
1753 2084 1818 2110 quo-

1035 2127 1087 2151 que
1103 2125 1176 2147 sunt.
1193 2121 1273 2147 itaut
1289 2123 1371 2148 exeis
1383 2125 1515 2156 tanquatn
1533 2122 1621 2155 spinis
1639 2129 1715 2149 rosas
1727 2122 1817 2148 decer-

1036 2171 1111 2198 pere,
1129 2170 1157 2192 et
1173 2170 1303 2200 tanquam
1324 2171 1482 2200 serpentum
1512 2166 1643 2192 carnibus
1673 2174 1812 2200 panaceam

1033 2212 1180 2239 salutarem
1198 2212 1439 2246 conficerelieeat,
1462 2216 1539 2244 tunc,
1567 2213 1690 2247 inquam,
1721 2222 1777 2240 cum
1788 2219 1813 2241 et

1034 2261 1158 2291 pastores
1184 2262 1211 2284 et
1236 2262 1377 2292 pastorum
1413 2259 1600 2285 mercenarius
1622 2259 1811 2292 deposuerunt,

1033 2303 1246 2335 quotquottidei
1273 2304 1356 2330 rudes
1373 2307 1400 2330 et
1431 2304 1542 2338 ignaros
1567 2305 1810 2338 deprehenderunt,

1033 2354 1085 2373 nec
1103 2347 1218 2375 idoneos
1230 2348 1350 2382 quilidei
1370 2349 1513 2376 catholicae
1544 2355 1681 2383 praecepta
1703 2350 1810 2377 subditis

1033 2392 1090 2419 suis
1100 2400 1132 2419 ex
1145 2401 1242 2420 eorum
1259 2395 1422 2430 prazscripto
1437 2395 1618 2430 explicarent.
1784 2402 1795 2417 ‘-

1072 2439 1315 2468 \'erumenimvcro
1331 2449 1356 2469 .a
1384 2442 1523 2468 nonnullis
1548 2449 1658 2477 quoque
1697 2443 1808 2469 accusati

1034 2489 1108 2516 sunt,
1126 2486 1198 2519 quod
1223 2494 1399 2521 percussores
1423 2491 1451 2514 et
1475 2495 1587 2522 rapaces
1606 2493 1716 2518 essent.
1743 2489 1808 2523 quod

1034 2539 1082 2557 eos
1098 2532 1144 2565 qui
1161 2531 1194 2559 de
1212 2532 1297 2567 gradu
1311 2533 1408 2567 dejecti
1422 2534 1529 2560 fuerant
1544 2534 1577 2561 ad
1597 2535 1807 2561 communionem

1034 2578 1226 2611 admisissent,
1250 2580 1323 2613 quod
1350 2581 1499 2608 seditiones
1527 2583 1721 2614 coneitasscnt.
1743 2583 1808 2618 quod

231 2702 287 2736 (ob)
305 2702 407 2729 Alludit
424 2702 457 2729 ad
484 2702 576 2731 Horat.
600 2711 606 2729 :
629 2703 732 2738 Fragiti
747 2712 866 2738 qtuerem
890 2704 992 2732 illidere
1003 2705 1116 2733 dentem.

657 2739 775 2774 O/fcudet
793 2739 889 2766 solido.

232 2773 284 2808 (64)
298 2773 331 2801 O\
341 2773 377 2802 id.
652 2774 680 2801 Si
695 2775 794 2808 quoties
807 2782 889 2808 prata:

275 2782 377 2808 )Uuu.

652 2774 680 2810 Si
695 2775 794 2808 quoties
807 2780 912 2808 peccant
930 2776 1045 2803 homines
1058 2785 1107 2803 sua
1127 2777 1239 2810 fulmina
1251 2779 1338 2806 mittat

657 2809 771 2844 Jupiter,
786 2810 879 2845 exiguo
895 2814 1011 2840 tempore
1037 2813 1143 2839 inermis
1162 2814 1219 2840 erit.
