1927 3085
104 111 194 144 1ἐῖδῦ
757 115 906 144 τιιιῑςΑιῖ

93 170 240 204 denique
257 171 282 198 in
301 171 411 205 opibus,
425 171 570 198 elementis
584 175 611 198 et
634 171 776 206 principiis
792 179 823 198 ea
849 180 909 206 qua!

95 216 134 243 in
162 217 225 244 vita
240 217 336 244 facturi
354 221 447 244 essent
467 218 678 252 prtcmuuisscnt
693 225 699 243 :
715 226 776 252 quae
797 218 908 252 quidem

97 264 127 290 si
167 271 235 290 cum
255 265 360 291 cmtcris
386 264 514 291 Ecclesia:
541 264 725 295 cmrcmoniis,
751 272 811 299 qua:
836 273 910 291 coni-

99 309 194 336 muni
225 310 334 336 utilitati
353 310 518 340 consulunt,
545 319 600 336 non
632 311 825 343 evanuissent.
856 311 910 338 imo

98 355 129 381 si
154 355 256 382 nullus
275 356 301 382 in
318 355 482 382 hodiernum
504 364 591 390 usque
605 356 677 383 diem
695 363 727 383 ea
758 362 910 391 transgres-

99 408 160 427 sus
195 405 279 437 essct.
308 409 369 436 quae
395 407 472 429 recta
499 403 568 429 ratio
599 403 762 438 praescribit,
795 408 823 430 et
851 411 912 437 qua:

101 450 194 473 recte
214 455 228 473 a
251 447 302 482 piis
314 447 443 474 Patribus
457 447 512 482 jam
526 448 590 475 olim
604 448 709 475 sancita
728 453 803 481 sunt,
824 449 912 475 Italid—

102 500 258 526 quaquam
292 493 384 521 nescio
413 494 514 527 quibus
541 494 683 528 glebarum
716 495 910 527 occatoribus,

104 539 296 573 vectigalium
320 539 553 574 redemptoribus,
576 541 697 567 ferarum
722 541 912 573 venatoribus,

106 582 242 617 publicis
259 591 401 618 procerutn
417 585 569 612 aulicorum
584 586 758 613 consortibus
771 607 777 618 ,
799 587 913 620 dogma-

110 634 180 655 tum
202 629 263 656 lldci
282 637 396 664 prorsus
410 631 510 665 ignaris
523 652 530 663 ,
550 632 770 658 incantatoribus
794 632 913 667 denique

108 679 143 701 et
182 675 342 709 raptoribus
383 677 553 711 episcopales
593 677 673 704 sedes
709 679 915 705 committeren-

107 724 161 747 tur
176 720 284 757 (65-66)
298 730 366 749 :nec
379 723 412 749 iis
423 724 469 757 qui
484 728 513 750 ut
523 723 574 750 hoc
586 732 696 758 quoque
709 724 810 756 dicam,
820 725 916 751 subdi-

107 773 158 793 tos
174 769 252 799 s‘uos,
274 769 376 802 quibus
401 770 547 803 pascendis
575 770 695 804 pnefccti
722 775 805 799 sunt.
827 771 913 796 multo

107 812 270 839 violentius
300 814 424 848 expilaut
443 834 450 846 ,
486 821 567 850 quam
597 815 699 850 publici
734 816 909 851 vectigalium

107 864 274 892 exactores,
296 861 360 887 dum
376 860 583 889 tributariorum
597 861 720 888 debitum
746 870 798 889 non
814 870 911 897 supcr—

110 906 224 934 ficiaria
250 907 322 940 lana,
352 910 555 944 mulgeudoque
582 911 652 937 lacte
668 915 747 937 tenus
765 909 910 940 definiunt,

110 952 163 979 sed
185 956 269 980 etiam
287 963 293 980 :

177 1022 295 1058 Ter-gora
316 1024 444 1059 diripiunt
462 1027 549 1058 tostis,
569 1030 593 1052 et
608 1026 707 1053 viscera
725 1026 838 1052 uariant.

152 1091 192 1118 Ex
211 1099 266 1126 quo
282 1093 385 1124 evenit,
402 1097 431 1120 ut
448 1092 563 1128 pristina
581 1093 625 1120 illa
644 1101 738 1129 regum
763 1093 912 1129 objurgan-

114 1137 220 1164 dorum
236 1138 401 1173 dicendique
420 1139 488 1166 citra
514 1140 647 1174 pudorem
666 1139 802 1174 quidlibet
819 1148 910 1167 coram

113 1183 158 1210 eis
189 1183 303 1211 libcrlas
326 1193 440 1219 prorsus
464 1185 519 1213 illis
537 1186 659 1220 perierit,
682 1187 817 1222 paucique
843 1187 912 1214 adeo

115 1230 179 1257 illos
195 1232 250 1265 jam
274 1236 436 1258 reverentur
450 1241 457 1260 :
473 1237 554 1268 atque
575 1241 609 1260 ex
630 1234 829 1268 consequentia
854 1243 911 1262 ina-

116 1277 222 1303 ximum
242 1276 307 1303 illud
338 1278 485 1311 pontiﬁciae
502 1278 647 1314 dignitatis
669 1278 754 1306 decus
768 1279 911 1312 cviluerit,

115 1323 233 1356 ejusque
250 1323 310 1350 loco
328 1332 359 1351 ea
383 1324 542 1352 introducta
567 1325 644 1357 sint,
664 1333 726 1360 qua:
749 1334 828 1353 veros
844 1335 913 1361 pon—

118 1368 208 1395 tificcs
223 1372 335 1396 (illtllilltt
348 1368 502 1398 dedeceant
518 1380 523 1397 :
541 1372 695 1407 cuiusmodi
714 1377 778 1398 sunt
795 1371 912 1406 impera-

119 1415 227 1441 toribus
253 1417 399 1448 assentari,
415 1421 443 1444 et
460 1417 552 1444 servili
579 1425 654 1445 more
681 1426 854 1452 qumcuuquc
877 1419 912 1445 ab

119 1460 174 1487 illis
187 1461 318 1488 dicuntur
342 1467 389 1490 aut
411 1462 480 1490 liunt
502 1463 664 1498 approbare,
690 1464 842 1498 quamlibet
866 1465 911 1491 illa

119 1506 231 1541 ﬂagitiis
250 1509 379 1536 onmibus
395 1508 572 1544 ﬂagitiosiora
586 1512 651 1536 sint.

155 1552 189 1580 ῐέι
210 1559 326 1585 taceam,
341 1554 414 1589 quod
431 1554 512 1581 nobis
529 1562 651 1589 quoque,
668 1555 714 1589 qui
743 1554 910 1590 magistrati-

120 1599 171 1626 bus
185 1599 336 1634 fungimur.
356 1601 511 1628 libertatem
531 1609 639 1628 omnem
657 1601 766 1628 dicendi
790 1602 910 1629 abstule—

121 1646 186 1677 rint,
206 1652 287 1681 atque
302 1655 352 1674 nos
367 1655 401 1674 ex
421 1647 532 1674 sublimi
549 1647 691 1682 dignitatis
707 1648 792 1683 gradu
814 1648 908 1675 detur-

122 1693 256 1724 liaverint.
292 1699 319 1721 et
356 1693 432 1720 humi
473 1695 697 1728 prostraverint,
724 1702 758 1721 co
790 1695 910 1730 denique

122 1738 273 1773 adegerint,
291 1745 320 1766 ut
341 1748 395 1767 uua
413 1748 475 1767 cum
488 1740 542 1767 illis
555 1740 734 1768 Melitaaorum
750 1740 909 1767 catelloruln

124 1792 198 1811 more
215 1784 428 1818 imperatoribus
444 1785 562 1812 blandiri
580 1786 668 1812 coacti
685 1785 829 1812 fuerimus.
843 1786 910 1812 Nam

125 1829 186 1864 quid
202 1830 288 1861 aliud,
303 1838 407 1864 quaso,
422 1829 592 1863 fecissemus,
608 1838 670 1857 eum
685 1831 825 1865 primariae
837 1832 911 1858 sedis

125 1875 276 1910 pontificem
303 1880 331 1902 et
351 1881 482 1909 caeteros,
508 1881 538 1902 ut
561 1876 659 1904 ordine
683 1877 910 1911 subsequuntur,

125 1920 275 1954 episcopos,
295 1921 376 1948 unico
394 1925 464 1948 nutu
483 1926 511 1947 ct
532 1921 617 1949 verbo
631 1922 788 1955 permisisse
803 1923 911 1949 videre-

127 1973 200 1998 mus,
220 1971 250 1992 ttt
275 1974 351 1993 sacra
376 1966 495 1993 clinodia
518 1967 705 1994 avellerentur
729 1968 798 2001 (67),
822 1969 912 2003 genti—

127 2011 228 2046 busque
261 2017 389 2047 tanquam
435 2013 551 2040 canibus
581 2014 614 2040 ad
648 2014 743 2048 epulas
779 2015 912 2049 parandas

129 2063 347 2091 exponerentur:
365 2067 427 2085 eum
448 2066 495 2086 sua
513 2059 612 2093 cuique
635 2061 751 2093 privato,
779 2060 835 2087 imo
856 2062 912 2088 rei-

130 2103 240 2138 publica:
256 2112 373 2144 quoque
393 2104 464 2139 ipsi,
482 2110 511 2132 ut
527 2105 563 2132 ita
581 2105 682 2138 dicam,
698 2111 772 2133 sarta
794 2111 864 2134 tecta
884 2111 913 2134 et

130 2149 227 2184 integra
245 2155 399 2182 manerent,
417 2156 445 2178 et
467 2151 494 2178 in
513 2152 622 2178 futuros
638 2160 703 2178 usus
729 2160 743 2178 a
766 2153 825 2180 suis
848 2161 911 2188 pos-

130 2197 275 2223 SCSSOl‘ibllS
290 2197 529 2224 recanderenlur?

162 2242 276 2269 Omnino
292 2243 314 2269 si
335 2248 437 2271 temere
457 2244 658 2272 restitissemus
671 2265 678 2277 ,
703 2245 815 2274 obtorto
837 2246 909 2273 haud

131 2289 205 2316 dubie
220 2289 291 2317 collo
316 2289 350 2316 de
375 2289 507 2317 tribunali
532 2291 631 2326 dejecti
658 2291 818 2320 fuissemus.
841 2293 909 2320 Illud

131 2335 195 2363 enim
209 2336 364 2370 exemplum
381 2335 570 2370 impudentiae,
583 2337 630 2371 qui
642 2337 723 2364 nobis
738 2337 764 2365 id
780 2339 911 2373 temporis

132 2381 260 2409 assidebat
284 2382 436 2417 imperator
452 2382 522 2409 nihil
547 2390 601 2409 non
627 2390 725 2410 eorum
748 2391 808 2418 qua:
835 2392 910 2416 pete-

133 2427 235 2459 bantur,
260 2428 332 2454 ullro
357 2428 534 2456 concedebat.
560 2428 650 2462 Quare
671 2429 693 2456 si
721 2430 783 2464 quis
809 2430 908 2458 affectu

134 2473 199 2501 omni
216 2478 332 2507 semoto,
348 2482 405 2501 rem
422 2475 531 2507 penitus
543 2476 700 2510 perspicere
722 2476 804 2508 velit,
821 2476 910 2503 eccle-

136 2519 250 2547 siasticos
281 2519 354 2547 haud
390 2519 473 2547 dubie
505 2521 584 2555 plura
614 2521 775 2556 designasse
809 2522 911 2556 flagitia

136 2567 286 2601 comperiet,
300 2574 381 2601 quam
400 2567 574 2601 imperatoris
589 2567 646 2602 (68)
668 2568 774 2596 aulicos
786 2573 814 2596 et
829 2569 912 2596 satel-

135 2612 196 2639 lites.
211 2610 244 2638 lli
259 2611 333 2638 enim
349 2618 530 2646 quaecumque
551 2611 658 2646 imperii
674 2613 844 2648 magnitudo.
861 2621 911 2648 po-

136 2658 228 2686 testatis
242 2657 438 2693 praecellentia,
453 2662 482 2685 et
496 2658 623 2686 voluntas
644 2659 724 2690 tulit,
743 2667 775 2686 ea
797 2667 847 2694 per
871 2659 912 2687 fas

136 2709 159 2732 et
170 2705 241 2731 nefas
255 2705 488 2738 destgnaverunt;
505 2704 533 2731 hi
548 2708 642 2732 autem
660 2710 689 2732 et
704 2705 912 2741 coadjutoribus

169 2771 264 2806 (65-66)
296 2773 334 2800 De
359 2773 515 2808 huiusmodi
531 2772 679 2808 pharologis
695 2772 847 2808 ,Cbrysost.
878 2774 906 2802 in

140 2811 332 2843 comparatione
350 2810 422 2844 regis
437 2809 471 2835 ad
492 2808 670 2844 monachum.

171 2843 220 2879 (ὕῖ)
235 2843 527 2871 ὃθεγυτυιηναεοι-ιιῐη
542 2843 750 2872 distractionem
777 2845 907 2881 intelligit

287 2893 421 2923 PATROL.
446 2892 504 2922 Gn.
530 2891 689 2924 CXXXIX.

915 116 951 143 ιιι
981 115 1051 144 LIB.
1075 115 1106 144 V.
1679 113 1748 146 1386

925 177 946 201 Α
961 172 1022 197 suis
1037 171 1195 198 domesticis
1207 191 1213 200 .
1230 170 1283 197 illis
1299 170 1410 205 quidem
1433 169 1571 200 hostibus.
1594 174 1621 197 et
1647 170 1749 197 aulico-

964 224 1025 243 rum
1042 217 1181 251 plerisque
1197 216 1327 251 perniciei
1339 221 1465 244 auctores
1477 215 1609 250 exiliique
1621 215 1749 248 fuerunt;

962 262 1066 297 quippe
1082 262 1128 296 qui
1156 267 1285 297 tanquam
1305 263 1360 289 Deo
1380 261 1578 289 succenturiati
1601 262 1750 296 opituiato-

962 316 1020 340 res,
1033 309 1077 344 jus
1090 308 1271 342 persuadendi
1287 308 1431 338 haberent;
1446 308 1551 342 quique
1562 307 1632 334 nihil
1647 308 1750 342 absque

963 354 1060 382 divino
1081 354 1212 381 instinctu
1228 360 1276 381 aut
1294 354 1385 381 dicere
1399 359 1446 381 aut
1464 361 1545 389 agere
1561 358 1751 381 censerentur.

964 400 1047 427 Pauci
1062 401 1134 426 enim
1156 404 1238 430 sunt.
1257 400 1304 434 qui
1328 407 1376 434 per
1398 399 1545 427 fenestram
1571 399 1690 432 pectoris
1712 399 1755 426 in.

964 446 1138 480 trospicere,
1170 445 1351 480 e0rdiumque
1379 445 1560 480 cogitationes
1594 451 1753 479 perspectas

966 492 1068 519 habere
1096 496 1210 526 queant.
1235 491 1288 519 Sed
1322 492 1379 519 [nec
1415 492 1563 524 hactenus;
1592 499 1626 518 ne
1652 492 1753 526 quibus

966 540 1036 565 forte
1057 539 1168 573 propria
1192 543 1302 574 peccata
1328 539 1354 565 in
1379 543 1483 573 tergum
1511 538 1646 572 rejicere,
1662 538 1752 564 aliena

965 592 1030 611 vero
1050 585 1189 612 anteriore
1213 586 1338 612 uiantira:
1354 589 1431 620 parte
1453 591 1574 620 gestare,
1597 592 1684 620 caque
1705 592 1753 611 cu-

967 631 1130 658 r20siorihus
1145 631 1231 657 oculis
1247 632 1401 666 inspectare
1419 631 1522 658 videar.

1248 697 1324 724 CAI‘.
1352 697 1470 725 XXVIII.

986 758 1021 784 De
1036 757 1265 784 Santi/triariorum
1286 758 1464 792 episcoporum
1484 758 1628 792 hypocrisi,
1644 757 1738 784 vra'ci-

1102 794 1211 827 puisquc
1228 793 1354 819 litt-reseas
1366 801 1456 819 eorum
1472 793 1610 827 capitibus.

928 812 947 840 Ιι

1000 861 1034 889 Ut
1050 869 1115 895 ergo
1137 860 1209 888 unde
1222 861 1345 895 digressa
1361 865 1412 892 cst,
1429 867 1462 887 eo
1475 867 1504 887 se
1519 859 1619 887 referat
1642 860 1730 887 oratio
1746 880 1753 891 .

964 907 1106 934 videmnus
1121 915 1181 941 qua:
1205 911 1234 933 et
1257 907 1348 942 qualia
1376 907 1480 934 fuerint
1508 906 1552 933 illa
1573 906 1655 933 verba
1669 926 1677 938 ,
1695 914 1756 941 qua:

964 955 1071 982 Ariame
1100 955 1153 982 illis
1187 959 1409 990 propugnatores
1447 954 1580 982 adversus
1613 954 1754 981 Christum

963 1006 1162 1037 conccperunl,
1179 1006 1205 1028 et
1225 1006 1399 1036 pepererunt.
1417 1001 1663 1036 freqttentibusque
1674 1009 1756 1032 syno-

964 1048 1008 1075 dis
1032 1048 1209 1080 convocatis,
1242 1048 1365 1075 onmiutn
1399 1047 1513 1074 auribus
1547 1052 1754 1082 exposuerunt,

964 1094 1083 1129 denique
1103 1098 1231 1129 tauquam
1248 1093 1401 1120 orthodoxa
1418 1093 1583 1120 confirmare
1598 1093 1656 1120 ausi
1677 1097 1753 1125 sunt.

964 1140 1089 1175 quamvis
1118 1140 1228 1167 interim
1261 1139 1330 1166 nihil
1360 1139 1412 1166 nisi
1452 1147 1555 1166 Inerant
1586 1138 1754 1172 impietatem

964 1185 1112 1219 spirareut,
1127 1188 1258 1218 tanquam
1275 1183 1430 1210 adulterina
1451 1187 1478 1210 et
1492 1183 1525 1210 ab
1539 1182 1666 1209 Ecclesiae
1690 1189 1756 1216 apo-

964 1230 1068 1257 stolica:
1095 1229 1203 1264 placitis
1226 1228 1325 1257 aliena.
1352 1228 1389 1255 Ac
1412 1227 1530 1263 primum
1557 1228 1667 1262 quidem
1693 1227 1756 1262 quis

965 1277 1106 1313 Thcognin
1122 1277 1229 1308 Niczezc,
1249 1276 1397 1303 Eusebium
1414 1275 1590 1306 Nicomedizc,
1607 1279 1687 1309 atque
1702 1275 1759 1301 Eu-

965 1324 1070 1350 sebium
1093 1323 1242 1355 Cursarem,
1265 1330 1325 1357 quas
1345 1327 1387 1349 est
1412 1322 1438 1348 in
1458 1322 1613 1353 Palaestina,
1637 1329 1691 1348 non
1711 1329 1757 1348 ac-

965 1370 1059 1396 cusel?
1076 1370 1121 1404 qui
1141 1369 1269 1395 illiberali
1291 1373 1319 1396 et
1346 1368 1524 1402 pontificibus
1543 1367 1654 1402 indigno
1671 1375 1754 1395 sensu

966 1415 1072 1450 praediti
1102 1416 1214 1442 fuerint.
1253 1414 1321 1442 Cum
1354 1414 1428 1441 enim
1462 1414 1597 1442 haeretica:
1630 1414 1756 1440 factionis

965 1466 1067 1493 essent,
1087 1466 1306 1495 vercrcnturque
1319 1469 1352 1488 ne
1371 1461 1490 1495 propriis
1505 1460 1636 1487 Ecciesiis
1648 1460 1756 1487 excide-

966 1514 1043 1540 rcnt,
1072 1515 1119 1536 aut
1149 1509 1260 1535 infamia
1287 1513 1470 1541 notarentur,
1502 1508 1597 1535 Arimn
1630 1508 1756 1534 simulate

964 1557 1125 1590 abjuraruut
1144 1566 1148 1581 :
1168 1556 1306 1590 pauloque
1325 1560 1401 1590 post.
1418 1562 1493 1581 more
1513 1562 1611 1581 canum
1631 1553 1663 1580 ad
1691 1562 1756 1589 pro-

964 1601 1052 1635 prium
1091 1601 1223 1628 vomitum
1265 1601 1390 1628 reversi.
1420 1600 1476 1627 Arii
1503 1600 1669 1635 depositioni
1702 1609 1756 1627 nou

964 1652 1175 1678 consenserunt,
1196 1647 1242 1674 sed
1260 1647 1416 1673 resilientes
1436 1647 1541 1673 nullum
1568 1646 1667 1673 eximie
1694 1646 1754 1672 fidei

964 1693 1107 1720 catholca:
1132 1693 1342 1727 impngnandm,
1367 1693 1533 1727 plerumque
1557 1693 1757 1727 oppugnando-

965 1747 1025 1766 rum
1040 1739 1120 1766 finem
1146 1739 1281 1766 fecerunt.
1302 1738 1371 1765 llinc
1398 1737 1573 1764 fraudulenta
1592 1737 1638 1765 illa
1660 1742 1756 1764 contra

964 1785 1139 1812 Eustathium
1153 1784 1279 1815 consilia,
1304 1784 1369 1810 hinc
1386 1785 1546 1818 frequentes
1569 1783 1621 1810 illre
1637 1783 1732 1819 synodi
1748 1803 1756 1814 ,

964 1830 1066 1864 quibus
1096 1830 1240 1864 ὁμοούσιον
1275 1830 1360 1857 dictio
1397 1835 1527 1864 tanquam
1557 1837 1572 1855 a
1603 1829 1756 1863 Scripturis

963 1876 1051 1903 aliena
1077 1875 1244 1903 censebatur
1270 1875 1342 1910 apud
1384 1875 1445 1902 illos
1474 1881 1503 1902 et
1534 1874 1756 1909 explodebatur.

963 1923 1078 1956 ejusque
1102 1921 1162 1949 loco
1187 1929 1259 1948 nunc
1283 1921 1448 1955 ὁμοιούσιον,
1472 1928 1546 1948 nunc
1566 1921 1668 1955 ὁμοτον,
1688 1921 1756 1947 alias

963 1968 1046 1995 etiam
1063 1967 1191 2002 ἀνόμοιον
1202 1986 1209 1998 ,
1223 1967 1424 1994 obtrudebatur
1442 1975 1449 1994 :
1471 1975 1531 2002 qua:
1551 1967 1641 1994 omnia
1658 1967 1756 1994 Filium

964 2022 979 2041 a
1002 2014 1154 2042 substantia
1178 2013 1267 2041 Patris
1292 2014 1413 2041 alienum
1433 2013 1548 2040 faciunt.
1574 2013 1602 2040 In
1623 2021 1655 2040 ea
1681 2014 1755 2040 enim

965 2060 1101 2087 sententia
1118 2064 1216 2090 erant.
1239 2063 1266 2087 ut
1292 2059 1373 2086 Pater
1393 2060 1481 2094 prima
1505 2063 1532 2086 et
1557 2059 1665 2094 propria
1691 2059 1757 2086 sub-

965 2106 1065 2133 stantia
1096 2105 1252 2137 dieeretur,
1279 2106 1365 2133 Filius
1388 2110 1480 2133 autem
1509 2106 1640 2133 secunda.
1666 2105 1756 2140 Atque

928 2165 948 2191 θ
966 2153 1074 2180 Patrem
1096 2153 1208 2187 quidem
1232 2153 1316 2179 Deum
1352 2152 1463 2187 proprie.
1486 2152 1632 2184 dicebant,
1655 2151 1755 2178 Filium

964 2203 1055 2226 autem
1076 2207 1125 2234 per
1147 2199 1369 2234 homonymiam,
1386 2199 1437 2225 hoc
1456 2203 1516 2230 est,
1530 2198 1688 2233 :equivoce,
1707 2205 1756 2223 no-

964 2245 1046 2273 minis
1065 2245 1224 2275 substantitr.
1241 2250 1268 2272 et
1285 2245 1395 2272 deitatis
1410 2245 1571 2280 participem
1587 2252 1657 2272 esse.
1672 2243 1753 2271 Verbi

964 2292 1051 2326 gratia
1074 2291 1159 2318 Deum
1182 2292 1289 2318 Patrem
1316 2291 1453 2326 dogmatis
1477 2290 1534 2318 suis
1557 2291 1679 2318 animato
1695 2291 1755 2317 ani-

965 2338 1039 2367 mali.
1058 2337 1156 2364 Filium
1172 2341 1263 2364 autem
1280 2338 1400 2364 inanimo
1415 2342 1442 2364 et
1459 2338 1533 2372 picto
1557 2337 1674 2365 similem
1693 2344 1754 2364 esse

966 2385 1115 2419 fingebant.

998 2429 1133 2463 Quocirca
1158 2431 1266 2457 Patrem
1290 2431 1377 2457 Deum
1405 2431 1533 2465 proprie,
1562 2435 1592 2457 ut
1613 2429 1754 2461 diximus,

964 2477 1063 2504 Filium
1078 2485 1154 2508 vero.
1168 2477 1315 2512 quamdam
1336 2477 1451 2504 Deitatis
1466 2476 1611 2511 imaginem
1630 2475 1755 2503 nomina-

964 2524 1032 2551 bant
1049 2531 1056 2550 :
1073 2523 1110 2550 ita
1126 2527 1155 2550 ut
1169 2523 1308 2550 incassum
1329 2522 1397 2550 Filio
1418 2527 1446 2548 et
1470 2521 1621 2549 divinitatis
1637 2525 1665 2548 et
1686 2521 1753 2548 sub-

965 2570 1073 2597 stantiae
1097 2577 1196 2597 nomen
1219 2568 1392 2604 aﬂingerent.
1417 2567 1486 2600 Quia
1511 2568 1585 2595 enim
1619 2567 1717 2594 Filium
1740 2575 1755 2594 a

965 2616 1055 2643 Patris
1077 2615 1230 2642 substantia
1255 2614 1453 2649 sejungebant,
1480 2613 1644 2648 Patremque
1667 2614 1754 2640 Deum

967 2662 1079 2698 proprie
1095 2661 1279 2696 nominantes,
1296 2661 1396 2688 Filium
1417 2660 1452 2687 ab
1475 2660 1536 2695 ejus
1551 2660 1670 2687 essentia
1692 2667 1756 2694 pro-

968 2707 1117 2735 fitebantur
1133 2707 1272 2738 alienum,
1294 2715 1328 2734 eo
1349 2707 1448 2740 fiebat,
1465 2711 1495 2734 ut
1519 2714 1582 2734 eum
1606 2707 1707 2733 frustra
1729 2710 1757 2732 et

959 2775 1039 2809 cujus
1054 2774 1168 2802 Alexius
1183 2773 1344 2801 Comnenus
1365 2774 1391 2801 in
1404 2774 1494 2801 Aurea
1525 2773 1602 2800 Bulla
1617 2771 1753 2809 meminit,

996 2807 1052 2844 U38)
1083 2809 1272 2845 Andronicum
1306 2809 1455 2845 intelligit,
1489 2809 1524 2836 de
1552 2816 1607 2844 quo
1641 2807 1756 2835 Michael

958 2845 1107 2873 Choniates
1125 2845 1151 2871 in
1169 2844 1306 2873 Mouodia.

1565 2891 1602 2921 Ισίι
