1927 3085
105 124 181 157 1383

407 179 482 206 CAP.
512 177 596 206 XXX.

99 246 146 274 De
163 247 278 274 Aetionis
294 251 317 273 et
344 247 487 278 A'uomoeis,
504 246 596 281 quibus
616 246 778 281 Eunomiani
796 254 896 281 quarto

141 286 324 309 «recensentur.
353 283 422 308 Aelii
442 282 494 308 vita
521 286 545 307 et
567 282 692 307 maribus.
718 280 856 314 Stephani
872 288 895 307 et

141 316 244 352 Qnagri
259 317 395 343 leudiculis
408 318 434 342 in
448 318 578 350 episcopos
599 317 700 348 aliquot
711 351 715 352 ν
727 318 894 342 orthodoa'os.

141 351 252 393 Leontio
282 353 391 378 evitato.
419 352 630 385 Antiphonurum
662 351 895 377 ecclesiasticarum

140 393 254 421 origine.

141 451 210 485 Quae
226 451 260 479 de
285 451 364 478 Aetio
385 455 413 478 et
436 450 572 478 Eunomio
602 450 845 481 circumferuntur,
864 456 895 475 ea

66 518 69 520 -
99 499 257 534 Gregorius
282 497 392 532 quidem
420 497 571 532 Nyssenus,
599 496 816 530 Theodorusque
840 495 897 522 Μο-

100 549 273 579 psuestenus
298 543 441 578 pluribus,
472 542 642 577 Epiphanius
673 547 764 569 autem
794 540 896 576 Cypri.

100 589 293 616 Theodoritus
307 588 380 623 Cyri,
396 592 424 614 et
440 587 689 614 ecclesiasticarum
714 585 895 612 Historiarum

101 634 258 669 scriptores
284 633 514 661 suceinctioribus
543 633 634 659 verbis
656 631 793 666 prosecuti
820 635 896 660 sunt,

100 688 139 707 ex
156 681 257 715 quibus
271 680 400 707 omnibus
424 687 456 707 ea
474 678 589 706 mutuati
605 685 710 709 sumus,
732 685 792 711 quae
817 677 897 703 nobis

101 727 217 754 utiliora
236 731 264 753 et
279 725 527 754 accommodatiora
543 725 601 752 visa
621 729 695 752 sunt.

141 772 292 799 Sciendum
311 773 402 806 itaque
416 776 468 803 est,
485 771 593 798 Aetium
608 770 776 802 Antiochite,
794 777 854 804 qua:
869 770 895 796 in

102 817 186 853 Syria
202 822 253 847 est.
269 821 359 844 ortum
377 816 473 848 fuisse,
494 821 586 851 atque.
604 820 633 842 ut
650 815 787 850 Nyssenus
800 820 897 841 auctor

739 116 937 152 TIIESAURI
956 119 1029 154 LIB.
1052 118 1086 153 ν.

909 182 931 207 Α
947 178 991 204 ille
1009 178 1183 213 Stephanus.
1201 184 1246 212 qm
1263 182 1317 204 non
1332 177 1465 204 haereseos
1479 176 1566 204 solum
1582 176 1732 203 antistitem

1665 117 1732 148 1390

947 230 976 250 se
998 224 1130 258 przcbuit,
1157 231 1250 250 verum
1282 223 1424 250 innumera
1453 230 1559 256 quoque
1585 222 1636 248 alia
1664 222 1733 248 mala

947 268 1108 303 designavit,
1129 268 1231 295 nullam
1247 275 1302 295 non
1319 268 1447 302 nequitia:
1462 266 1647 302 fmditatisque
1670 275 1734 302 spe-

947 313 1016 340 ciem
1033 317 1194 347 persecutus
1209 322 1216 339 :
1231 314 1278 348 qui
1296 313 1425 340 lectorem
1440 313 1585 347 quemdam
1600 312 1733 339 scelerum

947 366 1058 385 suorutn
1073 358 1266 385 administrum
1291 363 1319 385 et
1344 363 1471 392 tanquam
1494 357 1667 383 emiSsarium
1685 357 1734 383 ha-

947 405 1036 435 iteret,
1053 404 1099 438 qui
1117 412 1148 431 ea
1161 404 1195 431 dc
1211 411 1292 431 causa
1310 403 1417 438 Onager
1432 403 1605 437 perapposita
1624 403 1733 429 nomine

948 451 1109 481 dicebatur,
1142 451 1221 485 cujus
1248 456 1331 484 opera
1359 449 1404 476 ille
1433 450 1549 476 fabulam
1577 449 1733 481 hujusmodi

948 497 1065 524 adorsus
1082 501 1135 524 est.

986 540 1075 567 Finita
1099 540 1257 568 Sardicensi
1292 541 1397 575 synodo
1430 540 1564 567 Constans
1596 539 1658 574 pius
1690 539 1734 565 ille

949 585 1134 613 Romanorum
1179 586 1331 621 imperator
1357 586 1391 613 ad
1428 593 1589 621 germanum
1621 586 1734 612 fratrem

949 638 1029 657 suum
1061 631 1253 659 Constantium
1293 639 1377 666 super
1411 631 1560 658 Athanasio
1596 637 1625 657 et
1651 631 1735 658 Paulo

949 677 1106 711 scripserat.
1121 678 1239 705 Litteras
1258 678 1416 713 Euphratas
1433 683 1461 704 et
1486 677 1647 705 Vincentius
1674 676 1734 710 epi-

950 723 1024 758 scopi
1043 731 1095 750 una
1115 731 1177 750 cum
1203 724 1296 750 Salino
1321 724 1439 750 militum
1465 724 1580 751 ductore
1612 723 1734 757 pertule-

951 772 1020 794 rant.
1038 768 1166 800 Quicum
1188 768 1362 795 Antiochiam
1387 769 1567 803 appulissent.
1586 768 1632 795 ubi
1662 768 1734 795 Cott-

950 812 1069 839 stantius
1083 812 1110 839 id
1137 813 1268 846 temporis
1288 816 1371 842 esset,
1389 812 1415 839 iu
1439 812 1586 846 hospitium
1615 811 1736 838 diverte-

103 868 164 896 est,
183 863 292 890 mulieri
317 863 424 890 cuidam
449 862 583 897 Ampelidi
611 862 721 888 nomine
747 862 894 891 serviisse,
913 853 933 880 Β
950 863 1024 886 runt.
1036 858 1221 886 Detestandus
1239 864 1330 886 autem
1355 858 1511 892 Stephanus
1538 857 1640 892 Onagri
1652 865 1736 891 opera

101 918 171 937 cum
187 910 309 937 fabrilem
325 915 412 936 artem
426 913 579 939 exerceret.
594 915 733 943 parvoque
749 907 847 934 malleo
868 911 896 934 et

102 963 191 990 parva
208 955 309 982 incude
323 961 388 981 vasa
402 960 472 980 aerea
486 951 583 979 detrita
601 951 762 983 resarciret,
780 955 835 978 tum
856 952 895 977 fo-

104 1001 214 1028 ramina
237 1000 387 1032 obturans,
416 1003 473 1025 tum
500 997 678 1032 liquefactum
703 1003 829 1024 stannum
856 996 897 1023 eis

103 1047 275 1078 infundens,
311 1046 431 1073 lebetum
469 1044 589 1078 denique
625 1044 765 1070 ventribus
806 1043 896 1069 infuso

104 1092 223 1127 plumbo
246 1091 412 1119 mederetur.
428 1090 463 1118 Ut
479 1093 577 1125 Enutem
604 1089 827 1124 Mopsucstiensis
849 1096 898 1115 au-

105 1143 169 1165 ctor
183 1143 242 1168 est,
259 1142 334 1171 patre
358 1136 403 1163 ille
420 1135 508 1162 libero
524 1134 633 1169 quidem
648 1153 656 1165 ,
676 1140 704 1160 at
722 1133 833 1160 aurifice
850 1141 897 1168 pa—

106 1176 267 1218 pilionario,
283 1182 335 1208 hoc
348 1185 401 1212 est,
415 1181 520 1208 aedibus
535 1184 656 1211 carente,
673 1179 720 1206 sed
735 1179 897 1214 papilionem

106 1236 157 1256 seu
176 1227 383 1256 tabernaculum
397 1226 459 1261 pilis
476 1230 504 1253 et
518 1225 584 1253 setis
595 1230 763 1256 contextum.
782 1225 898 1259 ideoque

107 1274 175 1305 vile,
194 1271 421 1304 circumferente,
445 1275 526 1306 atque
542 1271 611 1298 adeo
625 1271 855 1302 circumforaneo,
871 1275 898 1297 et

109 1318 236 1346 minutiis
263 1317 427 1352 quibusdam
450 1316 611 1351 frivolisque
633 1316 762 1350 operibus
796 1317 898 1344 victum

108 1364 137 1391 in
153 1363 225 1391 diem
248 1363 299 1390 sibi
322 1366 510 1397 eomparante,
538 1367 618 1389 natus
644 1367 695 1389 est.
727 1362 812 1394 Quem
836 1370 898 1389 eum

109 1410 394 1444 ﬁliussequeretur,
425 1416 487 1435 eum
515 1408 543 1435 in
570 1407 714 1435 artificiale
759 1408 811 1435 hoc
849 1416 899 1435 suo

110 1455 251 1487 instruxit,
277 1456 331 1482 imo
347 1462 411 1482 vero
434 1454 529 1489 primis
546 1462 656 1489 quoque
674 1454 827 1481 litterarum
852 1463 899 1480 ru-

111 1501 242 1528 dimentis
256 1501 334 1528 illum
353 1501 497 1528 instituere
511 1505 626 1527 conatus
645 1506 707 1531 est,
730 1506 899 1535 eatenusque

111 1547 258 1582 promovit,
273 1552 303 1574 ut
314 1551 504 1574 contractuum
521 1546 604 1573 verba
622 1546 778 1573 describere
795 1551 898 1581 posset.

109 1593 188 1626 Quod
214 1598 304 1620 autem
331 1593 425 1620 Aetius
449 1592 554 1619 aurifex
584 1592 678 1624 fuerit,
703 1592 764 1628 ejus
789 1599 897 1627 quoque

110 1646 224 1666 consors
246 1639 446 1674 Philostorgius
472 1639 553 1666 tertio
580 1638 705 1667 Historia:
740 1646 796 1666 suae
827 1639 898 1666 libro

112 1691 208 1712 auctor
218 1689 260 1712 est
274 1693 281 1713 :
299 1685 381 1712 «Cum
394 1686 496 1720 itaque,
513 1685 611 1720 inquit,
627 1685 748 1712 animum
759 1685 851 1712 Actius
864 1685 896 1712 ad

111 1730 264 1757 aurificium
280 1730 441 1765 appulisset,
456 1738 580 1757 summus
593 1730 681 1757 evasit
694 1730 812 1757 aurifex.
829 1730 896 1757 Cum

111 1781 200 1802 autem
220 1783 334 1809 operum
354 1775 405 1803 sibi
422 1775 632 1802 commissorum
649 1776 795 1810 quodpiam
819 1776 898 1803 adul-

113 1825 237 1851 terasset.
253 1820 377 1851 acribus,
395 1824 426 1846 ut
443 1827 492 1855 par
512 1825 553 1847 est
564 1841 571 1852 ,
589 1820 681 1855 flagris
695 1820 829 1850 dissectus
846 1828 897 1848 est.

113 1867 207 1894 Postea
223 1873 285 1894 cum
304 1873 332 1893 se
351 1865 404 1893 hac
428 1871 488 1892 arte
514 1866 633 1893 tenuiter
647 1866 722 1901 juxta
746 1869 775 1893 et
789 1867 899 1894 sordide

111 1911 214 1943 vivere,
237 1911 402 1939 christianos
417 1916 510 1938 autem
525 1919 631 1938 summa
643 1919 705 1938 cum
730 1911 899 1940 humanitate

113 1956 240 1990 quosvis,
264 1956 382 1983 maxime
411 1960 502 1982 autem
528 1963 586 1982 sua:
612 1955 751 1990 religionis
776 1955 900 1983 homines

113 2002 237 2036 excipere
252 2001 368 2034 videret,
399 2005 457 2028 arte
479 2000 585 2036 relicta.
609 2005 768 2035 mutatoque
793 2001 899 2033 habitu,

114 2047 325 2082 philosophicam
374 2051 456 2080 atque
492 2046 561 2073 adeo
602 2047 780 2074 christianum
814 2047 897 2073 vitam

114 2093 279 2123 ementitus,
311 2093 412 2120 multos
439 2093 558 2120 asseclas
587 2093 701 2120 invenit.
733 2093 801 2120 Tum
833 2100 898 2120 vero

115 2138 301 2165 Alexandriam
329 2137 466 2172 profectus
489 2146 550 2166 cum
579 2147 680 2173 paucos
705 2139 810 2174 aliquot
839 2139 899 2166 dies

950 905 1124 931 meretricem
1154 905 1297 936 conduxit,
1324 910 1463 938 noctuque
1491 904 1518 930 in
1544 904 1735 938 episcoporum

948 950 1131 978 diversorium
1145 951 1281 978 introduci
1296 950 1379 986 jussit
1396 958 1401 976 :
1419 955 1501 984 atque
1515 949 1647 984 quosdam
1668 949 1736 977 sub-

948 997 1057 1023 ornavit
1073 1016 1080 1029 ,
1103 997 1150 1031 qui
1178 997 1349 1023 meretricem
1375 1003 1437 1023 cum
1452 996 1591 1030 episcopis
1605 1003 1666 1023 esse
1680 996 1736 1022 cla—

949 1048 1065 1070 marent.
1082 1043 1150 1070 Cum
1165 1048 1256 1070 autem
1275 1042 1403 1069 fortiores
1416 1047 1509 1069 essent
1532 1043 1666 1076 episcopi,
1684 1050 1734 1068 eo-

950 1096 1066 1122 rumque
1077 1088 1299 1120 contubernales,
1317 1092 1345 1115 et
1357 1087 1528 1114 meretricem
1541 1091 1569 1114 ct
1583 1088 1642 1122 ejus
1652 1087 1738 1116 admi-

950 1134 1054 1161 nistros
1070 1134 1095 1160 vi
1111 1134 1304 1162 detitmerunt.

985 1179 1050 1211 Qua:
1080 1179 1170 1206 fabula
1199 1179 1280 1206 simul
1305 1183 1388 1213 atque
1415 1179 1449 1206 ad
1477 1178 1631 1206 Constantii
1656 1186 1738 1206 aures

950 1226 1052 1260 perlata
1069 1231 1111 1253 est
1128 1225 1327 1253 calumniatore
1354 1225 1496 1260 Stephano
1513 1226 1650 1260 deposito,
1681 1233 1735 1252 non

950 1271 1040 1297 minus
1064 1271 1163 1297 malum
1177 1271 1299 1298 evlratus
1315 1270 1447 1298 Leontius
1460 1271 1489 1298 in
1500 1271 1560 1306 ejus
1572 1271 1662 1298 locum
1678 1272 1736 1298 suf-

951 1318 1040 1345 fectus
1060 1323 1114 1350 csl,
1129 1317 1175 1352 qui
1199 1318 1253 1353 jam
1272 1317 1435 1352 presbyterii
1460 1317 1564 1345 honore
1586 1317 1737 1349 exciderat,

951 1364 1013 1397 quia
1029 1371 1090 1390 cum
1106 1363 1195 1397 puella
1211 1363 1328 1398 quadam
1356 1363 1476 1390 Eustolia
1492 1363 1602 1390 nomine
1615 1362 1738 1397 quotidie

951 1409 1181 1441 conversahatur,
1195 1408 1332 1444 lmjusque
1353 1409 1534 1443 turpitudinis
1550 1410 1737 1444 suspicionem

956 1461 970 1479 a
983 1461 1012 1480 se
1030 1454 1194 1481 nmoliturus
1211 1454 1300 1480 virilia
1316 1454 1367 1481 sibi
1379 1461 1573 1489 praesecuerat,
1589 1459 1645 1481 tum
1662 1455 1740 1482 dein-

952 1507 1016 1534 ceps
1042 1499 1158 1527 liberius
1185 1499 1218 1526 ad
1244 1500 1316 1527 illam
1342 1500 1525 1531 commeabat,
1547 1501 1580 1527 iis
1606 1501 1737 1527 nimirum

953 1544 1083 1572 membris
1098 1546 1232 1579 privatus,
1248 1553 1308 1580 quae
1321 1546 1464 1573 calumniae
1478 1554 1587 1573 causam
1615 1547 1740 1581 praebue-

952 1596 1023 1617 rant.
1042 1590 1091 1618 llic
1103 1599 1168 1626 ergo
1185 1591 1340 1619 Constantii
1354 1592 1527 1624 imperatoris
1541 1600 1624 1627 opera
1640 1598 1668 1620 et
1682 1598 1740 1620 stu-

952 1636 998 1662 dio
1017 1636 1050 1663 ad
1066 1636 1269 1663 Antiochenam
1295 1636 1484 1670 episcopatum
1503 1642 1616 1664 evectus
1637 1637 1737 1664 fuerat.

952 1681 1086 1709 Caeterum
1111 1689 1160 1716 per
1178 1681 1204 1708 id
1241 1686 1348 1716 tempus
1370 1681 1523 1708 Antiochiae
1552 1681 1696 1713 ﬂorebant,
1711 1687 1740 1708 et

952 1728 1054 1754 virtute
1072 1728 1244 1761 scientiaque
1264 1727 1387 1754 celebres
1404 1727 1575 1754 habebantur
1592 1727 1739 1754 Flavianus

952 1778 980 1799 et
998 1773 1144 1804 Diodorus,
1168 1780 1285 1807 quorum
1305 1773 1350 1799 ille
1366 1773 1541 1800 Antiocheno
1556 1773 1738 1808 episcopatui.

954 1818 1001 1844 hic
1016 1818 1145 1845 Tarsensi
1159 1823 1253 1852 postea
1269 1817 1413 1851 praefectura
1425 1823 1476 1844 est.
1494 1817 1584 1853 Atque
1603 1823 1633 1845 ut
1647 1819 1738 1846 Theo-

953 1863 1039 1890 dorus
1059 1863 1269 1897 Mopsuestenus
1285 1863 1392 1894 scribit,
1409 1863 1482 1890 illam
1505 1864 1662 1898 psalmodiae
1679 1872 1741 1899 spe-

952 1911 1035 1942 ciem,
1054 1917 1124 1945 quas
1151 1909 1317 1944 antipbonas
1344 1910 1473 1941 dicimus,
1489 1911 1527 1937 illi
1547 1919 1580 1937 ex
1606 1911 1737 1946 Syrorum

952 1956 1043 1991 lingua
1061 1957 1087 1982 in
1104 1956 1224 1983 Graecam
1241 1956 1454 1988 transtulerunt,
1468 1961 1495 1983 et
1517 1957 1640 1983 omnium
1651 1965 1737 1991 prope

951 2003 1001 2029 soli
1018 1999 1172 2029 admirandi
1205 2002 1288 2037 hujus
1311 2003 1403 2036 operis
1419 2003 1547 2029 omnibus
1564 2003 1640 2029 orbis
1662 2003 1738 2030 chri-

952 2048 1033 2074 stiani
1051 2047 1210 2074 hominibus
1232 2048 1367 2075 Auctore:
1382 2055 1576 2083 apparuerunt.
1603 2050 1738 2078 Heterou-

951 2093 1040 2120 siastze
1058 2093 1169 2127 quidem
1186 2097 1271 2124 certe.
1287 2093 1340 2121 hoc
1357 2099 1409 2125 est,
1434 2093 1539 2126 Ariani,
1564 2095 1671 2123 diversa
1694 2098 1739 2124 Fi-

952 2139 1047 2166 liuma
1072 2138 1154 2165 Patre
1170 2138 1329 2165 substantia
1356 2146 1415 2166 esse
1433 2139 1569 2172 dicentes,
1582 2140 1617 2168 ita
1640 2149 1738 2170 canere

115 2184 294 2211 Aristotclicis
308 2185 421 2218 argutiis
436 2184 591 2212 ediscendis
615 2186 792 2219 transegissct
812 2191 895 2220 atque
915 2199 936 2226 ο
952 2185 1077 2212 solebant
1093 2194 1099 2212 :
1116 2184 1209 2212 Gloria
1226 2185 1299 2212 Patri
1312 2193 1361 2220 per
1377 2185 1475 2212 Filium
1494 2186 1521 2212 in
1540 2186 1645 2221 Spiritu
1673 2195 1739 2215 san-

116 2229 209 2264 aliquis
224 2237 283 2256 esse
295 2229 450 2261 videretur,
467 2238 527 2264 qua:
543 2231 661 2257 hominis
687 2231 792 2258 indoles
803 2252 809 2263 ,
824 2232 896 2259 dica-

117 2277 181 2302 citas
202 2281 229 2302 et
245 2275 412 2309 impudentia
431 2281 500 2306 erat.
515 2283 567 2302 non
584 2284 684 2310 paucos
702 2277 812 2304 laudum
836 2286 898 2304 sua-

118 2329 172 2348 rutn
189 2322 379 2348 buccinalores
398 2321 502 2348 habuit.
518 2322 585 2348 Cum
600 2327 690 2349 autent
703 2324 821 2350 eximius
841 2324 896 2350 Arii

117 2367 268 2401 dogmatum
282 2373 468 2401 propugnator
482 2372 566 2398 esset,
583 2368 636 2394 illis
649 2368 759 2402 quidem
777 2369 898 2395 subscri-

118 2413 175 2445 psit,
194 2411 228 2437 ab
242 2412 350 2438 Arianis
364 2420 428 2438 veru
443 2413 565 2444 secessit,
580 2412 652 2446 quod
669 2414 763 2440 Arium
778 2414 811 2440 ad
824 2421 899 2440 com-

119 2457 270 2483 munionem
298 2457 480 2489 admisissent,
511 2458 558 2492 qui
583 2458 609 2484 in
634 2458 695 2485 ﬁdei
726 2459 898 2486 confessione

119 2503 148 2528 ad
166 2503 356 2536 imperatorem
376 2504 584 2530 Constantinum
608 2504 709 2538 scripta
738 2505 897 2539 pcjerasset.

120 2553 194 2580 atque
210 2548 262 2573 alia
286 2547 416 2581 cogitans.
441 2549 493 2574 alia
511 2549 670 2582 prolocutus
694 2554 778 2576 esset.
803 2550 899 2577 Postea

121 2601 178 2618 ιρι-υ
191 2593 352 2620 Alexandria
379 2593 522 2620 discedens
544 2595 716 2622 Antiochiam
745 2596 834 2622 natale
855 2604 900 2623 so-

121 2638 168 2662 lum
199 2637 297 2668 rediit,
318 2642 398 2672 atque
424 2646 438 2664 a
467 2638 582 2665 Leontio
608 2641 845 2667 Antiochenornm
873 2641 899 2668 id

121 2682 245 2716 temporis
268 2682 396 2716 episcopo
412 2676 543 2717 exceptus
559 2688 611 2710 est.
633 2685 655 2710 A
678 2683 800 2712 discessu
826 2685 899 2712 enim

120 2728 202 2761 magni
212 2728 285 2754 illius
293 2728 457 2761 Eusthathii,
469 2728 643 2763 Euphronius
651 2729 779 2762 Arianus,
791 2731 900 2758 Eusebii

121 2770 332 2799 Nicomediensis
341 2780 423 2807 opera
439 2773 465 2800 ei
483 2773 646 2809 subrogatus
660 2780 711 2801 est.
728 2775 900 2810 Euphronio-

121 2823 168 2850 que
191 2816 347 2849 Pldacitus,
372 2817 429 2845 sive
453 2818 591 2851 Placitus,
613 2820 736 2854 ejusdem
767 2828 830 2848 cum
855 2821 902 2847 illo

124 2862 272 2897 hereseos,
297 2864 438 2891 successit.
468 2864 571 2892 Placito
595 2865 686 2902 itaque
722 2866 903 2902 impiissimus

949 2237 1004 2261 elo.
1021 2231 1174 2258 Flavianus
1192 2237 1282 2258 autem
1302 2232 1408 2266 primus
1419 2233 1552 2260 cecinisse
1569 2233 1738 2270 fertur,Clo.—

951 2279 991 2305 ria
1009 2277 1080 2304 Patri
1106 2282 1133 2304 cl
1149 2277 1217 2304 Filio
1229 2282 1256 2304 ct
1269 2277 1382 2313 Spiritui
1400 2283 1505 2306 sancto.

1250 2343 1327 2371 CAP.
1340 2343 1437 2371 XXXI.

953 2399 1055 2427 lterum
1070 2404 1101 2427 de
1116 2401 1186 2428 Aetii
1200 2406 1224 2427 et
1242 2400 1366 2428 Eunomii
1380 2402 1433 2428 rita
1448 2407 1472 2429 et
1496 2404 1613 2431 moribus
1638 2412 1736 2439 pauca.

987 2457 1135 2492 Exceptum
1166 2465 1243 2491 ergo,
1271 2461 1301 2484 ut
1324 2459 1379 2493 jam
1411 2458 1515 2486 dictum
1541 2465 1594 2490 est.
1625 2459 1736 2487 Aetium

953 2501 1084 2529 Leontius
1121 2503 1268 2530 diaconum
1299 2504 1465 2531 ordinavit:
1491 2505 1535 2531 cui
1565 2513 1628 2531 cum
1658 2505 1738 2533 multi

953 2548 1186 2584 contradicerent,
1223 2556 1308 2583 seque
1351 2549 1384 2575 ab
1423 2549 1545 2576 Ecclesia
1580 2557 1738 2578 accessuros

953 2593 1158 2625 minitarentur,
1186 2597 1215 2620 et
1241 2594 1387 2620 Flavianus
1411 2594 1437 2620 iu
1465 2594 1561 2628 primis
1586 2595 1737 2622 Diodorus—

952 2647 1006 2673 que
1033 2639 1058 2665 id
1086 2639 1176 2666 facere
1203 2643 1353 2672 tentarent,
1386 2639 1515 2674 Aetiique
1546 2639 1663 2667 bteresin
1695 2649 1739 2668 ar-

953 2689 1078 2719 guerent,
1094 2684 1226 2712 Leontius
1245 2684 1343 2718 partiti:
1375 2684 1400 2710 id
1415 2685 1531 2716 veritus,
1559 2687 1658 2720 partim
1674 2694 1738 2713 eum

954 2730 986 2756 ad
1004 2737 1035 2756 ea
1061 2738 1121 2764 quae
1140 2730 1288 2757 subsecuta
1315 2735 1380 2757 sunt
1404 2736 1618 2766 przrparalurus,
1645 2740 1707 2758 eutn
1724 2741 1739 2758 a

953 2777 1097 2803 diaconatu
1109 2776 1220 2810 quidem
1233 2778 1359 2810 removit,
1374 2783 1501 2804 caeterum
1512 2779 1641 2812 majorem
1653 2778 1678 2804 ei
1690 2778 1739 2804 bo-

954 2830 1049 2848 nurcm
1064 2822 1173 2849 detulit.

990 2868 1046 2894 lam
1068 2876 1131 2894 vero
1161 2867 1257 2894 Aetius
1284 2869 1446 2896 temerarius
1480 2875 1508 2897 et
1529 2869 1635 2897 facetus
1667 2874 1738 2901 erat,
