1927 3085
199 107 268 140 1391

821 109 969 139 NICETIE
990 109 1089 140 CHON
1097 108 1195 139 ΙΑΤίΕ

1770 112 1867 144 13ῘΞ

180 172 282 203 atque
309 167 427 195 mimicis
456 167 666 203 tbymelicisque
689 168 875 200 sermonibus,
894 168 979 202 gesti-
997 171 1019 198 Α
1035 168 1109 194 venti
1135 168 1332 195 contineantur
1357 168 1465 202 loculis,
1483 173 1511 196 et
1541 174 1648 202 caetera,
1663 169 1698 197 de
1723 170 1865 205 quibus

199 213 263 245 bus.
283 218 310 241 et
338 213 459 241 cultibus
475 213 615 241 indecoris
629 213 828 241 oblectabatur.
850 213 919 241 Nam
934 221 980 241 ve-

196 266 239 288 ste
249 259 282 286 ad
304 265 380 287 nates
392 267 479 294 usque
500 259 607 287 sublata
628 259 755 286 manibus
784 259 856 286 nuda
874 260 980 286 femora

198 306 335 334 feriebat:
359 307 501 341 alteroque
528 306 598 341 pede
622 306 730 334 sublato
745 310 773 332 et
797 311 892 333 ventre
917 313 980 340 per-

183 361 290 385 -cusso,
307 352 434 387 pcdebat.
467 352 496 379 In
523 352 657 380 conviviis
680 356 769 378 autem
786 352 857 378 inter
882 356 980 378 caetera

199 400 305 427 ludicra
343 400 387 426 Itis
415 399 545 426 convivas
571 397 763 432 alloquebatur
796 398 889 425 verbis
913 406 920 424 :
952 397 980 424 Si

196 445 290 477 vultis,
313 444 417 472 docebo
433 452 490 475 vos,
513 443 578 478 quid
615 443 667 470 sibi
682 443 749 470 velit
776 443 893 478 dogma;
922 447 993 485 tum.

194 490 283 518 tribus
295 490 400 517 ventris
412 489 564 524 crepitibus
579 489 716 516 similibus
733 497 830 524 magno
847 496 908 515 cum
930 497 981 516 an-

194 536 280 564 helitu
296 536 413 567 emissis,
433 536 473 562 sic
494 534 665 562 exclamabat
681 542 687 560 :
706 534 788 566 Ecce,
808 534 979 570 Orthocyllo-

194 590 268 615 rum,
285 583 338 610 hoc
363 587 405 609 est
418 581 676 611 Recticlaudorum.
694 581 791 615 dogma
805 602 812 613 ,
824 582 863 608 sic
886 582 982 609 ortho-

195 627 281 655 doxos
296 635 344 662 per
362 629 619 654 trausmutationem
644 634 756 653 vocans.
774 627 877 654 Deinde
893 628 981 655 tribus

195 673 257 700 aliis
274 672 455 700 dissimilibus
478 672 577 699 efIlatis
594 680 602 698 :
617 671 698 704 Ecce,
719 672 870 706 inquiebat,
887 677 914 700 et
931 681 981 700 no-

193 723 291 747 strum.
310 719 404 751 Quoad
422 725 489 753 ergo
511 718 580 745 vixit
596 718 728 745 Leontius
751 718 860 745 Aetium
881 719 980 754 hujus-

193 765 267 792 modi
282 765 394 792 ludicris
409 764 557 791 ridiculum
580 763 652 797 apud
677 772 706 791 sc
733 764 842 791 habuit.
869 765 980 792 Mortuo

194 815 287 837 autem
304 811 418 837 Leontio
431 810 630 837 Antiochenam
645 811 736 837 sedem
758 810 897 838 Eudoxius
912 810 981 838 Ger-

193 856 373 883 maniciensis
389 855 516 890 arripuit,
535 863 585 882 nec
600 856 706 882 minore
725 856 751 883 in
769 857 869 890 pretio,
887 857 976 885 sinon

194 901 308 935 majore,
322 901 430 928 Aetium
444 909 553 935 quoque
567 901 669 928 habere
683 901 777 936 coepit.

228 945 330 979 Impius
346 953 428 980 porro
443 945 537 973 Aetius
569 951 635 973 tunc
660 947 791 981 temporis
812 947 978 975 Eunomium

192 991 424 1026 blasphemiarum
449 999 560 1018 suarum
584 996 747 1018 assertorem
763 992 869 1025 habuit,
883 1001 898 1020 a
918 1000 972 1027 quo

191 1036 273 1063 etiam
290 1036 429 1071 impietate
445 1042 590 1071 superatus
607 1041 657 1063 est.
685 1038 820 1064 Caeterum
849 1038 977 1065 Eunomii

192 1086 322 1118 parentes
338 1083 429 1110 liberti
443 1083 576 1117 majorum
595 1084 685 1117 magni
699 1084 775 1110 illius
807 1084 899 1111 Basilii
919 1084 979 1111 fue-

189 1132 278 1162 runt;
297 1129 343 1163 qui
360 1128 456 1163 primis
471 1129 625 1155 litterarum
645 1129 811 1156 rudimentis
839 1130 975 1157 imbutum

187 1173 226 1201 ad
240 1173 391 1201 scribarum
407 1175 672 1208 amauuensiumque
700 1175 862 1202 exercitium
891 1175 979 1203 dedit-

191 1224 302 1248 xerunt.
318 1220 481 1247 Parentibus
497 1225 588 1248 autem
604 1221 730 1253 mortuis,
745 1221 978 1257 Constantinopo-

191 1265 241 1293 lim
254 1265 406 1300 profectus,
421 1266 531 1293 maximi
545 1267 664 1294 nominis
695 1267 804 1294 familiae
821 1267 930 1294 cuidam
949 1275 978 1295 se

191 1312 320 1340 addixit:
341 1313 423 1347 eique
447 1321 508 1339 mox
535 1313 664 1340 domituts
687 1313 838 1340 liberorqu
864 1321 977 1341 suorutn

191 1365 284 1385 utram
298 1358 483 1385 demandavit.
499 1358 573 1391 Quos
592 1358 729 1394 paedagogi
750 1359 803 1386 ritu
819 1360 845 1386 in
863 1367 978 1395 gymna-

191 1404 230 1430 sia
249 1404 399 1436 deducens,
417 1405 572 1431 litterarum
587 1405 677 1432 studia
690 1412 752 1432 cum
768 1404 822 1432 illis
852 1413 978 1432 commu-

192 1449 237 1477 nia
253 1449 361 1482 habuit,
378 1455 461 1485 atque
475 1451 574 1478 exinde
589 1451 776 1486 grammaticis
785 1455 813 1478 et
830 1452 978 1480 rhetoricis

186 1495 300 1521 artibus
320 1496 442 1522 imbutus
470 1502 522 1523 est.
535 1499 604 1524 Cutn
632 1501 723 1523 autem
738 1504 802 1524 eum
827 1498 976 1532 aliquando
992 1504 1011 1530 (ι

190 1539 425 1574 paterfamiliasin
441 1541 545 1568 liberos
560 1541 654 1569 nescio
681 1541 747 1576 quid
773 1542 976 1577 dclinquentem

191 1585 433 1619 deprehendisset,
456 1587 597 1622 injuriam,
633 1588 655 1614 si
682 1588 879 1623 divulgaretur,
914 1590 977 1617 filiis

189 1631 250 1658 suis
262 1631 390 1659 dedecori
402 1640 541 1660 cessuram
557 1633 718 1667 arbitratus,
736 1642 798 1661 eum
813 1636 976 1664 verberibus

184 1677 363 1704 ~conscissum
384 1682 440 1705 tota
471 1677 538 1704 urbe
552 1678 685 1705 excedere
699 1679 780 1714 jussit
796 1688 803 1707 :
837 1688 931 1714 poenas
943 1681 977 1708 ab

191 1732 225 1753 ea
243 1731 271 1751 se.
289 1723 398 1761 publice
415 1723 597 1758 repetiturum
613 1725 805 1758 comminatus,
816 1726 838 1753 si
856 1735 919 1753 eum
940 1727 976 1755 de

181 1777 288 1800 caetero
305 1773 375 1807 apud
390 1770 509 1807 aliquem
537 1771 697 1803 conciviutn
718 1779 832 1799 suorum
857 1781 978 1800 commo-

187 1819 247 1846 rari
268 1820 440 1846 rescisceret.
473 1820 540 1847 Erro
567 1822 657 1854 itaque
681 1819 855 1848 Antiochiam
884 1821 975 1854 venit;

187 1864 239 1891 ubi
259 1865 388 1892 Arianam
419 1865 534 1892 tuen-sin
556 1867 710 1900 amplexus,
733 1874 766 1893 eo
781 1867 891 1894 nomine
914 1877 976 1895 cum

189 1912 270 1938 Aetio
291 1915 319 1938 et
343 1911 467 1939 Eudoxio
489 1911 701 1939 familiaritatem
717 1912 770 1939 sibi
792 1915 946 1946 contraxit;
961 1921 976 1941 a

190 1963 247 1990 quo
271 1957 353 1983 etiam
374 1956 495 1989 diaconi,
520 1964 642 1991 moxque
668 1958 820 1993 presbyteri
844 1958 977 1993 dignitate

184 2001 387 2028 cohonestatus
401 2006 453 2028 est.

482 2069 558 2098 CAP.
576 2069 685 2098 XXXII.

191 2126 231 2154 De
254 2126 412 2163 Marp/tentis
439 2127 509 2154 Aetii
535 2127 690 2159 haresibuc,
727 2136 841 2163 quorum
869 2130 977 2157 nomine

341 2162 432 2196 ἄθεος,
447 2163 494 2189 Itoc
511 2166 549 2189 est
568 2163 768 2198 impius,qdictus
787 2169 833 2191 est.

199 2228 388 2265 _I!ujusmodi
416 2236 481 2264 ergo
514 2229 580 2260 vita,
620 2228 749 2256 educatio
778 2234 807 2257 et
842 2229 980 2258 institutio

191 2274 262 2301 Aetii
276 2277 303 2301 et
319 2273 522 2301 Eunomiivfuit.
546 2273 683 2301 Caeterum
706 2274 790 2301 miser
812 2274 908 2302 Aetius
925 2283 976 2310 pu-

192 2320 263 2348 ince
281 2320 475 2355 blasphemans
490 2320 536 2347 Dei
550 2320 650 2347 Filium
685 2320 806 2352 κτιστδν,
827 2321 875 2346 καὶ
888 2320 918 2353 ἐξ
929 2321 980 2348 οὐκ

192 2366 288 2395 ὄντων.
311 2366 358 2392 καὶ
380 2366 510 2400 ἀνόμοιον
538 2365 578 2401 τῷ
591 2367 687 2400 Ila-:91,
709 2366 761 2393 hoc
774 2371 817 2394 est.
839 2363 977 2398 creatum,

193 2417 221 2440 et
241 2411 327 2439 exiis
348 2418 408 2446 qua:
433 2418 487 2438 non
509 2417 599 2445 erant,
615 2420 663 2439 seu
689 2420 721 2439 ex
735 2411 833 2444 nihilo,
860 2412 979 2447 denique

193 2458 430 2486 Putridissimiletn
447 2457 567 2492 proﬁteri
583 2458 677 2492 ccepit.
701 2457 873 2492 Quapropter
896 2457 978 2486 ἄθεος

188 2505 274 2533 etiam
289 2504 379 2531 dictus
391 2508 443 2531 est.
458 2503 569 2537 Adhasc,
584 2503 606 2531 si
618 2503 649 2530 Β.
663 2503 817 2538 Epiphanio
826 2503 975 2534 credimus,

195 2551 238 2578 his
254 2550 346 2578 verbis
371 2550 409 2577 uti
437 2549 561 2576 solebat:
594 2549 632 2576 Ita
652 2549 738 2576 Deum
763 2549 837 2580 novi,
861 2553 892 2576 ut
921 2549 978 2584 ipse

195 2601 314 2631 selpsum
331 2604 338 2627 ;
353 2601 435 2630 atque
447 2595 483 2622 ita
495 2603 557 2622 eum
571 2595 647 2627 novi,
663 2599 691 2621 ut
712 2601 745 2622 ne
763 2594 897 2629 meipsum
916 2595 979 2629 qui-

196 2642 269 2669 dem.
285 2641 486 2677 Objicientibus
503 2645 595 2668 autem
613 2640 751 2668 nonnullis
769 2649 776 2668 :
794 2641 883 2667 Dicito
898 2641 978 2669 nobis

196 2689 326 2722 primum,
357 2695 417 2722 qua:
457 2687 512 2714 sint
543 2687 632 2722 abyssi
668 2686 794 2722 vestigia.
821 2687 980 2721 quibusque

236 2755 344 2783 "Joan.
364 2764 430 2783 xvtt.
441 2756 467 2782 5.

1034 214 1187 245 dubitatur,
1213 221 1274 240 cum
1288 214 1321 240 de
1347 221 1438 241 rerum
1454 220 1552 242 natura
1567 216 1682 250 quaestio
1699 215 1834 242 incidit.
1854 224 1863 230 ·

1032 264 1060 287 et
1077 260 1112 286 ita
1135 260 1183 286 tibi
1215 259 1248 286 de
1272 260 1328 287 Deo
1350 261 1432 287 verba
1453 261 1562 288 facienti
1581 261 1748 294 credemus,
1782 262 1861 296 ipse

1033 305 1095 332 talia
1121 306 1171 332 sibi
1200 310 1328 339 tanquam
1373 313 1505 341 corporea
1538 311 1565 334 et
1596 307 1714 341 singula,
1753 308 1855 334 inco-

1033 351 1108 385 gnita
1139 352 1310 383 csse,Deum
1339 356 1428 379 autetn
1464 359 1561 379 eorum
1584 358 1746 381 creatorem
1789 354 1858 381 sibi

1033 402 1205 430 perspectum
1222 402 1249 423 et
1271 397 1454 430 exploratum,
1481 399 1554 432 quis,
1572 399 1659 434 cujas,
1685 404 1713 426 et
1734 400 1855 434 qualis

1032 447 1119 477 esset,
1135 444 1328 478 respondebat.
1351 443 1428 476 Quod
1450 445 1472 471 si
1489 445 1637 480 Scriptura:
1657 445 1857 473 testimoniis

1033 490 1256 522 convinceretur,
1271 494 1325 517 tum
1354 498 1419 518 vero
1431 491 1607 526 blasphemus
1621 487 1662 520 ρι’
1678 493 1854 527 prophetis

1032 539 1061 562 et
1095 536 1227 570 aposmlis
1258 537 1452 569 maledicebat,
1480 538 1629 572 aliquando
1642 539 1686 565 his
1702 539 1819 565 verbis
1843 548 1851 565 :

1032 581 1102 614 Quid
1128 582 1193 608 mihi
1215 582 1321 610 Veteris
1351 583 1530 611 Instrumenti
1554 585 1638 611 verba
1662 585 1758 612 citas?
1786 585 1850 611 ali-

1032 625 1142 659 quando
1153 630 1180 653 (τι
1193 626 1236 653 Itis
1249 634 1255 652 :
1270 626 1416 660 Apostolus
1430 629 1479 660 sic,
1497 632 1526 654 ut
1538 628 1621 655 homo
1644 629 1765 656 locutus
1781 633 1847 656 est.

1032 669 1100 697 Cum
1115 675 1206 697 autem
1220 672 1372 706 discipulos
1391 680 1454 700 suos
1478 673 1602 706 doceret,
1632 672 1674 700 his
1691 679 1720 701 ut
1736 674 1845 708 pluri-

1032 724 1106 743 mum
1121 717 1213 744 verbis
1226 717 1374 746 utebatur:
1403 719 1477 746 Nihil
1492 719 1526 746 ab
1552 710 1664 746 bomiue
1689 720 1773 747 Deus
1791 728 1845 747 re-

1031 762 1126 797 quirit,
1149 763 1201 790 nisi
1236 768 1266 790 ut
1301 772 1365 791 eum
1397 769 1555 799 cognoscat,
1584 765 1841 799 quemadmodum

1032 816 1085 841 ego
1100 816 1249 844 cognosco.
1280 809 1385 837 Idcirco
1413 811 1538 838 Christus
1564 811 1655 838 dicere
1685 813 1806 839 solebat
1830 821 1838 838 :

1032 855 1095 882 Haec
1109 860 1148 882 est
1171 857 1224 883 vita
1238 863 1351 888 (eterna,
1371 861 1398 883 ut
1411 862 1570 892 cognoscant
1584 863 1607 884 te
1627 859 1712 885 solum
1727 867 1837 885 uermn

1024 899 1136 927 Abeunt:
1153 905 1176 927 et
1191 909 1267 935 quem
1284 902 1378 928 misisti
1391 901 1481 928 lenm
1510 901 1644 928 Christum
1666 902 1698 928 ".
1718 902 1839 929 Uteba-

1030 950 1075 972 tur
1090 946 1134 973 his
1158 946 1273 974 verbis:
1304 946 1460 974 Fornicatio
1473 951 1616 981 peccatum
1635 948 1739 974 nullum
1771 952 1834 974 est.

1029 992 1264 1024 Quemadmodum
1287 993 1359 1020 enim
1389 1000 1450 1020 cum
1475 993 1626 1027 prurimus,
1642 994 1734 1020 nescio
1754 994 1833 1028 quid

1031 1039 1160 1066 naturale
1189 1039 1317 1072 facimus,
1335 1039 1372 1066 ita
1400 1039 1483 1066 etiam
1512 1039 1660 1067 fornicatio
1687 1041 1831 1075 corporei

1029 1091 1097 1110 usus
1129 1084 1289 1118 adimpletio
1320 1089 1362 1111 est
1386 1085 1452 1120 (69).
1475 1085 1538 1113 Haec
1557 1086 1649 1121 itaque
1679 1091 1707 1113 et
1722 1086 1830 1121 hujus-

1030 1129 1103 1155 modi
1118 1129 1276 1164 blasphema
1306 1135 1379 1161 sunt,
1407 1138 1467 1165 quae
1490 1130 1568 1163 ἄθεος
1591 1131 1685 1158 Aetius
1708 1132 1827 1166 publice

1029 1173 1156 1205 docebat,
1186 1175 1269 1209 idque
1297 1175 1402 1202 nullius
1430 1176 1605 1203 ecclesiastici
1618 1177 1718 1211 gradus
1732 1177 1825 1211 parti-

1030 1225 1105 1252 ceps.
1132 1219 1286 1246 Diaconatu
1313 1221 1422 1246 enitn-a
1450 1220 1565 1247 Leontio
1588 1221 1692 1256 ejectus
1718 1221 1823 1248 mansit

1030 1264 1125 1295 laicus.
1141 1268 1169 1291 et
1187 1265 1213 1291 in
1229 1265 1428 1292 Acacianorum
1452 1266 1645 1294 hmreticorum
1672 1268 1822 1302 episcopo-

1031 1317 1090 1336 rum
1118 1311 1223 1346 synodo
1257 1311 1524 1346 Constantinopolim
1545 1312 1706 1340 Constantio
1728 1313 1820 1348 impe-

1030 1361 1106 1384 rante
1117 1358 1314 1392 convocata,!in
1323 1359 1459 1393 quoddam
1472 1359 1594 1395 Phrygiae
1605 1359 1737 1394 oppidum
1750 1361 1821 1387 rete

1027 1408 1107 1439 gatus
1141 1410 1193 1434 est,
1211 1403 1303 1439 ibique
1330 1405 1433 1432 tamdiu
1458 1410 1642 1432 eomntoratus
1664 1412 1716 1438 est,
1732 1406 1820 1433 donec

1030 1457 1092 1476 eu-
1109 1449 1210 1484 impius
1224 1449 1314 1476 Julius
1328 1450 1362 1477 ab
1374 1450 1472 1477 exsilio
1489 1451 1637 1478 revocavit.

1309 1516 1386 1544 CAP.
1410 1517 1533 1545 XXXIII.

1029 1570 1068 1598 De
1092 1572 1265 1612 Atilianorum
1287 1573 1520 1612 irt__l_§mtout_imio's
1557 1577 1712 1604 mutatione.
1739 1582 1817 1612 atque

1205 1609 1330 1635 Eunomii
1342 1610 1482 1636 ltwrest‘bus
1499 1616 1523 1637 et
1542 1611 1645 1639 exsilio.

1055 1676 1200 1704 'Catterum
1217 1677 1251 1703 ab
1263 1685 1296 1704 eo
1318 1682 1439 1712 tempore
1454 1679 1632 1706 Aetianorum
1648 1680 1818 1715 quidemap-

1026 1723 1142 1757 .pellatio
1166 1723 1293 1754 cessavit,
1310 1723 1545 1751 Eunontianorum
1561 1730 1651 1752 autem
1679 1726 1791 1752 invaluit
1808 1736 1815 1752 :

1030 1775 1093 1795 cum
1106 1768 1212 1795 doctori
1223 1768 1350 1803 improbo
1364 1769 1517 1804 discipulus
1534 1770 1685 1805 improbior
1703 1780 1811 1799 succes-

1029 1814 1123 1841 sisset.
1136 1814 1203 1841 Cuut
1231 1815 1305 1841 enim
1319 1815 1351 1842 ad
1377 1814 1712 1850 Constantinopolitanam
1722 1817 1814 1844 sedem

1029 1859 1281 1894 Eudoxiusimpius
1291 1865 1404 1887 evectus
1413 1865 1465 1892 est,
1479 1859 1648 1887 Eunomium
1660 1868 1752 1887 secum
1766 1862 1812 1887 ha-

1029 1905 1098 1932 buit.
1112 1904 1170 1931 Jatn
1185 1904 1314 1931 Eleuzius
1327 1904 1488 1939 Cyzicenus,
1499 1912 1561 1931 cum
1574 1905 1781 1932 Macedonianus
1788 1910 1816 1933 et

1030 1950 1220 1978 Setniarianus
1231 1955 1313 1980 esset.
1322 1950 1420 1977 Filium
1433 1950 1504 1977 Patri
1514 1950 1668 1983 ὑμοιούσεον
1677 1951 1811 1984 essedice-

1030 1996 1077 2022 bat
1090 2004 1097 2022 ε
1108 2001 1136 2022 et
1150 1995 1274 2029 quamvis
1286 2002 1407 2029 persmpe
1416 1995 1450 2021 ab
1459 1996 1516 2028 ipso
1527 1994 1651 2023 Eudoxio
1667 2000 1695 2022 et
1703 1995 1811 2022 Valente

1031 2041 1335 2077 iniperatoremonitus,
1357 2040 1458 2067 adduci
1482 2045 1571 2068 tamen
1590 2049 1644 2068 non
1661 2046 1773 2076 poterat,
1786 2048 1813 2069 ut

1028 2087 1123 2122 ὅμοιον
1135 2087 1204 2114 citra
1213 2087 1262 2121 τῆς
1273 2086 1377 2118 οὐσίις,
1392 2086 1443 2113 hoc
1454 2091 1505 2118 est,
1521 2087 1639 2114 similem
1656 2088 1714 2114 sine
1726 2096 1813 2115 essen~

1028 2133 1075 2160 tiae
1090 2133 1255 2168 adjectione,
1275 2131 1434 2166 adiunctum
1459 2139 1520 2158 esse
1531 2132 1646 2160 diceret.
1661 2132 1730 2159 Tum
1748 2141 1808 2160 vero

993 2177 1015 2204 D
1030 2179 1118 2206 exsilii
1137 2179 1328 2212 bonorumque
1353 2178 1547 2212 publicationis
1568 2183 1642 2205 metu
1653 2180 1810 2213 perterritus

1030 2226 1191 2255 succubuit.
1220 2226 1359 2253 Reversus
1383 2230 1474 2252 autem
1505 2225 1635 2260 Cyzicum
1660 2226 1769 2260 pristina
1784 2226 1809 2253 in

1028 2272 1166 2300 sententia
1199 2271 1397 2306 perseveravit.
1440 2271 1518 2303 Quod
1559 2279 1622 2297 cum
1662 2272 1809 2311 res'civissct

1030 2319 1184 2351 Eudoxius,
1210 2318 1256 2344 illo
1285 2318 1438 2352 deposito,’
1460 2317 1487 2344 in
1512 2318 1572 2352 ejus
1605 2317 1698 2344 sedem
1729 2317 1810 2344 Euno-

1029 2367 1115 2393 mium
1149 2364 1319 2399 subrogavit.
1356 2363 1408 2396 Qui
1437 2364 1583 2398 assumptis
1607 2365 1667 2398 ejus
1688 2364 1738 2391 loci
1761 2364 1807 2392 Ec-

1024 2412 1134 2444 -clesiis,
1162 2411 1303 2446 quiescere
1320 2418 1374 2437 non
1404 2411 1502 2444 potuit,
1533 2416 1560 2436 at
1588 2418 1615 2436 ιιι
1641 2411 1808 2437 concionihus

1033 2457 1066 2484 ad
1092 2457 1222 2491 populum
1249 2456 1426 2491 sophismatis
1450 2455 1652 2489 verborumque
1683 2455 1807 2482 lenocinio

1036 2509 1116 2531 utens
1138 2504 1281 2531 Aetianam
1308 2502 1433 2529 ha'resim
1463 2509 1559 2528 rursus
1575 2501 1602 2528 in
1623 2500 1740 2528 medium
1754 2509 1808 2536 pro»

1034 2550 1134 2585 posuit.
1488 2581 1495 2587 _
1681 2550 1683 2553 ’

1070 2595 1148 2628 Quod
1173 2603 1234 2622 cum
1260 2594 1387 2630 Cyziceni
1421 2595 1493 2622 ferre
1520 2602 1575 2622 non
1607 2599 1726 2629 possent,
1748 2594 1805 2622 urbe

1035 2641 1111 2668 illum
1131 2644 1292 2674 exegerunt.
1307 2640 1404 2667 Postea
1418 2648 1483 2669 vero
1500 2638 1652 2666 Constantii
1673 2639 1752 2665 etiam
1764 2638 1805 2664 itii-

1037 2687 1170 2721 peratoris
1181 2687 1260 2721 jussu
1273 2685 1415 2721 depositus
1427 2690 1481 2713 est.
1493 2684 1672 2712 Constantius
1681 2684 1750 2711 enini
1765 2683 1804 2710 do-

233 2821 287 2858 (69)
303 2821 360 2849 lloe
377 2822 421 2858 pie
433 2829 461 2850 ct
476 2823 578 2850 diserte
604 2821 728 2850 confutet
745 2821 763 2849 S
786 2821 884 2849 Athan.
900 2821 927 2848 in
944 2819 1029 2855 Epist.
1045 2821 1077 2848 ad
1092 2820 1227 2856 Ἀμμοΰν.
