1927 3085
121 140 197 173 1‘393

754 142 950 173 'I‘IIESAUItI
973 142 1047 172 LIB.
1070 142 1102 171 V.

1678 137 1748 169 I394

117 205 187 231 gma
199 195 264 224 illud
293 195 519 232 amplectebatur,
536 196 607 232 quod
636 197 734 224 Filium
749 199 823 225 Patri
841 199 910 226 dun-
925 197 947 226 Α
961 205 1022 224 cum
1035 198 1094 224 viro
1110 195 1248 231 congredi,
1266 195 1316 222 nisi
1331 194 1448 222 Placilla:
1459 193 1585 229 Angusta:
1600 194 1753 229 providen-

118 247 202 269 taxat
225 242 315 276 ὅμοιθν
339 250 399 269 esse
425 242 571 269 dicendum
599 244 762 271 astruehat:
785 246 911 279 ἁνὸμοιθν

118 293 219 315 autem
234 289 274 314 vel
305 288 432 322 ὁμούπιον
448 289 527 315 nullo
555 289 646 316 modo.
677 290 830 316 Eunomius
847 298 912 324 ergo

121 333 394 368 Constantinopolim
412 342 442 362 se
470 335 626 370 recepit,et
658 336 730 370 apud
757 335 912 363 Eudoxium

121 379 233 406 otiosus
246 380 391 414 episcopus
414 380 540 408 desedit:
563 381 662 409 deinde
678 383 712 409 ab
737 390 771 410 eo
788 383 912 413 secessit.

71 461 76 466 _
122 426 311 460 privatimque
340 426 446 460 plebem
480 428 649 460 convocavit,
674 429 737 462 quia
756 437 818 455 cum
846 436 916 463 smpe

122 476 261 504 rogasset,
282 475 310 496 ut
325 475 478 506 przeceptor
498 472 593 498 Aelius
615 472 814 504 admitteretur,
854 481 916 499 cuin

124 515 273 542 Eudoxius
302 523 357 542 non
370 517 537 550 exaudierat,
554 525 606 544 non
620 517 691 552 quod
705 518 774 545 Aelii
791 518 917 544 hwtesim

121 561 252 588 eamdem
267 569 378 595 prorsus
393 570 454 589 cum
464 571 511 589 sua
523 563 697 597 improbaret,
711 564 757 591 sed
772 565 872 591 veritus
884 571 917 591 ne

127 606 190 640 ipse
201 613 309 640 quoque
324 607 521 640 deponeretur.
531 607 632 645 Omnes
640 609 713 635 enim
725 609 867 636 unanimes
882 609 916 636 ab

125 650 220 683 Aetio,
241 654 368 685 tanquam
380 651 494 679 diversae
506 653 658 686 sementim,
675 653 918 689 degeneraverunt.

413 709 489 737 CAP.
513 710 632 738 XXXIV.

125 753 168 780 De
181 754 345 793 ᾼνίιιηοηιιη⁵
366 755 392 780 in
419 756 575 793 orthodoxos
599 759 828 793 sgrt'ilia.quornm
853 763 923 785 octo-

163 789 238 828 ginla
257 788 434 828 supplicatum
467 791 559 828 missos
602 788 728 819 Valentis.
759 794 924 828 imperatoris

154 824 242 857 jussu
259 832 317 851 cum
332 825 434 859 navigio
446 827 642 854 succenderunt.

965 243 1012 274 tia,
1028 247 1055 269 et
1066 250 1159 277 preces
1170 242 1348 269 obstitissent.
1364 240 1432 268 Cum
1444 241 1516 267 enim
1528 240 1624 275 synodi
1636 240 1753 267 Nicena;
1770 253 1772 255 -

964 287 1060 322 dogma
1078 288 1233 315 fidelissima
1242 291 1425 318 conservaret,
1433 294 1466 313 eo
1476 286 1567 316 fiebat.
1580 291 1755 314 utvereretur

965 341 1011 366 ne,
1021 338 1050 360 ut
1060 334 1116 361 fere
1130 334 1168 364 Iit.
1181 335 1295 360 maritus
1305 341 1338 360 ex
1346 340 1378 360 eo
1387 333 1522 366 colloquio
1537 335 1753 366 perverteretur,

967 380 1138 414 diverszeque
1158 380 1225 414 parti
1246 380 1456 407 ad‘iatreseeret.
1471 379 1623 405 Eunomins
1635 378 1710 404 enim
1724 378 1752 404 in
1764 390 1771 398 ρ

967 426 1112 461 colloquiis
1139 426 1338 453 disertissimus
1362 425 1492 452 facillime
1512 425 1625 459 quidvis
1643 431 1755 458 persna-

969 472 1061 504 debat,
1098 472 1318 506 theologiamque
1346 472 1378 498 ad
1419 472 1610 505 nescio-quas
1645 470 1756 505 syllogi-

970 526 1090 545 smorum
1124 519 1246 551 argutias
1276 518 1427 552 redigebat.
1455 517 1524 550 Quia
1563 524 1629 544 vero
1661 521 1756 551 postea

976 572 1029 591 non
1058 564 1271 598 conquiescebat
1297 563 1459 595 Eunomius,
1491 563 1537 590 sed
1567 571 1637 597 quos
1658 562 1757 589 edebat

970 610 1077 637 libellos
1101 610 1218 637 subinde
1237 609 1404 642 ostentabat,
1421 616 1502 644 atque
1521 611 1557 636 ita
1572 610 1756 636 multossnant

972 656 999 683 in
1015 657 1178 684 sententiam
1207 661 1380 684 transversos
1402 656 1539 690 rapiebat,
1568 664 1598 683 ea
1613 656 1646 683 de
1674 663 1758 683 causa

973 711 1035 729 cum
1060 709 1207 737 Imperator
1227 705 1352 730 exsulare
1378 703 1470 738 jussit.
1494 703 1540 730 Ille
1566 710 1631 730 vero
1653 710 1707 729 non
1721 703 1758 729 ita

974 749 1060 776 multo
1087 753 1229 784 postquam
1254 750 1280 776 in
1308 749 1434 776 exsilium
1461 750 1559 776 missus
1585 753 1625 775 est
1647 756 1661 775 e
1688 748 1759 775 vivis

975 794 1103 826 excessit,
1121 794 1147 821 in
1165 794 1306 828 patriaque
1320 795 1444 828 sepultus
1459 799 1511 822 est.
1528 794 1610 822 Vicus
1626 799 1716 822 autem
1736 795 1758 821 is

979 844 1021 866 est
1046 840 1249 874 Cappadocum,
1274 839 1384 867 nomine
1401 840 1514 873 Dacora,
1533 848 1587 868 non
1617 841 1711 875 procul
1725 841 1760 868 ab

166 880 254 908 Porro
277 885 340 915 post
363 879 478 910 Eudoxii
503 889 617 910 mortem
642 885 818 913 Homonsiani
848 887 918 914 Eva-
936 876 955 899 Β
973 886 1066 921 Argivo
1080 885 1254 912 Caesariensi.

130 927 221 962 grium
234 931 363 963 tanquam
381 928 455 963 pium
480 929 532 956 sibi
558 931 700 964 prmsulem
732 931 916 965 delegerunt:

130 980 215 1006 quem
236 973 418 1001 Eusthathius
448 975 601 1002 Antiochia:
620 984 723 1011 magum
751 982 829 1004 antea
861 978 918 1012 cpi-

129 1024 234 1052 scopus
262 1018 419 1051 ordinavit,
449 1027 464 1046 a
491 1020 645 1056 Philippis,
673 1022 717 1048 ubi
757 1022 917 1054 exsulabat,

132 1067 278 1091 revocatus
303 1064 410 1092 Joviani
440 1065 517 1100 jussu
533 1088 542 1098 ,
575 1066 656 1101 idque
689 1069 821 1102 temporis
846 1068 919 1094 Cott-

132 1108 315 1143 stantinopoli
348 1117 473 1142 manens,
492 1116 520 1138 et
540 1111 634 1138 cadent
649 1120 740 1139 secum
769 1117 920 1141 sentientes

133 1154 312 1182 conﬁrmans.

171 1200 205 1225 At
229 1200 322 1227 Ariani
360 1201 550 1237 Demophilum
592 1204 749 1236 Bcrrbmat,
779 1214 857 1240 ,quzc
893 1207 919 1233 itt

134 1243 253 1272 Thracia
284 1251 336 1277 est,
372 1247 557 1276 obtruserant.
597 1250 664 1276 Cum
704 1256 794 1277 autem
825 1259 856 1278 ea
888 1252 922 1278 de

135 1297 218 1317 causa
239 1291 401 1320 seditionem
433 1294 549 1322 diversre
587 1295 673 1329 partis
687 1295 811 1323 homines
830 1298 921 1324 ('ont'i-

137 1333 607 1373 lassent,Valensimperator,tlme
629 1349 718 1374 agens
741 1343 919 1376 Nicomedize,

136 1382 240 1409 certior
259 1383 292 1410 de
319 1384 362 1411 his
394 1385 475 1413 rebus
494 1387 591 1418 factus,
615 1388 718 1415 milites
732 1396 764 1415 co
793 1389 876 1421 misit,
894 1394 922 1416 ct

138 1428 301 1456 Eustnathio
316 1430 342 1457 in
357 1431 480 1458 Thracia:
501 1432 610 1467 Bizyan,
626 1433 795 1469 Evagrioquc
807 1435 880 1461 aliud
896 1436 922 1462 in

137 1475 270 1509 oppidum
299 1477 431 1511 relegata,
462 1483 574 1506 cunctas
605 1480 736 1508 ecclesias
762 1481 922 1517 Demophilo

137 1523 271 1549 committi
284 1523 376 1557 jussit.

175 1566 228 1594 IIac
258 1569 402 1596 occasione
440 1570 532 1597 Ariani
568 1571 715 1599 orthodoxi
746 1572 919 1605 insultantes,

138 1611 213 1640 mille
230 1613 289 1640 illos
300 1615 474 1643 contumeliis
486 1616 622 1644 lacessere
647 1623 800 1652 empcrunt.
829 1623 923 1654 ttaque

137 1658 173 1685 ab
200 1659 362 1687 orthodoxis
388 1661 565 1689 ecclesiastici
592 1663 642 1690 viri
660 1664 809 1698 octoginta,
835 1665 927 1691 Theo-

139 1704 219 1737 doro,
235 1705 350 1738 Urbaso,
365 1711 391 1733 et
411 1707 571 1734 Menedemo
588 1708 705 1735 ducibus
723 1709 755 1735 ad
772 1710 922 1744 imperato-

139 1757 196 1775 rem
208 1751 284 1776 missi
298 1756 373 1781 sunt.
391 1752 436 1786 qui
454 1760 503 1786 pro
526 1754 592 1786 ipsis
609 1754 810 1788 supplicarent.
829 1755 863 1782 At
877 1756 924 1783 hic

139 1794 179 1822 ira
203 1803 351 1823 succensus
382 1798 510 1831 prarfecto
528 1799 604 1826 urbis
630 1800 780 1833 mandavit,
804 1805 833 1827 ut
849 1809 922 1827 cont—

140 1849 254 1875 prensos
268 1841 329 1868 illos
344 1842 525 1870 interimeret.
550 1845 698 1872 Prmi‘ectus
711 1851 804 1873 autem
821 1847 925 1874 veritus

140 1893 174 1912 ιιι·
190 1886 261 1912 inter
277 1886 383 1920 plebem
394 1887 493 1915 sc'Iitio
507 1889 671 1922 eooriretur,
688 1889 766 1918 tinxit
779 1898 806 1917 se
821 1891 883 1918 illos
897 1891 924 1918 in

140 1932 265 1958 exsilium
284 1932 414 1966 relegaro.

175 1978 269 2012 Itaque
292 1979 317 2004 in
339 1979 476 2013 navigium
503 1980 620 2014 conjecti
636 1985 710 2013 sunt,
740 1989 859 2017 cumque
875 1990 924 2009 na-

141 2023 259 2058 vigando
287 2024 406 2051 medium
440 2025 678 2058 sinuslAstaceni
720 2034 924 2062 penetrassent,

142 2075 230 2096 nauta:
248 2076 328 2104 prout
343 2071 395 2097 sibi
413 2071 570 2098 mandatum
600 2072 701 2105 fuerat,
736 2073 853 2101 incenso
878 2083 927 2102 na-

142 2115 222 2148 vigio,
241 2116 291 2150 ipsi
308 2117 418 2150 quidem
444 2118 470 2143 in
498 2119 627 2152 scapham
648 2119 820 2152 desilicrunt,
849 2121 927 2148 navis

142 2166 232 2188 autem
250 2167 318 2188 nutu
349 2163 422 2189 venti
451 2164 504 2190 huc
521 2169 548 2190 et
566 2165 632 2192 illuc
663 2165 763 2199 agitata
783 2174 868 2201 usque
888 2170 923 2194 ad

144 2207 288 2234 Daeidizen
316 2209 352 2241 (is
379 2211 523 2236 maritimae
540 2210 674 2245 Bithynia:
691 2212 778 2239 'locus
793 2215 845 2245 est)
863 2220 926 2247 per-
941 2214 967 2243 D

145 2255 228 2286 venit,
247 2254 339 2288 ibique
354 2262 406 2281 una
420 2262 482 2281 cum
502 2255 567 2282 viris
587 2263 660 2291 quos
675 2257 794 2285 vehebat
814 2266 926 2293 prorsus

144 2301 284 2335 absumpta
298 2306 351 2327 cst.

433 2357 508 2385 CAP.
525 2358 631 2387 XXXV.

146 2403 213 2440 ιαμ)
231 2403 350 2430 Placillw
374 2404 549 2438 imperalrict’s
578 2405 646 2440 (70).
671 2414 730 2439 qua:
756 2405 928 2434 Theodosium

178 2438 303 2470 Magnum
319 2440 456 2474 ronjugem
468 2449 546 2467 suum
563 2438 596 2467 ab
623 2438 751 2468 Eunomii
768 2443 860 2470 Ariani
869 2444 924 2470 col-

178 2474 262 2508 loquio
278 2475 414 2500 revocavit.

179 2530 328 2558 Eunomius
344 2531 446 2557 interea
460 2531 574 2566 privatis
590 2532 616 2560 in
628 2532 735 2561 aedibus
764 2534 863 2569 agebat
896 2535 923 2562 in

145 2577 267 2612 Bithynia
287 2585 302 2603 e
317 2577 428 2612 regione
441 2577 729 2613 Constantinopoleos,
745 2579 778 2606 ad
806 2588 927 2615 elunque

146 2624 260 2658 populus
286 2623 401 2658 trajecto
439 2623 510 2651 t‘reto
544 2624 709 2652 conﬂuebat.
752 2626 803 2653 Atii
844 2628 926 2654 etiam

145 2669 254 2697 aliunde
286 2670 498 2697 conveniebant.
530 2669 615 2706 Cujus
639 2671 678 2698 rei
694 2671 766 2699 fatua
793 2680 855 2699 cum
891 2673 925 2700 ad

146 2715 291 2742 Theodosii
309 2717 396 2751 Magni
413 2725 497 2744 aures
516 2717 697 2752 pervenisset,
717 2719 852 2753 gestiebat
881 2719 926 2746 ille

175 2785 196 2800 ³⁸⁷
208 2785 302 2812 Matth.
328 2792 398 2813 xxiv.
412 2784 456 2811 56.

1256 940 1333 969 CAP.
1348 941 1469 968 XXXVI.

972 997 1008 1034 De
1038 998 1145 1031 privatis
1183 997 1357 1034 Theophronit'
1388 997 1551 1034 Cappadocis
1581 1003 1605 1024 ει
1640 998 1762 1034 Eulyclm'

969 1033 1253 1068 Constantinopolitani
1267 1033 1453 1068 discipulorum
1470 1033 1593 1060 Eunomii
1605 1033 1759 1068 .Itmresibus.

1005 1088 1138 1115 Czetcrum
1180 1081 1390 1124 Theophronius
1427 1090 1537 1124 quidam
1568 1090 1711 1125 Cappadox
1726 1091 1761 1118 ab

973 1134 1032 1168 ipso
1052 1134 1178 1161 hzercsim
1200 1135 1325 1166 eductus,
1351 1135 1479 1170 Isagogeu
1514 1144 1562 1163 seu
1601 1136 1762 1164 instructio.

973 1187 1034 1206 nent
1050 1181 1075 1206 in
1094 1188 1152 1207 eam
1170 1181 1323 1213 posteritati
1339 1183 1524 1214 consecravit,
1542 1183 1585 1209 cui
1603 1182 1640 1209 De
1653 1184 1753 1209 exerci—

973 1225 1015 1251 tiis
1035 1226 1128 1252 vnculis
1149 1226 1258 1252 titulum
1275 1226 1391 1257 indidit;
1417 1228 1476 1261 qui,
1500 1236 1561 1255 cum
1580 1229 1759 1264 praeceptoris

974 1270 1217 1304 placitisinsistere
1230 1279 1284 1297 non
1299 1272 1323 1298 ei
1350 1272 1478 1307 placeret.
1511 1273 1664 1298 recentiora
1685 1280 1762 1307 qua:-

974 1316 1036 1342 dam
1055 1317 1232 1351 excogitavit,
1244 1323 1326 1352 atque
1345 1317 1379 1344 ita
1396 1318 1518 1352 scripsit.
1536 1317 1604 1345 Cum
1628 1317 1779 1345 Divinitas.

974 1371 1026 1389 non
1036 1368 1187 1397 prmnoscat
1197 1363 1221 1390 id
1231 1364 1302 1398 quod
1313 1371 1366 1390 non
1382 1368 1433 1395 est,
1441 1363 1487 1390 sed
1498 1369 1643 1398 cognoscat
1653 1363 1679 1390 id
1688 1364 1763 1398 quod

973 1413 1024 1439 est,
1045 1408 1232 1442 praeteritique
1247 1410 1419 1440 recordetur,
1435 1417 1468 1436 eo
1484 1409 1523 1441 Iit,
1540 1414 1566 1436 ut
1582 1417 1635 1436 non
1651 1417 1759 1444 semper

974 1453 1071 1480 eodem
1081 1461 1108 1481 se
1117 1454 1197 1480 modo
1206 1454 1315 1486 habeat,
1326 1463 1386 1482 cum
1397 1456 1580 1490 cognitionem
1594 1456 1763 1490 adiuturum

975 1501 1043 1527 clad
1054 1501 1221 1534 prutlcrilum
1231 1501 1437 1529 convertatJIis
1449 1502 1538 1536 itaque
1550 1501 1584 1528 de
1598 1502 1689 1529 causis
1699 1501 1764 1529 odio
1781 1517 1785 1520 -

936 1538 958 1567 (ἶ
977 1546 1087 1574 habitus
1099 1551 1151 1579 est,
1166 1552 1246 1582 atque
1258 1548 1292 1574 ab
1308 1548 1488 1575 Eunomianis
1497 1556 1647 1583 eorumque
1664 1548 1760 1576 Ecclcw

977 1594 1014 1620 sia
1028 1593 1141 1628 ejectus,
1159 1595 1296 1629 propriam
1313 1594 1436 1622 haeresim
1447 1595 1601 1622 constituit.
1611 1594 1782 1630 AtqueEu-r

977 1641 1084 1676 tych'u;
1099 1641 1208 1677 quidam
1231 1641 1556 1677 Cmstantinopolitanus
1568 1643 1637 1670 civis
1665 1643 1764 1670 Euno-

977 1687 1024 1713 mii
1036 1686 1184 1721 discipulus
1197 1688 1333 1722 propriam
1342 1692 1369 1715 et
1387 1688 1444 1723 ipse
1458 1694 1551 1723 postea
1566 1689 1765 1724 hujnsmodide

978 1741 1060 1760 causa
1078 1733 1203 1760 Ita’resim
1220 1734 1374 1760 constituit.
1386 1734 1551 1761 Eunomiani
1568 1734 1765 1762 Constantino-

979 1779 1033 1813 poli
1067 1779 1197 1813 degentes
1224 1779 1338 1805 extremi
1372 1779 1469 1814 judicii
1498 1779 1595 1806 horam
1620 1779 1690 1807 Filio
1716 1779 1764 1807 Dei

980 1824 1144 1859 incognitam
1169 1832 1231 1851 esse
1248 1824 1387 1857 dicebant,
1409 1825 1479 1852 male
1503 1825 1595 1852 locum
1612 1825 1765 1860 intelligen-

981 1874 1021 1896 tes
1035 1878 1040 1895 :
1057 1869 1139 1896 Nemo
1155 1871 1226 1896 novit
1249 1871 1300 1897 nisi
1331 1870 1412 1897 Pater
1425 1871 1458 1898 ³⁸.
1475 1871 1509 1898 At.
1532 1871 1682 1906 Eutychius
1698 1871 1766 1898 Filio

979 1922 1088 1949 quoque
1105 1916 1200 1941 horam
1218 1915 1289 1942 illam
1314 1916 1403 1943 Patris
1423 1917 1610 1951 creator-isque
1629 1919 1670 1944 sui
1683 1917 1764 1944 bene-

980 1960 1042 1988 ﬁcio
1057 1962 1191 1996 cognitam
1205 1969 1265 1989 esse
1278 1962 1430 1990 astruebat.
1448 1963 1542 1997 Itaque
1558 1962 1683 1997 profecto
1707 1963 1761 1990 Eu-

981 2007 1072 2043 tychio
1085 2008 1117 2035 ad
1133 2007 1345 2035 Eunomiumeo
1364 2008 1410 2035 ubi
1428 2009 1580 2040 exsulabat,
1610 2009 1766 2035 nonnullis-

979 2061 1033 2088 qne
1047 2053 1106 2081 aliis
1121 2054 1300 2081 Eunomianis
1313 2063 1365 2081 una
1378 2063 1438 2082 cum
1452 2055 1498 2083 illo
1517 2056 1637 2087 omisms,
1653 2053 1698 2090 qui
1716 2055 1765 2081 du-

982 2100 1018 2127 bii
1035 2100 1201 2127 solutionem
1220 2101 1253 2127 ab
1270 2101 1406 2128 Eunomia
1417 2101 1587 2136 acciperent,
1614 2101 1765 2128 Ennomius

981 2146 1107 2181 Entychii
1135 2146 1299 2174 sententiam
1338 2147 1424 2182 magis
1457 2147 1629 2182 approbavit.
1650 2147 1765 2174 Verum.

981 2192 1123 2219 enimvero
1140 2199 1201 2218 cum
1217 2200 1270 2219 non
1288 2193 1325 2219 ita
1341 2194 1428 2220 multo
1442 2199 1502 2227 post
1514 2193 1669 2219 Eunmnius
1684 2192 1764 2219 obiis-

980 2243 1032 2270 set,
1053 2238 1076 2265 is
1098 2238 1145 2272 qui
1163 2238 1399 2273 Constantinopoli
1415 2239 1550 2266 hatretieis
1567 2243 1694 2273 paverat,
1713 2238 1765 2264 Eu-

980 2284 1099 2319 tycbinm
1116 2292 1149 2311 eo
1161 2285 1271 2311 nomine
1286 2293 1398 2317 exosus,
1416 2285 1487 2320 quod
1505 2285 1540 2312 ab
1558 2285 1695 2312 Eunomio
1713 2293 1763 2318 ap-

980 2330 1112 2365 probatus
1127 2335 1210 2361 esset.
1226 2330 1371 2358 admittere
1388 2331 1487 2363 noluit,
1506 2336 1589 2365 attlue
1604 2331 1639 2358 ita
1656 2331 1701 2357 ille
1727 2330 1760 2356 ad

981 2377 1118 2411 propriam
1132 2377 1257 2404 haeresim
1272 2377 1448 2405 astruendam
1464 2377 1589 2405 secessit.
1607 2377 1660 2404 Sed
1675 2376 1708 2403 de
1724 2376 1765 2403 bis

982 2421 1131 2449 hactenus.

1248 2478 1324 2506 CAP.
1347 2479 1482 2507 XXXVII;

979 2534 1048 2567 Quid
1071 2533 1216 2562 Eunomius
1229 2535 1264 2561 ad
1282 2535 1451 2570 prmceptaris
1467 2535 1536 2562 Aetii
1565 2537 1676 2562 ha'retcs
1691 2527 1765 2561 addi-

1100 2571 1178 2597 derit.
1197 2570 1282 2597 Mirus
1303 2571 1420 2604 ejusdem
1437 2571 1648 2605 anabuplismus.

1015 2627 1161 2654 Sciendum
1178 2634 1260 2662 porro
1286 2631 1329 2654 est
1354 2631 1469 2654 caeteros
1495 2633 1590 2653 omnes
1606 2626 1765 2660 scriptores,

979 2672 1051 2700 inter
1068 2681 1137 2708 quos
1160 2672 1411 2703 astheodoritus,
1440 2672 1465 2699 in
1489 2679 1520 2698 ea
1531 2679 1593 2698 esse.
1617 2671 1764 2700 sententia.

980 2724 1008 2745 ut
1023 2719 1174 2746 Eunomius
1200 2718 1376 2753 prmceptot'is
1390 2719 1433 2746 sui
1465 2717 1535 2746 Aetii
1558 2718 1764 2752 tItlgtMtLisJuttl

1418 2761 1424 2773 ο

180 2853 235 2888 (Ἶυ)
253 2854 288 2880 lle
307 2853 425 2881 Dlaciila:
440 2854 521 2888 hujus
533 2854 629 2882 Ittttere
644 2853 730 2882 oratio
756 2854 868 2890 iVysseni
884 2859 982 2882 exstat.
