1927 3085
190 124 261 157 1335

821 120 970 152 NICETJE
990 119 1197 155 (ΣΗΟΝΙΛΤᾸΞ

1785 116 1867 148 13ῧὸ

189 181 380 218 acquiescens,
409 181 542 210 rectiores
565 186 595 208 et
613 181 814 209 moderatiores
845 180 982 216 quasdam
998 179 1020 207 Α
1034 183 1135 211 sceret,
1160 183 1265 214 quanto
1284 179 1355 206 bene
1376 177 1486 206 dicendi
1505 176 1651 205 intervallo
1663 175 1699 203 ab
1715 175 1782 203 illo
1802 175 1867 203 dif-

190 228 377 263 blaspbentias
411 227 525 263 insuper
558 228 768 263 excogitaverit,
799 227 903 262 Deique
929 226 981 254 Fi-

191 274 259 302 lium
282 275 398 310 primam
424 273 515 302 Patris
547 279 576 302 et
608 274 776 309 precipuam
815 278 982 306 creaturam,

192 325 275 355 atque
307 320 377 348 adeo
402 320 431 348 in
458 320 587 351 omnibus
621 320 765 355 ἀνόμοιοι,
781 320 908 356 τρεπτδν,
938 320 984 346 καὶ

192 366 297 399 δαῦλον,
318 367 372 394 hoc
385 371 428 395 est
449 366 627 399 dissimilem.
655 366 815 395 mutabilem
831 371 860 394 et
873 373 984 394 servum

193 420 255 441 esse
266 413 379 441 dixerit.
396 413 610 441 Sanctissimum
622 418 716 441 autem
728 413 863 448 Spiritum
878 420 893 440 a
913 411 984 439 Filio

194 459 337 489 conditum
356 464 419 488 ante
436 464 551 488 caeteras
569 464 720 491 creaturas,
747 459 891 494 legemque
919 465 986 485 con-

195 506 307 534 trariam
318 506 371 542 legi
387 507 495 534 Domini
509 506 613 534 Christi
633 506 668 534 de
682 506 850 541 baptismate
873 505 984 537 tulisse,

195 559 258 579 cum
276 552 356 586 dixit,
379 560 435 581 non
460 560 521 580 esse
543 553 632 580 tribus
654 551 881 582 imrnersionibus
896 550 987 586 bapti-

195 598 314 625 zandum
333 606 421 633 neque
432 597 595 627 Trinitatem
606 605 666 625 esse
680 597 871 629 invocandam,
882 595 931 623 sed
939 602 985 622 se-

197 645 251 671 mei
268 644 465 679 baptizandum
476 652 536 672 esse
546 645 572 674 in
584 644 685 672 Christi
698 647 815 670 mortem
828 651 835 676 ;
854 646 985 669 caeterum

196 700 258 718 eum
271 692 316 725 qui
330 691 485 725 baptizatur
493 696 604 725 pet-tore
613 694 717 717 tantum
735 693 815 717 tenus
824 696 886 716 esse
896 688 988 723 bapti-

196 738 318 765 zandum
327 745 431 772 aquave
444 738 645 772 intingendunt.
657 736 770 763 Caeteris
783 742 848 761 vero
860 733 988 769 corporis

197 784 342 817 membris.
354 789 482 819 tanquam
501 783 619 819 impuris
639 787 667 810 ct
681 782 870 813 exsecrandis,
888 788 987 815 aqttam

197 830 319 865 inspergi
335 829 499 864 prohibebat
513 838 520 856 :
536 829 612 856 nefas
628 836 690 856 esse
707 833 795 859 ratus,
811 827 834 854 si
858 827 921 861 quis
943 834 988 859 ge—

197 875 331 902 nitalibus
346 874 477 902 membris
493 874 645 907 charisma,
670 872 889 907 incorruptionis
903 871 990 906 appli-

198 920 318 949 candum
332 929 392 947 esse
410 921 568 948 contendat.

232 966 313 994 Aliud
335 975 401 993 vero
430 966 561 1000 quiddam
583 974 598 996 ελ
616 967 644 992 Β.
663 964 817 1004 Epiphanio
837 963 955 991 additur
968 962 994 988 itt

198 1012 234 1041 iis
248 1013 338 1046 libris,
349 1021 419 1048 quos
431 1011 554 1039 Paunria
567 1011 706 1045 inscripsit
723 1019 729 1037 :
746 1009 899 1039 Eunomius
909 1009 994 1038 enim,

199 1059 238 1086 ait
251 1058 306 1095 ille,
333 1067 381 1086 eos
398 1059 497 1085 iterum
514 1058 686 1092 baptizabat,
705 1056 751 1090 qtti
774 1057 829 1090 jam
866 1054 995 1088 baptizati

200 1106 312 1133 fuerant
334 1112 418 1132 :cunt
446 1105 612 1139 quicumque
637 1103 669 1129 ad
697 1110 760 1129 eum
782 1101 920 1131 venirent,
937 1107 992 1127 non

200 1152 290 1179 solum
309 1152 343 1179 ab
368 1150 540 1182 ortltodoxis,
567 1150 613 1177 sed
632 1149 715 1176 etiam
730 1149 763 1175 ab
790 1147 938 1177 haereticis,
956 1151 997 1174 at-

200 1206 256 1233 que
272 1198 339 1233 ipsis
356 1197 425 1225 adeo
453 1197 563 1230 Arianis
578 1217 584 1227 ,
606 1195 788 1231 rebaptizaret
809 1194 919 1221 inverso
949 1192 997 1219 ba-

201 1244 395 1283 ptizantlorum
413 1244 503 1278 capite
527 1242 699 1278 pedibusque
715 1241 741 1267 itt
753 1241 837 1267 altum
854 1239 993 1270 sublatis;

201 1295 230 1318 et
253 1291 425 1325 quicttmque
445 1289 581 1325 baptizari
608 1289 720 1319 vellent.
747 1295 796 1314 eos
817 1289 992 1314 sacramento

202 1337 405 1372 obstringebat,
431 1344 460 1363 se
485 1343 627 1370 nunquam
660 1335 694 1362 ab
708 1334 794 1369 ipsius
807 1333 904 1361 ltxresi
921 1333 997 1360 defe—

201 1388 315 1410 eturos:
342 1387 425 1418 atque
451 1383 495 1410 itis
511 1382 579 1410 adeo
608 1382 700 1408 verbis
723 1381 875 1408 utebatur:
892 1380 921 1406 in
947 1387 996 1406 no—

201 1429 276 1458 ntine
294 1429 383 1457 Patris
413 1428 541 1461 increati,
556 1433 583 1456 et
619 1427 680 1458 Filii
707 1427 803 1458 creati,
827 1431 854 1453 et
876 1425 997 1460 Spiritus

203 1475 418 1508 sanctificantis,
434 1476 480 1510 qui
503 1483 517 1502 a
536 1475 606 1501 Filio
630 1479 740 1502 creatus
763 1477 816 1500 est.
843 1472 930 1507 llttjtts
956 1471 995 1498 rei

203 1522 291 1557 gratia
308 1529 371 1548 cum
384 1522 411 1549 in
425 1521 502 1548 labro
525 1521 706 1555 baptizarent.
722 1519 846 1546 exterius
860 1518 995 1545 collocato
1010 1528 1031 1557 α

204 1568 329 1600 homine,
346 1572 430 1603 caput
445 1569 504 1603 ejus
520 1568 604 1596 semel
623 1568 649 1595 in
669 1575 767 1602 aquam
786 1571 899 1601 pectore
914 1569 994 1591 tenus

204 1613 405 1649 immergebant
422 1622 429 1640 :
444 1621 506 1641 cum
520 1618 612 1641 anteiit
636 1613 785 1648 aliquando
803 1612 951 1644 evenisset,
966 1615 996 1636 ut

203 1659 315 1698 quidam
336 1659 425 1694 capite
446 1659 479 1686 ad
495 1659 603 1686 labrum
617 1659 696 1686 alliso
722 1658 824 1685 vulnus
838 1656 988 1691 acciperet,

204 1705 285 1733 aliam
298 1706 474 1741 baptismatis
498 1706 614 1736 formam
629 1705 832 1740 cxcogitaruut.
848 1702 916 1730 Natu
944 1703 994 1729 lto-

205 1752 278 1782 mine
296 1760 384 1789 prono
401 1752 428 1779 in
442 1752 513 1779 fossa
533 1752 665 1792 quapiam
679 1751 813 1782 distento,
825 1750 942 1786 ejusque
950 1757 997 1777 ca-

205 1799 263 1837 pite
279 1799 391 1830 educto,
408 1803 437 1826 et
457 1798 576 1831 sublato,
597 1805 698 1833 aquam
709 1797 744 1824 ita
757 1796 952 1829 infundebant,
964 1800 994 1822 ut

206 1845 314 1872 nullum
337 1844 411 1872 aliud
438 1844 593 1872 membrum
610 1843 769 1878 attingeret.
784 1840 998 1870 Necdefuerunt

205 1893 279 1919 inter
288 1899 347 1924 eos,
360 1891 407 1926 qui
421 1890 506 1918 alium
533 1890 663 1925 baptismi
683 1890 767 1917 ritum
791 1887 997 1915 adinvenirent.

206 1937 378 1973 Longissima
389 1937 463 1964 enim
484 1937 567 1963 fascia
583 1944 646 1964 eutn
668 1937 694 1963 in
713 1943 791 1962 usum
808 1938 915 1970 parata,
933 1941 999 1960 con-

206 1988 368 2018 secrataque
387 1983 525 2010 hominem
538 1991 552 2010 a
574 1987 687 2017 pectore
702 1990 788 2016 usque
804 1981 836 2008 ad
852 1985 993 2010 extremos

212 2030 314 2066 pedum
339 2029 679 2063 articulosgintolvcbant.
711 2033 768 2055 ttttn
785 2027 886 2055 deinde
915 2034 998 2060 supe-

208 2078 296 2105 riores
307 2075 432 2111 corporis
444 2080 535 2110 partes
543 2084 615 2110 aqua
628 2075 806 2111 proittebaut.

482 2142 560 2170 CAP.
580 2141 724 2169 XXXVIII.

1039 226 1308 262 ferret,'tacereque
1330 234 1413 262 quam
1438 225 1561 253 scribere
1583 224 1697 255 mallet,
1731 231 1779 250 eo
1818 223 1865 250 ra-

1038 278 1113 301 ctum
1130 278 1182 306 est,
1210 278 1240 301 ut
1257 273 1388 301 nonnulla
1401 272 1534 300 duntaxat
1548 270 1677 298 Eunomii
1695 270 1810 304 capita
1830 270 1858 296 in

1037 320 1163 348 oratione
1178 319 1216 347 De
1226 319 1298 346 Filio
1314 318 1486 349 refutaverit,
1500 318 1608 352 hocque
1624 321 1768 350 tauquam
1790 322 1863 349 spe-

1039 366 1132 393 cimen
1145 365 1349 393 Confutationis
1372 364 1569 392 Anomaaorunt
1586 361 1715 390 ediderit.
1742 361 1857 388 Euno-

1039 411 1112 438 mius
1128 415 1221 439 autem
1247 410 1451 445 Apollinarium
1467 417 1501 436 ne
1515 408 1706 436 confutatione
1722 407 1859 442 quidem

1039 457 1167 492 dignatus
1184 462 1237 484 est.
1255 456 1335 492 Stylo
1355 455 1430 483 enim
1450 462 1545 482 revera
1562 453 1678 480 ﬂaccido
1699 458 1729 480 et
1758 452 1861 479 imbe-

1042 503 1108 535 cilli.
1127 507 1209 538 atque
1225 503 1344 538 pugione
1358 501 1411 538 (ut
1426 501 1465 528 ita
1481 500 1570 528 diram
1585 499 1594 534 )
1611 499 1750 534 plumbeo
1770 499 1858 526 illum

1042 557 1189 585 aggressus
1202 554 1255 576 est.
1272 548 1308 576 At
1325 548 1457 575 Basilium
1485 546 1609 581 quinque
1632 545 1711 572 libris
1746 545 1861 572 conru-

1042 596 1121 628 tavit,
1145 603 1263 631 quorum
1290 597 1368 626 duos,
1397 593 1445 629 qui
1468 592 1550 628 primi
1570 591 1636 619 editi
1657 591 1791 623 fuerant,
1820 591 1859 617 si-

1045 641 1101 668 mul
1126 646 1209 676 atque
1226 640 1344 668 Basilius
1360 639 1482 673 accepit,
1506 645 1563 673 pra:
1595 637 1680 663 animi
1711 636 1856 670 angustia

1040 689 1112 715 diem
1122 692 1275 715 extremum
1290 687 1400 714 clausit.
1411 686 1500 720 Atque
1509 684 1542 711 de
1551 682 1684 711 Eunomio
1694 682 1858 711 hactenus.

1326 743 1403 771 CAP.
1429 741 1552 769 XXXIX.

1042 791 1110 818 Aetii
1128 790 1295 825 opusculum,
1317 790 1349 816 de
1372 789 1459 825 genito
1478 793 1502 814 et
1520 787 1637 821 ingenito
1661 791 1783 821 mgmm
1809 794 1858 825 sar

1080 822 1268 861 partilugistnis
1303 822 1472 859 [typotheticis
1510 827 1655 854 constans,
1690 829 1724 848 ea:
1760 822 1858 848 sancti

1084 862 1226 896 Epiphanii
1241 861 1358 895 scriptis.

1083 907 1280 936 Sanctissimus
1298 914 1380 941 porro
1398 904 1567 940 Epiphanius
1588 893 1672 939 Ctvpri
1692 902 1856 938 episcopus

1047 954 1170 982 Panariis
1183 954 1241 981 suis
1257 953 1372 987 impium
1387 951 1481 979 nescio
1497 949 1572 985 quod
1589 949 1666 984 impii
1683 948 1760 976 Aetii
1776 956 1853 983 opu-

1047 1001 1156 1028 sculum
1172 998 1269 1026 inserit
1287 998 1314 1025 itt
1331 997 1366 1025 56
1381 997 1470 1032 capita
1488 996 1690 1028 divisum,cum
1706 994 1850 1024 Prommic

1049 1046 1222 1082 huiusmodi.

1083 1091 1313 1126 Quandoquidem
1341 1088 1543 1125 persecutionis
1559 1093 1694 1122 tempore,
1709 1095 1766 1122 qua
1783 1087 1848 1122 qui-

1048 1139 1109 1166 dem
1129 1147 1143 1165 a
1159 1137 1346 1172 Temporariis
1358 1135 1473 1171 impetiti
1491 1142 1598 1167 smnus,
1610 1134 1722 1169 quidam
1742 1134 1846 1169 praedi-

1048 1188 1155 1211 ctorum
1182 1190 1234 1209 ttna
1262 1189 1324 1209 cum
1356 1181 1497 1215 plerisque
1526 1180 1589 1207 aliis
1613 1188 1628 1206 a
1656 1180 1740 1206 nobis
1753 1179 1844 1211 divisi,

1047 1229 1212 1264 opusculum
1231 1227 1370 1263 quoddam
1388 1235 1402 1254 a
1423 1227 1503 1253 ttobis
1524 1226 1653 1260 privatim
1673 1225 1845 1256 editum,'de

1048 1274 1169 1308 ingenito
1184 1274 1240 1300 Deo
1255 1278 1283 1300 et
1304 1272 1408 1307 genito,
1435 1271 1624 1299 additionibus
1646 1276 1675 1297 et
1690 1270 1843 1297 detractio-

1048 1320 1130 1350 nibus
1148 1324 1309 1354 corrttptum
1335 1318 1497 1349 ediderunt,
1519 1316 1687 1351 vivendique
1719 1317 1842 1351 regulam

1049 1367 1146 1399 rationi
1172 1371 1384 1393 consentaneum
1410 1365 1610 1395 immutarunt,
1636 1363 1721 1397 idque
1749 1367 1842 1397 postea

1051 1415 1077 1440 itt
1097 1422 1193 1440 manus
1211 1418 1319 1440 nostras
1341 1419 1356 1441 a
1376 1411 1496 1446 quodam
1517 1410 1604 1437 nostri
1621 1408 1749 1436 studioso
1769 1407 1843 1435 dela—

1051 1465 1107 1487 tum
1139 1460 1247 1492 incidit,
1268 1463 1380 1486 coactus
1407 1466 1468 1485 sum
1495 1461 1624 1491 lattquatn
1648 1460 1738 1490 pater,
1769 1462 1840 1490 opu-

1049 1507 1157 1534 sculum
1175 1506 1267 1533 denuo
1291 1510 1469 1539 repurgatum
1494 1503 1528 1530 ad
1546 1511 1593 1530 vos
1610 1502 1731 1533 mittere.
1753 1509 1769 1528 ο
1805 1501 1842 1536 pii

1051 1552 1162 1581 athletae
1194 1555 1221 1578 ct
1246 1550 1380 1579 athletrite
1411 1555 1518 1579 omnes,
1551 1552 1581 1576 ιιι
1604 1546 1779 1582 cognoscatis
1799 1555 1841 1573 rc-

1053 1605 1186 1633 sponsum
1213 1606 1227 1624 a
1246 1597 1327 1624 nobis
1343 1604 1358 1623 a
1376 1600 1533 1623 sanctarum
1547 1594 1755 1629 Scripturarum
1773 1601 1842 1628 pne-

1051 1645 1152 1679 scripto
1164 1644 1267 1671 editum
1283 1650 1415 1677 esse,quo
1430 1641 1539 1677 quidem
1553 1640 1643 1671 omnis
1661 1639 1781 1667 immittis
1797 1639 1841 1674 qui

1052 1691 1085 1720 de
1097 1691 1218 1726 ingenito
1230 1690 1284 1717 Deo
1294 1695 1322 1716 et
1333 1689 1424 1724 genito
1435 1687 1635 1716 disserentibus
1644 1686 1723 1713 vobis
1738 1690 1844 1714 contra-

1052 1737 1144 1766 dicere
1159 1744 1243 1764 ausus
1259 1735 1353 1767 fuerit,
1376 1733 1575 1769 impudentiam
1600 1731 1751 1761 succinctis
1776 1738 1840 1758 con-

1052 1783 1235 1813 futationibus
1260 1781 1408 1813 retundere
1431 1780 1564 1816 possitis:
1589 1779 1618 1809 in
1632 1778 1731 1813 primis
1753 1782 1840 1806 autem

1055 1829 1201 1865 prtedietos
1218 1827 1426 1863 Temporarios,
1441 1826 1524 1854 Porro
1545 1825 1659 1852 dubium
1674 1832 1691 1854 a
1705 1823 1800 1854 dubio.
1816 1828 1843 1850 et

1053 1877 1219 1906 solutionem
1242 1884 1257 1903 a
1281 1875 1418 1903 solutione
1437 1873 1601 1909 quibusdam
1620 1872 1697 1906 quasi
1717 1871 1842 1899 versibus

1054 1923 1168 1957 diduxi,
1193 1927 1223 1950 ut
1253 1922 1488 1956 epiclterematum
1516 1923 1657 1946 structura
1686 1917 1794 1944 facilius
1816 1922 1842 1943 ct

1054 1970 1176 2006 apertius
1198 1967 1493 2003 comprehenderetur,
1511 1965 1679 1999 initiumque
1707 1964 1741 1993 ab
1768 1963 1841 1998 inge-

1055 2017 1113 2045 nito
1129 2017 1185 2044 Deo
1202 2015 1319 2050 sumpsi.

1056 2075 1097 2103 An
1109 2073 1171 2108 ﬁeri
1188 2073 1271 2109 possit
1287 2076 1316 2099 ut
1338 2072 1474 2109 ingenitus
1486 2070 1568 2109 _I)eus
1585 2077 1618 2096 ea:
1638 2068 1730 2103 genita
1744 2067 1842 2101 ingeni-

1371 2113 1426 2134 tum
1440 2107 1532 2142 faciat.

1092 2158 1117 2186 t.
1139 2157 1167 2186 Si
1183 2158 1255 2185 Deus
1269 2156 1409 2192 ingenitus
1419 2153 1495 2182 omni
1510 2160 1593 2181 causa
1605 2149 1778 2186 praestantior
1792 2154 1840 2179 est,

207 2203 380 2243 Apollinarii,
397 2200 652 2243 Βίιείζίί..σο·ί’θιῃξςι
666 2204 689 2226 et
702 2198 994 2243 Eunom‘ii_scriptorunt

1057 2214 1130 2236 certe
1148 2207 1325 2243 generatione
1341 2211 1451 2240 quoque
1467 2201 1642 2238 praestantior
1662 2198 1726 2226 erit.
1753 2197 1841 2231 Neque

297 2239 366 2266 inter
380 2246 407 2265 se
421 2237 528 2264 collatio
544 2244 576 2262 ea:
593 2235 770 2270 Pliiloslorgio
791 2235 904 2261 Ariona.

245 2307 349 2342 Impius
370 2314 452 2341 porro
470 2305 515 2332 ille
532 2303 734 2338 Philostorgins
757 2306 856 2329 octavo
874 2302 1001 2330 Historia:

208 2361 266 2382 sua:
282 2353 352 2380 libro
368 2352 565 2387 impiiSsimum
590 2350 665 2377 hunc
689 2349 856 2376 Eunomium
883 2349 1002 2376 laudans

209 2401 248 2428 ita
280 2399 377 2428 scribit
401 2408 407 2425 :
433 2397 619 2433 Apollinarius
657 2395 862 2424 commentariis
890 2396 1001 2430 quidem

209 2444 429 2476 conscribendis,
463 2443 580 2471 Basilius
624 2445 716 2469 autem
750 2440 932 2469 concionibus
968 2441 1002 2469 ad

210 2491 340 2527 populum
368 2489 504 2517 ltabendis
545 2487 716 2515 clarissimus
748 2487 818 2519 fuit;
855 2486 1003 2521 Gregorius

209 2545 278 2565 vero
293 2542 408 2572 utraque
433 2536 491 2562 hmo
520 2534 554 2561 ab
582 2539 701 2568 utroque
730 2537 873 2561 mutuatus
898 2533 1003 2568 majore

212 2592 274 2612 cutn
292 2583 436 2611 verborum
452 2580 585 2616 elegantia
616 2579 748 2615 scripsit:
771 2586 853 2615 atque
886 2579 1004 2607 dicendo

212 2629 324 2664 quidem
341 2637 370 2656 se
397 2628 477 2662 longe
503 2626 672 2662 Apollinario
708 2626 902 2658 maturiorem,
927 2625 1003 2653 Basi-

212 2677 306 2711 lioque
343 2675 514 2706 lirmioretn,
547 2678 575 2701 et
604 2673 838 2700 vehementiorem
865 2672 1003 2707 praestitit.

214 2722 307 2756 Itaque
321 2719 510 2755 Apollinarius
526 2724 555 2747 et
571 2719 687 2746 Basilius
700 2718 832 2746 adversus
843 2718 1003 2753 Apologiam

213 2767 288 2794 illam
309 2766 490 2801 scripserunt,
508 2772 591 2801 quam
607 2764 760 2792 Eunomius
780 2763 916 2792 ediderat.
933 2763 1004 2791 Grc-

216 2814 310 2847 gorius
330 2818 421 2841 autem
435 2813 443 2846 (
456 2820 490 2839 ne
507 2813 570 2848 quis
592 2816 682 2839 tamen
702 2812 754 2839 hoc
769 2811 803 2838 ad
827 2811 1004 2846 prudentiam

218 2859 271 2889 viri
298 2859 539 2887 (Ietlltjtttll‘itlltlaln
570 2859 621 2887 sibi
654 2859 783 2894 assumat)
810 2867 872 2886 cum
903 2865 1005 2894 cogno-

1055 2255 1128 2283 enim
1145 2254 1220 2289 quod
1236 2253 1294 2288 ipse
1307 2256 1360 2283 est.
1387 2250 1413 2278 id
1428 2249 1462 2277 ab
1478 2248 1535 2276 ulla
1561 2247 1616 2274 alia
1645 2250 1743 2272 natura
1761 2243 1840 2276 cepit,

1055 2309 1145 2337 neque
1161 2301 1220 2335 ipse
1236 2299 1299 2331 sibi,
1326 2303 1356 2325 ut
1381 2297 1429 2328 sit,
1450 2299 1547 2323 auctor
1565 2293 1629 2323 fuit.
1651 2292 1710 2320 .Iam
1735 2290 1756 2317 si
1780 2290 1839 2317 sibi.

1055 2354 1086 2376 ιιι
1100 2335 1151 2382 sit,
1164 2351 1261 2374 auctor
1281 2346 1339 2380 ipse
1357 2351 1411 2371 non
1425 2342 1488 2374 fuit,
1513 2348 1568 2368 non
1584 2346 1618 2366 eo
1640 2337 1760 2374 quidem,
1782 2335 1840 2369 quia

1056 2400 1153 2423 natura
1173 2393 1209 2421 sit
1226 2390 1368 2423 imbecilli,
1384 2389 1433 2417 sed
1455 2388 1519 2424 quia
1541 2393 1650 2414 omnem
1669 2391 1777 2411 causam
1798 2390 1840 2409 cx-

1056 2445 1185 2476 superet.
1205 2439 1252 2475 qui
1269 2438 1327 2466 ﬁeri
1357 2436 1469 2472 poterit,
1485 2440 1516 2462 ut
1540 2430 1606 2468 quis
1631 2435 1756 2458 naturam
1777 2428 1838 2455 sub-

1055 2488 1209 2517 siStentem.
1221 2486 1248 2513 in
1263 2485 1323 2520 ejus
1339 2488 1443 2510 natura:
1456 2489 1471 2508 a
1482 2488 1535 2515 qtta
1551 2483 1580 2506 ut
1595 2477 1757 2505 subsisteret
1768 2482 1839 2500 act-e-

1056 2534 1106 2569 pit,
1127 2532 1275 2561 essentiam
1294 2529 1411 2557 transire
1435 2526 1579 2555 concedat.
1605 2521 1755 2558 praesertim
1781 2527 1837 2547 ctttn

1057 2566 1210 2617 Itypostasis
1228 2576 1384 2613 huiusmodi
1409 2573 1676 2610 generationemnon
1692 2566 1839 2596 desideret?

1090 2627 1118 2654 9..
1130 2626 1157 2653 Si
1170 2625 1242 2653 Deus
1255 2623 1314 2651 sine
1329 2622 1382 2648 line
1402 2621 1428 2647 in
1444 2618 1564 2654 ingenita
1576 2620 1674 2643 natura
1688 2618 1805 2643 maneat,
1815 2616 1839 2639 et

1057 2673 1184 2710 genitura
1212 2671 1272 2699 sine
1289 2670 1341 2697 fine
1363 2667 1490 2703 genitura
1513 2668 1566 2695 est,
1587 2667 1663 2690 certe
1687 2667 1835 2696 perversum

1057 2705 1091 2747 de
1106 2717 1249 2746 ltomousio
1264 2722 1293 2744 et
1311 2713 1467 2742 ltomceusio
1482 2712 1581 2746 dogma
1608 2711 1762 2736 evaneseet.
1784 2705 1834 2733 Jant

1057 2764 1189 2801 quidquid
1205 2762 1358 2792 substantia
1370 2764 1488 2792 constat,
1502 2757 1538 2785 ita
1553 2754 1691 2786 consistit,
1705 2758 1735 2780 ut
1748 2757 1833 2780 neutra

1059 2812 1085 2840 in
1103 2816 1199 2839 natura
1212 2811 1282 2838 inter
1296 2817 1325 2836 se
1345 2805 1463 2835 conferri
1478 2810 1599 2838 unquam
1617 2801 1714 2836 possit,
1730 2807 1786 2827 cum
1801 2798 1836 2825 tti-

1059 2859 1157 2886 mirum
1167 2857 1274 2893 propria
1288 2856 1427 2892 innatum
1440 2850 1573 2887 dignitate
1582 2848 1641 2876 sine
1651 2848 1705 2875 Iinc
1712 2846 1834 2882 perduret-
