1927 3085
91 116 185 150 1401

95 221 212 247 varias
228 219 255 246 in
273 219 417 254 opiniones
432 221 460 245 Et
488 217 621 245 essentias
645 217 840 244 dissectionem
868 218 912 244 iii—

96 269 271 297 severuut;
288 264 315 291 hi
331 264 451 299 denique
478 268 554 294 sunt,
569 263 616 299 qui
634 263 737 290 zizania
763 263 912 298 purissimo

98 311 232 346 pictatis
258 310 349 338 tritico
379 310 639 345 superseminarunt
662 313 690 336 et
718 310 910 340 excolucrunt,

101 364 179 391 quae
195 356 307 391 quidem
323 356 407 383 Arius
433 356 581 390 plantavit,
596 355 693 382 Aetius
724 355 839 390 rigavit,
857 355 913 382 Eu-

104 401 233 428 nouiius
248 401 381 428 adauxit:
402 409 519 436 quorum
540 400 646 427 fructus
659 404 711 429 est.
725 405 754 427 ut
778 400 913 427 creaturis

102 449 238 483 Creator
251 452 441 479 accenseatur,
461 452 488 474 et
514 447 598 474 Filius
625 447 736 480 quidem
756 454 771 473 a
784 446 912 473 substan-

109 494 154 520 tia
177 493 269 520 Patris
284 494 429 522 alienetur,
451 493 485 519 ab
502 500 590 527 eoque
613 491 734 526 Spiritus
746 491 912 526 quihusdam

108 539 203 573 quasi
225 538 355 573 gradibus
377 538 496 565 differat.
516 538 650 565 thterum
669 537 696 564 hi
713 537 824 571 quidem
854 537 914 562 fru-

109 589 176 611 stra
198 589 229 610 et
255 589 357 611 temere
381 588 478 610 contra
502 583 642 610 Christum
670 583 862 614 fremuerunt,
887 586 915 608 et

109 629 270 664 opiniones
284 629 381 663 impias
393 629 420 656 in
436 630 548 662 coelum,
565 629 617 656 hoc
633 633 675 656 est
687 628 841 655 divinitatis
856 627 915 662 ejus

110 675 300 702 altitudinem
320 681 414 702 contra
434 683 515 710 quam
537 683 586 709 par
606 680 666 702 erat
693 674 821 709 ejaculati
838 679 914 705 sunt,

111 721 219 756 lingua
237 722 323 748 instar
341 721 417 748 nervi
448 729 529 748 arcus
547 721 650 748 intenta
668 729 674 746 :
697 720 742 747 ille
757 727 824 747 vero
839 725 914 746 extra

114 768 169 794 tcli
182 768 287 803 jactum
305 775 419 795 manens
436 767 672 803 (quandoquidem
691 767 843 794 divinitatis
855 766 914 801 ejus

113 814 288 841 excellentia
308 814 393 841 celos
417 814 596 847 transcendit)
616 812 807 848 majoreljuxta
824 817 852 840 et
866 820 914 839 au-

115 858 251 893 gustiore
267 859 351 893 gloria
379 858 568 893 resplenduit,
591 865 688 886 eorum
721 866 803 886 arens
822 863 916 886 conte-

117 911 205 934 rens.
215 908 243 930 et
257 904 433 938 confringens
443 912 530 936 artua,
541 909 569 932 et
580 909 656 933 scuta
670 904 836 933 comburens
849 903 917 938 igni-

119 954 158 977 tte
175 950 199 965 ³⁹
225 950 336 977 Patrum
372 950 517 985 theologia:
547 950 736 983 adminiculo;
765 955 867 985 atque,
887 955 918 977 ut

119 996 161 1024 ita
182 996 282 1028 dicam,
298 997 440 1025 faeculcnta
456 1005 552 1024 eorum
577 999 661 1024 verba
674 997 825 1024 exsiccans.

160 1043 233 1075 Quid
252 1042 324 1069 enim
338 1042 404 1073 Arii,
422 1042 503 1074 Aetii,
518 1047 546 1069 et
562 1042 690 1069 Eunomii
711 1042 848 1076 dogmatis
871 1041 918 1068 fa:-

121 1088 268 1115 culeutins
279 1092 333 1120 est,
364 1096 426 1123 qute
441 1088 553 1123 quidem
572 1093 628 1115 tum
650 1089 676 1115 in
703 1088 817 1115 historia
833 1088 867 1115 de
883 1087 917 1114 iis

122 1134 290 1160 clucubrata
307 1135 582 1168 comprehendimus,
606 1139 662 1161 tttm
689 1135 838 1162 dilucidius
856 1141 919 1161 ora-

123 1180 205 1206 tione
230 1180 355 1214 sequenti
382 1180 606 1214 explanabimus,
627 1181 667 1208 eis
691 1181 829 1207 contraria
852 1180 920 1207 sub-

122 1225 283 1261 jungentes,
302 1230 331 1252 ut
354 1226 462 1253 inanem
478 1234 574 1254 eorum
592 1227 786 1261 loquacitatem
810 1227 919 1254 refella-

126 1279 202 1302 mus,
219 1277 247 1298 et
271 1279 305 1299 ne
324 1272 386 1306 quis
411 1272 437 1299 in
454 1280 485 1299 ea
499 1273 640 1307 impingat,
655 1281 716 1308 qua:
733 1272 777 1300 isti
796 1274 856 1300 sine
876 1281 920 1300 ra-

127 1318 207 1344 tione
225 1322 252 1344 et
280 1319 413 1352 sapientia
437 1323 534 1346 contra
560 1319 680 1347 Verbum
704 1324 732 1347 et
754 1319 917 1354 sapientiam

127 1362 327 1390 eﬂutiverunt?

452 1421 527 1449 CAP.
543 1421 612 1448 XLI.

129 1464 265 1503 Capitibus
281 1466 492 1503 lia-raseonArii,
520 1467 642 1493 Eunomii
665 1472 689 1494 et
713 1469 782 1495 Aetii
799 1469 920 1503 expositis

178 1501 239 1539 jam
257 1501 292 1528 ait
311 1503 408 1528 seriam
429 1503 578 1529 earumdem
596 1503 804 1537 confutationem
828 1501 920 1539 aggrcu

183 1537 266 1562 ditur.

168 1591 319 1627 Objiciehat
338 1593 429 1625 Arius,
453 1599 482 1621 nt
507 1598 535 1621 et
558 1594 617 1629 ejus
638 1595 749 1622 asseclae
775 1596 870 1623 Aetius
894 1601 921 1623 et

133 1638 304 1666 Eunomius:
321 1639 379 1666 Non
395 1647 503 1674 semper
522 1640 592 1668 Deus
611 1641 693 1668 Pater
715 1641 783 1672 fuit,
800 1642 847 1668 sed
868 1642 920 1669 fuit

133 1690 249 1719 tempus,
267 1692 321 1720 quo
339 1684 420 1712 Pater
432 1693 484 1712 non
502 1685 563 1713 fuit.
583 1685 694 1718 Quodsi
713 1686 794 1714 Pater
813 1695 921 1721 semper

132 1735 159 1757 et
174 1731 208 1757 ab
223 1731 300 1757 initio
321 1739 373 1757 non
390 1731 483 1761 fuerit.
511 1740 600 1766 neqtte
619 1732 704 1758 Filius
716 1732 749 1758 ab
765 1733 845 1759 initio
856 1742 921 1760 coti-

135 1780 326 1810 temporaneus
338 1781 545 1811 comternusque
567 1778 651 1807 Patri.
665 1778 712 1804 sed
734 1783 791 1805 tum
809 1779 920 1805 demum

135 1827 226 1856 postea
240 1843 247 1854 ,
262 1829 324 1849 cum
350 1822 404 1848 Deo
422 1829 470 1856 per
498 1822 597 1849 Filium
612 1823 739 1857 angelos,
757 1828 784 1850 et
806 1833 865 1855 nos,
893 1828 921 1851 et

135 1868 223 1894 omnia
240 1875 300 1902 qua:
316 1871 380 1894 sunt
396 1867 424 1894 in
447 1868 561 1899 tnundo,
581 1876 676 1895 creare
691 1869 793 1903 placuit
814 1878 821 1896 :
847 1875 922 1897 certe

136 1919 258 1940 creatura
290 1914 358 1947 fuit,
376 1918 459 1949 atque
478 1919 598 1948 paternae
626 1915 787 1943 substantiae
812 1924 919 1950 expers.

136 1959 216 1987 Porro
240 1959 361 1987 Verbum
385 1960 477 1987 dictus
503 1964 561 1992 est,
586 1960 690 1986 ratione
718 1967 918 1993 creaturarum,

137 2013 192 2040 qua:
205 2011 268 2032 sunt
285 2006 399 2033 rationis
424 2006 584 2040 participes.
607 2006 736 2032 nimirum
761 2007 918 2041 angelorum

137 2057 163 2079 et
186 2052 292 2084 nostri;
321 2051 459 2086 Sapientia
486 2061 564 2081 vero.
589 2061 684 2079 eorum
714 2052 830 2082 ratione.
850 2060 920 2087 quos

139 2098 286 2125 divinarum
303 2103 330 2125 et
354 2098 534 2125 humanarum
553 2107 643 2125 rerum
661 2099 817 2134 cognitione
835 2100 921 2126 infero

141 2145 238 2175 mavit;
272 2143 357 2170 Filius
381 2144 500 2178 denique
523 2149 636 2179 propter
662 2153 729 2177 eos,
756 2153 825 2180 quos
854 2146 921 2173 ado-

140 2190 228 2224 ptavit.

171 2235 201 2262 Et
225 2235 289 2270 quia
307 2234 425 2263 Verbum
453 2236 527 2264 aliud
543 2243 603 2269 est,
631 2237 703 2272 quod
731 2238 804 2265 Patri
829 2238 918 2272 inest;

140 2281 206 2316 quod
228 2281 340 2308 insitum
365 2290 475 2317 quoque
491 2283 603 2315 dicitur,
623 2283 737 2318 ejusque
758 2284 918 2311 substantia:

141 2328 271 2362 propriutn
286 2337 292 2354 :
317 2329 439 2363 itemque
455 2329 541 2359 aliud.
554 2329 627 2364 qttod
647 2329 674 2355 in
691 2333 791 2356 terram
805 2329 919 2357 descen-

142 2373 185 2405 dit,
202 2381 369 2409 carnemque
394 2375 554 2410 assumpsit,
570 2375 644 2408 quod
666 2379 693 2402 et
708 2375 919 2410 participatione

142 2419 253 2446 Verbum
283 2419 351 2452 Dei,
378 2421 506 2456 Deusque
541 2421 643 2448 dicitur
678 2422 919 2457 (quemadmodum

143 2465 198 2500 justi
213 2473 321 2500 quoqtte
334 2471 390 2494 tum
402 2468 447 2494 Dei
461 2468 521 2499 Illii,
534 2473 589 2495 tuin
599 2469 636 2495 dii
648 2470 803 2503 vocantur),
819 2470 921 2504 quippe

146 2512 209 2546 quod
227 2512 356 2540 mutabile
373 2519 470 2540 natura
482 2514 526 2546 sit,
545 2522 596 2542 nec
622 2515 730 2542 Patrem
745 2517 846 2547 videat,
871 2524 923 2543 nec

145 2565 198 2584 eum
224 2558 299 2585 norit
317 2559 364 2594 qui
382 2559 517 2594 principio
543 2565 628 2593 caret,
652 2562 753 2596 quippe
782 2563 854 2597 quod
870 2563 921 2590 sub

146 2605 300 2640 principium
317 2605 407 2633 cadat.

175 2650 347 2686 Perspicuum
374 2657 465 2679 autem
483 2657 525 2680 est
549 2661 598 2680 eos
619 2658 646 2680 et
660 2653 770 2682 Christo
798 2655 847 2689 ipsi
874 2655 923 2682 ad-

147 2696 247 2727 versari,
274 2702 303 2724 et
321 2697 355 2724 iis
381 2698 428 2733 qui
459 2698 553 2742 ipsum.
576 2699 713 2734 viderunt,
734 2701 816 2735 eique
840 2702 921 2729 titini-

177 2801 270 2830 "Psal.
282 2810 342 2834 va,
362 2803 405 2830 10.
441 2803 464 2818 δ’)
481 2804 560 2831 Joan.
573 2813 628 2836 xxv.
647 2806 674 2833 9.

730 2807 750 2822 “
763 2806 832 2833 Ibid.
854 2807 896 2833 i0.

148 2845 192 2872 XIV,
205 2837 244 2866 10.
283 2838 384 2866 "Joau.
400 2847 465 2873 xvii,
483 2840 508 2866 (ἱ.
549 2841 569 2855 ⁸⁷
582 2840 633 2868 Isa.
651 2849 686 2875 ις,
704 2841 728 2867 δ.

752 114 949 146 THESAURI
975 116 1049 148 LIB.
1071 116 1092 146 V

93 173 291 208 colophones
309 181 317 206 ;
332 173 360 200 hi
378 177 452 204 sunt,
469 171 515 207 qui
541 170 622 206 primi
644 175 745 198 sanctae
764 171 909 198 Trinitatis
923 175 945 200 Λ
960 175 1094 199 strarunt.
1124 172 1168 199 Ait
1191 172 1265 198 enim
1284 171 1328 198 ille

933 776 1018 814 Bana
1058 776 1104 795 ora
1141 767 1342 801 obtnutescant,

947 2807 967 2822 “
981 2807 1060 2834 .Ioan.
1077 2816 1103 2838 ι,
1122 2808 1144 2834 I.

771 2842 790 2857 "'
801 2841 880 2869 Joan.
907 2851 965 2875 \‘lll,
985 2843 1028 2870 £323.

1686 110 1754 145 1402

1351 179 1358 198 :
1387 170 1438 204 Qui
1463 170 1532 197 uidet
1563 178 1612 202 me,
1633 171 1702 197 videt
1722 174 1748 197 et

965 217 1072 244 Putrem
1088 219 1120 245 ⁸ο.
1137 218 1202 246 Item
1218 227 1224 245 :
1247 218 1303 253 Ego
1315 219 1342 245 in
1357 217 1448 248 Patre,
1474 221 1497 243 et
1521 217 1600 244 Pater
1614 217 1640 243 in
1657 225 1698 243 me
1710 218 1753 250 “,

962 265 1063 298 quibus
1089 265 1181 292 verbis
1208 265 1302 293 eadetn
1339 265 1483 298 utriusque
1505 263 1660 291 substantia
1690 270 1754 297 per-

963 310 1058 342 spicue
1079 311 1282 338 subindicatur.
1308 311 1341 338 Et
1368 310 1534 345 evangelista
1559 309 1679 336 Joannes
1707 315 1756 334 ex-

964 357 1063 383 clamat
1079 365 1085 382 :
1112 357 1142 384 In
1160 357 1288 392 principio
1302 361 1358 385 erat
1380 356 1503 386 Verbum,
1520 359 1543 382 et
1565 354 1675 381 Verbum
1696 356 1755 379 erat

964 402 1035 437 apud
1057 402 1149 434 Deum,
1163 408 1186 429 et
1202 403 1269 430 Deus
1285 408 1342 429 erat
1360 402 1470 429 Verbum
1485 402 1507 417 δ’
1526 411 1531 427 ;
1550 407 1668 434 moxque
1680 399 1753 426 dicta

965 448 1130 474 confirmans
1159 449 1296 475 subiniert
1316 456 1321 474 :
1340 448 1386 475 llic
1401 452 1457 474 crut
1485 448 1511 474 in
1527 447 1654 481 principia
1684 444 1754 479 apud

965 493 1048 519 Deum
1059 494 1092 525 ⁸³,
1114 494 1171 520 sive
1191 493 1216 519 in
1234 494 1300 520 Deo.
1319 494 1494 527 Ulteriusque
1519 499 1682 527 progressus
1708 491 1757 516 do-

965 544 1019 569 cet,
1040 539 1113 573 quod
1133 539 1285 574 Unigenittts
1305 539 1377 566 illius
1390 560 1396 570 ,
1414 539 1457 574 qui
1479 543 1516 565 est
1534 539 1560 564 in
1584 539 1644 565 sinu
1668 537 1756 564 Patris

965 585 1020 618 ipse
1049 585 1235 612 enarravit“.
1260 585 1354 619 Itaque
1385 585 1406 612 si
1431 592 1496 612 vero
1521 584 1589 611 dicit
1618 584 1756 613 Christus,

966 638 1027 657 eum
1051 630 1113 658 ait:
1132 631 1190 665 Ego
1214 631 1241 658 in
1268 630 1358 663 I'atre,
1384 635 1407 657 et
1426 630 1506 657 Pater
1523 631 1550 658 in
1578 638 1628 661 me,
1644 634 1671 657 et
1696 637 1757 664 ger-

967 684 1063 703 manus
1089 677 1150 711 ejus
1171 676 1334 711 discipulus,
1358 684 1421 703 cum
1450 677 1539 707 docet,
1568 675 1594 702 in
1622 675 1757 710 principio

967 722 1050 749 fuisse
1062 722 1184 749 Verbum
1202 727 1230 749 et
1254 731 1361 757 semper
1382 723 1465 750 fuisse
1489 722 1560 756 apud
1578 723 1661 748 Deum
1675 741 1681 752 ,
1697 721 1759 747 Ari-

1380 777 1440 803 qtne
1476 768 1637 802 injustitiam
1663 771 1760 794 contra

967 816 1052 843 Deum
1072 815 1223 850 loquuntur
1240 825 1246 842 :
1264 820 1347 850 atque
1372 815 1399 842 in
1423 815 1519 849 primis
1534 815 1638 845 Actius,
1658 814 1705 849 qui
1723 814 1762 840 la-

968 861 1044 888 boris
1060 861 1102 888 sui
1116 861 1261 888 vanitatem
1277 869 1331 887 non
1349 860 1443 895 paucis
1457 860 1591 895 capitibus
1605 868 1666 894 quae
1679 867 1761 893 supra

967 906 1032 932 huic
1050 906 1171 932 historia:
1191 904 1414 936 interseruimus,
1436 904 1578 937 patefecit,
1608 903 1672 929 dum
1695 910 1761 928 eon-

969 952 1078 978 Iirntare
1100 957 1218 978 conatur
1246 951 1345 978 Filium
1368 950 1401 978 ab
1434 949 1554 983 ingenito
1576 949 1654 976 Patre
1678 946 1756 983 geni-

970 1003 1028 1026 tum
1057 1005 1113 1024 non
1138 1005 1198 1024 esse
1213 1017 1220 1029 ,
1249 996 1313 1031 quia
1331 995 1482 1030 ingenitum
1504 1002 1613 1029 quoque
1645 1003 1659 1020 ιι
1681 1001 1764 1028 gene—

974 1045 1083 1072 ratione
1098 1044 1218 1071 alienum
1236 1043 1280 1070 sit.
1291 1043 1348 1070 Jam
1361 1042 1384 1069 si
1410 1040 1496 1068 Filius
1512 1040 1669 1075 unigenitus
1688 1047 1762 1066 sem-

968 1099 1016 1125 per
1033 1091 1061 1117 in
1087 1091 1149 1117 sinu
1176 1089 1268 1116 Patris
1281 1093 1342 1119 est,
1368 1088 1447 1115 Pater
1463 1087 1557 1121 utique
1588 1093 1697 1120 Semper
1720 1089 1763 1112 est

969 1136 1060 1167 Pater,
1080 1142 1107 1162 et
1129 1135 1215 1162 Filius
1229 1134 1253 1161 ei
1271 1138 1434 1165 cozcternus,
1453 1138 1482 1159 ut
1499 1134 1544 1167 qui
1559 1133 1683 1167 ejusdem
1697 1139 1760 1159 cum

969 1183 1017 1212 illo
1035 1182 1070 1209 sit
1082 1187 1197 1213 naturae,
1220 1189 1270 1208 nec
1280 1180 1314 1207 ab
1328 1187 1361 1207 eo
1384 1179 1506 1214 separari
1523 1178 1619 1213 possit.

1006 1229 1102 1256 Relata
1118 1227 1191 1254 enim
1211 1234 1244 1253 es
1259 1233 1354 1253 eorutn
1382 1231 1498 1252 nutnero
1518 1227 1592 1255 sunt,
1612 1231 1672 1258 quae
1689 1230 1762 1250 setti-

971 1283 1020 1310 per
1050 1273 1134 1301 simul
1157 1281 1211 1300 una
1230 1276 1312 1304 sunt,
1336 1279 1420 1305 seque
1447 1275 1542 1297 tnutuo
1566 1269 1757 1296 introducunt.

974 1321 1026 1349 Ubi
1044 1328 1110 1353 ergo
1132 1320 1224 1351 Pater,
1247 1317 1430 1345 ihietFilius.
1449 1317 1515 1344 It'em
1532 1316 1604 1350 quod
1626 1315 1763 1350 principio

974 1371 1068 1397 caret,
1096 1373 1186 1399 neque
1215 1367 1342 1390 creatura
1370 1367 1428 1393 (εει.
1454 1370 1543 1396 neque
1574 1367 1687 1396 propter
1714 1368 1763 1388 IIOS

933 1399 954 1427 Ο
976 1413 1074 1439 factum
1105 1416 1157 1438 cst.
1187 1409 1237 1443 Qui
1262 1410 1335 1436 enini
1370 1409 1404 1436 ab
1426 1413 1530 1435 aeterno
1549 1409 1594 1435 lest
1609 1427 1616 1439 ,
1643 1415 1762 1442 quonam

973 1458 1054 1485 modo
1070 1457 1121 1484 sub
1136 1462 1227 1483 ortum
1254 1456 1342 1486 cadet,
1359 1454 1579 1489 principiumque
1597 1453 1765 1481 habentibus

972 1503 1164 1531 accensehitur
1178 1502 1189 1527 ?

1007 1549 1123 1583 Insuper
1137 1547 1309 1577 etVerbutn.
1327 1552 1354 1574 ct
1379 1546 1519 1581 Sapientia
1531 1567 1537 1578 ,
1556 1551 1583 1573 et
1603 1546 1689 1573 Filius
1705 1549 1763 1573 erat

972 1601 1081 1627 natura,
1096 1599 1123 1622 et
1138 1602 1247 1629 semper
1269 1594 1327 1628 ipsa
1359 1593 1418 1620 haec
1439 1593 1531 1620 omnia
1549 1597 1617 1619 erat.
1640 1591 1762 1619 Verbum

971 1640 1093 1675 quidem,
1124 1640 1187 1674 quia
1213 1638 1400 1673 generationis
1423 1638 1561 1665 alieetioni
1588 1646 1642 1664 non
1671 1639 1762 1665 obno-

973 1687 1045 1717 xius.
1066 1686 1130 1721 quia
1149 1686 1326 1720 conjunctuo,
1351 1689 1380 1711 et
1400 1684 1598 1716 enuntiativus,
1615 1684 1687 1711 unde
1705 1683 1764 1711 ait:

974 1733 1056 1761 Verba
1074 1740 1132 1767 quw
1145 1739 1190 1765 ego
1205 1730 1298 1766 loquor
1318 1731 1397 1761 vobis,
1411 1739 1427 1756 a
1444 1731 1541 1765 meipso
1557 1739 1609 1757 non
1629 1730 1765 1766 loquor",

968 1784 1000 1805 et
1014 1779 1068 1805 alio
1080 1778 1141 1804 loco
1152 1778 1190 1805 ait
1205 1777 1237 1804 ad
1248 1777 1375 1804 Patrem:
1394 1777 1564 1812 Manifestavi
1580 1785 1674 1803 nomen
1690 1781 1766 1803 litum

973 1824 1118 1851 hominibus
1129 1824 1151 1839 ⁵⁸
1165 1844 1172 1856 ,
1190 1815 1322 1850 nimirum
1343 1830 1442 1850 nomen
1465 1822 1648 1857 paternitatis.
1679 1821 1765 1849 Isaias

973 1878 1082 1905 quoque
1096 1869 1183 1905 Magni
1200 1868 1310 1897 consilii
1328 1869 1455 1903 angelum
1483 1872 1563 1895 vocat
1580 1868 1614 1900 ‘7,
1631 1867 1764 1894 nitnirum

975 1918 1075 1945 Patris.
1105 1917 1244 1951 Sapientia
1264 1923 1329 1942 vero
1357 1920 1426 1947 erat,
1448 1919 1578 1948 tanquam
1606 1914 1764 1941 divinarum

973 1969 1001 1992 et
1015 1965 1195 1991 humanarum
1218 1970 1309 1989 rerum
1329 1961 1419 1989 dator.
1445 1961 1503 1988 .Iam
1525 1961 1571 1995 qui
1587 1960 1644 1987 ﬁeri
1663 1964 1764 1994 potest.

976 2017 1004 2039 ut
1022 2011 1113 2045 opifer;
1129 2012 1249 2037 rationes
1264 2009 1371 2043 ignoret
1385 2015 1481 2035 eorum
1499 2015 1559 2042 quae
1575 2006 1638 2034 fecit
1651 2006 1662 2033 ?
1677 2005 1765 2033 Filius

934 2046 959 2076 D
973 2057 1101 2093 denique,
1129 2056 1192 2092 quia
1222 2056 1294 2083 Patri
1325 2055 1438 2090 aequalis
1453 2059 1505 2086 est,
1522 2053 1674 2081 Secundum
1697 2052 1764 2079 sub-

973 2104 1103 2132 stantiam
1133 2111 1194 2130 cum
1219 2110 1253 2130 eo
1283 2107 1341 2135 est,
1364 2109 1415 2129 nec
1442 2101 1476 2129 ab
1505 2101 1564 2136 ejus
1587 2100 1649 2128 sinu
1682 2099 1763 2126 avelli

973 2154 1074 2185 potest.

1007 2196 1042 2223 At
1065 2202 1130 2229 vero
1147 2194 1225 2221 locus
1242 2194 1286 2221 ille
1302 2202 1309 2220 :
1329 2193 1395 2220 Novi
1424 2192 1532 2220 Putrem
1546 2212 1553 2223 ,
1573 2196 1597 2218 et
1614 2199 1761 2220 sermonem

972 2243 1028 2277 ejus
1043 2249 1116 2268 servo
1128 2241 1172 2272 “,
1194 2248 1257 2267 eum
1285 2240 1319 2267 ab
1345 2229 1463 2266 essentia
1490 2243 1604 2274 paterna
1633 2237 1764 2273 sejnngit,

971 2289 1112 2322 aliumque
1136 2295 1150 2313 a
1171 2286 1261 2313 Verbo
1289 2285 1457 2320 prmtendit:
1478 2284 1550 2319 quod
1570 2284 1620 2319 ipsi
1650 2283 1765 2315 insitum

971 2339 1000 2362 et
1017 2341 1177 2369 germanum
1190 2333 1238 2359 Dei
1253 2331 1373 2359 Verbum
1389 2339 1450 2359 esse
1476 2331 1584 2358 volunt.
1597 2330 1632 2358 At
1654 2337 1763 2357 sermo-

972 2388 1034 2407 nem
1047 2378 1175 2406 Christus
1191 2378 1243 2404 hoc
1260 2378 1322 2405 loco
1346 2378 1514 2404 voluntatem
1530 2376 1648 2410 appellat
1664 2375 1761 2403 Patris.

970 2427 1027 2454 Nec
1042 2425 1160 2452 absimili
1189 2424 1295 2450 ratione
1326 2423 1403 2450 locus
1425 2423 1498 2450 ille:
1526 2422 1593 2449 Ante
1624 2420 1763 2455 luciferum

974 2474 1053 2508 geniti
1071 2477 1095 2499 te
1110 2471 1132 2488 ⁸⁸
1147 2492 1153 2503 ,
1180 2479 1234 2497 non
1251 2470 1427 2504 temporalem
1453 2469 1658 2504 generationem
1675 2466 1763 2493 intro-

970 2519 1056 2549 ducit,
1068 2518 1115 2546 sed
1139 2518 1189 2544 hoc
1204 2517 1305 2549 innuit,
1325 2516 1555 2551 quemadmodum
1584 2517 1681 2539 venter
1699 2511 1760 2544 Dei,

971 2566 993 2593 si
1030 2565 1075 2599 pie
1102 2564 1282 2598 intelligatur,
1303 2563 1329 2590 id
1349 2562 1498 2597 genuinum
1528 2564 1556 2586 et
1581 2559 1763 2586 consubstan-

972 2611 1037 2639 tiale
1065 2618 1125 2638 esse
1159 2609 1305 2641 ostendit,‘
1326 2607 1399 2642 quod
1428 2605 1585 2641 cognitione
1614 2603 1761 2638 eonocpit:

972 2658 1007 2685 it]
1019 2662 1047 2684 et
1066 2663 1167 2687 sermo,
1183 2655 1328 2690 qnoIDeus
1346 2653 1457 2684 Filium,
1481 2651 1601 2686 angelos,
1622 2654 1649 2678 et
1671 2648 1762 2676 homi-

971 2711 1021 2732 i.es
1034 2703 1196 2738 alloquitur,
1213 2700 1388 2728 dialecticum
1404 2706 1556 2727 sermonem
1569 2698 1680 2726 denotat
1694 2707 1700 2725 :
1713 2694 1761 2733 qui

1204 2806 1225 2821 ⁸³
1239 2806 1308 2833 Ibid.
1325 2808 1351 2835 2.

1068 2843 1089 2858 ⁸⁸
1110 2842 1181 2870 Paul.
1193 2850 1247 2874 Ctx,
1268 2842 1293 2869 5.

1405 2807 1426 2821 “
1447 2806 1514 2834 Ibid.
1550 2805 1591 2832 IS.
1645 2803 1758 2831 "toan.
