1927 3085
161 107 227 142 ιω3

156 171 268 202 propter
282 174 334 196 nos
345 167 468 198 humano
481 179 557 200 more
566 173 722 208 disponitur
736 180 762 202 et
773 175 945 207 t'iTormalur,
963 181 984 208 Α

155 221 218 239 cum
243 221 298 242 non
324 222 468 250 possemus
483 217 537 245 alio
555 219 637 247 modo
666 220 773 249 divinos
803 223 946 257 percipere

156 268 306 290 sermones.

193 306 245 334 Sed
263 316 298 336 ne
321 310 462 339 mutabilis
488 312 601 347 quidem
617 313 735 347 dicetur,
751 315 798 350 qui
831 316 857 343 in
883 317 946 345 sinu

157 352 254 385 Patris.
269 355 316 389 qui
335 356 504 392 unigenitus,
518 359 566 394 qui
584 359 705 395 denique
734 361 809 388 Patri
826 363 947 391 consub-

157 400 293 428 stantialis
303 406 357 429 est.
370 403 485 432 Mutatio
495 405 570 433 enim
581 410 610 434 ct
624 407 751 435 alteratio
764 416 855 436 rerum
872 418 949 438 crea-

159 450 248 472 tarum
269 450 322 475 est.

191 489 278 518 Nemo
293 499 376 526 porro
391 498 443 527 est,
459 495 506 531 qui
524 496 610 524 Deum
627 506 641 526 a
670 500 822 528 mutatione
838 507 866 530 et
881 502 948 530 alte-

159 535 268 564 ratione
282 537 404 567 alienum
417 549 478 570 esse
502 548 591 578 neget.
606 544 664 572 1am
681 546 704 573 si
722 546 807 574 Filius
824 548 948 583 ejusdem

158 588 220 608 cum
241 583 320 611 Patre
346 586 508 616 substantiae
532 593 693 626 natumque
707 592 753 623 sit.
775 593 847 622 baud
865 595 949 623 dubie

158 631 256 655 natura
273 637 383 666 quoque
406 634 478 662 Deus
494 640 537 663 est
548 644 557 662 :
573 642 655 670 prout
673 638 717 665 ille
737 647 847 675 quoque
864 641 950 669 disci—

159 675 251 707 pulus,
270 677 316 710 qui
337 685 419 713 supra
437 685 533 714 pectus
553 681 659 710 Domitii
679 685 822 717 recubuit,
841 686 883 714 bis
906 687 949 714 in-

159 719 234 747 dicat
252 721 366 750 Verbis:
386 724 419 752 Et
437 725 507 753 Deus
520 733 578 755 erat
603 729 721 757 Verbum.
743 731 821 764 Quod
837 732 859 760 si
883 740 951 760 con-

160 768 215 812 stet
232 766 352 796 Verbum
375 770 499 806 ejusdem
519 781 581 801 cum
595 775 676 804 Patre
701 777 863 806 substantiae
876 787 951 812 esse,

161 811 352 849 principioque
377 824 432 844 una
457 825 520 846 cum
542 820 588 847 illo
603 829 708 855 carere,
723 831 779 852 non
797 829 888 852 autem
902 811 950 852 eo;

162 855 223 907 dem
240 858 375 894 principio
403 863 530 897 coepisse,
547 872 602 900 quo
627 871 761 896 creatura:
789 870 890 902 solent,
905 870 952 904 qui
968 873 991 903 B

161 902 237 954 lipri-
251 909 352 954 potest,
363 911 407 954 _ut
424 907 516 942 Pater,
533 911 580 945 qui
594 912 731 948 principio
745 915 829 941 etiam
847 902 952 948 careat,

161 949 185 996 ei
203 949 240 996 sit
261 949 427 986 incognitus,
443 956 490 990 qui
510 962 538 984 et
555 957 644 985 Patris
660 965 688 986 et
708 959 750 987 sui
765 961 952 996 cognitionem

162 993 249 1028 ipsius
272 997 334 1025 aliis
349 999 482 1034 impertit,
506 1003 585 1039 juxta
613 1004 701 1034 illud;
727 1006 763 1033 Et
783 993 826 1035 cui
841 1008 953 1036 voluerit

163 1039 250 1069 Filius
267 1045 384 1073 revelare
395 1047 428 1075 '°.

456 1118 533 1148 CAP.
552 1120 644 1150 XLIII.

165 1168 329 1216 Eunomiani
350 1175 680 1216 dilemmatisfonfulalio,
698 1189 750 1216 qua
765 1181 865 1210 Filium
878 1182 956 1211 Patri

218 1212 379 1246 eoteternum
393 1218 447 1239 esse
461 1220 493 1238 ea:
508 1213 678 1242 Nazianzeno
701 1212 726 1243 et
742 1219 843 1245 caloris
866 1219 957 1246 cat/w-

219 1242 275 1268 lr'cis
292 1244 409 1277 probat..

199 1299 282 1328 Arius
295 1307 323 1328 et
349 1302 512 1338 Eunomius,
529 1311 558 1333 ut
574 1307 672 1335 Filium
689 1310 764 1338 Patri
789 1316 956 1340 coaeternum

164 1351 226 1394 esse
241 1353 380 1382 negarent,
399 1350 452 1378 hoc
480 1351 507 1378 in
526 1354 644 1387 speciem
662 1355 881 1385 addubitatlonis
896 1366 959 1394 pro-

166 1391 256 1419 blema
273 1395 476 1429 proponebant.

203 1447 290 1495 Filius
301 1457 364 1478 cum
385 1459 556 1488 nasceretur,
575 1457 671 1486 aderat
696 1459 748 1487 sibi
766 1460 829 1495 ipsi,
848 1470 935 1490 necne
951 1463 962 1490 ?

166 1493 216 1544 cui
243 1495 354 1544 quidem
374 1497 525 1528 dilemmati
548 1503 694 1538 abruptum
719 1493 849 1542 utrinque
866 1509 962 1544 praeci—

167 1539 363 1589 pitium-inest.
388 1544 415 1572 Si
431 1546 504 1573 enim
521 1548 574 1575 sibi
602 1550 724 1579 adfuisse
741 1539 876 1587 dicamus,
897 1559 962 1583 tunc
975 1561 996 1589 (ι

167 1585 216 1618 qui
246 1586 344 1614 Filium
372 1589 548 1624 simplicitate
583 1594 657 1623 Patri
693 1585 959 1629 consubstantialem

169 1632 384 1669 introducimus,
399 1638 527 1666 eumdem
545 1648 597 1668 una
616 1650 677 1670 eum
692 1644 761 1672 Filio
776 1653 838 1673 esse
869 1648 961 1675 nasci-

168 1687 222 1714 que
237 1682 440 1711 conﬁtebimur.
457 1685 504 1712 Sin
519 1687 641 1716 adfuisse
657 1697 800 1725 negemus,
822 1694 874 1720 hoc
893 1702 963 1729 quo-

169 1733 223 1760 que
241 1730 320 1761 pacto
336 1729 362 1757 id
391 1730 627 1766 adulterabimus,
651 1737 724 1771 quod
755 1746 785 1765 ea
811 1738 838 1766 in
863 1744 961 1769 natura

171 1772 285 1807 simplex
299 1782 327 1802 et
338 1777 547 1811 compositionis
564 1788 665 1815 expers
683 1787 725 1810 est
741 1793 747 1811 :
768 1790 850 1820 atque
866 1794 920 1813 una
935 1777 963 1814 εἷ

170 1819 267 1847 eadem
290 1828 373 1856 opera
402 1831 465 1851 eum
493 1825 523 1857 ἐξ
540 1827 590 1853 οὐκ
620 1828 716 1862 ὄντων,
738 1831 764 1857 id
790 1819 842 1864 est,
863 1841 896 1860 ex
930 1834 963 1861 iis

171 1871 233 1915 qua:
251 1873 304 1892 non
321 1872 395 1898 sum,
411 1876 459 1895 seu
475 1870 572 1902 nihilo,
586 1873 660 1906 quod
676 1873 719 1901 isti
735 1876 841 1908 volunt.
853 1884 965 1911 proces-

173 1913 243 1938 sisse
267 1913 473 1942 contendimus.
500 1915 567 1943 Nam
592 1919 641 1951 qui
674 1919 726 1947 sibi
747 1921 796 1956 ipsi
823 1929 886 1949 cum
915 1932 966 1951 na-

173 1959 260 1985 scitur
277 1966 330 1986 non
351 1960 439 1993 adest,
458 1961 482 1989 is
505 1964 582 1991 nullo
605 1972 719 1999 prorsus
748 1968 829 1995 modo
855 1974 917 1997 est:
936 1975 967 1998 ut

174 2004 220 2039 qui
235 2010 314 2033 antea
330 2014 385 2034 non
403 2013 484 2041 esset,
500 2015 594 2044 postea
612 2019 677 2040 vero
701 2017 791 2047 natus,
809 2022 842 2042 ex
860 2015 894 2042 iis
905 2024 967 2051 quae

175 2058 230 2078 non
243 2056 308 2079 sunt
333 2058 423 2081 ortum
441 2055 580 2084 habuerit.
604 2056 699 2093 Itaque
716 2060 789 2094 quod
807 2060 871 2088 inde
896 2061 965 2089 inie-

176 2103 254 2170 rgnt,
282 2097 334 2126 hoc
362 2104 421 2132 est,
446 2101 532 2129 fuisse
562 2108 670 2139 tempus
700 2113 763 2133 cum
797 2107 882 2134 Filius
911 2116 966 2136 non

176 2150 191 2168 e
208 2148 259 2170 set,

176 2148 261 2177 esset,

212 2199 346 2230 Caeterum
367 2203 400 2230 ad
428 2204 585 2239 hujusmodi
611 2207 725 2235 dubium
751 2209 967 2242 retundendum,

179 2248 272 2276 Patres
287 2250 345 2278 hanc
361 2251 495 2279 Eunomio
511 2253 630 2281 vicissim
647 2253 799 2289 objiciunt,
823 2260 850 2283 et
864 2256 890 2283 in
914 2241 968 2286 ori;
986 2241 1012 2270 Β

178 2295 231 2322 mis
246 2303 372 2324 summus
394 2298 440 2326 ille
461 2299 605 2335 theologus
626 2300 776 2336 Gregorius
795 2311 800 2330 :
816 2302 872 2338 Age
891 2311 967 2336 vero,

179 2342 310 2375 Eunomi,
333 2344 431 2379 tibine,
453 2353 515 2373 cum
532 2348 696 2381 irascereris,
713 2349 820 2382 aderas,
838 2357 968 2386 nuncque

180 2388 257 2421 ades,
287 2397 321 2416 an
351 2395 481 2418 neutrum
508 2392 629 2420 horum?
646 2394 736 2424 item:
758 2395 819 2428 Quo
848 2401 971 2431 tempore

182 2435 315 2463 maternis
331 2436 472 2465 doloribus
487 2437 515 2465 in
536 2438 623 2467 lucem
646 2441 766 2469 emissus
780 2450 820 2475 es,
838 2443 974 2470 aderasne

181 2483 206 2509 ei
230 2491 311 2516 quem
337 2488 461 2511 tnatcrua
487 2486 566 2512 vulva
602 2487 699 2520 edidit,
727 2495 858 2524 nuncque
888 2489 974 2524 pube-

183 2531 270 2558 scmti
285 2537 312 2558 cl,
329 2531 503 2560 barbcsceuti
518 2534 606 2561 ades?
619 2542 653 2561 an
670 2543 734 2562 vero
751 2543 842 2571 neque
851 2538 975 2565 nascenti

183 2576 394 2614 aderas.ueque
419 2586 493 2605 nunc
523 2579 598 2609 ades.
616 2587 677 2607 cum
697 2588 780 2616 genas
804 2582 904 2618 lanugo
927 2583 976 2610 tibi

184 2624 348 2658 quibusdam
374 2625 452 2659 quasi
471 2625 585 2653 ﬂ0ribus
603 2628 836 2663 exornat?atque
852 2629 904 2656 hoc
921 2637 978 2657 mo-

186 2670 222 2697 de
237 2676 353 2706 utraque
369 2671 436 2704 haec,
454 2676 520 2700 tunc
536 2673 645 2706 aderas,
659 2679 687 2700 et
714 2681 789 2701 nunc
805 2675 882 2708 ades,
908 2675 975 2704 falsa

187 2725 249 2745 esse
272 2718 454 2746 demonstrat.
476 2717 531 2747 Nec
556 2721 630 2747 enim
653 2719 709 2747 ﬁeri
738 2725 839 2755 potest,
864 2725 894 2748 ut
922 2721 979 2749 haec

191 2769 308 2800 utraque
335 2765 361 2792 in
376 2773 425 2792 cos
440 2770 609 2801 competant,
625 2768 672 2803 qui
702 2772 800 2795 natura
825 2767 898 2796 unici
918 2774 982 2796 sunt

231 2853 252 2869 '°
271 2854 365 2882 Matth.
386 2863 421 2887 ιι,
437 2854 481 2882 9.7.

799 118 948 149 NiCET/E
968 119 1175 149 CIIONIAT/E

1731 115 1823 149 1404

1001 181 1028 204 ct
1043 177 1198 212 singulares
1214 185 1220 203 ι
1239 185 1290 204 nec
1304 176 1420 212 simplex
1436 177 1483 205 ille
1501 181 1552 209 est,
1579 178 1657 212 cujus
1671 178 1818 205 essentia

1002 223 1146 256 dividitur,
1166 228 1193 251 et
1215 231 1229 250 a
1242 231 1357 259 corpOre
1369 223 1413 251 vel
1429 223 1520 251 anima
1534 223 1698 260 sejungitur.
1727 224 1815 251 Alio-

1002 271 1049 306 qui
1074 271 1195 306 objectio
1223 271 1266 299 illa
1286 281 1293 299 :
1315 271 1415 300 Eratue
1439 276 1532 305 antea,
1555 280 1589 300 an
1614 280 1681 300 vero
1701 277 1818 307 postea

1001 316 1078 344 fuit?
1096 317 1130 344 iis
1154 317 1294 356 convenit,
1308 325 1369 352 qua:
1397 321 1521 352 tempore
1544 317 1635 345 metiri
1660 318 1817 346 solemus.

1001 363 1088 390 Antea
1101 363 1213 390 enimet
1240 368 1334 398 postea
1347 363 1479 398 temporis
1498 368 1592 397 partes
1615 367 1692 390 sunt.
1712 363 1817 390 Porro

1002 409 1035 436 ad
1057 417 1118 444 quae
1139 413 1246 443 tempus
1272 416 1326 436 non
1341 408 1480 443 pertingit,
1499 408 1554 435 imo
1573 416 1637 435 vero
1654 416 1689 436 ne
1716 415 1818 436 saecu-

1002 456 1060 483 lum
1085 455 1197 491 quidem
1211 476 1217 489 ,
1231 455 1275 483 cui
1295 456 1432 491 tripertita
1449 456 1496 483 illa
1511 455 1641 483 distantia
1663 454 1816 490 temporis

1004 502 1096 537 ignota
1114 507 1166 534 est,
1182 502 1230 537 qui
1259 502 1319 529 ﬁeri
1336 507 1437 537 potest,
1461 506 1491 529 ut
1503 502 1535 529 iis
1549 501 1816 529 accommodentur

1005 548 1062 579 illa.
1079 556 1141 584 qua:
1162 549 1280 583 tempori
1298 548 1418 575 obnoxia
1443 547 1529 576 sunt?

1039 615 1176 643 Craterum
1200 615 1339 650 praedictis
1363 615 1414 642 hoc
1430 619 1510 650 pacto
1525 613 1812 641 adversarisaiem»:

1004 662 1133 690 Genitum
1144 667 1172 689 et
1187 662 1339 697 ingenitum
1359 666 1426 689 sunt
1438 669 1519 688 voces
1538 661 1727 694 homonych
1760 660 1811 685 ln-

1006 708 1128 743 genitum
1143 707 1216 735 enim
1233 707 1311 735 idem
1328 708 1401 742 quod
1415 707 1577 737 increatum,
1596 709 1625 732 et
1645 704 1813 739 ingenitum

1006 754 1080 790 quod
1104 758 1225 782 creatum
1251 762 1306 781 non
1322 759 1375 786 est,
1400 752 1634 788 quemadmodum
1664 751 1812 786 genitum,

1006 800 1080 836 quod
1096 800 1217 835 genitum
1234 804 1286 831 est.
1303 804 1331 828 et
1357 800 1490 835 genitum,
1518 798 1591 833 quod
1608 803 1734 825 creatum
1751 801 1812 824 est.

1007 846 1163 881 lngenitum
1178 847 1261 874 etiam
1276 853 1326 880 pro
1339 846 1397 880 ipsa
1409 844 1616 880 ingeneratione
1632 847 1662 870 et
1673 850 1709 870 eo
1730 842 1813 877 quod

1005 893 1128 927 genitum
1149 900 1204 919 non
1219 897 1270 924 est,
1289 896 1320 918 ut
1335 891 1471 927 genitum,
1493 898 1542 926 pro
1568 889 1765 925 generatione,
1780 892 1815 915 ct

1005 946 1039 966 eo
1061 937 1135 974 quod
1163 939 1286 974 genitum
1315 941 1360 965 est.
1389 937 1543 972 accipitur:
1569 935 1813 971 quemadmodum

1006 984 1100 1012 album
1121 991 1171 1019 pro
1200 983 1340 1016 albedine,
1355 988 1384 1010 et
1405 991 1438 1010 eo
1467 981 1541 1017 quod
1567 981 1725 1008 dealbatum
1753 986 1812 1008 est.

1007 1031 1102 1065 Itaque
1126 1038 1188 1058 cum
1212 1030 1311 1064 triplex
1334 1029 1370 1057 sit
1394 1028 1508 1064 ingeniti
1531 1027 1673 1063 genitique
1701 1026 1814 1061 signiﬁ-

1005 1076 1088 1107 catio,
1104 1077 1125 1102 si
1143 1082 1194 1109 pro
1209 1075 1332 1102 inereato
1350 1077 1379 1101 et
1395 1077 1490 1100 creato
1512 1072 1571 1100 haec
1588 1071 1701 1098 nomina
1719 1078 1810 1097 usur-

1007 1128 1067 1155 pes.
1086 1128 1136 1148 nos
1157 1127 1267 1155 quoque
1285 1124 1375 1147 tecum
1391 1117 1541 1146 fatebimur
1570 1117 1724 1151 ingenitum
1742 1123 1809 1143 cum

1008 1167 1101 1202 genito
1128 1166 1201 1193 idem
1232 1172 1288 1192 non
1315 1164 1464 1197 esse,boe
1492 1169 1545 1195 est,
1564 1162 1718 1190 iuereatum
1742 1169 1810 1189 cum

1008 1217 1101 1240 creato
1119 1221 1126 1240 :
1141 1212 1183 1239 sin
1196 1216 1287 1240 autem
1306 1219 1356 1246 pro
1380 1219 1414 1239 eo
1425 1211 1471 1246 qui
1500 1210 1605 1245 genuit,
1626 1214 1653 1237 et
1668 1209 1715 1245 qui
1730 1210 1810 1245 geni-

1009 1265 1054 1288 tus
1072 1264 1123 1292 est,
1138 1267 1193 1286 non
1211 1263 1287 1287 recte
1304 1259 1477 1286 identitalem
1491 1257 1527 1285 de
1538 1257 1629 1284 medio
1643 1256 1728 1288 tollis,
1745 1263 1810 1290 quae

1009 1305 1079 1333 nihil
1099 1305 1174 1332 aliud
1189 1309 1243 1336 est,
1268 1311 1351 1339 quam
1377 1307 1484 1330 natura:
1501 1302 1653 1337 specimen,
1672 1301 1806 1328 nimirum

1011 1357 1042 1379 ut
1067 1352 1142 1379 nulla
1167 1351 1358 1378 immutatione
1384 1350 1456 1377 facta
1483 1348 1610 1384 genitura
1624 1347 1662 1375 sit
1686 1347 1810 1383 genitori

1011 1399 1120 1427 similis.

1049 1457 1169 1484 Rursum
1185 1456 1208 1483 si
1231 1455 1383 1491 ingenitum
1401 1459 1428 1482 et
1443 1454 1566 1490 genitum
1583 1462 1634 1489 pro
1659 1453 1809 1489 ingenera-

1015 1504 1089 1531 tione
1104 1507 1131 1530 et
1143 1503 1321 1538 generatione
1335 1509 1438 1534 sumas,
1453 1509 1508 1528 non
1530 1500 1601 1528 idem
1617 1501 1670 1528 sibi
1687 1500 1785 1527 volunt
1801 1508 1808 1532 ;

1013 1554 1043 1577 at
1061 1549 1084 1577 si
1106 1557 1156 1584 pro
1175 1549 1283 1576 naturis
1315 1548 1370 1576 illis
1402 1548 1429 1575 in
1465 1547 1567 1583 quibus
1593 1546 1765 1582 ingeneratio
1783 1552 1812 1574 et

1013 1596 1156 1631 generatio
1192 1595 1416 1627 considerantur,
1447 1594 1514 1630 quid
1537 1593 1629 1622 obstat
1661 1594 1811 1629 quominus

1014 1643 1087 1670 idem
1116 1642 1196 1670 sint?
1221 1642 1289 1669 Vide
1320 1641 1413 1674 enim,
1447 1641 1584 1673 Eunomi,
1616 1645 1810 1675 argumentum

1015 1693 1093 1716 tuum
1109 1688 1162 1715 alia
1173 1688 1313 1715 inversum
1330 1688 1384 1715 via.
1404 1686 1453 1715 Est
1464 1686 1538 1721 quod
1551 1687 1661 1721 sapiens
1673 1686 1808 1716 dicamus.

1015 1740 1057 1762 est
1086 1735 1159 1770 quod
1175 1738 1203 1761 et
1224 1733 1374 1768 insipiens;
1394 1732 1554 1767 hujusmodi
1582 1740 1667 1767 porro
1697 1732 1808 1759 nomina

1015 1789 1070 1808 non
1097 1781 1170 1808 idem
1193 1780 1367 1816 signiﬁcant;
1394 1787 1458 1807 nam
1483 1787 1538 1814 qua
1564 1779 1590 1806 in
1610 1779 1651 1813 |re
1677 1779 1811 1813 insipiens

1015 1835 1078 1854 cum
1096 1827 1221 1860 sapiente
1238 1826 1310 1853 idem
1337 1826 1463 1853 dixeris?
1486 1825 1575 1853 nihilo
1596 1825 1688 1852 minus
1720 1829 1808 1852 tarmen

1016 1874 1044 1901 in
1069 1873 1165 1901 codem
1195 1873 1307 1900 homine
1337 1872 1568 1903 considerantur.
1598 1879 1650 1898 nec
1676 1871 1812 1898 essentias

1017 1919 1168 1951 dissecant,
1193 1923 1221 1946 at
1242 1919 1270 1946 in
1293 1918 1423 1946 essentiis
1452 1918 1646 1950 diSSecantur;
1675 1917 1728 1944 hoc
1758 1922 1809 1948 est,

1018 1974 1072 1993 non
1090 1966 1170 1993 aliam
1182 1966 1330 1993 essentiam
1347 1964 1490 2000 insipiens,
1508 1968 1591 1999 atque
1604 1964 1685 1991 aliam
1703 1964 1810 1998 sapiens

1019 2011 1199 2040 introducit:
1230 2011 1476 2047 quemadmodum,
1505 2011 1583 2038 verbi
1615 2011 1714 2046 gratia,
1743 2010 1814 2037 Deus

1019 2063 1047 2086 et
1065 2059 1159 2086 homo.

1056 2116 1113 2144 Cur
1127 2121 1220 2144 autem
1245 2116 1330 2144 solius
1349 2115 1464 2151 ingeniti
1484 2114 1596 2142 nomine
1621 2114 1743 2141 divinam
1768 2114 1813 2141 dc-

1021 2165 1114 2199 signas
1138 2163 1311 2191 essentiam?
1331 2162 1388 2190 Cur
1408 2170 1461 2189 non
1484 2169 1564 2196 atque
1587 2161 1811 2191 immortalitatis.

1024 2210 1188 2243 clementiae,
1206 2213 1234 2237 et
1252 2209 1451 2237 immutationis
1477 2216 1576 2236 nomen
1592 2208 1733 2235 assumis?
1754 2207 1812 2234 llaec

1025 2258 1098 2284 enim
1123 2257 1220 2284 eodem
1244 2254 1393 2283 locutionis
1419 2262 1520 2289 genere
1533 2255 1568 2281 de
1591 2255 1645 2281 Deo
1674 2254 1811 2281 dicuntur.

1024 2304 1102 2338 Quod
1123 2303 1146 2330 si
1170 2302 1257 2334 dicas,
1281 2302 1410 2334 Ettuomi,
1429 2301 1676 2335 immortalitatem,
1695 2300 1810 2327 clemen-

1025 2352 1104 2382 tiam,
1122 2353 1150 2377 ct
1164 2348 1428 2379 immutabililalem,
1447 2347 1482 2375 de
1509 2347 1600 2375 brutis
1615 2347 1699 2374 etiam
1715 2351 1743 2373 et
1766 2345 1813 2372 bo-

1025 2396 1146 2424 minibus
1156 2395 1297 2424 enuntiari
1309 2415 1316 2427 ,
1333 2393 1486 2430 ingenitum
1512 2398 1606 2420 autem
1624 2392 1677 2420 soli
1692 2392 1748 2419 Deo
1767 2399 1811 2426 pe-

1025 2443 1128 2471 culiare
1152 2450 1232 2475 esse,
1260 2441 1377 2474 audies,
1394 2449 1429 2469 ne
1454 2441 1511 2468 Deo
1526 2439 1640 2475 quidem
1664 2438 1809 2474 ingenitum

1025 2488 1150 2516 attribui.
1165 2488 1308 2524 Siquidem
1329 2496 1361 2515 ex
1381 2487 1540 2515 Graecorum
1553 2485 1741 2521 [philosophis
1758 2484 1813 2511 Ari-

1026 2536 1141 2565 stoteles
1171 2535 1284 2571 quidem
1304 2535 1458 2570 ingenitum
1477 2533 1512 2561 de
1538 2532 1654 2560 materia
1677 2531 1811 2566 praedicat,

1028 2583 1105 2610 Plato
1125 2590 1192 2610 vero
1207 2582 1343 2610 essentias
1366 2581 1500 2616 ingenitas
1517 2584 1608 2606 vocat.
1623 2579 1710 2606 Porro
1728 2577 1812 2604 Manes

1029 2629 1085 2657 duo
1102 2628 1236 2664 principia
1261 2627 1430 2660 introducit,
1453 2634 1537 2654 unum
1561 2625 1673 2660 quidem
1706 2624 1812 2654 bonum,

1031 2674 1149 2702 alterum
1166 2681 1233 2700 vero
1248 2674 1349 2700 malum
1365 2682 1371 2700 :
1390 2678 1418 2701 et
1440 2672 1505 2699 illud
1522 2671 1634 2706 quidem
1652 2670 1753 2698 lucem.
1769 2669 1814 2695 hoc

1034 2729 1100 2748 vero
1114 2721 1241 2748 tenebras
1257 2728 1263 2745 :
1282 2723 1367 2754 atque
1386 2719 1455 2746 adeo
1473 2726 1506 2745 ex
1526 2718 1597 2744 bono
1614 2717 1749 2743 boumum
1762 2715 1813 2742 Ion-

1037 2772 1123 2801 tcs,at
1140 2775 1172 2795 ex
1198 2767 1269 2794 malo
1284 2766 1417 2793 malorum
1437 2765 1509 2792 rivos
1534 2762 1696 2798 proﬂuxisse
1717 2761 1761 2789 ait.
