1927 3085
92 127 111 160 1
119 127 184 160 405

412 186 488 214 CAP.
509 187 604 214 XLIII.

90 229 143 258 De
166 230 226 258 Deo
247 235 271 258 et
285 233 407 260 materia.
427 233 510 270 Deum
524 242 569 260 nec
587 234 704 269 deﬁniri,
720 242 766 261 nec
785 243 904 270 compre—

421 268 500 295 hendi
514 277 600 304 posse.

140 324 251 352 Adhzec
265 324 361 359 objicit
382 325 655 354 EuuomiuszDicite
682 327 773 361 nobis,
799 336 903 363 quaeso,

94 371 125 398 si
147 371 306 406 ingenitum
327 373 448 400 essentia
464 374 512 401 Dei
529 383 584 403 non
600 376 653 407 est,
680 374 812 410 quidnam
829 377 905 404 aliud

96 418 233 445 essentia
250 418 297 445 Dei
315 418 372 446 sit?
389 419 530 449 Adversus
539 430 628 457 .quam
647 424 828 458 quaestionem
847 424 906 451 haec

98 469 180 491 sunt
198 465 373 499 opponenda.
386 466 427 493 An
449 475 515 494 vero
533 472 618 502 tuam,
637 469 710 496 bone
735 470 787 502 vir,
811 477 906 497 essen-

99 509 179 536 tiam
202 514 230 536 et
251 517 378 538 naturam
403 512 475 539 nosti
494 512 554 540 ?an
572 513 703 546 formicae,
728 522 762 541 an
787 515 908 542 culicis?

98 555 248 583 Caeterum
266 556 318 584 hoc
334 557 382 584 tibi
400 558 519 586 vicissim
531 559 638 587 dicam:
659 561 795 596 Duolsunt
810 569 906 588 eorum

99 610 174 637 quae
190 607 256 630 sunt
269 607 404 637 extrema,
423 605 496 632 Deus
511 610 541 633 et
569 607 697 639 materia,
722 608 770 635 ille
792 601 907 642 quidem

102 648 303 681 ascendendo,
322 652 381 678 haec
406 659 473 679 vero
488 651 702 681 descendendo:
720 659 839 689 postque
853 662 909 681 ma-

103 693 212 721 teriam
229 695 298 722 nihil
319 696 434 723 omnino
449 703 587 732 superest.
615 698 747 732 Quaenam
774 707 840 734 ergo
853 707 909 726 ma-

107 740 192 767 teriae
208 742 328 768 essentia
343 742 403 769 sit?
424 743 466 770 An
490 751 557 771 vero
572 751 604 771 ea
619 750 661 772 est
689 745 807 780 idipsnm
834 746 907 780 quod

104 790 166 818 est,
186 793 221 813 an
236 786 262 813 id
288 787 361 822 quod
380 796 435 816 non
456 789 521 816 est?
537 789 604 817 Nam
621 791 642 817 si
666 790 701 817 sit
723 791 749 818 id
765 792 838 826 quod
855 797 908 823 est,

107 831 257 866 quomodo
285 832 373 860 forma
393 835 490 862 caret?
511 835 612 862 Forma
640 836 714 863 enim
742 837 839 864 notitia
866 842 909 864 est

106 884 213 905 eorum
226 887 287 914 quae
302 884 377 910 sunt.
394 880 441 908 Sin
464 886 556 909 autem
578 882 614 909 sit
636 883 663 909 id
683 883 759 918 quod
776 892 830 911 non
854 890 905 916 est,

109 924 162 959 qui
177 925 217 955 ﬁt,
234 930 287 952 uta
302 926 474 961 philosophis
486 928 636 956 deﬁniatur
650 934 780 965 tanquatn
797 930 823 958 id
835 932 909 966 quod

108 975 157 997 est
172 970 184 997 ?
200 970 277 998 Illam
307 972 381 999 enim
401 973 506 1008 ὰζὼην,
533 974 586 1002 hoc
605 979 648 1002 est
676 976 730 1003 vita
755 977 909 1010 carentem,

109 1020 227 1049 vocant,
245 1022 272 1044 et
301 1017 505 1052 incorpoream,
530 1024 612 1055 atque
632 1020 702 1048 adeo
729 1021 911 1057 hypostaseos

110 1060 352 1096 imaginationem,
372 1070 432 1090 eam
457 1063 596 1099 denique,
609 1073 671 1101 qua:
691 1073 754 1093 eum
777 1065 845 1094 nihil
865 1069 910 1101 sit,

111 1107 211 1135 omnia
234 1112 325 1136 tamen
351 1116 412 1137 esse
442 1109 573 1145 ﬁngitur,
601 1112 728 1140 essentia:
759 1113 909 1146 ludicrum,

112 1152 224 1180 idolum
235 1158 263 1181 et
275 1154 370 1181 umbra
384 1162 495 1190 semper
516 1156 632 1191 fugiens,
650 1162 733 1193 atque
752 1158 779 1185 iu
795 1158 820 1186 id
837 1160 909 1195 quod

114 1206 174 1226 non
185 1203 228 1227 est
242 1207 400 1229 recurrens.
422 1201 551 1230 Edissere
579 1203 647 1230 mihi
664 1212 788 1239 quaenam
811 1206 846 1232 sit
869 1213 912 1232 ra-

113 1245 156 1273 tio
189 1247 331 1280 materiae,
366 1251 487 1284 tuncque
523 1249 644 1277 vicissim
681 1250 729 1278 tibi
760 1251 910 1279 edisseram

114 1300 244 1328 quaenam
269 1293 304 1321 sit
335 1295 461 1322 essentia:
489 1295 590 1323 divinae
614 1296 751 1324 deﬁnitio.
778 1298 856 1331 Quod
889 1299 911 1326 si

114 1346 215 1366 eorum
228 1347 290 1374 qua:
304 1345 370 1367 sunt
384 1345 537 1369 extremum
553 1342 674 1377 ignoras,
695 1345 836 1378 quomodo
855 1345 910 1379 pri-

117 1393 194 1412 mum
218 1385 334 1420 adipisci
364 1391 393 1415 et
421 1388 659 1422 comprehendere
685 1390 824 1417 conaris?
855 1391 912 1425 Age

119 1439 198 1466 vero,
215 1433 237 1461 si
253 1433 280 1460 in
295 1434 394 1462 malum
405 1434 499 1462 volare
514 1439 644 1469 tentarcs,
656 1444 689 1463 an
703 1438 794 1465 statim
807 1437 839 1464 ad
852 1438 913 1472 ejus

117 1480 371 1508 circumferentiam
387 1482 463 1510 nullo
482 1482 646 1509 intermedio
661 1484 777 1518 propius
796 1484 912 1511 accede-

749 132 797 161 TH
804 131 868 160 ES.\
875 131 945 161 Ulil
969 132 1004 161 Li
1013 132 1044 162 Β.
1068 132 1100 161 ν.

918 189 941 217 Α
955 188 1029 222 quod
1046 188 1198 224 cujuspiam
1212 188 1283 215 alius
1301 194 1384 215 causa
1402 180 1531 218 nonest,
1561 186 1608 214 sed
1635 186 1660 213 id
1677 186 1750 220 quod

957 234 1144 270 antiquiorem
1167 235 1259 269 seipso
1278 241 1389 261 causam
1414 241 1471 260 non
1495 233 1588 260 habet.
1606 232 1752 267 Siquidem

956 281 1083 316 ἀπάτορα
1109 288 1231 316 quoque,
1245 280 1298 308 hoc
1312 284 1365 313 est,
1381 280 1462 307 Patre
1478 284 1619 307 carentem
1636 287 1690 306 non
1706 279 1751 305 di-

957 329 1047 356 cimus
1065 335 1129 355 eum
1159 327 1204 362 qui
1222 327 1284 355 Filii
1312 327 1395 354 Pater
1417 333 1471 353 non
1493 326 1597 358 audiat,
1625 325 1675 352 sed
1704 325 1751 360 qui

956 375 1034 402 nullo
1058 382 1073 401 a
1101 374 1182 401 Patre
1203 373 1394 408 processerit:
1411 377 1439 400 et
1464 373 1599 407 ἄναρχον,
1619 370 1672 398 hoc
1699 375 1752 403 est,

957 419 1095 455 principio
1113 423 1262 451 carentem,
1281 426 1336 445 non
1356 418 1403 452 qui
1424 416 1541 444 aliarum
1567 415 1754 444 essentiarum

958 466 1126 501 principium
1151 465 1369 500 haudquaquam
1385 463 1480 494 fuerit,
1499 463 1545 490 sed
1567 464 1646 498 cujus
1658 469 1755 489 essen-

959 513 996 539 tia
1014 516 1123 539 Omnem
1139 511 1289 539 essentiam
1309 514 1468 545 exsuperet.
1494 509 1554 536 Non
1577 510 1650 536 enim
1674 517 1752 536 com-

959 559 1053 586 munia
1068 564 1133 586 sunt
1150 559 1208 586 haec
1225 559 1347 589 nomina,
1365 558 1403 585 ita
1422 562 1452 584 ut
1469 557 1589 592 ingenita
1607 561 1634 583 et
1650 556 1752 589 genita,

959 605 1024 632 item
1037 605 1171 639 principio
1186 603 1308 631 carentia
1324 607 1354 630 et
1374 611 1428 629 non
1445 602 1578 634 carentia,
1592 610 1641 636 pro
1656 601 1754 629 iisdem

960 651 988 677 in
1006 651 1099 686 specie
1121 650 1307 685 accipiantur.
1336 649 1404 677 Nam
1422 649 1657 684 quemadmodum
1687 648 1757 675 Ada-

961 705 1032 729 ntus,
1062 696 1171 724 etiamsi
1201 704 1234 723 ex
1250 696 1352 723 carnali
1384 695 1482 730 copula
1510 695 1603 722 decies
1626 694 1754 722 millenos

960 743 1250 779 suscepissetliberos.
1266 743 1339 769 haud
1357 746 1448 769 tamen
1468 741 1525 776 ipse
1540 740 1698 776 hujusmodi
1722 748 1755 767 ex

961 790 1060 825 copula
1082 789 1191 825 genitus
1208 788 1360 819 (liceretur,
1389 795 1478 822 neque
1505 794 1606 814 nomen
1624 786 1683 821 ejus
1708 785 1756 820 qui

962 837 1071 873 genitus
1081 844 1114 864 ex
1127 836 1225 871 copula
1238 843 1292 863 non
1309 839 1361 867 est,
1375 841 1437 861 cum
1454 834 1486 860 iis
1499 833 1545 868 qui
1566 832 1652 867 geniti
1664 837 1759 859 essent

963 892 1110 912 commune
1132 883 1246 910 haberet
1263 891 1270 909 :
1295 882 1331 909 ita
1353 885 1381 908 et
1399 887 1546 914 supremus
1560 879 1604 905 ille
1628 879 1701 905 Deus
1718 878 1757 912 (at

963 930 1101 965 propitius
1131 929 1176 956 ille
1203 928 1269 955 mihi
1298 927 1343 959 sit,
1364 927 1410 961 qui
1428 933 1443 953 a
1459 933 1502 952 me
1527 923 1759 951 simililudinibus

963 977 1014 1004 sub
1029 983 1142 1004 sensum
1159 974 1323 1003 cadentibus
1336 971 1504 1005 delineatur)
1521 979 1574 998 non
1591 969 1758 997 abalienavit

962 1032 977 1051 a
995 1031 1024 1050 se
1047 1022 1163 1058 ingeniti
1183 1028 1299 1052 nomen,
1317 1019 1402 1047 etiam
1418 1018 1441 1045 si
1461 1017 1632 1052 unigenitum
1658 1010 1759 1043 Filium

962 1074 1026 1097 ante
1041 1069 1198 1096 Luciferum
1222 1067 1367 1102 genuerit,
1384 1070 1414 1092 ut
1443 1071 1520 1092 sacra
1548 1068 1663 1090 testatur
1685 1062 1761 1089 Scri-

963 1122 1042 1152 ptura
1054 1115 1087 1141 “.
1104 1115 1160 1142 Nec
1176 1114 1249 1141 enim
1271 1114 1353 1141 Pater
1377 1119 1410 1139 eo
1427 1111 1502 1146 quod
1535 1109 1641 1145 genuit,
1660 1108 1763 1136 idcirco

963 1163 997 1190 ab
1012 1161 1220 1197 ingeneratione
1234 1159 1361 1187 excidit:
1386 1158 1434 1185 sed
1460 1157 1525 1192 quia
1545 1164 1599 1183 non
1627 1163 1659 1182 ex
1680 1162 1761 1182 causa

963 1209 1103 1244 ingenitus
1118 1212 1146 1234 et
1158 1213 1296 1242 generans
1313 1204 1480 1232 constitutus
1498 1207 1551 1231 est.

963 1258 972 1275 ν
999 1254 1151 1283 Eunomius
1179 1257 1282 1285 autem,
1311 1251 1376 1279 dum
1409 1257 1513 1278 temere
1539 1252 1633 1277 censet
1660 1248 1752 1284 genita

964 1310 1025 1331 cum
1041 1302 1075 1329 iis
1093 1301 1120 1328 in
1135 1299 1265 1327 omnibus
1290 1298 1470 1334 participare,
1499 1304 1561 1331 qme
1588 1299 1755 1331 genuerunt,

963 1349 1028 1377 inde
1052 1353 1176 1376 astruere
1197 1346 1317 1376 videtur,
1336 1344 1459 1380 genitum
1478 1343 1587 1374 Filium,
1611 1342 1675 1377 quia
1697 1348 1761 1369 cum

964 1397 1044 1426 Patre
1061 1393 1186 1430 ingenito
1200 1392 1359 1428 participat,
1388 1390 1543 1426 ingenitum
1564 1396 1675 1424 quoque
1691 1387 1765 1415 iutu-

964 1452 1024 1471 rum
1048 1452 1055 1470 :
1072 1441 1178 1477 quibus
1191 1440 1283 1468 verbis
1304 1439 1425 1466 ostendit
1437 1445 1466 1465 se
1480 1438 1506 1464 in
1521 1436 1603 1464 rebus
1629 1435 1764 1468 theologi-

965 1491 1005 1518 cis
1020 1490 1181 1517 Graecorum
1203 1491 1344 1515 versatum
1360 1492 1433 1515 esse,
1461 1484 1552 1518 iisque
1570 1483 1642 1510 male
1674 1481 1763 1509 abuti.

118 1527 186 1554 res?
209 1534 301 1554 nonne
326 1527 374 1555 tibi
392 1527 511 1562 primum
543 1530 678 1556 secandus
707 1535 781 1557 esset
796 1538 855 1562 aer,
883 1535 948 1572 utc
965 1537 1005 1565 [lli
1021 1536 1096 1564 enim
1122 1535 1243 1562 unitates
1270 1536 1371 1560 vocant
1397 1530 1535 1558 essentias
1563 1529 1635 1561 illas,
1652 1537 1714 1563 qua:
1729 1529 1765 1555 ab

119 1574 159 1601 sic
182 1574 214 1601 ad
244 1582 326 1605 eum,
355 1583 437 1610 quem
467 1583 599 1603 vocamus
627 1577 758 1605 aetherem
789 1579 910 1613 venires,

120 1625 236 1656 tumque
252 1621 351 1648 deinde
365 1622 485 1656 trajectis
496 1623 626 1650 omnibus
639 1624 754 1658 sphaeris
770 1624 804 1651 ad
821 1625 912 1659 ipsum

119 1665 181 1692 mali
196 1665 330 1692 ambitum
350 1666 521 1700 pertingeres
537 1667 548 1693 ?

157 1711 202 1738 Dei
219 1711 410 1739 deﬁnitionem
428 1713 560 1747 postulas,
578 1719 706 1749 tanquam
725 1715 835 1750 ignores
848 1723 910 1744 eam

121 1765 181 1785 esse
197 1758 369 1786 deﬁnitionis
398 1763 538 1793 naturam,
561 1766 591 1787 ut
613 1761 759 1789 deﬁnitum
787 1763 913 1790 deﬁniat.

121 1804 154 1832 At
169 1803 303 1832 deﬁniens
318 1804 351 1831 ad
367 1804 473 1832 deﬁniti
495 1806 600 1833 scilicet
625 1806 763 1841 fastigium
774 1809 912 1836 ascendit:

123 1849 159 1878 ita
176 1856 207 1878 ut
223 1851 297 1879 Deus
316 1851 515 1879 deﬁnientibus
532 1852 648 1880 inferior
667 1853 713 1880 sit.
738 1854 832 1887 Quid?
852 1855 914 1883 Ari-

122 1898 247 1926 stotelem
264 1905 318 1925 non
333 1898 422 1931 audis,
442 1905 505 1925 cum
517 1898 555 1926 ait
571 1899 662 1927 simile
676 1907 725 1935 per
741 1899 830 1928 simile
842 1909 916 1929 com—

124 1943 277 1979 prehendi:
304 1949 492 1980 oportereque
521 1949 551 1971 ut
580 1952 750 1979 cognoscens
771 1946 803 1972 ad
819 1946 915 1981 cogni-

125 1996 179 2018 tum
194 1991 342 2026 quamdam
357 1991 445 2018 ideam
459 1996 487 2018 et
503 1991 717 2019 similitudinem
744 1993 867 2021 habeat?
884 1994 916 2021 Et

126 2041 197 2064 recte
209 2037 321 2072 quidem
340 2037 475 2065 hactenus
501 2037 638 2066 ariolatur
660 2038 854 2074 philosophus,
880 2041 917 2067 si—

126 2083 233 2117 quidem
250 2088 280 2110 ut
295 2084 370 2111 canit
392 2083 572 2119 Empedocles
588 2092 595 2111 :
621 2084 706 2112 Terra
723 2089 824 2113 terram
840 2086 916 2113 vide-

128 2138 195 2160 mus.
212 2134 242 2156 ut
257 2137 328 2165 aqua
351 2138 463 2165 aquam,
474 2131 578 2158 aethere
593 2132 736 2164 aetherem,
753 2133 845 2160 anima
860 2133 918 2160 ani-

130 2186 206 2210 mam,
224 2185 258 2204 eo
276 2177 351 2212 quod
371 2182 413 2205 cst
432 2178 458 2204 id
485 2179 559 2215 quod
582 2184 644 2213 est,
670 2185 762 2207 mente
783 2186 916 2214 mentem,

129 2231 221 2251 natura
236 2229 374 2255 naturam,
390 2224 506 2253 materia
521 2226 675 2258 materiam,
689 2226 777 2254 forma
787 2226 915 2259 formam,
935 2214 956 2241 θ

129 2278 154 2300 et
169 2279 251 2303 unum
267 2278 334 2298 uno.
351 2270 414 2297 Haec
429 2270 503 2298 enim
520 2272 613 2298 omnia
641 2272 722 2299 nobis
739 2272 845 2303 insunt,
861 2281 917 2300 ma-

131 2318 204 2348 teria,
222 2317 323 2350 t‘orma,
339 2323 452 2351 corpus,
467 2322 575 2350 natura,
589 2317 690 2350 anima,
713 2327 800 2351 mens,
818 2327 915 2346 unum.

133 2364 214 2391 Unum
230 2363 305 2391 enim
330 2371 380 2391 nos
393 2371 505 2399 quoque
521 2371 636 2391 sumus:
655 2372 710 2392 non
738 2370 829 2393 tamen
854 2374 918 2401 pro-

133 2411 184 2444 prie
199 2419 205 2436 :
222 2418 284 2436 nam
308 2410 420 2438 unitatis
446 2418 494 2438 seu
513 2411 715 2445 conjunctionis
742 2412 849 2441 ratione
871 2413 918 2440 uni

134 2456 257 2484 dicimur.

418 2514 495 2542 CAP.
521 2515 614 2542 XLIV.

136 2559 277 2597 lugenitum
292 2568 347 2586 esse
363 2559 458 2597 Deum,
471 2562 592 2595 quantivis
606 2562 772 2597 unigenitum
788 2563 919 2596 genuerit.

183 2595 276 2621 ("ilium
295 2601 385 2632 autem
400 2596 545 2632 ingenitum
563 2605 614 2623 non
624 2595 692 2630 esse,
707 2595 828 2632 quamvis
845 2598 919 2632 ejus-

181 2631 239 2656 tlcm
259 2638 317 2657 cum
333 2631 414 2657 Patre
430 2631 583 2659 substantia:
598 2633 641 2659 sit.

169 2687 319 2721 lugenitum
337 2695 420 2721 porro
436 2696 491 2715 non
508 2688 534 2715 id
551 2697 612 2717 esse
628 2690 763 2723 uicimus,
777 2690 850 2726 quod
869 2691 919 2717 mi-

138 2735 203 2762 uiue
229 2739 362 2769 generat,
388 2735 435 2762 sed
467 2735 539 2770 quod
565 2736 678 2765 minime
705 2738 827 2772 genitum
854 2743 919 2764 est:

138 2780 372 2815 quemadmodum,
391 2782 467 2810 verbi
483 2783 582 2817 gratia,
604 2784 789 2817 int-ansatum,
818 2793 870 2812 nou
896 2785 922 2812 id

168 2871 187 2887 "
207 2870 280 2898 Psal.
292 2872 392 2904 (ΜΗ).

966 1592 1022 1612 uno
1034 1583 1197 1619 procedunt.
1212 1581 1280 1608 item
1308 1583 1425 1610 utentes,
1443 1585 1505 1612 qua:
1523 1584 1538 1603 a
1554 1576 1644 1611 prima
1661 1579 1766 1602 mente.

965 1632 1031 1659 Item
1049 1630 1132 1661 vitas,
1149 1636 1211 1664 qua:
1224 1635 1238 1655 a
1254 1627 1322 1653 vita.
1350 1630 1404 1653 tem
1430 1631 1463 1651 ea
1481 1630 1542 1658 qua:
1556 1626 1631 1653 sunt.
1647 1629 1707 1657 quae
1732 1622 1766 1648 ab

964 1687 998 1707 eo
1012 1677 1086 1714 quod
1110 1681 1164 1704 est.
1191 1676 1282 1710 Atque
1298 1672 1402 1700 idcirco
1417 1670 1495 1698 addit
1522 1669 1674 1704 ingenitum
1693 1675 1766 1703 quo-

966 1732 1019 1760 que
1033 1725 1066 1751 ab
1087 1722 1212 1757 ingenito
1230 1718 1391 1755 procedere.

1000 1770 1051 1798 Cui
1065 1769 1176 1805 quidem
1204 1765 1373 1801 respondere
1388 1764 1479 1798 quivis
1496 1767 1591 1798 queat,
1615 1769 1647 1788 ea
1676 1767 1736 1795 qua:
1751 1767 1767 1786 a

966 1816 1111 1852 quibusvis
1141 1817 1309 1850 generantur
1348 1811 1564 1845 haudquaquam
1592 1806 1768 1836 lnereditario

965 1863 1028 1898 jure
1042 1861 1226 1897 proprietates
1241 1865 1337 1886 eorum
1355 1855 1493 1891 indipisci,
1510 1853 1738 1886 sedisubstanlias
1759 1859 1767 1878 τ

966 1907 1193 1945 quandoquidem
1215 1905 1317 1934 Sethus
1332 1904 1416 1931 homo
1429 1902 1542 1936 quidem
1571 1900 1639 1931 fuit,
1664 1899 1767 1934 quippe

967 1955 1014 1991 qui
1027 1955 1061 1981 ab
1075 1951 1234 1988 hujusmodi
1252 1951 1372 1977 essentia
1386 1948 1527 1981 Ioriginem
1540 1945 1666 1978 traxerit,
1685 1949 1768 1991 caete-

968 1988 1029 2029 rum
1047 2001 1164 2035 hujusce
1196 1997 1335 2033 particeps
1352 2003 1406 2022 non
1429 1993 1493 2024 fuit,
1511 1997 1541 2019 ut
1558 1991 1627 2018 citra
1641 1988 1766 2023 copulam

970 2047 1110 2075 carnalem
1129 2049 1211 2073 natus
1227 2043 1321 2071 fuerit.
1334 2039 1498 2077 Ilujusmoili
1522 2038 1595 2066 enim
1611 2035 1769 2070 proprietas

970 2095 1035 2122 Adae
1049 2092 1153 2120 creatio
1169 2091 1232 2121 fuit;
1244 2094 1272 2117 et
1287 2090 1351 2117 Eva:
1367 2088 1432 2117 ﬁlia.
1450 2085 1552 2113 femina
1568 2083 1680 2119 quidem
1695 2085 1768 2110 erat,

968 2147 1064 2168 verum
1093 2145 1147 2166 non
1175 2142 1250 2164 costa
1277 2143 1292 2163 e
1316 2135 1401 2162 latere
1429 2131 1576 2160 subducta.
1609 2128 1671 2155 llaec
1694 2126 1767 2154 enim

969 2185 1128 2222 proprietas
1144 2183 1208 2210 Eva:
1231 2181 1283 2209 fuit
1299 2190 1305 2208 :
1323 2177 1557 2215 quemadmodum
1582 2174 1678 2203 Adami
1706 2180 1770 2222 pro-

972 2218 1130 2268 priumiuit
1140 2228 1264 2264 genitum
1279 2234 1333 2253 non
1358 2232 1431 2256 esse,
1461 2223 1508 2250 sed
1534 2221 1692 2248 formatum.
1717 2218 1770 2246 Ge-

974 2266 1029 2304 hita
1042 2276 1116 2303 enim
1129 2273 1266 2302 essentias
1282 2269 1458 2299 haereditario
1478 2269 1541 2303 jure
1558 2266 1696 2297 obtinent,
1712 2272 1768 2290 non

973 2329 1066 2351 autem
1089 2321 1273 2357 proprietates
1297 2317 1426 2346 cssentiis
1470 2315 1648 2342 inhaerentes.
1677 2311 1768 2344 Quare

973 2356 1121 2405 supremus
1135 2367 1181 2394 ille
1199 2366 1270 2394 Deus
1288 2365 1323 2391 ab
1339 2362 1546 2399 ingeneratione
1573 2368 1626 2387 non
1654 2356 1768 2388 excidit,

973 2403 1100 2451 quamvis
1113 2413 1213 2441 Filium
1241 2411 1396 2446 genuerit:
1423 2416 1516 2444 neque
1546 2406 1655 2442 genitus
1684 2403 1770 2430 Filius

973 2463 1001 2490 in
1020 2460 1174 2496 ingenitum
1189 2457 1378 2493 degeneravit,
1402 2455 1467 2491 quia
1501 2455 1535 2481 ah
1559 2451 1681 2487 ingenito
1706 2457 1769 2484 pro-

972 2508 1065 2536 cessit.

1233 2576 1236 2581 .
1274 2552 1351 2579 CAP.
1380 2550 1461 2577 XLV.

973 2601 1034 2630 Alia
1060 2591 1201 2629 Eunomii'
1219 2598 1339 2633 objectio,
1371 2596 1607 2633 Patremqtomen
1639 2601 1694 2620 esse
1718 2600 1769 2627 quo

1137 2629 1256 2662 essentid
1269 2633 1310 2660 vel
1333 2632 1402 2658 actio
1431 2629 1607 2666 signiﬁcetur.

1011 2691 1175 2728 Hnjusmodi
1202 2690 1344 2726 problema
1377 2686 1592 2715 malitiosissimc
1619 2685 1766 2712 conﬁctam

975 2737 1133 2765 subiul‘erre
1149 2736 1219 2764 solet
1234 2735 1396 2763 Eunomius.
1414 2733 1483 2761 Cum
1508 2732 1582 2760 enim
1599 2730 1697 2758 Filium
1713 2738 1768 2758 non

978 2789 1010 2814 au
1025 2785 1149 2813 eamdem
1168 2791 1229 2811 cum
1244 2783 1324 2811 Patre
1339 2781 1521 2810 substantiam
1534 2779 1673 2808 adducere
1689 2777 1768 2811 \cht,
