1927 3085
178 110 247 145 14οἾ

807 113 829 143 Ν
837 113 953 143 lCE'f‘rE
974 113 1176 145 CHONIAT/E

1769 113 1877 147 inS

173 174 203 197 et
220 169 273 197 hoc
286 168 390 201 multis,
408 174 438 196 ut
456 169 508 197 sibi
531 169 650 201 videtur,
670 169 823 197 ratiouibtts
849 171 958 204 probet,
977 174 996 200 Α
1014 172 1077 198 tiam
1093 180 1141 199 seu
1168 172 1386 207 replicationem.
1401 181 1431 200 ea
1445 174 1479 201 de
1496 181 1578 202 causa
1608 182 1684 201 nunc
1721 178 1877 201 attero.

176 214 233 242 imo
247 222 315 242 vero
348 214 548 249 quaestionibus
567 216 732 251 quihusdam
751 216 884 243 obsoletis
905 221 966 244 uta-

175 263 233 292 tur,
260 263 343 294 atque
367 260 404 287 ita
430 260 571 295 proprium
588 261 686 295 dogma
713 266 857 296 proponat,
889 261 967 296 quasi

173 307 201 334 ei
219 306 371 334 contradici
383 314 438 334 non
452 308 547 342 possit,
562 315 596 334 eo
623 307 663 340 ﬁt,
681 312 710 335 ut
723 315 758 334 ne
772 315 845 335 nunc
855 308 967 343 quidem

176 356 251 380 recta
277 353 419 380 nominum
446 353 646 388 signiﬁcatione
671 358 775 381 utatur.
802 354 865 381 Haec
895 354 968 381 enim

178 398 233 426 duo
246 399 368 431 nomina,
385 399 505 426 essentia
524 403 551 426 et
561 399 644 431 actio,
659 400 735 427 nullo
751 400 826 428 velut
839 400 972 427 interme-

177 444 223 471 dio
238 449 368 479 usurpat;
381 450 486 475 censet.
503 445 596 473 nescio
606 453 660 480 quo
675 447 787 474 doctore
801 453 878 478 usus,
890 453 971 473 omne

178 497 279 517 nomen
294 490 337 517 vel
350 491 479 518 essentia:
504 490 715 526 signiﬁcativum
739 499 811 523 esse,
828 491 871 519 vel
884 491 971 518 actio-

179 536 232 563 nis.
248 536 317 569 Quia
337 544 404 564 vero
434 537 592 573 huiusmodi
609 537 752 565 nominum
770 538 921 565 insinuatio
937 538 972 565 ab

179 582 225 609 illo
241 583 300 610 solo
311 583 431 618 cognita,
461 583 503 611 vel
531 584 624 619 potius
648 584 747 617 elIicta,
771 584 974 619 quodammodo

180 628 214 655 ad
233 628 361 656 haeresim
379 629 556 656 astruendam
571 630 697 658 conferre
720 631 842 661 videtur,
871 629 974 658 idcirco

179 674 331 709 interrogat
344 684 351 702 :
365 676 454 704 Patris
464 676 576 704 nomine
590 677 745 704 essentiane
756 685 790 704 an
804 676 877 704 actio
889 676 975 710 signi-

180 721 302 747 ficetur?
320 725 351 747 ut
370 721 392 748 si
415 722 566 750 essentiam
591 722 740 758 significari
766 723 901 756 dicamus,
927 723 974 750 ille

180 766 244 794 inde
263 766 377 800 inferat.
405 768 428 795 si
450 769 516 803 quid
532 773 632 804 praeter
646 770 755 797 Patrem
774 771 820 802 sit,
846 770 973 798 essentia:

180 812 206 840 id
219 821 274 840 non
289 821 350 841 esse
365 823 373 842 :
394 822 456 842 cum
469 817 617 843 essentiam
635 816 715 844 Pater
729 816 781 844 sibi
792 824 974 851 praesumpse-

180 858 226 884 rit.
242 858 338 893 Itaque
354 859 377 886 si
399 858 493 891 Pater,
509 865 645 894 quatenus
669 860 762 892 Pater,
781 860 902 888 essentia
928 860 974 892 sit,

180 903 276 935 Filius,
295 908 431 938 quatenus
446 904 543 937 Filius.
558 906 677 932 essentia
695 913 751 932 non
775 911 818 933 est
834 914 841 932 :
863 905 906 933 sin
924 913 972 933 ve-

182 948 240 981 riti,
264 956 299 976 ne
322 950 421 977 Filium
438 951 557 978 essentia
584 957 723 979 carentem
752 952 972 985 iutroducamus,

181 993 269 1021 Patris
293 995 404 1022 nomine
432 995 566 1023 actionem
599 996 748 1032 signiﬁcari
781 997 971 1031 profiteamur,

180 1044 239 1068 tum
252 1049 304 1068 nos
319 1042 410 1069 acrius
423 1043 530 1076 urgebit
555 1043 609 1074 ille.
627 1048 710 1078 atque
727 1044 760 1071 ad
777 1044 875 1079 dogma
891 1052 972 1072 suum

180 1087 417 1122 comprobandum
430 1089 543 1116 aliiciet.
559 1090 626 1117 Nam
655 1090 677 1117 si
697 1090 764 1117 nihil
781 1090 855 1118 aliud
873 1095 973 1125 pra:ter

179 1133 328 1164 actionem.
354 1135 464 1161 nomine
489 1135 579 1162 Patris
607 1135 767 1166 denotatur.
794 1143 906 1163 necesse
930 1140 973 1163 est

181 1178 285 1212 aliquid
302 1187 374 1210 esse,
390 1180 464 1214 quod
480 1185 571 1207 actum
593 1180 686 1208 fuerit.
703 1181 783 1209 Actio
801 1182 873 1208 enim
889 1182 975 1208 alicu-

180 1223 224 1259 jus
237 1228 280 1250 est
291 1224 364 1258 quod
382 1225 482 1261 agitur.
497 1226 558 1253 Jam
588 1227 654 1261 quid
672 1227 744 1254 aliud
764 1227 798 1254 ab
813 1227 864 1254 hoc
882 1228 973 1255 nomi-

182 1276 217 1295 ne
233 1273 350 1303 paterno
360 1276 451 1297 actum
470 1276 521 1304 est,
535 1277 635 1306 prieter
658 1271 775 1300 Filium?
789 1273 814 1300 Si
835 1273 908 1300 enim
925 1274 976 1301 Pa-

181 1318 223 1342 ter
233 1314 294 1342 Filii
309 1315 400 1348 Pater,
422 1321 450 1343 et
468 1317 549 1344 Pater
563 1318 634 1345 actio
654 1323 705 1350 est,
725 1324 799 1345 certe
828 1319 914 1346 Filius
940 1319 966 1346 id

181 1359 244 1392 erit,
261 1361 338 1396 quod”
348 1362 449 1397 agitur.
463 1363 489 1390 Si
507 1372 573 1398 ergo
586 1364 655 1392 alter
677 1365 744 1400 agit,
771 1371 799 1393 et
817 1366 888 1392 alter
915 1365 971 1404 agi-

182 1409 238 1437 tur,
257 1413 318 1441 quae
337 1407 548 1447 verbaﬁiversa
565 1414 630 1436 sunt
656 1409 796 1442 essentiaa,
812 1415 841 1437 ut
860 1411 886 1437 in
907 1411 975 1438 arti-

182 1450 235 1478 bus
252 1457 376 1486 apparet,
390 1458 465 1481 certe
492 1455 607 1483 diversae
631 1464 740 1491 quoque
764 1465 778 1484 a
808 1457 888 1484 Patre
910 1457 976 1484 sub-

183 1497 291 1524 stantia:
304 1498 390 1526 Filius
405 1505 448 1527 est
465 1509 472 1527 :
489 1502 723 1536 quemadmodum
739 1509 768 1530 et
779 1507 869 1531 statua
885 1503 976 1531 diver-

184 1549 241 1570 sam
255 1543 337 1571 habet
351 1553 364 1571 ιι
383 1547 515 1574 statuario
527 1552 664 1575 naturam.

220 1587 332 1623 Magnus
360 1598 443 1624 porro
474 1592 556 1619 Pater
581 1593 625 1620 ille
649 1593 797 1630 Gregorius
819 1596 974 1632 ambiguam

186 1632 314 1662 Eunomii
342 1637 522 1671 quaestionem
554 1640 691 1668 subvertit
709 1649 730 1673 ,ε
766 1647 794 1669 et
831 1647 976 1678 utramque

186 1679 350 1715 ohjectionis
365 1687 468 1716 partem
489 1688 519 1710 ut
533 1684 692 1718 absurdam,
706 1686 842 1718 destruxit
858 1688 900 1715 his
915 1696 977 1716 ver-

187 1725 362 1762 bis:Neque
386 1736 452 1756 vero
478 1730 606 1757 essentia:
626 1732 717 1764 Pater,
741 1740 831 1768 neque
859 1734 976 1761 actionis

186 1780 287 1801 nomen
306 1779 358 1806 est,
377 1775 424 1802 sed
451 1775 573 1810 habitus,
596 1783 622 1805 et
639 1779 712 1806 modi
744 1780 817 1814 quod
840 1787 869 1807 se
893 1781 977 1808 habet

188 1819 275 1848 Filius
289 1821 322 1848 ad
337 1829 410 1853 cum.
424 1831 438 1850 a
462 1831 518 1858 quo
544 1824 747 1853 denominatur.
763 1826 867 1854 Deinde
879 1835 976 1862 quem-

185 1866 335 1894 admodum
365 1873 495 1897 strenuus
535 1871 634 1910 aliquis
661 1872 741 1899 miles
767 1873 852 1900 armis
876 1874 977 1908 quibus

187 1913 340 1942 instructus
357 1920 416 1943 erat
441 1916 585 1944 subactum
605 1918 710 1945 hostem
733 1919 824 1948 denuo
851 1920 978 1955 aggredi-

187 1964 243 1992 tur,
257 1965 286 1987 et
307 1961 397 1996 gladio
412 1969 427 1988 e
451 1962 579 1990 manibus
603 1965 722 1999 abjecto,
746 1964 852 1992 hastam
877 1965 978 1992 adver-

188 2006 253 2032 sarii
282 2007 388 2041 arripit,
419 2016 471 2043 qua
499 2009 574 2036 illum
598 2009 770 2042 transfodiat,
797 2011 978 2045 quemadmo-

187 2052 265 2084 dum,
282 2054 359 2081 verbi
376 2055 474 2088 gratia,
497 2055 698 2098 fecissefertur
720 2056 798 2084 rufus
823 2057 868 2084 ille
895 2056 977 2084 Davi-

188 2098 238 2125 des
256 2104 284 2125 et
299 2100 416 2135 pulcher
426 2106 551 2135 aspectu,
567 2102 618 2129 hoc
634 2106 677 2129 est
701 2103 798 2138 agendi
814 2107 842 2130 et
854 2108 978 2130 contem-

189 2143 281 2178 plandi
311 2146 421 2173 solertia
449 2147 551 2175 clarus.
576 2148 654 2180 Quod
690 2149 763 2175 enim
800 2149 861 2175 rufo
888 2148 980 2176 colore

189 2190 313 2218 suffusus
344 2191 444 2224 fuerit,
476 2193 660 2220 certissimum
694 2194 813 2221 assidua:
851 2194 925 2221 illius
949 2195 976 2221 in
995 2199 1016 2226 ι)

189 2235 297 2270 agendo
313 2236 457 2264 industrire
480 2238 633 2272 symbolqu
650 2238 725 2267 fuit:
749 2239 821 2274 quod
840 2247 903 2266 vero
922 2240 982 2273 pul-

189 2283 256 2309 cher
274 2289 399 2317 aspectu,
415 2284 582 2319 perspicacis
595 2284 681 2311 animi
698 2285 820 2320 ejusdem
836 2293 982 2320 argumen-

191 2334 248 2356 tum
266 2329 518 2358 manifestissimum
534 2331 649 2359 exstitit.
661 2331 709 2359 [lic
721 2332 794 2358 enim
806 2332 886 2359 simul
901 2337 983 2367 atque

191 2375 275 2403 funda
292 2375 451 2403 Goliathum
474 2376 583 2412 dejccit.
599 2378 691 2413 gladio
706 2378 767 2413 ejus
793 2378 889 2413 vagina
916 2378 984 2405 edu-

191 2427 248 2453 cto,
267 2423 440 2458 tyranuicum
455 2423 521 2451 illud
535 2424 560 2451 ei
577 2429 659 2459 caput
673 2425 801 2452 abscidit.

229 2469 282 2495 Sed
310 2469 367 2496 haec
392 2470 607 2498 studiosioribus
643 2471 816 2498 discutienda
845 2471 982 2506 relinquo.

192 2516 257 2549 Quae
271 2523 352 2551 porro
369 2523 402 2543 ex
417 2516 557 2544 rhetorum
574 2517 695 2544 fontibus
706 2517 868 2551 depromere
887 2525 984 2552 possu-

194 2570 267 2594 Inus,
279 2570 310 2589 ea
330 2562 356 2589 in
376 2563 496 2590 medium
513 2563 699 2598 proferantur.
720 2563 788 2591 Cum
817 2564 889 2590 enim
913 2563 984 2590 divi-

194 2616 247 2635 nus
274 2609 318 2636 illc
344 2609 385 2636 vir
407 2609 463 2637 have
481 2609 536 2636 duo
564 2610 746 2637 instrumenta
771 2609 923 2637 rhetorices
949 2609 983 2636 ad

195 2654 365 2689 obiectiones
394 2655 618 2683 adversariorum
636 2655 819 2683 confutandas
847 2657 984 2691 prtecipua

196 2707 256 2727 esse
271 2701 364 2733 sciret,
385 2701 516 2728 nimirum
550 2702 677 2728 ἔνστασιν
693 2707 723 2730 et
737 2703 983 2738 ἀντιπιράστασεν,

199 2746 223 2773 ιιι
239 2753 280 2775 cst
296 2749 454 2775 instantiam
486 2750 779 2781 scumoutentioncrn,
801 2753 827 2776 rt
856 2749 986 2776 resisten-

992 1529 1012 1557 C

251 2837 273 2852 ⁵¹
290 2838 298 2865 l
316 2838 382 2872 Reg.
400 2846 455 2872 xvi,
472 2839 516 2865 5|.

1021 225 1095 244 nunc
1109 218 1234 252 utrisque
1250 218 1451 252 tempestiviter
1478 224 1506 246 et
1526 220 1652 254 apposite
1677 219 1875 246 abutitur,

1023 262 1176 297 Utrumque
1197 268 1288 290 autem
1302 264 1413 299 utrique
1433 265 1516 292 nullis
1542 265 1728 300 exigentibus
1749 272 1875 298 nego-

1024 310 1071 338 tiis
1084 310 1228 344 praeponit.
1257 310 1378 344 Exempli
1412 311 1500 345 gratia
1518 311 1563 338 hic
1591 311 1770 346 praepositae
1811 311 1874 336 in-

1023 358 1131 384 stantiae
1162 365 1209 384 seu
1237 357 1407 384 contentioni
1423 357 1607 384 resistentiatn
1632 364 1682 383 seu
1704 356 1873 390 replica-

1025 401 1126 428 tionem
1145 401 1237 429 statim
1265 401 1418 436 subjunxit.
1454 401 1521 430 Nam
1552 402 1574 429 si
1599 407 1725 436 utraque
1764 399 1870 427 reln-

1025 452 1128 480 tentur,
1143 449 1245 483 quibus
1269 448 1433 477 metuendus
1451 448 1495 475 ille
1523 450 1566 474 vir
1580 454 1728 475 certamen
1763 448 1866 475 elato

1026 495 1174 528 supercilio
1186 495 1324 530 ingressus
1339 499 1393 522 est.
1423 495 1475 521 hoc
1492 494 1628 521 instantia:
1639 493 1760 520 ascribi
1782 501 1863 520 me-

1026 540 1080 567 rito
1108 540 1218 574 possit:
1239 545 1267 567 at
1299 543 1322 567 si
1353 544 1473 574 utraque
1506 544 1661 571 sumantur,
1694 543 1729 567 et
1755 546 1861 565 more

1026 586 1175 620 peritorum
1191 587 1312 621 pugilum
1324 594 1404 620 supra
1419 591 1494 613 stans
1515 586 1695 614 adversarius
1710 585 1861 619 dejicie-

1026 637 1082 664 tur,
1098 631 1201 666 quibus
1225 631 1305 667 deiici
1335 639 1416 667 posse
1441 632 1519 659 visus
1544 636 1597 662 est,
1615 631 1667 658 hoc
1696 639 1780 658 vero
1814 631 1857 657 ad

1026 678 1262 713 ἁντιπαράστασιν
1275 686 1324 705 seti
1338 677 1523 704 resistentiam
1538 676 1667 711 pertinet.

1060 723 1213 750 Eunomius
1240 730 1305 757 ergo
1322 723 1444 750 alienare
1466 722 1562 749 volens
1577 729 1591 748 a
1609 722 1691 749 Patre
1709 722 1852 753 Filium,

1024 773 1127 800 eosque
1142 766 1314 794 diversarum
1337 768 1522 795 essentiarum
1546 774 1607 794 esse
1627 771 1747 801 putans.
1770 767 1851 801 quia

1025 813 1137 840 nomina
1156 813 1188 840 iis
1202 812 1311 840 diversa
1339 817 1414 845 sunt,
1440 813 1522 840 aliain
1540 813 1651 847 quidem
1670 814 1847 840 essentiam

989 847 1013 877 B
1027 857 1132 884 nomini
1151 857 1241 885 Patris
1256 857 1371 890 affinxit,
1389 858 1445 885 imo
1466 865 1533 885 vero
1548 857 1666 885 diversis
1694 857 1847 885 essentiis

1029 903 1140 930 diversa
1168 911 1277 938 quoque
1306 903 1419 930 nomina
1450 904 1546 930 tribuit
1568 912 1574 930 :
1596 912 1629 931 ea
1661 899 1738 931 malé
1760 905 1846 931 acci-

1028 949 1116 984 piens.
1137 949 1411 983 qutea-philosophis
1428 949 1577 983 dicuntur;
1593 950 1631 976 ait
1646 950 1720 976 enim
1739 958 1748 977 :
1769 950 1843 976 Ca?-

1029 995 1085 1023 lum
1097 999 1125 1022 et
1146 999 1219 1022 terra
1235 995 1352 1022 diversis
1367 999 1395 1021 et
1420 995 1652 1030 appellatiOnibus
1677 1000 1707 1021 et
1733 1002 1841 1022 essen-

1029 1040 1073 1068 tiis
1088 1040 1239 1072 differunt;
1259 1039 1355 1067 eodem
1380 1048 1445 1075 ergo
1463 1040 1545 1068 modo
1561 1041 1642 1067 Pater
1661 1045 1689 1066 et
1721 1040 1837 1073 Filius;

1029 1095 1146 1122 quorum
1175 1088 1248 1115 enim
1275 1087 1386 1114 nomina
1422 1087 1532 1114 diversa
1560 1092 1635 1119 sunt,
1669 1094 1776 1114 eorum
1803 1092 1835 1114 et

1029 1134 1154 1162 essentiae
1166 1133 1294 1161 diversae.

1064 1181 1145 1208 Pater
1156 1184 1247 1207 autem
1269 1179 1420 1215 Gregorius
1448 1180 1483 1206 ita
1503 1180 1672 1214 respondet;
1701 1180 1777 1213 Quia
1802 1180 1831 1208 'm

1029 1226 1135 1261 magnis
1146 1225 1296 1253 luminibus
1310 1226 1432 1257 ccecutis,
1462 1226 1590 1258 Eunomi,
1606 1225 1698 1260 aspice
1712 1226 1747 1252 ad
1771 1225 1828 1252 mi-

1029 1272 1122 1304 ninia;
1157 1270 1350 1298 communibus
1375 1270 1518 1297 hominum
1545 1270 1723 1304 opinionibus
1741 1269 1826 1297 fidem

1030 1317 1139 1348 adhibe,
1156 1317 1286 1344 nimirum
1299 1316 1455 1351 :Quidquid
1469 1317 1602 1352 gignitur,
1615 1316 1686 1344 Patri
1704 1317 1828 1344 consub-

1031 1364 1159 1392 stantiale
1174 1368 1232 1396 est;
1254 1363 1394 1390 hominem
1413 1363 1486 1390 cnilu
1503 1363 1596 1395 homo,
1609 1371 1698 1398 equus
1708 1371 1826 1398 equum,

1029 1410 1175 1444 delphinus
1191 1409 1350 1444 delphinum
1368 1414 1480 1444 generat
1497 1419 1504 1436 :
1527 1414 1555 1436 et
1567 1410 1625 1436 hate
1636 1409 1730 1437 omnia
1747 1409 1823 1436 inter

1030 1465 1060 1485 se
1074 1456 1319 1485 consubstantialia
1337 1459 1411 1482 sunt.
1434 1455 1672 1488 Quemadmodum
1689 1463 1757 1490 ergo
1773 1463 1823 1490 ge-

1031 1504 1124 1531 nitura
1140 1503 1166 1530 in
1179 1502 1223 1529 his
1240 1510 1254 1529 a
1269 1508 1381 1537 parente
1402 1502 1510 1529 diversa
1527 1510 1582 1528 non
1603 1501 1707 1531 evadit,
1726 1501 1774 1528 sed
1797 1501 1821 1528 ei

1031 1551 1123 1586 potius
1154 1549 1286 1582 cohaeret,
1302 1550 1417 1584 ejusque
1443 1553 1568 1575 naturam
1598 1548 1696 1579 induit,
1722 1547 1758 1574 ita
1782 1551 1819 1579 et.

1029 1598 1051 1625 si
1076 1596 1164 1624 Patris
1197 1595 1308 1623 nomine
1333 1594 1479 1622 essentiam
1505 1593 1651 1629 signiﬁcari
1676 1593 1818 1624 concedas,

1030 1642 1129 1670 Filium
1151 1641 1224 1668 Patri
1251 1639 1468 1674 conglutinatus.
1495 1643 1523 1665 et
1544 1637 1818 1665 consubstantiabis:

1029 1686 1252 1722 quandoquidem
1283 1684 1476 1712 substantialis
1501 1683 1589 1710 Patris
1613 1683 1737 1718 genitura
1765 1687 1817 1709 est.

1028 1731 1161 1765 Quocirca
1178 1730 1202 1757 si
1227 1728 1590 1759 comntuniumtnotionum,
1609 1732 1636 1754 et
1656 1727 1696 1754 vis
1722 1728 1818 1754 horum

1028 1777 1222 1804 vocabulorum
1236 1776 1305 1802 ratio
1323 1775 1472 1807 habeatur,
1491 1775 1613 1801 coluerat
1634 1773 1706 1800 Patri
1725 1773 1816 1805 Filius,

1029 1831 1082 1851 nec
1106 1823 1140 1850 ab
1155 1830 1188 1850 eo
1206 1822 1334 1849 diversus
1350 1827 1403 1849 est.
1439 1820 1473 1848 Ut
1505 1821 1577 1848 enim
1605 1820 1712 1854 genitor
1737 1819 1816 1846 homo

1030 1869 1122 1904 genito
1137 1870 1213 1904 prior
1227 1873 1280 1901 est,
1303 1869 1340 1895 ita
1373 1868 1455 1904 Pater
1478 1872 1507 1894 et
1532 1867 1616 1894 Filius
1641 1865 1720 1893 simul
1738 1865 1815 1893 ambo

1030 1922 1115 1945 sunt:
1131 1917 1179 1946 sed
1194 1925 1246 1944 nos
1272 1919 1306 1944 ab
1320 1924 1354 1944 eo
1371 1915 1446 1951 quod
1463 1921 1555 1950 patres
1571 1922 1627 1941 non
1653 1922 1769 1944 eramus.
1787 1914 1812 1941 id

1033 1963 1143 1990 tandem
1155 1962 1292 1989 evasimus
1308 1970 1315 1994 ς
1331 1966 1498 1996 quapropter
1520 1966 1549 1987 ut
1565 1960 1691 1986 homines
1712 1960 1814 1995 generis

1031 2008 1239 2044 praerogativam
1254 2007 1282 2034 in
1299 2007 1371 2034 filios
1392 2005 1536 2039 habemus,
1562 2009 1589 2032 at
1605 2009 1636 2032 ut
1652 2010 1738 2039 patres
1754 2012 1814 2032 con-

1032 2055 1229 2084 substantiales
1248 2054 1302 2081 illis
1313 2051 1576 2088 etcontemporanei
1594 2059 1707 2078 sumus:
1723 2058 1812 2085 supre-

1033 2111 1094 2130 mus
1111 2110 1202 2129 aurem
1218 2101 1340 2128 omnium
1354 2099 1436 2132 Deus,
1459 2106 1521 2126 cum
1547 2099 1580 2126 ab
1595 2104 1697 2125 aeterno
1717 2098 1748 2125 sit
1765 2097 1811 2124 Pa-

1032 2154 1085 2179 ter,
1099 2148 1198 2176 Filium
1220 2146 1337 2181 tempori
1365 2154 1419 2173 non
1437 2144 1602 2177 obnoxium,
1622 2144 1726 2179 sibique
1747 2151 1809 2170 com-

1031 2201 1138 2223 ternum
1154 2194 1246 2220 habet.
1261 2193 1300 2220 Ex
1329 2199 1383 2227 quo
1397 2191 1587 2226 consequitur,
1603 2193 1625 2217 si
1649 2190 1701 2216 vim
1723 2191 1806 2216 ilUl’lllll

1035 2240 1232 2268 vocabulorum
1246 2243 1364 2274 spectes,
1387 2243 1418 2264 ut
1447 2237 1531 2264 Filius
1555 2245 1570 2263 a
1593 2237 1672 2264 Patre
1700 2236 1808 2263 diversus

1036 2285 1272 2321 nunquamf‘ucrit
1286 2292 1338 2312 nec
1363 2283 1483 2311 essentia
1497 2290 1549 2310 nec
1573 2282 1740 2317 συνυπάρξει,
1762 2281 1808 2308 hr-c

1036 2336 1088 2365 cst,
1105 2331 1349 2362 consubsistentia,
1365 2330 1447 2357 liceat
1460 2333 1536 2357 certe
1565 2328 1699 2356 actionem
1712 2335 1806 2362 quoque

1038 2379 1142 2411 dict-re,
1155 2379 1177 2405 si
1190 2379 1227 2406 ita
1240 2378 1362 2406 videtur.
1387 2378 1422 2404 At.
1448 2376 1506 2404 fieri
1532 2380 1633 2412 potest,
1653 2379 1682 2403 ut
1701 2375 1736 2402 his
1750 2375 1806 2402 sub-

1038 2425 1176 2457 scribatis,
1198 2425 1271 2451 ultro
1298 2423 1415 2459 pedibus
1442 2428 1564 2450 nostram
1602 2422 1630 2448 in
1662 2422 1803 2448 sententiam

1039 2472 1127 2498 ituri:
1153 2479 1204 2499 nos
1221 2475 1314 2498 autem
1344 2471 1397 2498 hoe
1421 2477 1531 2505 quoque
1554 2469 1636 2496 modo
1663 2470 1712 2496 tela
1729 2473 1802 2495 vestra

1038 2518 1224 2546 retundimus.

1334 2563 1411 2590 CAP.
1430 2562 1522 2590 XLVI.

1035 2611 1096 2647 Ipsa
1109 2619 1139 2637 ea:
1157 2611 1258 2647 actique
1273 2609 1418 2647 ouantium
1439 2609 1653 2647 flttccscerg,__lmc
1678 2612 1721 2639 ut,
1736 2607 1801 2634 sim-tl

1125 2651 1202 2681 atque
1216 2644 1298 2672 Pater
1312 2645 1372 2677 fuit,
1385 2645 1502 2680 genitura
1515 2646 1537 2670 ei
1559 2643 1659 2670 Filium
1670 2651 1729 2670 esse.

1073 2703 1107 2730 At
1123 2711 1188 2730 vero
1210 2702 1395 2737 interrogatis,
1410 2709 1554 2736 quemnam
1570 2701 1651 2728 Pater
1665 2700 1748 2734 egerit,
1761 2707 1798 2733 qut

1038 2749 1148 2785 quidem
1166 2749 1200 2776 sit
1220 2749 1303 2780 actio,
1321 2748 1345 2775 ei
1362 2756 1414 2775 non
1436 2747 1581 2779 absimilis,
1594 2754 1675 2782 quam
1694 2746 1717 2773 in
1729 2747 1798 2773 archi-
