1927 3085
99 120 185 152 14-09

101 181 202 208 tecto,
222 179 332 206 tatomo,
350 180 376 202 et
393 174 525 202 statuario
543 174 676 200 videtnns.
698 172 751 198 IIut:
769 172 833 198 iilud
853 179 905 203 est,

98 223 190 257 quod
207 221 337 256 ἀμούσων
360 221 517 248 γοοοκΝτιῐη
528 222 549 247 si
564 221 643 246 Pater
657 223 695 246 est
712 218 769 245 Filii
790 219 868 244 Pater
884 222 910 244 et

101 268 158 295 hic
176 268 290 302 quidem
307 275 401 297 causa,
417 267 462 294 ille
475 274 540 293 vero
564 272 705 293 causatum
726 265 765 291 vel
784 264 910 295 eﬂ'ectus,

99 314 239 347 ejusdem
260 319 350 339 tatnen
368 317 472 338 natura:
499 312 580 339 ambo
593 315 621 338 et
631 310 753 345 ejusdem
782 309 911 336 substan-

101 360 156 386 tia:
178 362 256 390 sunt,
276 358 329 385 hoc
347 357 435 392 ipsttm
453 357 533 384 Pater
549 357 615 392 egit,
643 356 774 382 nimirum
790 354 911 382 consub-

101 396 292 437 staniialem;
309 404 436 439 quamvis
464 403 567 438 alioqui
595 402 712 429 actionis
739 401 833 436 opinio
860 401 911 428 hac

103 453 136 478 in
159 459 189 478 re
206 450 376 484 perabsurda
393 451 439 476 sit.
462 449 533 482 Quia
548 449 623 475 enim
640 448 803 482 periculosis
820 447 910 474 nomi-

101 497 199 523 nibus
214 498 280 523 etin
306 496 442 530 theologia
468 494 608 522 inusitatis
629 502 695 521 usus
726 497 778 524 cst,
808 493 910 520 idcirco

102 543 228 569 videtur
259 543 325 569 utile
355 543 382 569 in
402 547 478 576 parte
502 541 635 571 futurum,
654 542 674 568 si
704 540 911 567 consideremus

105 588 231 623 quinam
247 590 282 614 sit
296 595 392 614 eorum
408 594 517 614 sensus.
536 587 598 613 Ilatc
622 586 695 612 enim
726 586 776 610 tria
798 593 827 611 se
851 592 910 611 tnu-

106 639 162 661 tuo
182 633 314 667 subsequi
335 633 463 659 videnlur
492 631 581 662 οὐσία,
600 631 737 664 ἐνέργεια,
767 630 814 655 καὶ
834 630 910 664 ἐνερ-

104 679 258 713 «(cupavo-1,
273 679 325 705 hoc
340 684 382 705 est
397 678 527 709 essentia,
544 677 626 708 actio,
645 680 673 702 et
694 683 773 709 opus.
789 675 838 702 Est
859 683 910 702 au-

108 729 170 752 tem
192 726 264 751 actio
279 725 330 751 alia
345 724 472 752 essentiac
497 730 677 753 concurrens.
706 722 758 749 alia
788 726 911 756 postmo-

105 771 180 797 dum
199 771 346 803 acquisita.
360 769 466 802 Quibus
481 776 547 803 ergo
564 768 695 795 essentiis
707 767 781 794 actio
793 774 912 794 concur«

107 817 161 847 rit.
182 824 276 843 earutn
293 816 417 842 actiones
441 822 550 849 quoque
565 813 689 841 indivisa:
714 818 790 845 sunt,
809 813 910 847 quibus

106 867 207 889 autem
227 862 399 896 postmodum
423 862 534 893 accidit,
551 868 645 888 earum
661 860 784 887 actiones
796 867 906 901 quoque

107 908 307 942 posteriores:
338 912 367 935 ut
396 908 478 934 homo
509 906 628 934 essentia
647 906 756 941 quidem
781 911 833 936 est,
850 906 906 939 agit

108 958 207 980 autem
228 953 449 987 respirationem,
469 957 496 980 et
519 952 678 979 editicium.
706 951 808 978 Horum
835 952 905 978 alte-

108 1006 186 1030 rum,
208 999 338 1025 nimirum
357 998 513 1032 respiratio,
528 997 680 1029 concurrit,
696 997 812 1024 alterum
829 1004 904 1030 vero,

108 1042 221 1070 scilicet
245 1042 414 1074 aediﬁcatio"
430 1042 570 1077 posterior
594 1047 622 1069 et
640 1043 758 1070 ascititia
775 1047 826 1070 est.
846 1043 906 1075 Quo

109 1088 155 1120 Iit,
174 1093 204 1115 ut
219 1089 291 1123 quod
313 1089 348 1115 ab
363 1089 469 1115 actione
485 1088 585 1123 agitur,
602 1095 663 1123 qua;
677 1088 788 1123 quidem
813 1096 906 1116 essen-

109 1135 160 1161 tia:
188 1133 340 1166 concurrit,
363 1139 512 1161 concurrat
534 1138 564 1161 et
592 1134 681 1169 ipsum
711 1134 854 1166 nimirum,
876 1141 907 1162 ut

107 1181 296 1216 respiratione
316 1188 363 1207 cor
376 1180 568 1215 refrigeretur.
606 1180 674 1207 Nam
710 1181 792 1207 simul
824 1185 906 1215 atque

111 1227 234 1259 respirat
250 1226 360 1261 aliquis,
375 1227 474 1254 hausto
488 1226 628 1254 exteriore
653 1234 729 1259 aere,
759 1227 906 1262 laxataque

112 1273 190 1300 molli
206 1273 309 1308 jecoris
327 1280 453 1307 corpore.
466 1272 539 1307 quod
555 1273 667 1308 puriore
680 1272 779 1308 spiritu
793 1273 905 1307 plenum

111 1318 362 1349 est,eircumfovet
385 1326 443 1351 cor,
474 1325 526 1346 nec
556 1319 689 1346 exsiccari
711 1320 801 1346 calore
829 1319 906 1347 sinit.

110 1364 272 1391 Ediﬁcatio
288 1369 378 1391 autem
395 1384 402 1396 ,
416 1365 479 1399 quia
497 1371 590 1398 postea
603 1365 748 1400 contingit,
765 1373 798 1392 eo
813 1365 859 1396 ﬁt.
875 1371 904 1393 ut

112 1410 255 1437 dividatur
270 1417 380 1444 quoque
391 1410 463 1444 quod
479 1410 578 1444 agitur.
598 1410 731 1443 Quocirca
743 1411 824 1437 Pater
834 1411 903 1437 Gre-

114 1455 210 1488 gorius
225 1455 261 1481 ita
278 1455 373 1482 infert.
391 1455 541 1482 Consentio
557 1455 616 1488 tibi,
629 1456 757 1487 Eunomi,
773 1457 818 1491 qui
831 1455 906 1484 Patri

114 1509 215 1528 nomen
228 1501 342 1528 actionis
355 1502 526 1535 imposueris.
536 1501 804 1532 Cousubstantialem
819 1510 901 1536 porro

115 1547 183 1581 egit,
198 1547 322 1582 quamvis
333 1547 435 1580 alioqui
451 1546 567 1574 actionis
583 1547 634 1574 hac
648 1547 675 1574 in
693 1555 721 1574 re
736 1549 830 1581 opinio
844 1555 906 1582 per-

117 1587 308 1621 absurda'sit.
324 1593 391 1620 Nam
408 1594 435 1620 in
462 1593 508 1620 illa
531 1593 638 1621 actione
659 1595 798 1629 posterius
816 1594 843 1622 id
863 1600 907 1622 est

116 1640 190 1675 quod
213 1640 311 1674 agitur.
334 1639 500 1666 Atldilicaudi
515 1641 587 1666 enim
604 1648 649 1666 ars
676 1639 822 1667 aedificium
839 1648 909 1675 prae-

117 1685 197 1713 cedat
209 1690 328 1720 oportet,
342 1689 425 1720 atque
450 1693 464 1712 a
491 1693 520 1712 se
538 1686 604 1720 ipsis
630 1691 793 1720 separentur
816 1687 908 1714 archi-

119 1736 207 1758 tectus
220 1736 247 1758 et
260 1731 417 1758 aedilicium.
435 1731 465 1758 In
481 1731 532 1758 hac
546 1740 620 1763 vero,
637 1740 690 1767 qua
715 1732 748 1759 de
765 1740 839 1759 nunc
851 1732 906 1767 agi-

120 1785 181 1803 n.us
194 1777 311 1808 actione,
327 1785 381 1803 non
400 1777 436 1804 ita
451 1784 480 1804 se
494 1777 576 1804 habet
597 1777 622 1804 id
645 1777 718 1811 quod
732 1778 832 1812 agitur.
849 1779 907 1805 Non

118 1823 192 1849 euim
209 1823 284 1856 prius
296 1822 348 1848 fuit
365 1822 455 1855 Pater,
472 1826 529 1849 tum
558 1823 658 1850 deinde
685 1823 909 1850 consubstantia-

121 1870 173 1896 Icm
186 1868 316 1898 absolvit.
331 1876 382 1896 nec
395 1876 428 1896 eo
445 1869 574 1896 absoluto
603 1869 731 1896 diversus
745 1870 845 1899 evasit.
861 1870 907 1897 sed

121 1916 202 1943 simul
226 1921 309 1951 atque
324 1916 404 1943 Pater
420 1915 483 1946 fuit,
499 1915 609 1949 genitus
637 1921 680 1942 est
698 1915 794 1947 Filius,
813 1915 909 1942 ambo-

123 1969 174 1997 qne
189 1961 438 1989 consubstantiales
453 1960 576 1988 fuerunt.

402 2026 479 2054 CAP.
525 2026 628 2054 XLVII.

127 2085 185 2111 Alia
211 2084 334 2111 Eunomii
355 2083 498 2118 sophistica
520 2083 649 2115 obiectio,
669 2084 792 2110 adtersus
820 2083 909 2110 Palus

162 2125 184 2146 et
205 2119 269 2146 Fih'i
298 2118 611 2145 consul);Iantialilatem.
635 2118 691 2145 Hoc
714 2119 862 2145 Aristotelis
883 2119 909 2145 iu

160 2155 301 2187 (Iategoriis
316 2154 370 2180 loco
397 2154 466 2180 male
478 2153 618 2182 intellecto.
637 2155 760 2180 nimirum
777 2161 786 2180 :
807 2163 815 2178 ι
832 2154 909 2185 Qua--

747 117 942 146 TIIESAUIH
967 117 1040 146 LIB.
1066 117 1097 146 V.

1689 115 1756 146 1410

924 175 944 201 Α
960 176 987 197 et
1002 170 1036 197 ad
1061 170 1137 197 illum
1157 169 1324 197 referuntur.
1352 169 1448 204 Itaque
1473 169 1559 204 major
1591 169 1672 197 Pater
1699 175 1753 199 est.

961 216 1026 249 quia
1040 223 1122 243 causa
1139 220 1190 245 est.
1208 215 1354 248 ambobus,
1384 216 1454 242 Filio
1471 215 1582 250 quidem
1599 218 1754 250 generatio-

961 262 1014 293 nis,
1033 262 1149 296 Spiritui
1164 265 1255 288 autem
1272 262 1470 296 proces~ionis.
1488 261 1611 288 Ecclesia
1630 269 1706 296 ergo,
1726 266 1755 287 ut

962 306 1065 332 dictum
1077 310 1129 336 est,
1142 313 1175 332 eo
1194 314 1275 332 sensu
1297 306 1447 332 dictionem
1464 306 1552 340 major
1564 308 1682 340 acet-pit.

997 351 1204 382 AtEunomius,
1219 358 1281 378 cum
1297 357 1394 378 caetera
1414 352 1517 382 turbet.
1534 358 1618 386 atque
1636 352 1755 378 confun-

962 397 1020 429 dat,
1050 403 1107 424 ttttn
1128 398 1281 432 poculentte
1307 399 1371 424 huic
1398 406 1474 432 aquas
1496 398 1681 433 salsuginosos
1697 406 1758 425 ser-

961 451 1057 470 mones
1085 451 1150 470 suos
1179 443 1325 471 immiscet.
1357 444 1426 470 Iluic
1451 444 1522 470 enim
1552 444 1754 478 propositioni:

961 488 1042 515 Pater
1054 489 1141 522 major
1156 488 1225 515 Filio
1237 493 1290 520 est,
1305 489 1367 522 quia
1381 496 1478 519 causa;
1496 489 1587 514 statim
1613 489 1664 515 alia
1691 489 1758 515 sub-

958 533 1049 567 jungit
1066 542 1073 560 τ
1094 533 1182 560 Causa
1198 534 1331 560 naturalis
1343 539 1396 566 est,
1411 541 1527 567 moxque
1544 535 1580 560 ita
1599 535 1748 561 ratiocina-

962 583 1017 606 tur.
1034 579 1113 605 Pater
1138 579 1305 614 major'est,
1327 580 1395 614 .quia
1425 587 1518 607 causa.
1548 587 1630 606 causa
1663 585 1756 607 autent

960 625 1113 656 naturalis;
1136 628 1194 651 tum
1218 625 1465 659 concluditzErgo
1488 625 1569 651 Pater
1594 629 1693 652 natura
1713 626 1756 652 Fi-

960 671 997 697 lio
1012 671 1099 705 major
1127 675 1179 701 est.
1200 672 1286 706 majus
1311 671 1376 698 inde
1393 671 1559 701 attribucns,
1585 679 1638 697 non
1664 679 1754 698 causa:

962 720 991 742 ul
1011 721 1084 743 recta
1100 716 1210 743 suadet
1231 716 1310 743 ratio.
1338 717 1395 744 Iloc
1421 717 1523 743 ctenim
1543 716 1595 743 sibi
1619 717 1677 742 vult
1695 718 1756 751 ejus

962 762 1085 797 dogma,
1126 766 1156 788 ut
1191 762 1299 788 Patrem
1329 762 1445 796 primum
1472 763 1619 789 essentiam
1659 762 1755 795 faciat,

961 810 1061 837 Filium
1077 809 1239 838 secundam,
1257 807 1393 842 Spiritum
1410 809 1517 835 tertiam
1535 818 1542 834 :
1560 809 1659 836 Nescio
1676 817 1754 841 vero,

925 851 1050 890 Biuquit
1070 862 1185 890 magnus
1217 854 1264 880 ille
1291 853 1453 887 Gregorius,
1485 859 1576 881 utrum
1609 854 1661 881 sibi
1689 855 1756 889 ipsis

961 903 1014 930 hoc
1038 903 1182 937 imponant
1203 901 1384 936 sophismate,
1404 909 1439 928 an
1468 901 1502 928 iis
1521 902 1555 928 ad
1578 910 1649 936 quos
1668 903 1755 930 verba

958 949 1072 976 faciunt.
1087 948 1154 976 Nam
1173 955 1234 982 qua:
1252 947 1284 974 de
1307 948 1400 982 aliquo
1414 947 1554 979 dicuntur,
1572 956 1604 975 ea
1621 956 1676 975 non
1692 949 1758 975 sim.

959 995 1068 1031 pliciter
1079 995 1131 1022 dici
1150 1002 1261 1029 quoque
1288 999 1420 1028 poterunt
1437 995 1469 1022 de
1490 1003 1522 1022 eo
1550 996 1624 1030 quod
1641 996 1666 1022 ei
1690 995 1756 1023 subs

957 1043 1062 1077 jeclum
1075 1045 1126 1073 est,
1142 1041 1189 1068 sed
1213 1041 1388 1075 perspicuum
1403 1046 1455 1073 est,
1478 1041 1608 1076 quidnam
1624 1042 1658 1069 de
1685 1050 1756 1076 quo-

960 1095 1015 1123 que
1034 1083 1151 1114 dicatur.
1169 1087 1312 1120 Quomodo
1343 1095 1408 1122 ergo
1438 1088 1566 1122 [metatus
1595 1093 1637 1115 est
1664 1088 1756 1115 Euno-

961 1134 1128 1168 miusquave
1139 1133 1441 1167 sophismatumjspecie
1458 1141 1534 1160 suam
1550 1133 1693 1160 contexuit
1711 1141 1757 1160 ca-

962 1181 1085 1215 ptionem
1099 1199 1107 1211 ,
1125 1186 1271 1214 progressu
1285 1179 1418 1206 orationis
1433 1179 1550 1210 dicetur,
1568 1180 1613 1206 ubi
1626 1179 1755 1206 nimirum

959 1226 1098 1260 sophisma
1115 1224 1260 1251 refellitur.
1278 1224 1317 1251 Ad
1336 1225 1470 1252 orationis
1495 1233 1578 1259 porro
1606 1227 1755 1253 continua-

961 1273 1064 1300 tionem
1083 1270 1176 1298 statim
1202 1277 1313 1305 quoque
1337 1275 1429 1298 nostra
1450 1271 1631 1305 suiijungetur
1646 1279 1658 1298 a
1677 1272 1757 1299 nobis

960 1318 1042 1346 ratio.
1060 1317 1169 1345 Auditis
1187 1317 1341 1345 Eunomius
1355 1317 1389 1344 iis
1415 1325 1475 1352 qua:
1504 1318 1537 1344 ab
1554 1317 1702 1345 Aris'otclc
1728 1318 1755 1345 iu

931 1377 933 1379 -
958 1364 1112 1398 Categoriis
1125 1364 1227 1399 scripta
1246 1368 1311 1391 sunt
1327 1372 1334 1391 :
1352 1364 1539 1399 Quaecumque
1555 1364 1589 1391 de
1610 1365 1702 1399 aliquo
1715 1364 1756 1391 di-

961 1415 1074 1443 cuntur,
1089 1417 1121 1437 ea
1146 1409 1179 1437 de
1197 1417 1230 1437 eo
1248 1417 1358 1445 quoque
1384 1411 1438 1438 dici
1464 1415 1604 1445 poterunt,
1630 1410 1703 1444 quid
1729 1410 1755 1437 ci

960 1456 1115 1490 subjectum
1144 1455 1277 1488 cst;haec
1290 1456 1374 1482 verba
1403 1456 1478 1483 nullo
1503 1457 1608 1491 judich
1630 1456 1756 1483 adhibito

960 1504 1079 1538 excepit,
1098 1508 1182 1538 atque
1198 1503 1348 1530 dictionem
1365 1512 1537 1538 quacumque
1547 1504 1581 1531 ad
1597 1505 1687 1531 munia
1711 1513 1756 1531 re-

961 1550 1044 1576 tulit:
1060 1557 1115 1585 quo
1132 1549 1233 1576 factum
1249 1554 1302 1580 est.
1319 1553 1358 1581 ut,
1384 1557 1447 1577 cum
1462 1551 1624 1577 Aristolelcs
1637 1551 1755 1577 iocabu-

958 1596 1014 1623 lum
1031 1596 1084 1623 hoc
1100 1597 1273 1630 usurpaverit
1287 1596 1314 1622 iu
1331 1595 1365 1622 iis
1383 1603 1443 1630 qua:
1464 1597 1569 1623 ratione
1594 1597 1755 1624 substantia:

958 1642 1154 1677 praedicantur,
1176 1642 1222 1670 hic
1247 1642 1408 1669 indistincte
1433 1642 1467 1669 de
1491 1642 1524 1668 iis
1553 1651 1614 1677 qua:
1644 1644 1754 1670 ratione

959 1689 1112 1716 accidentis
1128 1690 1326 1724 praedicantur,
1354 1690 1492 1721 enuntiet,
1515 1694 1542 1716 ct
1566 1694 1595 1716 ut
1613 1690 1696 1716 semel
1713 1690 1755 1716 d1-

959 1743 1030 1767 cain,
1047 1735 1081 1761 de
1106 1736 1139 1762 iis
1151 1743 1212 1769 qute
1231 1736 1494 1770 quomodocumqun
1510 1737 1704 1770 prreiicantur.
1722 1739 1753 1764 At

959 1779 1011 1806 hoc
1022 1787 1076 1806 non
1094 1779 1130 1805 ita
1142 1787 1171 1806 se
1189 1779 1285 1806 habet.
1300 1780 1429 1812 Quanu'is
1447 1782 1519 1807 enim
1535 1781 1634 1808 animal
1648 1782 1680 1808 dc
1694 1790 1754 1816 spe-

960 1826 1002 1853 cie
1017 1825 1198 1859 praedicetur,
1213 1833 1300 1860 genus
1329 1830 1419 1852 tamen
1450 1827 1510 1860 ejus
1542 1826 1754 1861 haudquaquam

961 1872 1044 1898 etiam
1059 1871 1232 1906 praedicatur.
1253 1871 1336 1905 Atqui
1350 1877 1423 1898 recta
1443 1871 1660 1905 propositionum
1676 1880 1754 1899 com-

962 1915 1066 1952 positio
1095 1915 1188 1942 fuerit.
1216 1914 1310 1943 Genus
1327 1915 1402 1941 enim
1416 1916 1490 1942 omni
1508 1915 1630 1948 animali,
1652 1921 1678 1942 ot
1695 1917 1753 1943 ani-

962 1962 1014 1989 mal
1034 1964 1108 1990 omni
1127 1962 1228 1997 speciei
1244 1962 1389 1989 convenit:
1413 1962 1518 1996 species
1536 1967 1625 1990 tamen
1642 1972 1694 1990 non
1711 1968 1753 1990 est

961 2016 1057 2043 genus.

995 2055 1055 2082 Non
1071 2062 1137 2090 ergo
1153 2062 1338 2090 quaecumque
1351 2055 1385 2082 de
1399 2055 1492 2090 aliquo
1507 2056 1649 2087 dicuntur,
1663 2065 1695 2083 ea
1720 2058 1754 2084 de

960 2109 994 2128 eo
1006 2109 1116 2137 quoque
1133 2102 1271 2132 dicentur,
1288 2102 1362 2136 quod
1383 2102 1409 2129 ei
1433 2102 1590 2137 subjectum
1615 2109 1668 2129 est.
1691 2103 1756 2130 Ani-

962 2149 1026 2174 tnali
1045 2149 1118 2175 enim
1134 2148 1217 2174 homo
1233 2147 1396 2182 subjicitur;
1411 2152 1438 2174 at
1462 2156 1515 2174 non
1529 2156 1701 2184 qua'cunquc
1719 2150 1753 2177 de

161 2197 268 2223 cumque
281 2190 312 2215 de
326 2189 417 2228 aliquo
436 2190 569 2228 dicuntur.
585 2197 616 2215 ea
631 2189 662 2215 de
689 2197 718 2228 eo
741 2197 842 2228 quoque
859 2189 911 2228 {liti
927 2195 949 2222 ι)
963 2193 1073 2220 animali
1093 2193 1283 2228 przedicamus,
1302 2200 1333 2219 ca
1349 2192 1382 2220 de
1406 2191 1529 2223 subiecto
1545 2194 1628 2220 etiam
1654 2195 1754 2228 prmiti-

161 2229 292 2259 poterttut,
311 2225 378 2258 quod
395 2225 417 2250 ei
431 2224 574 2258 subjectum
590 2229 637 2255 est,
657 2234 666 2249 ι
693 2224 837 2251 Eunomius
854 2224 909 2250 Ρα-

161 2264 227 2286 trem
240 2258 307 2286 Filio
321 2264 418 2286 natura
432 2260 560 2293 majorem
573 2267 627 2285 esse
640 2259 716 2287 dixit.

160 2329 226 2356 Cum
245 2329 377 2356 Dominus
389 2332 483 2356 noster
496 2329 576 2356 Jesus
601 2329 727 2356 Christus
746 2329 772 2356 in
787 2329 911 2364 Evange-

130 2374 171 2402 liis
183 2375 293 2406 dixerit,
313 2373 396 2401 Pater
420 2382 491 2400 meus
514 2373 602 2408 major
629 2382 669 2400 me
682 2379 719 2400 est
734 2375 767 2403 ".
792 2375 912 2402 Ecclesia

131 2421 273 2450 dictionem
288 2423 375 2457 major
393 2423 427 2449 ob
444 2423 543 2450 Filium
566 2423 654 2450 solum
676 2423 806 2458 prolatam
829 2423 910 2451 intel—

132 2468 201 2495 ierit.
220 2468 348 2500 Quamvis
363 2468 437 2495 enim
464 2469 578 2496 honoris
600 2469 784 2504 aequalitatem
803 2470 829 2495 in
862 2469 910 2495 tri-

133 2513 178 2542 bus
190 2515 326 2549 personis,
357 2515 537 2550 eamdemque
565 2515 680 2550 gloriam
705 2521 732 2543 et
759 2516 908 2544 claritatem

132 2559 315 2595 praedicamus,
338 2561 390 2587 alia
405 2564 496 2588 tamen
519 2562 625 2589 ratione
649 2563 759 2589 Patrem
778 2562 908 2596 majorem

133 2610 156 2632 et
166 2605 231 2632 Filio
243 2611 270 2633 et
281 2606 384 2640 Spiritu
400 2611 495 2634 sancto
511 2615 573 2634 esse
600 2608 730 2638 dicimus.
746 2609 809 2643 quia
831 2609 911 2635 nimi-

134 2659 187 2678 rum
205 2650 238 2678 ad
250 2651 325 2679 aliud
357 2653 402 2680 ille
429 2653 592 2688 principium
623 2663 678 2681 non
703 2655 832 2687 refertur,
863 2655 909 2682 sed

134 2698 184 2732 ipse
195 2698 314 2732 primum
338 2699 461 2726 omnium
476 2700 644 2735 principium
659 2706 719 2733 est;
736 2701 765 2728 hi
797 2709 861 2728 vero
875 2702 910 2728 ab

134 2743 174 2772 illo
186 2749 314 2779 tauquam
328 2753 410 2773 causa
423 2746 588 2781 procedunt,
603 2747 676 2782 apud
692 2747 769 2774 illum
783 2753 906 2781 manent,

162 2834 266 2862 “Ioan.
284 2843 321 2869 XI,
333 2836 376 2863 28.

964 2240 1146 2272 caverimus;
1189 2239 1244 2266 imo
1282 2239 1457 2274 perspicuum
1490 2244 1532 2266 est
1559 2238 1598 2266 de'
1631 2248 1750 2275 quonam

963 2292 995 2311 ea
1020 2284 1072 2310 dici
1093 2284 1208 2319 possint,
1239 2288 1267 2311 et
1295 2291 1420 2318 quaenam
1443 2284 1499 2311 sint
1523 2291 1556 2311 ea
1573 2292 1635 2318 qua:
1653 2287 1751 2320 praedi-

964 2336 1073 2359 ςωιιιιτ.
1119 2324 1121 2326 Υ

999 2376 1156 2403 Animatum
1168 2376 1241 2402 enim
1259 2381 1288 2403 et
1303 2376 1402 2403 sensile
1416 2376 1529 2411 trajeeto
1543 2377 1653 2404 animali
1669 2378 1751 2404 etiam

965 2422 998 2449 ad
1018 2422 1156 2449 hominem
1174 2423 1343 2457 pertingunt.
1369 2422 1511 2457 Siquidem
1523 2423 1684 2450 essentiales
1699 2423 1753 2450 illa!

963 2476 1012 2495 seu
1028 2468 1162 2501 specilieae
1176 2468 1341 2495 diﬁ‘erentize
1366 2474 1442 2501 sunt,
1456 2469 1559 2504 quibus
1569 2469 1670 2495 animal
1686 2477 1753 2496 con-

963 2514 1087 2541 stituitur
1105 2523 1111 2540 :
1129 2521 1216 2548 genus
1231 2520 1334 2545 autem,
1345 2515 1418 2549 quod
1432 2519 1474 2542 est
1493 2522 1593 2541 nomen
1607 2515 1750 2548 rationaiv,

963 2568 1014 2587 nec
1025 2559 1152 2587 animalis
1171 2561 1302 2588 essentia;
1326 2561 1466 2594 convenit,
1493 2560 1595 2588 idcirco
1612 2561 1644 2588 ad
1663 2562 1751 2589 homi-

962 2614 1024 2634 ncm
1047 2607 1192 2641 trajicitur.

997 2654 1061 2682 Tria
1078 2655 1152 2681 enim
1165 2656 1275 2681 nomina
1296 2658 1373 2689 ponit
1385 2654 1549 2686 Eunomius,
1567 2655 1665 2690 majus,
1684 2663 1750 2681 cau-

961 2708 1030 2732 sam,
1045 2706 1072 2727 et
1087 2705 1225 2727 naturam.
1247 2700 1339 2734 Itaque
1362 2701 1451 2735 majus
1469 2700 1502 2727 de
1528 2708 1619 2731 causa.
1638 2706 1665 2728 et
1684 2709 1747 2728 ean-

961 2756 1020 2776 sam
1031 2748 1064 2776 de
1077 2752 1174 2775 natura
1195 2747 1345 2781 praedicat:
1362 2751 1446 2782 atque
1463 2747 1527 2775 hinc
1541 2748 1680 2775 existimat
1694 2758 1749 2775 ma~
