1927 3085
211 112 293 145 1411'
829 111 978 143 NICETIE
998 110 1201 143 CHONlAT/E
1806 111 1880 144 11.19

212 169 300 204 majus
311 169 454 197 donatura
465 176 578 204 quoque
595 167 740 203 prmdicari
759 176 790 195 ex
812 168 1011 196 conSecutione
1025 171 1051 200 Α
1367 167 1546 197 CAP.Xl.lX.

208 213 242 240 al
262 215 356 248 primm
372 215 464 249 ﬁgurm
478 214 671 250 praescriptum
696 213 778 240 facta.
797 213 933 241 Cretcrum
950 221 1003 240 non

209 261 301 287 omnia
318 250 504 296 quaecumque
522 261 556 287 de
573 260 668 295 aliquo
690 259 831 291 dicuntur,
859 267 892 286 ea
909 259 944 286 de
970 266 1006 287 eo

208 314 319 341 quoque
339 307 481 339 dicuntur,
506 306 580 342 quod
612 307 638 334 ei
664 306 818 342 subjectum
848 311 901 337 est,
925 311 953 333 at
981 307 1003 334 si

208 351 367 379 essentialia
378 359 426 378 seu
440 352 569 387 specilica
586 351 701 384 fuerint.
715 359 746 378 ea
762 356 839 379 certe
858 351 1003 386 pnedicari

207 402 236 424 ct
253 397 346 432 trajici
371 402 497 432 possunt,
523 398 546 425 si
563 405 630 426 vero
659 398 776 425 aseititia
794 402 823 425 et
838 398 892 425 alio
921 405 1003 426 sensu

208 443 294 474 dicta,
312 443 381 470 nihil
398 445 439 471 eis
448 451 596 472 commune
616 452 679 472 cum
712 445 765 472 sibi
792 445 925 480 subjectis
938 445 1002 473 erit.

207 489 277 522 Quia
292 497 358 526 ergo
371 491 459 526 majus
477 499 592 527 quoque
616 492 687 519 nihil
703 492 738 519 ad
757 500 867 520 causam
883 492 1002 525 confert,

207 536 293 568 utsit,
312 538 359 564 sed
379 538 476 565 -dictio
508 539 644 574 quaepiam
669 543 722 572 est,
739 547 800 573 quae
829 540 853 566 oi
887 547 920 566 ex
945 540 1005 574 opi-

209 582 294 610 nione
325 583 482 618 adoptatur,
502 592 536 612 eo
566 584 606 618 ﬁt,
629 589 659 612 ut
683 585 716 612 ad
732 585 881 612 dictionem
904 590 1003 612 natura

207 636 262 655 non
276 634 408 657 transeat.
425 629 493 657 Nam
520 631 586 664 quid
614 631 715 663 osbtat,
734 636 765 658 ut
797 631 879 658 Pater
898 631 1002 667 Grego-

208 675 268 701 rius
285 674 386 710 inquit,
403 676 552 710 quominus
565 684 616 712 ego
636 685 747 712 quoque
763 677 921 712 hujusmodi
936 686 1002 713 pro—

210 720 347 754 positione
376 722 459 752 facta,
491 722 624 748 nimirum
647 723 722 758 quod
743 728 840 751 natura
865 729 917 758 est,
945 733 1000 753 non

207 766 321 793 omnino
342 767 430 803 majus
464 772 517 800 est,
550 775 640 803 neque
671 769 763 802 Pater,
791 770 853 797 inde
875 769 1001 805 colligant

207 811 296 845 tnajus
308 819 362 838 non
375 812 490 840 omnino
508 814 598 848 majus
626 815 710 841 esse?
735 815 778 842 vel
807 816 915 843 Patrem
947 825 1000 844 non

206 856 319 884 omnino
333 858 463 885 Patrem?
479 858 558 892 Quod
575 861 596 886 si
619 860 656 887 ita
677 861 756 893 velis,
774 862 845 889 Deus
872 863 1002 890 substan-

207 903 244 929 tia
259 906 312 935 est,
325 903 480 932 substantia
495 912 560 932 vero
575 913 629 933 non
647 907 761 934 omnino
780 908 864 939 Deus,
887 914 914 935 tu
927 910 1001 944 quod

205 949 330 984 sequitur
341 950 398 984 ipse
411 951 544 986 colligito.
559 952 631 987 Ergo
646 952 718 980 Deus
729 954 842 980 omnino
855 959 896 982 est
910 955 992 982 Deus.

491 1031 567 1059 CAP.
592 1031 708 1060 XLVIII.

205 1087 316 1126 Erroris
329 1087 454 1126 Euqomii
476 1090 561 1124 origo.
576 1089 657 1126 altius
679 1091 789 1126 repetita
809 1099 841 1118 ex
859 1093 1001 1120 Aristotele

241 1123 269 1160 in
288 1123 362 1150 libris
375 1123 413 1160 Dc
429 1125 632 1160 reprehensione
656 1123 858 1160 sophistarum:
875 1128 1000 1155 nimirum

240 1159 315 1199 attica
329 1159 397 1194 quod
413 1167 472 1186 cum
489 1159 539 1186 loci
564 1159 714 1194 adiectione
737 1165 760 1187 ιτι
783 1162 939 1197 simpliciter
959 1165 1002 1190 di-

242 1198 322 1221 ΛΜΗ·-

241 1262 276 1289 Αι
293 1269 362 1289 vero
377 1262 500 1297 captiosa
519 1262 577 1290 haec
597 1265 801 1298 argumentatio
817 1273 850 1293 ex
869 1273 902 1294 eo
916 1266 999 1295 ducta

203 1314 257 1339 est,
272 1309 345 1342 quod
359 1316 421 1341 cum
437 1308 490 1335 loci
509 1309 666 1345 adjectione
683 1315 710 1338 et
736 1311 899 1346 simpliciter
931 1312 1000 1340 dici-

205 1359 260 1382 tur.
276 1354 345 1382 Cum
373 1355 448 1383 enim
468 1356 558 1390 majus
585 1364 676 1385 causa:
701 1364 796 1385 natura
827 1360 997 1392 dederimus.

204 1400 248 1426 isti
266 1406 364 1427 natura
380 1401 468 1434 majus
483 1400 618 1432 inferunt,
639 1409 670 1430 ac
693 1403 714 1430 si
739 1403 896 1431 dicentibus
918 1405 999 1433 nobis

204 1445 325 1479 aliquem
352 1444 493 1471 hominem
510 1450 650 1472 mortuum
669 1454 740 1476 csse,
763 1446 807 1474 isti
835 1447 998 1482 simpliciter

204 1491 345 1518 hominem
363 1491 508 1519 inferrent.
526 1492 593 1519 Nam
611 1500 673 1520 cum
698 1493 852 1527 Eunomius
875 1494 998 1522 insolen-

205 1536 272 1570 tius,
297 1542 326 1564 ut
353 1544 400 1571 par
417 1542 470 1569 est,
489 1545 518 1565 sc
532 1538 655 1572 eﬁ‘crret,
671 1539 706 1566 ob
735 1540 803 1566 tanti
821 1540 999 1575 sophismatis

205 1582 411 1615 inventionem,
427 1589 593 1619 putaretque
622 1592 652 1611 se
679 1585 802 1613 cassibus
824 1586 883 1613 suis
905 1587 1000 1614 catho-

155 1645 157 1648 ι
203 1627 274 1655 lices
300 1627 437 1656 homousii
470 1629 644 1664 professares
668 1630 813 1664 irretiisse,
835 1632 921 1659 multa
950 1634 1000 1659 hn-

201 1674 324 1707 jusmodi
355 1682 388 1701 ex
428 1680 556 1710 promptu
594 1676 622 1703 in
648 1683 711 1703 eum
751 1681 893 1712 retorquet
917 1686 999 1715 argu-

205 1725 296 1748 menta
316 1720 398 1748 Pater
414 1721 459 1748 ille
475 1720 636 1757 Gregorius,
656 1722 772 1757 ejusque
787 1722 896 1751 ludicra
923 1725 998 1752 ludi-

204 1766 277 1792 ﬁcat.

239 1824 293 1858 Ego
305 1824 379 1851 enim
395 1831 515 1859 quoque,
530 1824 630 1859 inquit,
649 1832 665 1851 ο
692 1825 822 1857 Eunomi,
838 1824 996 1861 hujusmodi

203 1869 374 1903 sophismata
396 1868 446 1895 tibi
467 1868 626 1896 oblrudam.
651 1869 889 1901 Quemadmodum
915 1870 996 1898 Pater

204 1920 304 1942 natura
319 1915 408 1950 majus
423 1919 477 1945 est.
496 1919 522 1941 ul
539 1920 584 1942 tua
599 1915 652 1941 fert
679 1914 783 1950 opinio,
806 1920 834 1943 et
857 1915 930 1950 quod
948 1924 997 1943 na-

203 1964 265 1986 tura
288 1964 334 1986 est
350 1967 404 1986 non
422 1959 537 1986 omnino
557 1959 646 1994 majus
660 1965 713 1993 est,
730 1960 793 1987 inde
806 1962 995 1996 consequitur,

202 2006 291 2038 majus
305 2013 360 2032 non
377 2006 491 2033 omnino
509 2007 598 2042 majus
613 2014 686 2039 esse,
707 2008 748 2035 vel
764 2008 818 2036 hoc
833 2015 925 2043 pacto.
948 2010 997 2037 Pa-

203 2055 361 2082 ternattu-a
387 2053 474 2087 major
502 2058 555 2085 est,
585 2057 616 2080 ut
635 2053 751 2082 dixisti:
784 2055 874 2089 majus
903 2060 995 2083 autem

202 2105 257 2124 non
273 2098 388 2125 omnino
404 2098 496 2126 Pater.
526 2098 603 2126 Unde
629 2099 768 2134 colligitur
808 2101 913 2128 Patrem
940 2110 995 2130 non

204 2143 317 2170 omnino
335 2143 446 2171 Patrem
457 2151 530 2171 esse.
547 2145 612 2172 ltem
626 2145 679 2172 hoc
696 2145 778 2173 modo
794 2155 801 2172 :
821 2146 893 2174 Deus
904 2155 997 2175 essm-

1059 225 1192 260 Captiosa'
1208 226 1459 261 argumentationis.
1477 226 1509 252 ab
1537 233 1567 251 eo
1588 225 1672 252 ductio
1698 226 1779 259 quod
1816 234 1877 251 runt

1095 262 1146 288 loci
1168 261 1316 296 ndjectione
1334 266 1359 287 et
1383 262 1539 296 simpliciter
1575 261 1672 287 dicitur
1689 261 1877 295 explanatio.

1092 305 1144 323 una
1157 305 1215 323 cum
1228 297 1309 323 variis
1320 297 1422 323 sortin
1437 297 1531 323 modis.

1089 354 1239 382 Sciendum
1257 361 1341 384 porro
1352 357 1394 381 est
1415 353 1548 381 tredecim
1578 353 1693 381 fallaces
1710 361 1875 388 argumen-

1056 401 1175 428 tationes
1190 399 1270 427 nobis
1290 399 1319 426 iu
1347 399 1425 427 libris
1459 400 1497 426 De
1522 399 1800 434 reprehensionibus
1831 407 1875 425 so-

1056 446 1211 481 phistarum
1222 454 1237 472 a
1254 445 1421 481 Philosophe
1433 446 1501 472 tradi
1514 453 1645 480 :quarum
1657 453 1704 472 ses
1718 449 1793 472 sunt
1810 453 1872 479 qua:

1056 496 1157 526 praeter
1178 491 1309 519 dictionis
1337 491 1566 527 signiﬁcationem
1607 491 1687 522 ﬁunt,
1725 490 1869 517 nimirum

1056 545 1118 573 quae
1129 538 1163 566 ab
1177 537 1349 573 homonymia
1363 545 1411 566 seu
1426 537 1551 565 vocabuli
1566 536 1789 571 multiplicitate.
1809 545 1870 570 qtae

1054 582 1090 609 ab
1113 582 1281 617 amphibolia
1297 601 1305 614 ,
1329 589 1377 609 seu
1403 582 1530 617 ambigua
1560 582 1691 609 dictionis
1720 582 1869 616 signiﬁca-

1056 629 1142 660 tione,
1159 635 1219 663 qua:
1230 635 1246 655 a
1261 627 1469 665 conjunctione,
1496 635 1557 662 quae
1573 635 1588 654 a
1617 627 1774 659 divisione,
1802 636 1864 661 qua:

1055 677 1089 702 ab
1114 679 1240 706 accentu,
1269 679 1298 701 et
1328 681 1417 708 quaea
1436 673 1523 701 forma
1552 674 1682 701 dictionis
1703 679 1865 701 eruuntur.

1055 721 1191 748 Praeterea
1216 724 1332 755 septem,
1359 726 1422 755 qua).
1448 724 1548 754 prater
1569 726 1663 746 rcrutn
1687 718 1864 745 sententiam

1054 767 1243 802 proferuntur,
1256 773 1373 801 quarum
1390 773 1425 793 ne
1450 770 1565 792 caeteras
1595 772 1772 796 enumerem,
1807 772 1863 791 una

1053 820 1087 840 ex
1101 820 1134 840 eo
1146 812 1259 845 dicitur,
1276 811 1350 846 quod
1364 819 1426 839 eum
1439 811 1490 838 loci
1509 811 1664 846 adiectione
1675 816 1704 838 et
1717 811 1863 846 simplici-

1056 863 1098 885 Ier
1113 857 1225 889 dicitur.
1240 858 1292 886 hoc
1303 862 1345 886 est
1358 866 1389 884 ex
1407 858 1565 892 particulari
1575 866 1582 891 ;
1594 866 1658 886 nam
1674 858 1701 885 id
1712 863 1770 889 est,
1782 857 1859 893 quod

1054 912 1117 932 cum
1132 904 1186 931 loci
1198 904 1353 940 adjectim-e
1369 904 1483 937 dicitur,
1498 910 1525 931 et
1540 912 1572 931 ex
1595 904 1770 938 universali;
1791 912 1857 931 nam

1054 952 1080 979 id
1094 955 1137 979 est
1152 950 1226 986 quod
1241 950 1406 986 simpliciter
1425 950 1538 978 dicitur.
1553 951 1592 978 Ex
1608 958 1664 985 quo
1695 949 1737 980 ﬁt.
1769 955 1799 978 ut
1826 959 1858 978 ca

1053 1005 1115 1032 qua:
1141 1005 1204 1025 cum
1235 997 1288 1025 loci
1324 997 1480 1033 adjectione
1508 996 1650 1028 dicuntur,
1678 998 1855 1033 conjunctim

1051 1044 1232 1071 enuntientur
1246 1053 1253 1077 ;
1266 1046 1328 1078 qua:
1340 1043 1413 1071 enim
1441 1048 1647 1078 componuntur
1674 1043 1855 1078 particularia

1054 1090 1132 1122 ﬁunt,
1146 1098 1208 1125 quae
1222 1095 1314 1117 autem
1329 1089 1496 1125 simpliciter
1513 1089 1655 1121 dicuntur,
1684 1089 1849 1125 disjunctim

1053 1136 1241 1170 proferuntur.
1259 1136 1288 1163 Si
1302 1136 1366 1171 quis
1390 1144 1456 1171 ergo
1473 1143 1608 1170 quaecum
1631 1135 1685 1163 loci
1706 1140 1758 1163 aut
1785 1141 1853 1164 tem-

1052 1182 1128 1216 poris
1142 1182 1297 1218 adjectione
1309 1182 1451 1214 dicuntur,
1463 1190 1495 1209 ea
1514 1181 1676 1216 simpliciter
1690 1187 1719 1209 ct
1746 1182 1853 1217 disjun-

1053 1227 1121 1254 ctim
1140 1227 1272 1262 proferat,
1289 1228 1312 1255 is
1324 1232 1380 1255 tota
1395 1228 1505 1255 aberrat
1520 1227 1575 1260 via,
1598 1232 1629 1255 ut
1643 1227 1666 1255 si
1698 1229 1762 1263 quis
1789 1229 1852 1257 hinc

1053 1273 1166 1308 colligat
1180 1273 1206 1300 id
1217 1281 1279 1301 esse
1295 1274 1369 1308 quod
1386 1281 1442 1301 non
1458 1279 1510 1302 est.

1082 1319 1151 1352 Quia
1165 1320 1240 1347 enim
1263 1320 1340 1348 Plato
1368 1320 1449 1352 dixit,
1462 1320 1535 1356 quod
1562 1328 1617 1348 non
1628 1326 1681 1352 est,
1697 1321 1725 1348 id
1754 1322 1850 1357 opina-

1051 1363 1105 1391 bile
1119 1371 1180 1392 esse
1213 1365 1362 1400 (siquidem
1377 1365 1411 1393 de
1423 1373 1456 1393 eo
1468 1366 1625 1400 opinamur,
1640 1374 1696 1393 non
1710 1368 1789 1401 quasi
1802 1369 1847 1400 sit,

1050 1412 1097 1440 sed
1107 1413 1184 1447 quasi
1197 1420 1252 1440 non
1262 1413 1322 1448 sit),
1334 1413 1397 1441 inde
1409 1413 1519 1448 quidam
1533 1414 1642 1450 opinati
1657 1419 1733 1444 sunt.
1745 1414 1772 1441 id
1787 1423 1848 1442 esse

1050 1458 1123 1493 quod
1139 1466 1193 1486 non
1205 1463 1257 1487 est.

1013 1521 1034 1550 α
1087 1505 1154 1532 Nam
1165 1506 1188 1532 si
1200 1506 1325 1537 verbum,
1341 1506 1400 1537 Est,
1420 1506 1558 1540 inquiunt.
1575 1507 1609 1534 de
1623 1514 1658 1534 eo
1671 1507 1845 1542 praedicatur,

1051 1551 1125 1586 quod
1141 1552 1170 1579 in
1191 1552 1322 1587 opinione
1337 1557 1377 1579 est
1398 1553 1532 1587 (dicimus
1549 1554 1642 1580 enim:
1659 1555 1687 1580 In
1717 1555 1846 1589 opinione

1050 1599 1120 1632 est),
1143 1598 1217 1632 quod
1234 1603 1325 1625 autem
1344 1599 1370 1624 in
1389 1598 1519 1633 opinione
1541 1603 1593 1629 est.
1612 1599 1646 1626 de
1657 1594 1779 1634 eo'quod
1792 1609 1845 1628 non

1050 1649 1090 1671 est
1105 1644 1256 1679 pacdicatur
1270 1653 1278 1677 ;
1304 1651 1370 1679 ergo
1390 1646 1525 1677 verbum,‘
1541 1646 1600 1678 Est,
1616 1646 1784 1679 praedicatur
1813 1647 1846 1674 de

1050 1697 1083 1716 eo
1098 1691 1171 1725 quod
1188 1698 1242 1718 non
1263 1695 1314 1722 est,
1331 1692 1367 1718 ita
1383 1697 1412 1718 ut
1428 1691 1493 1718 inde
1506 1698 1702 1727 consequatur,
1732 1693 1759 1720 id
1785 1701 1845 1720 esse

1050 1737 1123 1771 quod
1136 1744 1190 1764 non
1210 1741 1262 1764 est.
1279 1737 1319 1764 Tu
1334 1745 1399 1764 vero
1424 1737 1549 1771 adverte,
1571 1739 1712 1772 quomodo
1733 1739 1844 1765 aberra-

1051 1785 1116 1808 runt
1130 1782 1156 1808 in
1166 1789 1200 1808 eo
1215 1782 1288 1817 quod
1302 1790 1365 1809 cum
1398 1783 1450 1810 loci
1469 1783 1622 1818 adjectione
1640 1788 1668 1810 et
1682 1783 1844 1818 simpliciter

1050 1826 1161 1854 dicitur.
1177 1827 1239 1855 llaec
1253 1828 1325 1854 enim
1348 1828 1517 1863 propositio:
1538 1829 1565 1855 Id
1577 1829 1649 1863 quod
1667 1837 1721 1856 non
1735 1834 1787 1861 est,
1816 1830 1842 1856 in

1049 1873 1178 1908 opinione
1200 1882 1273 1907 esse,
1305 1882 1338 1901 ex
1375 1881 1409 1901 eo
1435 1874 1556 1904 ducitur.
1588 1874 1661 1910 quod
1695 1883 1758 1902 cum
1790 1876 1841 1902 loci

1049 1920 1203 1955 adjectione
1218 1921 1333 1948 dicitur.
1350 1921 1378 1948 Id
1394 1927 1486 1948 autem
1501 1921 1578 1956 quod
1591 1927 1644 1953 est,
1675 1921 1840 1956 simpliciter

1048 1971 1100 1994 est.
1119 1967 1188 1994 Fieri
1203 1975 1269 2002 ergo
1279 1975 1334 1994 non
1355 1971 1455 2002 potest,
1470 1972 1500 1994 ut
1517 1968 1541 1994 id
1558 1967 1682 2003 sitquod
1709 1975 1763 1994 non
1787 1974 1839 1996 est.

1048 2012 1149 2047 quiain
1166 2013 1297 2047 opinione
1309 2017 1360 2040 est.
1376 2013 1512 2041 Caeterum
1524 2013 1597 2048 quod
1628 2013 1692 2041 dico
1718 2014 1842 2048 apertius

1050 2058 1086 2085 ita
1103 2058 1302 2092 explanabitur.

1082 2103 1209 2139 Aitlnops
1237 2105 1317 2132 albus
1357 2105 1486 2132 dentibus
1517 2109 1577 2137 est,
1610 2104 1663 2132 hoc
1697 2112 1759 2131 cum
1789 2104 1841 2132 loci

1049 2150 1202 2185 adjectione
1214 2150 1336 2177 dicitur:
1357 2158 1417 2177 nam
1440 2150 1467 2177 in
1489 2155 1565 2185 parte
1593 2149 1720 2177 albescit.
1745 2150 1805 2177 Jam
1819 2152 1841 2177 si

204 2191 241 2216 tia
255 2194 308 2222 est,
332 2194 361 2217 at
384 2191 504 2217 essentia
534 2198 587 2218 non
616 2191 729 2218 omnino
759 2192 830 2220 lieos
856 2197 908 2223 est,
929 2201 995 2228 ergo
1012 2197 1111 2232 unia
1143 2197 1208 2224 hinc
1233 2196 1394 2232 simpliciter
1423 2204 1487 2223 eum
1511 2196 1604 2223 album
1630 2204 1691 2223 esse
1720 2196 1819 2223 inferat
1834 2217 1840 2226 .

203 2235 276 2262 Dens
287 2243 343 2262 non
355 2236 469 2262 omnino
500 2236 574 2263 Deus
603 2241 656 2263 est.
681 2236 750 2263 Nam
779 2237 802 2264 si
829 2237 898 2264 hanc
923 2242 996 2265 tuam

203 2281 421 2315 propositionetn
437 2290 444 2308 :
459 2281 540 2308 Pater
552 2286 649 2309 natura
663 2282 749 2316 major
763 2287 815 2313 εει,
828 2290 918 2310 veram
933 2291 997 2310 esse

203 2327 435 2360 concesserimus,
449 2335 514 2354 vera
527 2328 580 2354 erit
593 2332 622 2354 et
652 2327 730 2360 haec;
746 2329 819 2362 quod
835 2333 925 2355 autetn
949 2337 997 2356 na-

203 2377 264 2399 tura
282 2377 335 2404 est,
350 2379 405 2400 non
419 2373 534 2400 omnino
548 2373 637 2408 majus
659 2379 713 2400 est.
744 2373 803 2401 Non
819 2374 894 2401 enim
911 2375 994 2408 quid-

202 2419 269 2453 quid
285 2423 386 2446 natura
399 2424 452 2452 est,
476 2419 528 2446 hoc
544 2419 635 2454 majus
648 2420 731 2447 etiam
743 2426 796 2447 est.

237 2474 339 2502 Natura
363 2475 436 2502 enim
450 2480 478 2503 et
496 2475 569 2502 ﬁlius
591 2475 623 2502 ad
649 2481 764 2510 patrem,
794 2480 823 2504 et
850 2484 936 2512 nepos
963 2477 996 2504 ad

201 2530 282 2549 avum
297 2543 303 2554 ,
315 2527 342 2550 et
352 2522 508 2549 consobrini
524 2521 596 2549 ﬁlius
608 2522 640 2549 ad
659 2526 798 2556 patruum,
815 2523 991 2556 referuntur;

203 2569 235 2595 iis
249 2573 339 2595 tamen
374 2568 407 2594 ad
425 2575 494 2602 quos
521 2569 675 2595 referuntur
696 2568 812 2601 majores
842 2577 894 2595 non
922 2574 996 2596 stitit.

203 2614 230 2642 Si
247 2622 312 2650 ergo
327 2614 407 2641 Pater
422 2618 519 2640 natura
535 2614 622 2649 major
643 2618 693 2645 est,
708 2619 737 2640 ut
753 2615 803 2646 ais,
821 2620 849 2641 et
863 2616 934 2649 quod
952 2624 998 2642 na-

202 2665 262 2687 tura
309 2665 351 2687 cst
396 2667 450 2685 non
480 2659 593 2686 omnino
630 2661 717 2694 majus
759 2665 811 2690 est.
860 2662 1000 2696 continget

203 2708 292 2740 majus
321 2714 374 2733 non
394 2705 507 2733 ()lllnlllO
524 2706 611 2741 majus
639 2714 708 2738 esse,
724 2710 805 2741 atque
837 2708 872 2733 ita
885 2712 1000 2734 cetero-

203 2761 262 2780 rum
286 2753 472 2787 sophistarum
515 2752 613 2779 tuodus
654 2752 830 2779 dissolvetur.
862 2752 997 2780 Caeterum

203 2799 321 2825 arbitror
335 2800 403 2825 hanc
418 2799 573 2833 captionem
587 2807 620 2826 ex
634 2806 668 2826 eo
699 2798 809 2825 ductam
839 2806 910 2833 esse,
924 2800 998 2835 quod

204 2851 265 2870 cum
281 2844 332 2871 loci
347 2843 499 2876 adiectione
518 2848 546 2871 et
565 2843 727 2879 simpliciter
741 2842 853 2870 dicitur.

1049 2244 1077 2270 in
1096 2251 1130 2271 eo
1143 2244 1262 2276 aberrat,
1277 2243 1350 2279 quod
1367 2251 1429 2271 cum
1449 2243 1502 2270 loci
1521 2243 1675 2278 adjectione
1691 2247 1718 2269 et
1735 2243 1840 2277 simpli«

1049 2289 1118 2316 citer
1131 2289 1243 2316 dicitur.

1079 2335 1134 2368 Age
1150 2343 1227 2366 vero,
1253 2339 1503 2362 commonstremus
1520 2335 1547 2362 id
1560 2343 1615 2362 uno
1640 2335 1733 2369 aliquo
1746 2335 1843 2369 sophi-

1049 2387 1146 2411 smate.
1157 2382 1237 2416 quale
1249 2382 1300 2409 hoc
1309 2387 1350 2409 est
1366 2391 1371 2408 :
1388 2382 1460 2409 Deus
1477 2382 1596 2410 essentia
1611 2387 1739 2413 est,vera
1754 2382 1842 2413 oratio

1049 2433 1101 2457 est,
1116 2429 1181 2462 quia
1197 2435 1259 2454 cum
1274 2428 1334 2456 loci'
1347 2428 1501 2464 adjectione
1528 2428 1630 2455 dicitur
1646 2437 1654 2461 ;
1672 2433 1701 2455 at
1723 2428 1840 2455 essentia

1050 2482 1105 2500 non
1120 2474 1233 2501 omnino
1261 2474 1333 2501 Deus
1362 2479 1414 2506 est,
1429 2479 1456 2501 et
1477 2475 1530 2502 hoc
1555 2474 1637 2502 modo
1664 2481 1728 2501 vera
1753 2475 1839 2500 oratio

1048 2526 1101 2553 est,
1132 2522 1195 2556 quia
1227 2521 1389 2555 simpliciter
1414 2521 1527 2552 dicitur.
1565 2528 1619 2548 non
1646 2520 1719 2547 enim
1744 2520 1833 2546 omnis

1051 2567 1204 2595 substantia
1222 2567 1295 2594 Deus
1306 2572 1358 2594 est.
1383 2567 1482 2594 Totum
1494 2571 1585 2594 autem
1599 2567 1622 2593 si
1645 2571 1835 2599 componatur,

1051 2613 1172 2647 captiosa
1189 2612 1242 2638 erit
1254 2613 1466 2647 argumentatio,
1493 2611 1572 2638 exiis
1584 2612 1748 2645 composita,
1779 2618 1836 2645 qua:

1051 2667 1113 2687 cum
1132 2659 1182 2686 loci
1193 2659 1346 2693 adjecﬁone
1355 2665 1382 2686 et
1397 2659 1561 2693 simpliciter
1576 2659 1718 2686 dicuntur.

1080 2705 1242 2740 Hujosmodi
1259 2713 1324 2739 ergo
1340 2705 1465 2732 Eunomii
1478 2710 1670 2740 argumentum
1687 2713 1747 2734 esse
1761 2707 1837 2734 Pater

1050 2750 1198 2784 Gregorius
1213 2751 1261 2776 ait.
1279 2749 1347 2777 Cum
1361 2751 1434 2778 enim
1455 2750 1601 2777 orthodoxi
1615 2750 1708 2779 dicant
1731 2751 1835 2780 Patrem

1052 2796 1122 2823 Filio
1139 2796 1269 2830 majorem
1295 2803 1367 2828 esse,
1394 2801 1492 2823 natura
1505 2804 1605 2829 causae,
1633 2798 1706 2832 quod
1734 2799 1837 2833 quidem

1052 2841 1078 2869 id
1091 2845 1132 2870 cst
1146 2841 1218 2876 quod
1230 2848 1292 2869 cum
1303 2841 1355 2868 loci
1369 2841 1520 2878 adjectione
1538 2841 1650 2876 dicitur,
1666 2844 1835 2877 coniunctum
