1927 3085
109 128 178 162 lil'i

105 231 150 266 jus
161 235 257 257 natura
272 231 411 266 colligunt,
428 240 459 258 ex
477 239 509 258 eo
523 231 595 266 quod
611 239 672 258 cum
684 231 735 258 loci
764 231 894 267 adjectio-

107 283 142 302 ne
153 276 263 306 dicitur,
281 276 306 302 id
321 275 469 304 allicientes
491 276 564 311 quod
594 275 756 311 simpliciter
769 276 896 303 enuntia-

108 323 164 351 tur,
185 320 414 355 quemadmodum
432 321 468 353 si,
491 322 529 348 ait
548 321 604 354 ille,
634 322 791 349 dicentibus
814 322 894 349 nobis

107 365 253 399 quemdam
276 365 421 394 hominem
457 372 597 394 mortuum
627 375 698 400 esse,
721 368 761 395 illi
789 367 895 402 simpli-

108 411 178 438 citer
220 411 358 439 hominem
396 417 534 439 mortuum
560 421 620 440 esse
649 413 792 441 inl‘errent.
824 414 891 440 Item

109 456 167 484 lucc
189 457 300 484 oratio:
318 457 442 485 Mortuus
471 458 553 485 homo
581 466 636 485 non
663 459 788 494 respirat,
806 467 839 486 ex
863 467 896 486 eo

109 501 230 534 ducitur,
248 502 321 536 quod
336 510 396 529 cum
417 504 469 530 loci
484 503 638 539 adjectione
652 505 764 536 dicitur,
800 510 896 539 estque

110 548 295 582 particularis.

141 616 169 644 Si
182 624 247 652 ergo
262 617 298 644 ita
318 617 428 650 dixerit,
444 623 639 652 mortuumque
649 619 747 654 aliquis
755 619 898 652 distrahat,

111 667 140 690 et
154 662 295 690 hominem
314 672 367 690 non
384 664 520 698 respirare
534 665 617 695 dicat,
632 673 664 692 ex
676 673 709 691 eo
737 665 810 699 quod
837 673 899 692 cum

108 708 163 734 loci
178 708 332 742 adjectione
350 708 463 741 dicitur,
488 709 515 735 id
541 710 631 736 etlecit
647 711 718 744 quod
735 710 900 744 simpliciter

111 755 281 782 enuntiatur.

141 824 374 856 Quemadmodum
387 825 408 852 si
422 825 530 853 dicente
542 827 634 862 aliquo
647 835 653 852 :
665 826 746 853 Ereti
759 826 835 853 navis
846 834 899 852 nou

108 870 232 904 navigat,
245 870 315 898 alius
341 871 404 899 inde
429 880 525 900 navem
543 881 598 899 non
630 873 758 906 navigare
783 871 901 906 colligat,

111 922 173 950 quas
187 916 274 943 oratio
285 924 317 943 ex
331 925 363 944 eo
376 917 487 944 ducitur
503 919 576 952 quod
592 926 654 945 cum
669 918 722 944 loci
739 918 894 952 adjectioue

112 965 140 988 et
154 961 315 996 simpliciter
329 962 441 990 dicitur.
469 963 536 991 Item
555 964 576 992 si
589 963 685 991 dixero
720 963 903 990 adulterinum

113 1006 271 1034 drachmam
287 1016 340 1035 non
350 1010 510 1044 permutari,
526 1015 553 1036 tu
569 1010 728 1037 draclunam
740 1009 904 1044 simpliciter

112 1061 168 1080 non
188 1055 334 1088 permutari
348 1056 506 1089 concludas,
521 1065 565 1084 me
576 1057 684 1084 deludis
716 1065 749 1084 ex
769 1065 802 1084 eo
829 1055 903 1090 quod

113 1107 174 1126 cum
192 1100 244 1128 loci
261 1101 413 1137 adjectione
428 1107 456 1129 et
472 1103 633 1138 simpliciter
647 1104 759 1133 dicitur.

150 1167 311 1202 Huiusmodi
338 1174 403 1197 sunt
429 1171 559 1206 captiosae
578 1172 733 1201 Stoicorum
759 1183 905 1211 argumen-

116 1214 244 1246 tationes,
272 1215 381 1248 sorites,
422 1221 554 1244 cornutus
595 1218 779 1253 syllogismus,
813 1222 906 1248 domi.

116 1268 194 1294 nens,
205 1265 233 1288 et
246 1261 306 1288 alia:
321 1262 473 1296 permultae,
483 1263 582 1298 quibus
594 1263 633 1291 illi
646 1265 754 1299 propria
769 1266 906 1301 imposue-

115 1313 146 1334 re
167 1313 286 1333 nonuna.

145 1375 212 1408 Quia
224 1375 297 1402 enim
314 1383 449 1403 cornuum
466 1377 632 1404 mentionem
651 1377 677 1404 in
710 1380 906 1413 propositioni-

116 1421 169 1448 bus
183 1421 240 1449 suis
257 1421 377 1456 sophista
389 1421 501 1453 fecerat,
515 1427 545 1449 ut
559 1431 565 1448 :
579 1422 606 1450 Si
617 1430 719 1450 cornua
736 1423 830 1454 habes,
846 1425 907 1458 pul-

119 1467 183 1494 chra
198 1475 306 1502 quoque
320 1474 422 1494 cornua
439 1467 542 1501 habes;
558 1468 622 1496 item
642 1477 648 1495 :
665 1469 693 1497 Si
721 1469 908 1497 dominabitur

738 129 934 159 Tl-IESAURI
959 129 1030 158 LlB.
1054 128 1086 158 V.

106 186 179 212 enim
195 190 236 211 est
256 189 283 211 rt
304 185 465 219 particulare
480 193 485 211 :
503 185 539 212 illi
557 192 638 212 causa
665 184 806 216 distracta,
839 193 895 211 ma-
910 188 933 217 Α

1666 127 1731 160 illi

1271 185 1345 212 CAP.
1368 185 1398 212 L.

947 242 1015 274 Quot
1039 243 1119 268 modis
1135 242 1211 268 dictio
1238 242 1310 268 idem
1346 243 1490 275 accipiatur
1523 251 1554 268 ca:
1579 243 1729 273 Aristotele.

979 278 1048 303 unde
1066 282 1137 311 patet
1153 278 1316 304 identitatem
1328 285 1379 303 non
1392 278 1458 304 citra
1479 278 1618 304 discrimen
1636 279 1733 312 passim

980 313 1160 346 usurpandum
1181 321 1245 339 esse.

981 367 1040 394 Alia
1051 371 1094 395 est
1108 368 1234 395 Eunomii
1247 368 1376 403 objectio,
1391 374 1520 395 eteorum
1551 369 1597 402 qui
1612 368 1638 395 in
1665 369 1735 395 Filio

916 444 921 447 μ
947 414 1084 449 ἀνόμοιον,
1102 413 1155 440 hoc
1175 419 1218 441 est
1237 414 1486 447 dissimilitudinem
1503 415 1590 441 Patris
1615 415 1732 442 introdu-

948 464 1023 490 runt,
1035 459 1167 486 adversus
1180 466 1212 486 ea
1229 466 1289 493 quae
1313 459 1440 486 catholici
1463 459 1672 493 responderant,
1698 459 1734 485 ni-

949 505 1047 531 mirum
1061 505 1121 531 illos
1137 504 1206 531 male
1221 505 1405 539 argumentari
1425 512 1487 531 cum
1513 504 1603 531 dicant
1630 504 1738 530 Patrem

950 550 1018 577 Filio
1034 550 1165 584 majorem
1182 557 1241 577 esse
1258 550 1363 577 ratione
1394 558 1496 580 causu‘,
1522 559 1632 577 causam
1658 558 1740 584 porro

951 597 1054 623 ratione
1066 600 1178 627 naturae,
1197 595 1269 623 unde
1286 596 1342 629 liat,
1359 602 1388 623 ut
1405 597 1484 623 l’ater
1496 597 1563 623 Filio
1587 597 1622 623 sit
1637 601 1740 623 natura:

951 643 1056 669 ratione
1077 643 1173 674 major.

991 688 1124 714 Cancrum
1156 688 1326 715 Eunomiana
1353 688 1469 723 quaestio
1504 688 1543 715 sic
1569 688 1675 714 habet:
1706 687 1741 714 At

953 741 1017 759 vero
1030 733 1051 759 si
1067 733 1151 759 Filius
1164 734 1295 760 essentia:
1311 734 1416 760 ratione
1431 733 1503 760 idem
1515 741 1578 760 cum
1601 733 1681 759 Patre
1694 732 1740 764 sit,

954 779 1091 813 ingenitus
1105 784 1196 806 autem
1215 779 1295 806 Pater
1304 784 1357 811 est,
1372 780 1443 807 idem
1454 787 1564 815 quoque
1580 779 1664 806 Filius
1677 778 1743 806 erit.

991 825 1053 852 Haec
1068 830 1131 852 sunt
1148 833 1208 860 quae
1224 825 1258 852 ab
1272 825 1408 853 Eunomio
1423 826 1604 860 objiciuntur,
1620 830 1646 853 et
1662 833 1678 853 a
1690 831 1746 853 tur-

908 865 938 891 ’Β
955 872 988 899 ba
1005 871 1238 906 blasphemiarum
1256 872 1315 906 ejus
1334 872 1461 899 haeredc:
1481 877 1608 899 caeterum
1619 872 1744 899 eamdem

956 917 982 943 iu
994 917 1072 943 Patre
1083 922 1109 943 et
1126 916 1195 943 Filio
1207 918 1353 944 essentiam
1371 917 1502 949 admittit,
1518 925 1572 943 non
1588 917 1743 952 dogmatice

955 964 1001 990 sed
1033 963 1227 998 hypothetice,
1245 962 1297 989 hoc
1325 967 1377 992 est,
1406 971 1459 989 non
1492 968 1522 989 ut
1551 963 1613 989 inde
1639 966 1744 989 certum

960 1010 1067 1043 dogma,
1088 1009 1135 1036 sed
1160 1008 1223 1035 ﬁdei
1244 1008 1414 1042 (utvocant)
1430 1007 1574 1034 articulum
1586 1006 1746 1039 constituat,

955 1056 1002 1089 sed
1019 1055 1070 1082 sub
1085 1055 1248 1082 conditione
1262 1064 1269 1081 :
1288 1060 1317 1082 ut
1335 1054 1387 1082 hoc
1406 1060 1465 1081 astu
1477 1053 1589 1081 absurdi
1606 1053 1747 1088 quidpiam

956 1102 1145 1134 ratiocinetur,
1154 1106 1182 1128 et
1191 1101 1334 1129 identitate
1347 1101 1381 1128 de
1395 1100 1485 1128 medio
1497 1100 1605 1127 sublata
1617 1099 1745 1133 διάφορον

957 1149 1009 1176 hoc
1023 1153 1064 1176 est.
1076 1149 1277 1180 diversitatem,
1289 1149 1341 1180 vel,
1362 1153 1391 1175 ut
1406 1147 1463 1182 ipse
1476 1147 1596 1181 loquitur
1609 1146 1748 1180 ἀνόμοιον,

957 1195 1009 1222 hoc
1024 1200 1065 1222 est
1076 1195 1341 1225 dissimilitudinem,
1360 1193 1528 1220 introducat.
1541 1192 1608 1218 Cum
1617 1191 1691 1218 enim
1705 1191 1749 1218 Fi-

955 1242 1022 1268 lium
1035 1242 1159 1275 ejusdem
1171 1249 1231 1269 esse
1247 1249 1309 1268 cum
1327 1241 1407 1268 Patre
1427 1239 1588 1267 substantia:
1615 1238 1748 1267 dicimus.

956 1293 985 1314 at
1000 1295 1115 1314 numero
1137 1287 1260 1317 diﬂ‘erre,
1276 1286 1316 1313 sic
1330 1293 1458 1320 perverse
1473 1285 1565 1312 denuo
1580 1284 1751 1318 interrogat:

957 1334 1027 1361 Num
1039 1334 1060 1360 si
1078 1334 1163 1360 Filius
1177 1333 1330 1360 substantia
1346 1331 1417 1358 idem
1429 1339 1491 1358 cum
1506 1331 1585 1358 Patre
1598 1330 1644 1362 sit,
1658 1329 1751 1356 omnia

958 1389 1018 1415 qua:
1039 1380 1118 1407 Pater
1134 1380 1216 1406 habet.
1229 1379 1375 1405 habiturus
1385 1378 1449 1405 est?
1465 1377 1522 1404 Hoc
1534 1378 1608 1404 enim
1624 1376 1675 1403 sibi
1693 1376 1750 1402 vult

958 1427 1096 1454 identitas.
1109 1425 1186 1459 Quod
1202 1425 1224 1452 si
1239 1425 1330 1452 omnia
1344 1425 1369 1451 ei
1400 1432 1462 1451 cum
1487 1423 1568 1450 Patre
1595 1423 1753 1450 communia

959 1472 1072 1503 fuerint,
1089 1477 1163 1498 certe
1175 1475 1202 1498 et
1227 1470 1398 1505 ingencratio
1417 1474 1448 1496 ut
1474 1468 1602 1496 identitas
1631 1468 1699 1496 Filio
1726 1468 1754 1494 in

119 1513 197 1545 Dion,
212 1518 285 1540 certe
300 1513 485 1540 dominabitur
508 1514 575 1541 Dion
590 1524 596 1541 :
610 1515 672 1542 inde
688 1514 787 1542 factum
802 1521 853 1547 est,
879 1522 907 1544 ut
922 1520 941 1547 c
960 1519 1089 1546 omnibus
1106 1518 1212 1553 integra
1232 1521 1423 1544 consorvetnr.
1440 1515 1580 1550 lngeuitus
1592 1521 1657 1549 ergo
1670 1513 1755 1540 Filius

119 1563 250 1586 cornutus
260 1567 274 1586 a
288 1559 418 1586 cornibus
428 1559 621 1587 denominatus
633 1561 679 1592 sit,
696 1565 725 1588 et
746 1561 904 1593 dominans,

119 1606 181 1641 quia
189 1613 221 1632 ea
236 1605 452 1640 propositionum
471 1604 555 1640 ﬁgura
579 1605 672 1633 luerit.
698 1606 802 1634 Sorites
817 1612 907 1633 autem

119 1651 250 1687 peculiari
267 1650 385 1685 quodam
407 1651 470 1685 jure
499 1650 525 1677 id
551 1651 673 1678 nominis
705 1652 832 1686 indeptus
855 1657 907 1685 est,

118 1697 340 1733 quandoquidem
354 1698 447 1724 multis
469 1697 530 1725 aliis
555 1697 715 1732 designatur
730 1699 887 1726 nominibus
901 1707 907 1726 :

119 1746 244 1779 κομήτης
271 1744 344 1771 enim
372 1748 400 1771 et
433 1744 615 1779 φαλακρίτης,
647 1749 676 1771 et
708 1745 850 1781 δρομίτης,
883 1750 910 1773 et

121 1789 275 1823 νεωλκὶτης,
288 1793 316 1816 et
331 1789 498 1824 πρωριστὴς,
513 1793 540 1816 et.
551 1790 692 1821 πενιστὴς,
705 1794 732 1816 et
743 1790 804 1818 aliis
816 1791 911 1825 hujus-

118 1839 193 1866 modi
210 1839 368 1873 designatur
391 1839 640 1873 appellationibus;
659 1838 722 1873 quia
738 1846 803 1865 vero
832 1840 910 1872 plura

120 1885 166 1912 illa
182 1885 208 1912 in
227 1893 312 1912 unum
329 1885 404 1912 velut
431 1885 572 1912 cumulum
602 1884 776 1920 rediguntur,
806 1883 909 1910 idcirco

118 1938 186 1958 usus
197 1932 326 1963 obtinuit,
341 1935 371 1958 ut
382 1931 583 1966 argumentatio
596 1930 753 1964 huiusmodi
764 1930 910 1964 σωρείτης,

120 1977 173 2004 hoc
187 1981 227 2004 est
240 1978 422 2009 coacervatio,
444 1977 596 2005 diceretur.
617 1976 715 2004 Soritaa
730 1983 813 2010 porro
836 1983 910 2002 com-

119 2023 220 2058 positio
237 2024 295 2051 hmc
308 2028 359 2051 est.
375 2024 528 2058 lnterrogat
548 2023 681 2058 sophista,
696 2027 787 2049 utrum
805 2021 912 2048 modius

121 2077 177 2096 uno
190 2077 276 2105 grano
292 2069 500 2104 oomplebitur?
515 2075 607 2096 utrum
633 2073 756 2096 comatus
769 2067 822 2095 erit
838 2067 912 2102 quis-

122 2116 194 2150 piam
222 2123 276 2142 uno
304 2116 426 2150 capillo?
452 2121 500 2143 aut
531 2115 648 2142 ditescet
677 2122 730 2141 una
758 2113 913 2141 drachma?

123 2168 214 2190 utrum
231 2162 355 2189 trahetur
366 2163 442 2190 navis
457 2162 490 2189 ad
505 2167 614 2197 pcrtum
632 2161 667 2189 ab
687 2169 742 2188 uno
759 2160 912 2188 helciario?

959 1567 1040 1593 etiam
1052 1567 1114 1599 erit,
1127 1566 1262 1600 siquidem
1277 1565 1358 1592 Pater
1379 1564 1518 1598 ingenitus
1534 1567 1586 1589 est.
1614 1562 1687 1589 idem
1704 1569 1754 1587 an-

961 1618 1014 1638 tem
1042 1616 1071 1638 ut
1103 1619 1238 1638 summam
1278 1611 1378 1641 dicam,
1415 1614 1457 1636 cst
1487 1609 1529 1636 vel
1558 1616 1684 1640 numero,
1713 1607 1754 1633 vel

960 1658 1063 1692 specie,
1076 1657 1119 1684 vel
1144 1664 1255 1691 genere,
1279 1657 1332 1688 vel,
1355 1661 1384 1682 ut
1409 1655 1474 1682 alibi
1498 1654 1680 1689 Philosophus
1705 1653 1754 1686 ait,

960 1705 1042 1730 etiam
1056 1703 1191 1739 analogia,
1221 1711 1268 1730 seu
1293 1703 1482 1738 proportione.
1516 1702 1609 1736 Itaque
1639 1707 1755 1728 numero

962 1750 1059 1777 eadem
1074 1755 1150 1781 sunt,
1163 1758 1345 1784 quaecumque
1360 1749 1393 1776 de
1407 1757 1460 1775 uno
1480 1747 1602 1783 subjecto
1611 1747 1754 1778 dicuntur,

961 1795 1052 1830 qualia
1064 1800 1138 1828 sunt,
1151 1799 1182 1822 ut
1196 1795 1232 1822 ita
1243 1795 1345 1826 dicam,
1359 1794 1521 1829 polyonyma
1537 1801 1586 1820 seu
1598 1793 1752 1827 atquivoca.

962 1841 1042 1868 Ensis
1055 1841 1145 1875 enim,
1164 1841 1271 1877 gladius
1284 1845 1312 1868 et.
1326 1849 1421 1868 mucro
1441 1839 1535 1866 eadem
1550 1843 1614 1866 sunt
1630 1845 1755 1868 numero,

961 1887 1027 1922 quia
1057 1896 1141 1914 unum
1182 1888 1223 1915 eis
1253 1887 1407 1922 subjectum
1437 1886 1596 1929 est,.quod
1624 1885 1713 1919 ipsum
1741 1891 1755 1909 a

962 1935 1053 1969 seipse
1061 1942 1117 1961 non
1127 1934 1238 1971 diﬂ‘ert;
1249 1934 1401 1969 quamlibet
1413 1933 1528 1960 diVersis
1538 1931 1695 1959 nominibus
1708 1938 1754 1958 ex-

962 1985 1086 2007 ornetur.
1101 1980 1202 2008 Eadem
1218 1980 1310 2015 specie
1327 1985 1402 2012 sunt.
1417 1987 1598 2014 quaecumque
1618 1977 1663 2004 nni
1693 1976 1755 2010 qui-

963 2025 1346 2062 demspecieisubjiciuntur,
1369 2033 1486 2053 numero
1520 2029 1609 2051 tamen
1642 2023 1714 2050 inter
1726 2029 1755 2049 se

962 2071 1103 2102 ditl'erunt,
1115 2076 1143 2099 et
1156 2072 1309 2107 quamlibet
1331 2072 1458 2107 personis
1473 2079 1488 2098 a
1501 2079 1529 2098 se
1543 2070 1755 2104 distinguantur,

963 2118 1055 2154 specie
1071 2122 1161 2144 tamen
1178 2117 1388 2152 haudquaquam
1402 2118 1545 2145 dill‘erunt.

999 2165 1021 2192 E
1033 2164 1173 2191 contrario
1190 2172 1251 2200 qua:
1265 2172 1380 2191 numero
1394 2165 1540 2199 specieque
1555 2163 1663 2190 diversa
1678 2165 1754 2191 sunt,

121 2216 156 2236 an
170 2209 233 2243 quis
264 2209 377 2243 propius
401 2213 501 2235 metam
533 2207 646 2235 accedet
671 2215 727 2234 uno
754 2207 862 2242 gradu?
875 2214 908 2233 an
927 2211 948 2238 ο
962 2217 994 2238 ea
1010 2213 1132 2237 mutuam
1146 2208 1259 2243 quidem
1273 2216 1288 2235 a
1305 2209 1401 2242 seipsis
1426 2210 1522 2236 sortita
1546 2212 1609 2236 sunt
1625 2206 1755 2234 diceren-

122 2255 308 2282 decalvahitur
323 2254 405 2281 unius
419 2254 509 2288 capilli
526 2254 686 2281 ablatione?
717 2253 746 2281 Si
773 2261 838 2288 ergo
863 2260 912 2280 ca-

122 2302 204 2336 pillus
221 2308 291 2328 unus
311 2300 437 2327 calvariae
452 2300 532 2326 nudze
559 2299 669 2327 innatus
683 2299 776 2331 luerit,
805 2306 911 2326 comam

121 2353 168 2374 aut
183 2347 321 2375 Caesariem
342 2354 396 2374 non
427 2345 502 2378 facit,
525 2353 614 2380 neque
639 2346 733 2373 calvus
759 2345 813 2373 alio
830 2346 912 2372 modo

122 2394 265 2426 capillatus
278 2393 376 2420 evadet
393 2392 475 2420 unins
493 2392 651 2419 accessione
673 2392 785 2426 capilli,
810 2392 857 2420 sed
889 2392 912 2419 si

125 2450 196 2468 unus
210 2441 325 2476 capillus
339 2442 365 2468 in
380 2440 517 2468 infinitum
541 2439 750 2474 multiplicetur,
765 2447 798 2466 ex
807 2440 913 2474 capillis

123 2488 169 2522 qui
185 2487 372 2521 praecesserint
393 2486 558 2514 coullabitur
574 2493 673 2513 coma:
692 2493 743 2513 nec
768 2493 822 2512 uno
847 2485 912 2513 item

123 2542 208 2569 grano
221 2533 404 2568 complchitur
427 2533 547 2565 modius,
569 2532 617 2560 sed
643 2532 690 2560 illo
703 2539 810 2567 semper
833 2539 913 2559 acce-

124 2581 205 2607 dente
238 2580 410 2614 subimleque
448 2579 627 2614 multiplicato
649 2579 759 2606 tandem
792 2578 912 2605 modium

124 2627 255 2662 compleri
272 2626 425 2659 continget.
441 2634 492 2653 nec
507 2626 589 2653 unius
603 2626 694 2660 capilli
713 2625 849 2652 ablatione
865 2624 914 2651 de-

125 2672 277 2699 calvabitur
297 2672 435 2698 calvaria:
453 2671 500 2698 sed
519 2671 542 2698 si
556 2671 674 2698 subinde
708 2671 734 2698 id
761 2671 914 2705 saepiusque

125 2719 220 2750 facias,
236 2717 374 2745 calvitium
391 2717 500 2744 tandem
518 2717 574 2745 lict.
595 2716 664 2750 Quia
688 2724 753 2752 ergo
781 2717 857 2752 plura
887 2716 913 2742 iu

126 2765 244 2800 σωρείαν
262 2783 269 2795 ,
282 2763 335 2790 hoc
349 2768 390 2791 est
405 2771 489 2790 unum
501 2763 575 2790 velut
591 2763 731 2790 cumulum
750 2770 915 2790 coacervan-

126 2814 171 2835 tar
187 2830 195 2839 ,
211 2809 279 2836 utin
309 2809 372 2836 villa
395 2809 522 2837 cumulus
545 2816 626 2840 areae,
658 2809 721 2836 inde
747 2810 839 2836 soritae
867 2816 914 2835 seu

125 2855 342 2883 coacervationis
368 2855 549 2887 paralogismo
565 2855 681 2882 inditum
699 2862 798 2882 nomen
809 2860 860 2881 est.

965 2256 1042 2288 tiam,
1070 2254 1228 2282 communis
1263 2258 1353 2281 tamen
1376 2255 1417 2281 eis
1445 2255 1553 2289 generis
1578 2254 1649 2280 ratio
1674 2252 1755 2279 inest.

964 2302 1051 2336 Quam
1068 2309 1151 2336 porro
1167 2300 1298 2336 analogia;
1313 2300 1482 2327 identitatem
1511 2300 1638 2330 dicimus,
1658 2307 1688 2325 ea
1704 2298 1756 2326 hoc

963 2350 1101 2376 elucescet
1124 2347 1261 2382 exemplo.
1289 2346 1396 2381 Corpus
1421 2349 1449 2372 et
1471 2346 1589 2372 animam
1617 2345 1747 2375 dicimus.

963 2395 1063 2422 deinde
1079 2393 1210 2430 quasdam
1226 2400 1371 2428 corporum
1383 2395 1486 2427 partes,
1502 2392 1634 2425 quasdam
1649 2397 1677 2419 et
1691 2392 1753 2418 aui-

965 2449 1072 2469 morum
1101 2440 1276 2474 subjicimus,
1300 2439 1368 2466 alias
1400 2437 1512 2472 quidem
1535 2438 1662 2471 majores,
1691 2437 1756 2464 alias

965 2496 1030 2515 vero
1041 2488 1173 2515 minores.
1187 2487 1257 2514 Cum
1267 2493 1333 2520 ergo
1344 2484 1496 2520 analogiam
1512 2483 1634 2518 utrisque
1652 2484 1678 2510 in
1694 2492 1756 2518 par-

966 2535 1040 2562 tibus
1063 2542 1124 2562 esse
1149 2533 1308 2565 ostendero,
1345 2531 1517 2558 identitatem
1552 2530 1756 2564 quodammodo

966 2579 1137 2607 introducam
1149 2599 1156 2606 .
1171 2579 1240 2612 Quia
1254 2579 1328 2606 enim
1349 2577 1564 2612 pulcherrimum
1591 2576 1675 2602 totius
1695 2583 1756 2602 cor-

966 2625 1042 2659 poris
1065 2625 1219 2652 membrum
1244 2630 1287 2652 est
1315 2624 1422 2654 oculus.
1449 2622 1552 2649 idcirco
1579 2628 1658 2648 meus
1683 2621 1755 2647 idem

967 2672 1054 2705 ipsum
1066 2677 1108 2698 est
1119 2671 1147 2698 iu
1159 2671 1263 2701 animo,
1276 2669 1361 2697 videri
1375 2674 1405 2696 ut
1416 2673 1513 2696 caetera
1525 2667 1636 2702 quidem
1648 2666 1756 2693 diversa

966 2717 1032 2748 sint,
1048 2725 1148 2751 corpus
1163 2721 1189 2744 et
1200 2717 1302 2748 anima,
1330 2715 1426 2743 Oculus
1452 2719 1480 2742 ct
1504 2721 1593 2744 meus,
1626 2712 1756 2738 idettlitas

967 2767 1059 2789 autem
1072 2763 1099 2789 in
1117 2762 1173 2789 sola
1192 2762 1347 2788 inveniatur
1371 2759 1506 2795 analogia.
1528 2757 1597 2792 Quia
1625 2765 1692 2792 ergo
1719 2761 1756 2784 tut

968 2808 1056 2835 modis
1069 2808 1121 2835 hoc
1135 2815 1234 2835 nomen
1257 2808 1428 2838 enuntiatur.
1451 2814 1505 2834 non
1529 2810 1572 2833 est
1596 2804 1669 2840 quod
1696 2803 1757 2837 quis

969 2854 1141 2881 identitatcm
1157 2853 1258 2886 passim
1290 2853 1363 2881 nulla
1385 2853 1507 2881 adhibita
1523 2850 1678 2880 diﬂ‘erentia
1691 2848 1756 2878 sult-
