1927 3085
202 107 270 140 14ἷ5

819 101 965 131 ΧΙΩΕΤΕ
985 100 1187 130 CllON'lAT/E

1794 99 1888 131 1516

200 168 306 197 audiat,
324 166 345 192 si
359 165 454 192 saltem
469 170 503 191 ex
518 162 611 197 lcgica:
629 160 808 195 philosophia:
825 159 947 185 tantibus
959 166 987 185 se
1005 163 1025 188 Α
1041 165 1222 192 personarum
1241 167 1247 185 :
1265 157 1434 191 Qumramus.
1448 159 1546 193 inquit,
1561 166 1687 194 qutcnam
1712 161 1749 187 in
1791 167 1889 187 utro-

200 214 339 248 quidpiani
354 211 477 238 hausisse
494 209 632 244 prmdicet,
650 208 703 234 imo
718 214 781 233 vero
807 213 841 232 ne
864 205 989 232 absolute

199 260 310 295 quidem
329 263 419 292 ponat,
434 256 479 284 St‘tl
494 257 534 282 vel
549 261 706 285 numerum,
720 254 762 279 vel
786 252 916 287 speciem.
946 251 988 277 vel

200 313 296 341 genus,
313 305 354 330 vel
371 302 522 337 analogiam
537 300 630 327 addat.

231 353 380 378 Anomoeus
393 353 497 380 autem,
513 347 554 374 vel
567 346 630 381 quia
647 352 759 381 prorsus
778 344 805 370 in
832 341 989 378 huiusmodi

200 395 367 430 argumentis
395 393 515 425 excutit,
541 391 584 418 vel
600 391 663 425 quia
681 389 783 424 logices
797 387 864 414 artis
878 386 990 421 imperi-

200 447 245 468 tus
260 447 312 473 εει,
328 440 431 467 idcirco
457 437 538 465 nobis
564 436 684 471 objicit:
703 435 731 462 Si
758 433 843 462 Filius
871 431 990 460 essentia

201 486 272 513 idem
294 490 336 513 est
355 492 416 511 cum
432 484 522 514 Patre,
537 481 675 516 ingenitus
690 479 772 507 etiam
788 479 850 510 erit,
868 478 932 512 quia
946 476 991 503 ille

201 533 338 568 ingenitus
352 537 404 562 est,
420 531 463 558 vel
477 531 558 557 etiam
572 529 651 556 Pater
669 527 777 562 genitus
789 530 840 557 est,
854 525 920 560 quia
949 524 992 551 Fi-

200 579 254 605 lius
269 578 377 613 genitus
391 585 398 607 ;
418 577 453 603 ita
467 580 498 603 ut
509 575 589 603 Pater
604 574 640 601 sit
652 571 893 609 ingenitogenitus,
906 575 933 597 et
948 570 992 597 Fi-

201 624 255 651 lius
279 622 520 658 genitoingenitus.

526 678 601 705 CAP.
616 677 658 703 LI.

178 719 181 721 η
202 725 278 753 Patri
291 725 389 752 etFilio
409 725 526 751 eumdem
552 727 574 748 et
589 720 827 748 inrommutnbilcm
855 721 992 746 essentiam

238 769 302 791 esse,
319 762 418 786 (liuerer
437 767 495 785 vero
507 760 624 784 essentia:
640 756 800 791 mljurcntirt,
822 763 853 781 ca:
871 755 901 781 1}.
938 753 993 780 Να-

233 805 274 824 Ζιξι
279 804 369 823 meno.

234 852 474 880 Verumenimvcro
490 844 646 884 Theologus
675 848 807 876 astrucuti
825 856 832 875 :
850 847 878 875 Si
904 847 989 874 Filius

201 900 272 927 idem
285 898 401 926 essentia
416 905 478 925 cum
493 897 572 924 Patre
585 896 630 927 sit,
649 896 786 930 ingenitus
800 898 891 921 autem
909 894 988 919 l‘aler

201 949 253 976 est.
275 945 404 971 eumdem
432 950 543 977 quoque
571 942 666 969 Filium
694 949 754 967 esse
786 940 920 970 futurum,
950 940 990 965 sic

203 991 323 1018 occurrit
337 1000 343 1019 :
357 990 504 1024 Siquidem
523 989 673 1024 ingenitum
691 988 726 1014 sit
748 986 836 1013 Patris
860 985 989 1017 essentia,

202 1036 369 1071 Filius,quia
385 1035 456 1062 idem
469 1034 587 1061 essentia
612 1041 673 1061 cum
688 1034 766 1060 Patre
782 1033 826 1062 sit,
847 1032 988 1066 ingenitus

200 1084 283 1110 etiam
306 1082 376 1115 erit;
410 1082 451 1109 sin
484 1081 652 1115 ingeneratio
680 1079 753 1106 aliud
784 1079 924 1113 quidpiam
955 1078 989 1104 ab

202 1129 321 1155 essentia
345 1128 389 1158 sit,
406 1127 451 1162 qui
473 1126 513 1157 ﬁt,
527 1131 556 1153 ut
571 1133 631 1152 cum
647 1125 680 1151 dc
699 1124 751 1151 alio
770 1123 990 1158 interrogaveris,

202 1172 372 1199 concludas?
384 1171 451 1198 Nam
469 1171 490 1198 si
504 1175 610 1197 uaturze
634 1170 740 1196 ratione
755 1169 835 1196 Pater
847 1169 903 1202 ipsa
917 1168 991 1202 inge-

203 1219 308 1246 neratio
326 1222 408 1248 esset.
430 1222 582 1251 exteraque
602 1216 652 1243 sub
678 1215 886 1250 ingeneratione
916 1222 990 1241 com-

203 1265 451 1301 prehenderentur,
467 1268 597 1299 paresset
620 1268 649 1290 ut
664 1263 747 1289 Filius
777 1269 887 1296 quoque
915 1261 990 1296 inge-

203 1311 308 1338 neratio
324 1311 475 1337 diceretur.
490 1310 558 1342 Quia
573 1316 637 1335 vero
649 1309 738 1335 Patris
762 1308 881 1334 essentia
898 1307 989 1333 diver-

203 1364 264 1384 sum
279 1356 420 1391 quidpiam
435 1359 476 1382 est
489 1355 522 1381 ab
544 1354 759 1390 ingencratiune,
788 1361 851 1379 nam
882 1354 909 1380 in
932 1353 990 1387 ipsa

203 1408 300 1430 natura
322 1401 555 1437 ingenerationem
584 1407 694 1435 quoque
717 1399 933 1431 consideramus,
957 1407 990 1426 eo

203 1447 243 1477 ﬁt.
259 1452 288 1474 ut
303 1448 428 1474 essential.
445 1447 550 1474 ratione
574 1446 659 1473 Filius
677 1446 749 1472 idem
771 1453 834 1472 cum
848 1446 929 1472 Patre
944 1445 989 1477 sit,

203 1491 309 1518 ratione
320 1496 410 1518 autem
423 1491 647 1525 ingenerationis,
666 1497 720 1516 non
744 1489 821 1521 item,
840 1497 902 1516 cum
933 1495 987 1514 non

203 1537 238 1564 sit
252 1538 379 1564 essentia.
394 1538 486 1571 Itaque
505 1537 579 1564 Patri
596 1540 623 1562 et
636 1536 704 1562 Filio
716 1535 809 1562 eadem
833 1539 876 1561 cst
907 1538 933 1561 et
948 1535 989 1559 in-

203 1583 405 1609 commutabilis
421 1583 549 1613 essentia,
576 1582 682 1608 diversa
699 1589 763 1607 vero
778 1581 903 1607 essentne
914 1580 990 1614 adja-

203 1627 292 1653 centia
308 1631 372 1654 sunt
390 1644 398 1652 .
413 1627 440 1653 Si
455 1634 518 1661 ergo
534 1627 559 1652 in
582 1627 709 1652 essentia»
734 1625 915 1660 adjacentium
940 1626 990 1651 ali-

203 1680 258 1709 quo
273 1673 357 1701 Filius
369 1681 384 1700 a
399 1673 482 1700 Patre
496 1673 615 1704 diﬂ'crat,
630 1672 695 1707 quid
723 1672 808 1698 novi?
835 1671 891 1698 Nec
917 1672 989 1698 enim

204 1720 356 1746 identitatis
374 1719 455 1750 vires,
473 1725 503 1745 ut
519 1724 571 1745 tua:
582 1719 628 1752 qui
646 1719 707 1744 talia
725 1714 839 1750 tiu-linis;
857 1723 989 1752 quantum

203 1766 236 1793 ad
251 1766 394 1793 essentiam
411 1765 539 1799 pertinet,
552 1765 750 1797 inl'ringuntur,
766 1767 812 1790 aut
841 1764 988 1790 debilitan-

205 1817 270 1839 tur:
288 1811 389 1845 alioqui
401 1815 429 1837 tu
445 1817 554 1844 quoque
575 1810 660 1844 patris
679 1810 809 1845 tuilpater
824 1809 877 1836 dici
891 1810 990 1844 possis,

203 1865 238 1885 ne
250 1857 315 1891 quid
327 1858 462 1890 omittam,
474 1857 537 1890 quia
550 1856 621 1883 idem
646 1863 709 1882 cum
740 1856 785 1882 illo
816 1856 934 1883 essentia
948 1863 988 1882 es.

202 1902 363 1938 Huiusmodi
383 1908 464 1936 porro
479 1901 572 1935 opinio
586 1901 726 1928 illudentis
739 1905 779 1927 est
793 1906 820 1927 et
832 1902 962 1935 sophistae
980 1910 987 1928 ε

203 1948 232 1976 Si
262 1948 346 1979 enim,
373 1947 463 1982 inquit
490 1947 545 1979 ille,
576 1947 677 1981 quibus
703 1947 829 1974 essentia:
860 1947 989 1975 identitas

203 1992 284 2022 inest,
307 1990 334 2016 in
352 1990 385 2016 iis
399 1989 524 2016 essentia;
535 1996 643 2023 quoque
663 1988 988 2023 adjacentiainditi‘eren-

203 2038 241 2063 tia
256 2040 330 2066 sunt,
347 2039 431 2068 tuque
444 2033 515 2060 idem
542 2041 572 2060 es
596 2038 716 2061 essentia
746 2040 807 2061 cum
828 2039 904 2068 patre
931 2039 988 2066 tuo,

202 2082 357 2116 diciturque
371 2081 398 2107 in
412 2081 456 2106 illo
474 2080 634 2114 paternitas,
649 2081 676 2106 in
707 2085 733 2107 te
761 2085 851 2107 autem
883 2081 988 2113 ﬁliatio,

202 2127 345 2162 trahisque
361 2127 531 2154 identitatem
552 2126 585 2153 ad
595 2126 685 2153 omnia
702 2134 708 2151 :
742 2134 796 2153 non
817 2127 917 2158 solum,
945 2127 989 2153 in-

1044 211 1097 239 que
1113 205 1149 231 sit
1162 204 1291 237 essentia,
1313 205 1390 239 quasi
1406 205 1477 232 dicat
1491 215 1497 232 2
1514 204 1542 232 Si
1556 205 1758 237 identitatem,
1785 214 1809 232 ο
1827 206 1885 233 he-

1045 250 1186 282 tcrodoxe,
1212 258 1260 277 seu
1282 250 1419 277 diversum
1450 259 1465 276 a
1487 251 1630 278 catholicis
1656 251 1818 278 sentiens
1854 253 1882 278 in

1044 296 1162 322 eSSentia
1195 304 1290 330 ponas,
1319 296 1576 330 deprehensumque
1609 297 1643 323 sit
1679 297 1879 332 ingenitum

1047 349 1099 368 non
1115 349 1174 368 esse
1186 342 1233 368 Dei
1247 341 1463 373 csscntiam,sed
1488 344 1696 376 proprietatem,
1730 351 1817 378 quae
1848 345 1876 369 in

1045 387 1164 413 essentia
1177 387 1378 418 consideretur,
1398 392 1444 413 aut
1468 387 1537 414 hanc
1560 388 1778 422 proprietatem
1825 389 1874 415 in-

1046 430 1125 457 docte
1136 438 1309 465 quocumque
1329 432 1369 458 vis
1384 432 1502 459 transfer
1515 437 1544 459 ct
1562 437 1717 467 transpone
1734 441 1742 459 :
1766 441 1814 460 an
1832 434 1875 460 ri-

1046 476 1146 503 delicet
1156 477 1348 504 hacimmobili
1362 483 1500 508 manente,
1516 482 1545 504 ut
1557 479 1714 513 proprietas
1729 487 1870 514 quoque

1045 523 1100 549 vim
1127 522 1170 550 sui
1193 523 1314 550 nominis
1338 528 1491 555 conservet,
1512 532 1666 558 quaeramus
1686 527 1868 552 essentiam

1045 569 1105 602 Dei,
1120 576 1155 596 ne
1176 577 1238 596 cum
1253 569 1424 597 identitatem
1443 570 1470 597 in
1488 578 1519 597 ea
1548 570 1758 602 invenerimus.
1791 580 1865 606 pro-

1046 615 1178 650 prietates
1191 620 1413 650 transponamus,
1434 624 1484 643 nec
1502 617 1576 643 enim
1594 618 1776 652 vaniloquiis
1798 627 1860 645 nu-

1046 662 1103 696 gari
1119 663 1256 692 volumus,
1271 663 1349 697 quasi
1374 670 1424 690 nos
1446 663 1630 697 accingamus,
1664 669 1694 691 ut
1734 673 1856 692 vanum

1047 707 1074 734 in
1091 709 1175 735 malos
1188 709 1240 735 iter
1251 709 1445 744 iugrediamur.

1363 766 1439 794 CAP.
1462 768 1516 796 ιιι.

1049 810 1114 850 Qun:
1127 811 1272 846 differentia
1284 813 1316 850 sit
1332 813 1401 839 inter
1416 814 1495 840 Deum
1507 819 1530 840 et
1561 815 1719 850 ingenitum.
1752 816 1853 850 Oppo-

1075 847 1185 889 sitorum
1209 847 1342 887 generibus
1375 853 1488 889 quatuor
1517 847 1666 885 propositis,
1685 847 1851 887 ingenitum

1071 886 1158 914 genito
1175 886 1302 915 privativa
1316 886 1422 917 opponi.

1074 937 1142 969 Quia
1169 946 1234 965 vero
1264 939 1504 970 Eunomius,cum
1540 942 1690 977 ingenitum
1724 943 1845 971 Patrem

1040 987 1182 1015 statueret,
1209 984 1273 1011 huic
1288 993 1398 1020 quoque
1423 987 1506 1014 Deum
1525 989 1636 1022 proprie
1656 989 1775 1017 locutus
1792 991 1846 1017 ad-

1040 1028 1327 1065 dcbat,eumdemque
1345 1032 1497 1066 ingenitum
1515 1038 1542 1060 et
1566 1034 1650 1062 Deum
1678 1036 1797 1063 Patrem
1830 1045 1844 1063 3

1049 1082 1079 1101 se
1092 1075 1146 1102 dici
1159 1075 1283 1110 putabat,
1310 1076 1408 1103 Filium
1435 1083 1525 1105 autem
1551 1080 1656 1108 ratione
1681 1082 1782 1116 gratia
1813 1088 1842 1109 ct

1041 1121 1265 1156 participatiouis.
1282 1122 1383 1149 idcirco
1399 1123 1479 1151 Pater
1490 1124 1640 1160 Gregorius
1653 1127 1694 1153 sic
1726 1128 1788 1154 ait:
1808 1128 1836 1155 Si

1041 1166 1112 1193 Dcus
1127 1172 1154 1193 et
1172 1167 1324 1202 ingenitum
1342 1170 1411 1197 nihil
1441 1171 1513 1198 inter
1537 1179 1567 1199 se
1593 1172 1734 1204 ditl‘erant.
1758 1181 1839 1201 eum-

1040 1212 1157 1247 demque
1186 1214 1310 1241 habitum
1333 1215 1405 1243 circa
1433 1218 1573 1246 exteriora
1609 1219 1741 1252 habeant,
1772 1220 1837 1246 vide

1041 1266 1105 1284 num
1137 1259 1211 1285 aliud
1237 1267 1300 1286 cum
1334 1260 1441 1292 habitu,
1472 1262 1546 1289 aliud
1572 1263 1631 1290 sine
1656 1263 1752 1290 habitu
1785 1265 1834 1292 sit.

1043 1304 1187 1338 Siquidem
1218 1305 1289 1333 Deus
1312 1306 1429 1334 aliorum
1450 1308 1522 1335 Deus
1544 1309 1657 1336 dicitur.
1689 1310 1737 1337 Ait
1757 1311 1835 1337 enim

1042 1351 1209 1386 Scriptura:
1240 1351 1309 1379 Deus
1344 1352 1454 1380 deorum
1475 1353 1511 1380 δι.
1543 1353 1696 1389 lngeuitum
1740 1360 1833 1381 autem

1041 1398 1177 1424 nullorum
1191 1398 1293 1425 dicitur
1309 1399 1471 1433 ingenitum.
1487 1399 1544 1427 lloc
1567 1401 1640 1427 enim
1668 1408 1758 1435 neque
1783 1408 1833 1427 an-

1041 1443 1178 1477 gelorum,
1204 1452 1292 1471 neuue
1318 1445 1470 1477 hominum,
1498 1453 1588 1480 neque
1611 1446 1693 1473 ullius
1719 1447 1832 1473 omnino

1042 1495 1173 1516 creatura:
1186 1490 1318 1522 cst.Quia
1337 1491 1563 1525 ergoingenitum
1583 1491 1687 1518 nullius
1711 1497 1764 1523 est,
1782 1500 1831 1519 ne-

1043 1543 1096 1568 que
1116 1536 1185 1562 Dens
1200 1536 1316 1562 ulloruni
1340 1537 1403 1563 erit.
1425 1536 1505 1572 Atqui
1522 1537 1594 1564 Deus
1608 1537 1762 1572 aliquorum
1777 1545 1829 1570 est,

1042 1588 1106 1614 ergo
1121 1581 1191 1607 idem
1204 1588 1258 1608 non
1269 1586 1333 1608 sunt
1349 1582 1420 1609 Dens
1435 1586 1463 1609 et
1492 1583 1655 1617 ingenitum.
1677 1583 1744 1610 Nam
1769 1592 1830 1618 qua:

1046 1627 1071 1652 in
1085 1627 1214 1653 omnibus
1231 1627 1327 1653 eadem
1345 1631 1420 1660 sunt,
1440 1636 1471 1654 ea
1502 1628 1619 1655 similem
1647 1629 1828 1663 prolationem

1043 1672 1147 1698 habent
1161 1680 1167 1697 :
1186 1677 1216 1698 ut
1231 1680 1293 1699 cum
1309 1673 1426 1700 dicimus
1440 1683 1446 1700 :
1465 1673 1597 1704 Mortalis,
1614 1675 1707 1705 homo,
1731 1674 1827 1701 horum

1042 1718 1183 1745 nominum
1205 1723 1352 1752 utrumque
1378 1719 1535 1746 absolutum
1564 1724 1606 1746 est
1627 1728 1633 1746 :
1659 1728 1722 1746 cum
1738 1728 1826 1748 vero:

1042 1763 1230 1794 Providentia,
1243 1771 1320 1795 cura,
1339 1765 1451 1798 σχετικὰ
1463 1771 1511 1791 seu
1526 1765 1611 1792 relata
1625 1770 1702 1792 sunt.
1721 1765 1749 1792 Si
1763 1773 1826 1792 vero

1041 1809 1191 1843 ingenitum
1205 1810 1287 1836 etiam
1304 1811 1373 1836 κατὰ
1387 1811 1489 1844 σχέσιν,
1503 1810 1555 1838 hoc
1568 1814 1610 1838 est
1623 1811 1746 1844 relative,
1762 1819 1826 1846 pro-

1040 1856 1156 1885 feratur,
1169 1855 1283 1882 ostende
1298 1862 1480 1890 quorumnam
1492 1856 1527 1883 sit
1542 1856 1707 1891 ingenitum.

1075 1900 1115 1927 Tu
1126 1900 1148 1928 si
1159 1901 1279 1928 vicissim
1294 1909 1308 1927 a
1324 1909 1366 1927 me
1381 1900 1460 1935 petis,
1475 1908 1658 1935 quarumnam
1674 1902 1826 1931 Deushabi-

1041 1951 1069 1973 tu
1084 1952 1132 1974 seu
1163 1946 1296 1973 relatione
1322 1946 1450 1973 dicatur:
1466 1946 1602 1978 omnium,
1624 1948 1743 1981 inquam.
1775 1949 1823 1982 Qui

1040 2000 1105 2027 ergo
1121 1992 1178 2019 lieni
1195 1997 1296 2027 potest.
1310 1997 1339 2018 ut
1356 1992 1428 2019 idem
1446 1992 1482 2019 sit
1513 1993 1585 2021 Deus
1612 1997 1640 2020 et
1666 1994 1821 2028 ingenitum,

1040 2038 1062 2064 si
1083 2038 1181 2064 Itorum
1195 2038 1335 2064 nominum
1358 2038 1486 2068 alterum,
1501 2045 1599 2072 nempe
1617 2038 1699 2071 Deus,
1714 2039 1739 2066 in
1754 2040 1820 2072 aiio;

1041 2082 1157 2109 alterum
1177 2090 1252 2114 vero,
1269 2082 1375 2109 scilicet
1388 2082 1548 2117 ingenitum,
1567 2081 1594 2109 in
1607 2084 1698 2118 seipso
1709 2084 1820 2112 circum-

1040 2128 1198 2154 scribatur?

202 2180 294 2208 quam,
311 2172 345 2199 ad
360 2172 517 2203 essentiam,
531 2172 580 2198 sed
589 2173 717 2199 essentne
740 2180 851 2207 quoque
878 2173 911 2199 ad
941 2173 988 2200 ad-
1004 2177 1026 2204 υ
1077 2174 1179 2201 A-ihaae
1191 2182 1252 2201 cum
1267 2174 1419 2209 ingenitum
1433 2179 1461 2202 et
1473 2175 1594 2210 genitum
1607 2176 1678 2203 inter
1706 2183 1732 2203 se
1757 2183 1829 2203 con-‘

200 2218 328 2252 jacentia,
347 2217 412 2244 inde
425 2222 500 2244 certe
513 2223 711 2251 consequatur,
736 2222 766 2243 ut
781 2222 809 2244 tu
837 2218 924 2252 patris
943 2218 988 2245 'tui

202 2267 291 2298 pater,
305 2263 349 2290 ille
361 2270 425 2290 vero
440 2268 514 2294 tuus,
528 2263 581 2289 hoc
592 2269 634 2289 est
645 2263 692 2290 tilii
708 2264 751 2291 sui
763 2264 834 2291 ﬁlius
856 2264 892 2291 sit
905 2272 913 2291 :
936 2271 991 2298 quo

202 2311 268 2347 quid
285 2312 371 2346 magis
381 2311 527 2338 ridiculum
541 2311 552 2338 ?

236 2357 278 2384 An
289 2357 413 2384 videlicet
433 2365 495 2384 cum
519 2357 667 2384 immobilis
695 2362 803 2385 maneat
828 2358 990 2392 proprietas,

202 2411 368 2439 quaeremus.
386 2404 425 2430 ait
450 2404 506 2435 ille,
527 2411 651 2439 quamam
675 2404 711 2431 sit
734 2405 855 2431 essentia
884 2405 943 2435 Dei,
965 2406 987 2431 si

202 2450 378 2486 quaeramus?
396 2450 574 2485 Posteaquam
599 2451 671 2477 enim
699 2455 813 2485 nugator
839 2452 988 2478 AnomtmIS

202 2498 278 2525 velut
286 2497 344 2524 alea
355 2505 403 2532 pro
415 2496 529 2523 libidine
539 2497 649 2523 nomina
661 2497 734 2528 lusit,
750 2497 872 2524 rebusin
887 2497 989 2524 divinis

201 2543 351 2578 sophistam
365 2550 457 2577 agens,
476 2547 503 2569 et
519 2542 546 2568 in
564 2542 597 2570 iis
611 2549 671 2577 qua:
686 2550 739 2569 non
754 2543 892 2577 intelligit,
904 2548 985 2577 atque

202 2597 286 2621 nunc,
299 2589 408 2624 quidem
421 2589 571 2623 ingenitum
591 2589 725 2624 genitum,
746 2597 818 2617 nunc
832 2589 989 2625 vero.inge-

201 2637 288 2662 nitum
314 2638 435 2670 genitum
464 2642 523 2662 esse
549 2635 681 2666 ostendit,
710 2635 736 2662 in
751 2635 784 2662 iis
806 2635 906 2663 ludens
925 2644 988 2670 qum

200 2680 306 2707 ludicra
331 2689 385 2707 non
415 2685 499 2707 sunt:
522 2687 636 2715 magnus
660 2680 705 2707 ille
731 2680 812 2707 Pater
837 2680 986 2708 immobilia

200 2734 370 2755 conservans
404 2727 462 2754 hrec
502 2729 624 2760 nomina,
647 2732 775 2762 tanquam
805 2727 986 2761 proprietates

239 2819 261 2834 "
279 2818 349 2844 Psal.
368 2826 438 2848 uix,
456 2819 480 2846 l.

1042 2219 1126 2246 traria
1136 2220 1202 2251 sint,
1219 2219 1248 2247 ui.
1258 2220 1370 2247 habitus
1379 2224 1407 2248 et
1419 2221 1547 2255 privatio,
1562 2221 1722 2248 Aristotcles
1735 2227 1816 2249 autem

1041 2265 1242 2299 uppositioncm
1257 2266 1283 2291 in
1298 2270 1418 2299 quatuor
1433 2266 1548 2298 dividat,
1567 2266 1594 2293 in
1608 2267 1779 2297 contrarium,
1791 2267 1815 2293 in

1043 2313 1069 2338 id
1088 2312 1159 2346 quod
1178 2312 1271 2338 habitu
1283 2318 1311 2339 et
1329 2313 1492 2346 privatione,
1510 2312 1537 2339 in
1552 2312 1579 2340 id
1604 2313 1678 2347 quod
1699 2313 1812 2343 relative.

1042 2363 1070 2385 ct
1084 2357 1111 2384 in
1129 2358 1156 2384 id
1168 2358 1240 2392 quod
1257 2359 1382 2392 negative
1405 2359 1565 2394 opponitur,
1578 2364 1659 2393 atque
1675 2359 1814 2394 negationis

1041 2405 1152 2439 quidem
1168 2408 1323 2439 exemplum
1343 2413 1396 2436 est,
1417 2406 1438 2432 si
1453 2406 1516 2440 quid
1548 2413 1609 2433 esse
1634 2411 1660 2432 et
1686 2413 1737 2432 non
1760 2413 1812 2433 esse

1040 2450 1148 2477 dicatur
1163 2458 1170 2477 :
1189 2451 1336 2477 relatorum
1368 2455 1460 2478 autem
1473 2451 1598 2485 duplum,
1615 2455 1644 2478 et
1659 2451 1810 2483 dimidium;

1039 2503 1137 2523 eorum
1151 2503 1218 2523 vero
1231 2504 1292 2530 qua!
1307 2497 1442 2530 privative
1459 2502 1647 2531 opponuntur,
1677 2496 1777 2523 auditus
1789 2503 1812 2523 et

1040 2542 1162 2569 surditas
1176 2550 1183 2574 ;
1200 2543 1400 2569 contrariorum
1417 2543 1536 2577 denique
1550 2543 1643 2570 album
1655 2547 1683 2570 et
1699 2543 1811 2577 nigrum;

1041 2588 1095 2622 jam
1118 2588 1267 2615 videndum
1284 2589 1394 2615 cuinam
1421 2588 1609 2622 oppositorum
1632 2589 1723 2623 generi
1736 2588 1810 2622 subji-

1041 2635 1149 2661 cientur
1163 2635 1312 2668 ingenitum
1328 2638 1355 2661 et
1379 2635 1513 2669 genitum.
1540 2634 1635 2662 Utrum
1660 2634 1810 2661 centuriis?

1041 2684 1068 2707 at
1083 2681 1126 2707 illa
1145 2688 1160 2708 a
1181 2688 1210 2708 se
1226 2685 1331 2710 mutuo.
1359 2681 1413 2714 vel,
1433 2685 1463 2708 ut
1474 2680 1567 2708 verius
1584 2681 1685 2714 dicam,
1714 2684 1767 2715 post
1785 2687 1808 2706 se

1040 2732 1202 2761 nascuntur,
1219 2727 1356 2761 siquidem
1369 2727 1404 2755 ab
1424 2727 1486 2755 albo
1518 2727 1637 2762 nigrum,
1671 2727 1711 2755 vel
1735 2727 1808 2761 potius
