1927 3085
82 173 150 206 lil‘l

718 160 869 195 THESAU
876 165 898 194 11
906 159 922 193 l~
936 163 1008 192 LIB.
1028 163 1064 193 Υ.

1637 155 1702 187 1419

78 237 145 268 pust
157 231 263 257 album.
279 224 341 254 llaec
358 231 440 259 porro
453 231 506 250 non
523 230 537 250 a
565 229 594 249 se
627 226 790 252 nascuntur,
817 228 869 248 nec
883 223 905 251 Α
919 219 955 246 sit
976 218 1104 252 genitive,
1123 217 1158 243 ita
1185 220 1213 243 et
1228 215 1344 268 Spiritus
1366 222 1380 240 a
1398 212 1465 268 lFilio
1484 212 1618 268 processit
1635 221 1652 264 ε.
1666 212 1701 239 ita

77 265 156 305 enim
171 271 424 308 exingencrationc
440 268 595 303 generatio,
608 274 658 293 nec
668 273 701 294 ex
714 265 869 299 generatio-

80 333 117 352 ne
139 321 321 357 ingeneratio.
339 320 374 346 At
395 324 459 344 vero
481 315 574 342 relatis
589 312 757 340 accensenda
783 310 870 338 sunt?

80 370 117 397 At
131 369 175 395 illa
190 367 350 394 rcl‘crnntur
365 364 397 391 ad
416 362 479 394 alia,
498 365 526 388 ut
541 360 653 394 duplum
668 359 700 385 ad
715 357 869 387 dimidium.

80 421 137 442 etc
151 415 268 440 diverso.
287 412 341 443 Age
354 417 418 435 vero
435 406 608 442 negationiue
637 403 826 431 ascribi-mur?
838 403 872 429 At

82 463 143 488 haec
156 468 264 495 quoque
280 458 388 485 numina
408 460 482 486 sunt,
504 453 605 487 quibus
618 458 706 486 neque
730 449 873 476 afﬁrmatio

83 514 176 540 neque
204 504 312 538 negatio
340 502 555 528 demonstratur.
581 498 675 531 Itaque
694 499 819 530 superest
845 499 874 520 ut

84 553 180 579 habitu
198 548 479 584 etprivatioticinter
511 553 539 570 se
568 547 752 577 opponantur,
781 541 817 566 ita
846 543 874 565 ut

84 599 209 633 genitum
228 595 338 630 quidem
356 594 390 619 sit
406 592 516 618 habitus
530 588 763 624 quemadmodum
780 587 873 612 visus:

85 644 237 678 ingenitum
251 646 340 666 autem
355 638 480 672 privatio,
495 643 550 662 non
571 642 650 661 secus
662 637 743 667 atque
756 636 874 658 C'JK‘llttS.

122 689 149 716 Si
167 696 231 721 ergo
248 687 304 713 inec
329 684 452 719 Opposita
473 686 556 712 sunt,
574 686 603 707 ιιι
622 677 808 706 demonstravi
823 697 829 709 ,
847 679 875 703 tu

87 740 178 761 autem
194 741 237 764 ca,
253 740 269 758 o
283 733 415 756 Autumno.
427 750 433 759 ,
452 726 621 754 substantias
645 732 704 751 esse
731 724 800 750 dicis
812 743 819 754 ,
843 729 876 748 ex

89 785 134 806 tua
159 776 342 811 consequetur"
362 776 485 800 oratione
498 793 504 804 ,
530 776 557 797 ιιι
573 770 730 798 substantia:
744 769 802 795 alia:
817 768 878 795 aliis

88 827 272 858 opponantur,
289 819 360 855 quod
379 827 431 846 non
453 817 624 845 conceditur.
642 815 719 848 Quod
750 814 771 841 si
800 814 877 848 geni-

90 875 148 896 tum
175 867 285 902 quidem
308 865 433 896 habitui,
460 863 610 898 ingenitum
636 869 700 887 vero
732 859 877 894 privationi

91 913 181 939 simile
206 912 251 942 sit,
278 916 305 937 tu
330 914 420 936 autem
443 908 564 942 genitum
591 906 701 940 quidem
734 904 878 931 essentiam

93 958 166 988 Filii.
196 957 344 991 ingenitum
370 963 434 981 vero
456 954 543 981 Patris
572 951 718 979 essentiam
746 950 879 982 nominas,

92 1009 166 1030 certe
184 1003 269 1030 Filius
284 1002 362 1028 Patre
376 1000 452 1034 prior
467 999 528 1029 erit,
546 1004 573 1024 ιιι
592 997 700 1023 habitus
718 996 880 1030 privatione.

93 1050 234 1083 Filiusque
265 1048 298 1074 de
326 1046 416 1073 medio
442 1045 573 1075 tolletur,
598 1048 726 1075 tauquam
752 1042 880 1074 halitus,

94 1105 108 1123 a
129 1097 220 1127 Patre,
240 1099 367 1128 tanquam
386 1091 550 1126 privatione.
576 1088 801 1122 Quandoquidem
828 1087 882 1122 pri-

95 1141 250 1168 vatiouibus
284 1139 426 1165 babituurn
456 1136 490 1163 de
520 1135 610 1162 medio
635 1133 816 1161 tollendorum
841 1132 882 1158 vis

95 1187 188 1217 inest,
215 1190 244 1212 ιιι
279 1183 387 1211 comitas
417 1182 527 1213 visum,
554 1179 727 1213 surditasque
759 1177 882 1204 auditum

96 1231 217 1266 perimit.

408 1297 482 1324 CAP.
504 1295 572 1322 Llll.

99 1354 181 1381 Plura
202 1354 320 1388 ejusdem
342 1353 496 1382 Clrom'alw,
532 1353 657 1378 adversus
675 1351 722 1388 hoc
738 1351 884 1388 rilr‘romn'o-

125 1398 184 1416 rum
199 1386 335 1424 problcma
350 1396 359 1414 :
375 1387 438 1414 Fuit
453 1393 554 1422 tempus
570 1395 620 1421 quo
636 1394 687 1412 non
704 1387 752 1420 fuit
769 1386 861 1412 l’rtter.

135 1455 217 1482 Arius
235 1454 358 1489 quidem,
381 1453 487 1484 Aetius,
507 1459 535 1479 et
549 1453 699 1479 Eunomius
725 1453 884 1479 Trinitatem

103 1498 208 1525 honore
231 1498 440 1532 substantiaque
468 1505 622 1531 eotnparcru
647 1502 700 1523 tres
717 1497 743 1523 in
757 1504 886 1530 personas

101 1545 223 1571 diversas
248 1543 427 1575 dividebant,
457 1543 663 1577 inge-tritumque
690 1547 718 1568 et
746 1542 919 1585 ἅναρχον,ο

102 1589 236 1624 principio
251 1593 388 1616 carentem
401 1609 407 1620 ,
422 1589 508 1615 solum
531 1588 637 1614 l‘alretn
654 1589 803 1618 vocabant,
825 1591 885 1621 post

102 1640 164 1658 eum
177 1640 240 1659 vero
256 1632 456 1666 npwtoxrtnav
477 1631 592 1666 ποίημα,
610 1632 660 1658 hoc
671 1636 713 1659 est
733 1636 884 1658 creaturam

104 1678 191 1712 primo
206 1683 343 1710 creatam,
364 1676 482 1704 Filium:
500 1678 600 1712 quippe
624 1678 670 1711 qui
698 1678 758 1704 loco
786 1678 887 1704 instru-

105 1723 188 1750 menti
202 1724 236 1750 ad
254 1731 344 1750 rerum
360 1723 480 1750 omnium
498 1724 704 1758 productionem
718 1724 789 1750 Patri
811 1723 886 1750 lutu-

105 1777 152 1796 rus
178 1775 260 1796 esset.
288 1770 350 1795 l'ost
375 1769 472 1795 Filium
498 1777 572 1800 vero,
603 1770 734 1803 Spiritum
763 1774 887 1796 sanctum

105 1815 270 1842 statuebant.
289 1814 367 1846 Quod
388 1819 478 1841 autem
503 1814 648 1841 adoramus
675 1814 808 1848 μοναρχία
827 1819 888 1847 est,

106 1869 152 1887 seu
167 1860 296 1886 divinitas
312 1867 376 1891 nua,
393 1867 447 1885 non
467 1867 547 1885 uunni
563 1860 589 1886 iu
613 1860 769 1894 hypostasiu
783 1865 888 1890 coacta,

106 1905 153 1932 sed
178 1905 264 1932 tribus
289 1905 418 1932 distincta
443 1906 586 1939 personis,
613 1910 641 1932 ct
675 1906 755 1933 unius
779 1907 889 1940 quidem

107 1951 286 1986 appellatione
299 1950 437 1982 divinitas,
451 1952 580 1980 cs>.cntia,
596 1956 702 1982 natura,
715 1951 889 1985 principium,

107 2001 135 2023 et
157 1996 242 2023 forma
263 2006 268 2023 :
287 1996 368 2023 trium
392 2005 467 2026 vero,
496 2005 628 2029 persome.
650 1997 837 2027 characteres,
864 2001 892 2023 et

110 2041 250 2069 individua
265 2043 462 2076 intelliguntur.
479 2041 666 2076 Proprietates
680 2050 752 2068 enim
767 2042 892 2076 byposta-

109 2088 185 2114 sibus
199 2089 303 2114 ali’ecta:
323 2093 404 2119 sunt,
429 2092 457 2114 at
482 2096 536 2114 non
556 2093 620 2114 sunt
644 2088 811 2123 Itypostases.
838 2087 894 2115 lloc

110 2140 175 2159 vero
191 2133 335 2160 Trinitatis
352 2134 527 2167 principium,
552 2133 573 2159 si
593 2139 728 2167 quatenus
746 2141 827 2159 unum
840 2139 892 2165 est,

111 2179 310 2210 consideretur,
336 2178 470 2213 principio
486 2184 571 2210 caret,
587 2185 773 2213 atteruurnque
790 2183 832 2205 est
843 2198 850 2210 ,
867 2184 895 2205 et

921 270 951 291 ut
964 264 1038 290 aliud
1055 263 1192 298 primunt,
1216 261 1290 289 aliud
1305 260 1466 291 secundum,
1491 258 1564 285 aliud
1592 260 1702 285 tertium

922 314 1081 336 statuamus.
1107 308 1186 335 Absit
1211 316 1226 334 a
1250 307 1329 334 nobis
1351 305 1507 341 hujusmodi
1535 304 1701 339 blasphemia

922 355 1039 382 ethnicu:
1062 355 1176 381 deorum
1203 352 1395 380 multitudinis.
1421 350 1544 378 l‘lthnicis
1569 351 1640 377 enim
1665 350 1702 377 dii

923 406 986 428 sunt
998 400 1103 426 leum
1123 403 1150 426 et
1172 398 1317 428 Saturnus,
1334 405 1348 423 a
1363 396 1463 431 quibus
1478 401 1578 430 patres,
1597 395 1655 426 lilii,
1677 400 1703 421 et

924 451 1047 480 nepotes.
1068 445 1156 471 linum
1169 445 1242 470 enim
1255 443 1328 478 apud
1344 450 1393 470 nos
1416 442 1556 469 ambarum
1579 449 1704 475 persona-

926 500 986 518 rum
1003 491 1141 517 vinculum
1156 495 1208 520 est,
1223 490 1301 516 Pater
1316 497 1321 514 :
1340 489 1372 514 ad
1391 495 1470 522 quem
1491 487 1660 514 reducuntur
1674 494 1705 513 ea

926 546 985 572 qure
1009 537 1042 562 ab
1066 537 1111 562 illo
1137 535 1296 570 procedunt.
1323 534 1356 560 Et
1382 541 1432 560 nos
1457 534 1492 560 ita
1520 533 1657 560 crediturus
1680 536 1705 559 cl

926 583 1069 609 sentimus.

1235 634 1311 663 CAP.
1333 634 1401 662 LIV.

929 697 1088 724 Sanrtorrtm
1115 695 1225 721 Patrum
1251 695 1409 719 ussertionrs
1432 693 1556 719 adversus
1588 693 1709 720 Ifuuomii

963 732 1084 761 Ira'rcsiu,
1109 738 1160 763 qua
1188 729 1270 754 Deum
1298 728 1406 755 Patrem
1433 736 1484 755 non
1507 736 1609 762 semper
1631 728 1709 761 fuisse

963 766 1138 800 bltrsp/temut.

967 822 1127 849 Eunmniani
1149 828 1232 856 porro
1252 819 1359 847 ca‘teris
1381 818 1557 853 blasplierniis
1571 821 1627 848 suis
1642 821 1711 849 hanc

930 877 1039 903 quoque
1064 869 1210 898 addebant,
1232 867 1316 893 Deum
1342 870 1369 891 ct
1392 865 1498 892 Patrem
1523 874 1576 893 non
1606 875 1711 902 semper

930 915 1024 946 fuisse,
1049 914 1095 940 sed
1114 913 1241 940 eSsentite
1254 910 1417 946 principium
1440 910 1588 938 imbuisse:
1608 916 1712 947 tempo-

931 960 1015 986 ralem
1039 959 1102 986 inde
1127 958 1186 985 Filii
1210 957 1413 992 generationem
1439 955 1653 990 iutroducentes,
1675 963 1712 986 ta-

931 1006 1038 1040 lemque
1062 1005 1130 1032 adeo
1144 1024 1151 1034 .
1172 1008 1279 1039 «piatcm
1309 1003 1336 1029 iu
1362 1002 1495 1029 creaturis
1517 1004 1713 1031 auimadv’ertt-

931 1060 1001 1078 lllllS.

967 1097 1013 1124 Eis
1030 1104 1112 1131 porro
1126 1096 1200 1124 hunc
1213 1095 1240 1122 iu
1260 1095 1370 1124 modum
1387 1097 1481 1125 Patres
1493 1096 1544 1124 hac
1564 1097 1592 1124 in
1616 1104 1646 1124 re
1666 1097 1713 1124 avla

933 1148 1087 1169 versantur.

951 1198 981 1227 S.
994 1198 1087 1226 Basilii
1102 1198 1226 1226 adversus
1239 1199 1382 1240 hoc:me
1414 1199 1521 1227 Patrem
1535 1209 1586 1228 non
1598 1208 1698 1234 semper

1284 1238 1374 1269 (uiue.

970 1290 994 1316 l.
1018 1289 1044 1316 Si
1062 1290 1108 1317 Dei
1127 1289 1291 1316 beatitudini
1304 1290 1448 1324 pulchrum
1464 1291 1515 1319 hoc
1537 1295 1564 1319 et
1587 1291 1716 1319 decorum

935 1341 985 1366 est,
1002 1341 1031 1363 ut
1046 1336 1080 1362 sit
1096 1337 1185 1367 Pater,
1201 1336 1266 1370 quid
1290 1336 1397 1363 obstitit
1414 1338 1562 1370 quominus
1586 1337 1620 1365 ab
1640 1337 1718 1365 initio

936 1383 1066 1408 tletorurn
1088 1381 1112 1408 ei
1133 1381 1273 1408 adfuerit?
1291 1381 1357 1408 Nam
1375 1382 1417 1409 vel
1433 1382 1467 1408 ad
1483 1383 1552 1417 ejus,
1565 1385 1636 1416 quod
1650 1375 1716 1417 pra:-

937 1427 1054 1454 stantius
1073 1432 1124 1458 est,
1140 1427 1332 1460 ignorantiam,
1346 1427 1389 1453 vel
1415 1428 1447 1454 ad
1464 1427 1650 1461 impotentiam
1671 1428 1719 1455 de-

939 1474 1039 1500 lectum
1063 1474 1183 1500 referunt
1202 1473 1404 1507 :ignorantiam
1428 1474 1554 1508 quidem,
1581 1474 1602 1501 si
1627 1479 1720 1508 postea

938 1518 1010 1552 quod
1035 1518 1132 1545 melius
1150 1523 1192 1545 est
1212 1518 1395 1550 adinvencrit;
1421 1518 1608 1553 impotentiam
1635 1526 1721 1551 vero,

936 1564 958 1591 si
975 1571 1036 1591 cum
1060 1564 1153 1595 Sciret,
1173 1565 1245 1591 ultr-0
1271 1569 1360 1591 tamen
1379 1563 1413 1590 ab
1429 1572 1463 1590 eo
1475 1564 1547 1598 quod
1568 1563 1721 1598 pulcherri-

938 1618 1011 1637 mum
1039 1615 1081 1636 est
1106 1609 1250 1637 exciderit.
1270 1609 1347 1642 Quod
1372 1609 1395 1636 si
1409 1609 1433 1636 ei
1451 1610 1594 1644 pulchrum
1615 1618 1667 1637 non
1689 1611 1724 1638 sit

937 1664 998 1684 esse
1017 1656 1140 1688 Patrem,
1156 1663 1272 1690 quanam
1289 1656 1322 1683 de
1335 1663 1417 1682 causa
1442 1660 1504 1690 post
1524 1656 1698 1683 mutatiouern
1714 1674 1722 1689 ,

938 1701 1019 1737 elegit
1036 1702 1109 1736 quod
1125 1701 1249 1728 deterius
1266 1701 1326 1728 est?

1123 1757 1254 1791 Tlicologi,
1270 1766 1302 1786 ea:
1315 1758 1360 1785 lib.
1377 1767 1384 1785 I
1398 1758 1436 1785 De
1449 1758 1526 1785 Filio.

975 1816 1003 1842 ‘2.
1016 1815 1138 1847 Quonam
1156 1819 1279 1848 tempore
1295 1814 1376 1841 Pater
1389 1822 1442 1841 non
1454 1815 1530 1842 erat?
1540 1815 1579 1841 Eo
1595 1815 1722 1841 nimirum

941 1868 996 1893 quo
1013 1860 1097 1886 Filius
1111 1867 1166 1886 non
1185 1864 1254 1886 erat.
1271 1859 1342 1886 Idem
1360 1864 1435 1886 certe
1451 1859 1484 1886 de
1497 1859 1564 1886 Filio
1579 1864 1606 1886 et
1623 1859 1724 1893 Spiritu

943 1910 1037 1932 sancto
1055 1905 1167 1932 dixeris.
1185 1906 1285 1932 lterum
1303 1905 1471 1939 interrogato
1485 1913 1538 1937 mc,
1551 1905 1727 1940 vicissimque

944 1950 991 1977 tibi
1017 1949 1199 1984 respondebo.
1229 1948 1354 1982 Quonam
1372 1953 1492 1983 tempore
1520 1949 1605 1976 Filius
1620 1950 1728 1984 genitus

943 1996 1003 2022 est?
1020 1995 1058 2021 lio
1073 1995 1202 2022 nimirum
1221 2002 1275 2029 quo
1295 1995 1375 2021 Pater
1389 1995 1496 2029 genitus
1524 2003 1579 2021 non
1601 2001 1652 2022 est.
1670 1995 1729 2028 Quo

944 2041 1062 2076 denique
1085 2045 1206 2075 tempore
1230 2040 1349 2075 Spiritus
1365 2041 1516 2074 processit?
1536 2041 1574 2067 Eo
1599 2041 1728 2068 nimirum

945 2095 1000 2121 quo
1026 2086 1111 2113 Filius
1134 2095 1188 2113 non
1211 2086 1343 2121 processit
1369 2095 1374 2112 :
1397 2086 1443 2113 sed
1473 2087 1581 2119 genitus
1603 2091 1645 2114 est
1669 2087 1729 2115 sine

947 2138 1084 2166 tempore.
1111 2137 1138 2158 ct
1167 2140 1248 2166 supra
1277 2136 1395 2166 tempus.
1427 2132 1483 2159 Etsi
1510 2131 1655 2166 nequimus
1679 2133 1731 2160 hoc

946 2178 1035 2210 verbi,
1046 2177 1134 2212 Supra
1147 2182 1265 2212 tempus,
1276 2177 1441 2212 exprimere,
1452 2177 1652 2204 volumuscnim
1664 2182 1729 2205 tem-

106 2221 223 2252 ὀιιιιιίιιο
238 2230 412 2260 perpetuum.
437 2225 464 2252 Si
489 2233 553 2251 vero
567 2229 704 2259 quatenus
719 2225 744 2250 in
765 2232 895 2259 personas
912 2222 933 2248 1)
948 2224 1068 2257 poralem
1083 2222 1310 2258 signiﬁcationem
1331 2223 1452 2257 eﬂugere
1477 2228 1558 2258 (nam
1576 2224 1709 2251 dictiones
1722 2244 1729 2256 ,

112 2270 252 2302 dividitur,
269 2279 320 2297 una
346 2271 406 2305 ejus
430 2277 545 2305 persoua
569 2270 706 2305 principio
721 2276 795 2297 caret
815 2270 896 2296 :alite

113 2324 177 2343 vero
191 2321 219 2343 et
235 2317 294 2343 sine
308 2317 461 2351 principio,
475 2321 502 2343 et
517 2324 570 2343 non
587 2317 646 2343 siue
660 2316 795 2350 principio
820 2320 894 2342 sunt.

113 2361 178 2388 Nam
195 2361 216 2388 si
234 2369 281 2388 cas
297 2361 330 2388 ad
344 2362 458 2396 primam
481 2369 590 2388 causam
615 2361 738 2392 reducas,
755 2369 808 2386 non
833 2363 898 2387 sunt

114 2407 172 2433 sine
197 2407 342 2441 principio.
368 2407 405 2433 Ex
432 2407 475 2433 illa
501 2407 573 2433 enirn
599 2406 770 2440 procedunt,
791 2410 818 2432 at
841 2413 896 2432 non

114 2457 174 2487 post
203 2453 284 2478 illam.
309 2452 356 2480 Sin
381 2461 427 2480 cas
452 2460 514 2480 cum
540 2452 708 2486 temporibus
735 2456 762 2478 et
790 2451 898 2478 sacculis

114 2496 216 2524 nostris
229 2496 364 2528 conferas,
384 2502 464 2531 atque
476 2497 545 2523 adeo
558 2505 619 2523 cum
641 2496 714 2523 omni
731 2496 898 2530 proprietate

115 2541 303 2574 iutellectuali,
318 2542 377 2568 sine
395 2541 529 2576 principio
542 2546 569 2569 et
581 2542 701 2576 ingenita
717 2546 790 2570 sunt.
805 2541 899 2575 Itaque

117 2587 198 2613 triurn
222 2587 318 2613 harum
342 2587 524 2623 hypostaseon
553 2594 606 2614 una
633 2579 746 2617 omnino
770 2586 898 2621 ἄναρχος,

116 2633 168 2660 hoc
184 2638 226 2660 est
240 2633 299 2661 sine
313 2634 449 2668 principio
474 2633 583 2663 dicitur.
600 2634 729 2660 nimirum
753 2633 841 2663 Pater.
857 2641 901 2660 re-

117 2679 251 2712 liquarum
280 2678 395 2706 duarum
424 2678 509 2705 altera
536 2679 631 2709 Filius,
657 2678 742 2705 altera
765 2677 899 2712 Spiritus.

117 2724 202 2752 amba:
233 2733 247 2751 a
273 2725 352 2752 Patre
379 2725 570 2757 subsistentes,
598 2733 653 2751 non
677 2729 767 2751 tamen
803 2724 901 2752 eodem

119 2770 208 2796 modo.
226 2770 310 2797 Filius
326 2771 399 2798 enim
413 2771 522 2806 genitus
535 2775 588 2802 est,
599 2770 718 2805 Spiritus
731 2775 822 2797 autem
839 2777 901 2805 pro.

118 2816 209 2848 cessit,
222 2815 263 2842 vel
279 2816 368 2850 potius
386 2816 431 2844 ille
449 2817 579 2852 gignitur,
597 2817 641 2843 hic
661 2816 795 2851 procedit.

151 2861 209 2888 Non
225 2861 298 2888 e'nim
313 2862 541 2895 quemadmodum
555 2870 569 2888 a
586 2862 665 2888 Patre
681 2862 765 2888 Filius
790 2869 900 2896 proces-

277 2908 413 2941 PATROL.
437 2911 496 2941 Gn.
517 2910 687 2941 CXXXlX.

946 2268 1071 2300 Quando,
1094 2268 1191 2300 Antea,
1214 2268 1341 2301 Posthac,
1361 2273 1388 2295 et
1413 2269 1453 2295 Ab
1475 2268 1565 2301 initio,
1591 2277 1645 2296 non
1667 2273 1732 2297 sunt

948 2315 1006 2340 sine
1023 2320 1157 2348 tempore,
1173 2314 1373 2348 quautamlibet
1388 2314 1442 2341 vim
1460 2315 1551 2342 verbis
1563 2315 1732 2350 ali‘eramus),

948 2360 1000 2387 nisi
1017 2360 1140 2387 dicamus
1153 2360 1161 2394 (
1174 2362 1195 2386 si
1209 2360 1304 2386 saltem
1322 2359 1495 2387 intervallum
1513 2360 1590 2392 illud,
1609 2361 1682 2396 quod
1706 2361 1733 2389 in

949 2405 1031 2432 rebus
1048 2405 1219 2440 protenditur
1235 2404 1355 2437 :eternis,
1375 2406 1504 2433 smculum
1523 2406 1684 2442 vocemus),
1707 2407 1732 2433 it'

949 2451 1022 2486 quod
1042 2459 1131 2487 neque
1154 2452 1208 2478 ullo
1226 2457 1320 2483 motu,
1346 2460 1435 2487 neque
1456 2452 1521 2479 solis
1535 2461 1617 2480 cursu
1637 2453 1720 2480 dividi

950 2505 1010 2524 mus
1027 2501 1074 2523 aut
1090 2497 1230 2530 metimur,
1246 2496 1319 2533 quod
1337 2502 1412 2525 certe
1425 2504 1532 2530 tempus
1543 2503 1594 2525 est.

985 2542 1037 2575 Qui
1054 2550 1120 2577 ergo
1145 2542 1205 2569 ﬁeri
1230 2543 1328 2577 possit,
1357 2547 1387 2570 ut
1414 2542 1519 2578 [Filius
1543 2547 1570 2569 et
1594 2538 1735 2578 Spiritus]

952 2589 1110 2623 συνὰναρχα
1125 2597 1179 2616 ιιοιι
1200 2590 1272 2620 sint,
1296 2589 1348 2616 hoc
1373 2595 1414 2617 est
1434 2589 1569 2623 principio
1591 2589 1713 2616 carentia
1727 2609 1734 2620 ,

952 2635 974 2662 si
991 2639 1125 2662 coaeterna
1151 2636 1233 2662 sunt?
1257 2635 1390 2669 Quoniam
1415 2635 1448 2662 ab
1484 2635 1530 2662 illo
1562 2635 1735 2669 procedunt,

939 2681 1076 2716 quamvis
1091 2687 1152 2715 post
1171 2681 1248 2709 illum
1267 2690 1321 2709 non
1345 2681 1457 2709 fuerint.
1471 2681 1548 2714 Quod
1564 2681 1638 2708 enim
1661 2681 1736 2716 prin‘

952 2728 1024 2762 cipio
1039 2733 1123 2760 caret,
1136 2733 1268 2755 aeternum
1283 2727 1366 2755 etiam
1381 2733 1422 2755 est
1439 2736 1446 2755 ε
1459 2727 1531 2762 quod
1547 2732 1637 2754 autem
1657 2730 1737 2755 aeter-

952 2781 1018 2800 num
1032 2778 1084 2806 est,
1103 2781 1158 2800 non
1173 2774 1284 2800 nmuino
1301 2773 1435 2808 principio
1448 2777 1540 2806 caret,
1554 2773 1575 2800 si
1592 2773 1687 2800 saltem
1703 2772 1737 2799 ad

954 2808 1134 2854 priﬁcipium,
1161 2820 1214 2847 hoc
1243 2825 1284 2847 est
1319 2820 1448 2852 Patrem,
1475 2820 1618 2847 referatur.
1645 2820 1738 2852 Itaque.

954 2865 1090 2900 principio
1107 2873 1160 2893 non
1175 2870 1271 2894 carent
1288 2866 1394 2894 ratione
1411 2873 1510 2894 causae.
1529 2865 1641 2894 Constat
1657 2873 1738 2900 porro

1540 2911 1577 2943 45
