1927 3085
137 140 214 176 1421

776 139 972 171 TllESAURl
995 141 1069 171 LIB.
1090 141 1122 171 V.

1698 134 1766 165 1422

134 205 246 226 vanum
262 203 290 225 ct
303 197 380 225 futile
393 199 434 224 est
446 194 519 232 quod
533 195 625 224 dicitis
640 204 647 224 z
666 195 727 223 Fuit
743 199 861 231 tempus,
879 202 933 230 quo
946 197 970 227 Α
985 196 1078 222 fuisse.
1103 196 1138 221 At
1161 193 1183 220 si
1198 190 1285 220 Filius
1309 199 1364 219 non
1378 191 1477 223 fuerit,
1502 197 1536 217 ne
1556 190 1635 217 Pater
1657 189 1768 224 quidem

137 242 275 281 [Filius]
293 251 348 270 non
365 243 427 270 fuit.

411 299 539 333 Ejusdem
559 299 664 326 Basilii.

180 355 223 383 12.
245 356 291 383 Isti
306 355 418 390 quidem
438 356 517 383 aiunt
534 365 540 382 :
557 355 585 383 Si
598 360 668 388 erat,
682 356 790 392 genitus
810 363 864 383 non
880 360 930 382 est.

136 401 198 429 Nos
213 408 304 429 autem
321 402 440 429 dicimus
456 402 529 436 quod
548 407 606 429 erat
623 407 650 429 ct
665 404 774 437 genitus
793 407 844 429 est.
871 402 932 428 ll:cc

136 447 215 474 enim
229 448 324 480 verba,
340 447 382 474 Ex
399 452 472 475 utero
497 453 557 475 ante
581 448 732 483 Luciferum
751 449 829 483 genui
859 455 883 474 te
898 448 932 480 ",

137 499 170 521 et
190 494 263 526 inec,
279 495 347 520 Ante
371 502 459 521 omnes
479 494 556 521 colles
572 496 660 530 genuit
677 503 717 522 me
729 495 763 524 ⁸³.
788 499 816 521 et
835 500 932 521 curtera

138 539 170 566 id
186 547 282 574 genus,
299 539 395 566 Filium
410 540 529 574 genitura
541 560 548 571 ,
561 545 588 568 et
604 541 686 567 alium
701 549 716 567 a
734 541 825 571 Patre,
844 548 933 574 quatt-

139 588 202 612 tum
219 585 252 611 ad
268 585 437 620 liypostasin,
455 593 515 612 esse
531 585 731 612 demonstrant.
749 585 811 612 lla-c
831 590 933 616 autem,

138 629 175 657 In
203 631 332 666 principio
357 635 414 657 erat
440 631 560 664 Verbum,
586 635 610 659 et
637 631 746 658 Verbum
775 635 833 657 erat
863 631 934 664 apud

139 675 230 703 Deum
257 681 281 702 et
304 676 372 703 Deus
392 681 450 703 erat
478 677 598 704 Verbum.
629 677 718 704 ltem:
746 677 802 703 lloc
822 681 880 704 erat
907 677 933 703 in

142 722 276 757 principio
303 721 373 755 apud
401 721 494 748 Deum.
516 722 630 757 Insuper
654 721 727 756 quod
744 721 829 748 semel
853 725 934 755 atque

145 768 248 794 iterum
262 767 377 794 verbum
393 771 450 794 erat
475 768 503 795 in
526 768 705 803 sequentibus
721 767 868 802 adjicitur,
887 774 934 794 ar-

143 817 279 848 gumento
307 817 350 840 est
380 812 479 840 Filium
507 813 540 840 ab
567 818 671 840 aeterno
706 820 778 845 esse,
804 812 934 847 Patrique

141 865 254 892 semper
276 858 416 885 adhmrere
445 866 452 885 :
477 866 595 893 quorum
624 857 797 885 conﬁrmatio
823 858 866 884 his
900 864 972 895 ex];

140 904 237 931 verbis
267 904 322 938 peti
353 903 521 936 debettQui
549 908 592 932 est
621 904 648 931 in
677 904 737 930 sinu
764 903 862 935 Patris,
887 902 934 938 qui

142 957 256 984 semper
272 953 324 982 est,
341 957 392 976 nec
409 949 442 976 ab
455 958 488 977 eo
501 954 643 984 separatur
660 957 792 984 unquam.

181 1005 215 1033 B.
233 1004 343 1040 Gregor.
366 1004 481 1040 Nysseni
498 1014 529 1032 ex
550 1006 670 1032 oratione
686 1006 720 1032 ad
733 1003 900 1040 Simplicium

345 1055 354 1074 ,
472 1041 504 1068 de
522 1041 603 1068 Filio.

183 1099 227 1126 15.
244 1099 315 1126 Deus
329 1106 378 1133 per
392 1099 558 1134 Prophetam
578 1103 652 1125 vetat
667 1097 702 1130 ⁸ο,
730 1105 764 1124 ne
784 1096 870 1124 Deum
890 1104 935 1123 re~

144 1149 270 1176 centeni,
301 1142 385 1171 Deum
409 1152 470 1171 esse
507 1148 688 1178 reputemus,
715 1150 785 1170 neve
816 1143 936 1169 alienutn

146 1189 232 1216 Deum
260 1190 382 1216 colamus
400 1193 447 1216 aut
462 1190 619 1216 adoretnus.
646 1188 723 1215 [inde
744 1192 851 1215 constat
873 1194 936 1213 eum

145 1235 286 1262 recentem
307 1234 373 1267 diei,
389 1236 435 1269 qui
463 1234 497 1261 ab
523 1239 627 1261 aeterno
650 1242 707 1261 non
732 1238 795 1266 est,
821 1234 936 1268 viceque

145 1287 226 1307 versa
240 1285 375 1306 atcrnum
392 1280 534 1314 appellari,
554 1281 600 1314 qui
622 1287 719 1307 recens
735 1288 789 1307 non
802 1280 846 1307 sit.
865 1280 938 1313 Quo-

146 1328 220 1354 circa
244 1327 371 1364 quisqui}
397 1327 572 1361 Unigcnitum
600 1326 635 1353 ab
661 1332 763 1354 aeterno
787 1327 872 1354 Deum
904 1334 936 1353 ex

146 1373 228 1400 Patre
252 1380 314 1400 esse
332 1380 386 1399 non
407 1373 513 1405 credit,
531 1373 554 1399 is
566 1380 629 1400 eum
648 1377 785 1400 recentem
799 1380 859 1400 esse
881 1380 937 1399 non

146 1419 296 1447 inficiatur.
324 1418 465 1453 Siquidem
487 1419 561 1452 quod
586 1425 641 1445 non
667 1422 709 1445 est
730 1422 884 1452 aeternum,
910 1418 937 1444 id

147 1466 261 1492 omnino
276 1472 373 1492 recens
387 1469 439 1491 est.
455 1464 604 1496 Caeterum,
620 1464 756 1498 quidquid
772 1472 868 1491 recens
884 1469 936 1497 est,

149 1511 221 1538 Deus
245 1517 301 1537 non
326 1513 370 1536 est
388 1518 395 1536 :
410 1514 492 1544 prout
514 1514 661 1536 attestatur
686 1509 844 1544 Scriptura,
875 1517 937 1536 cum

148 1555 188 1583 ait
206 1565 212 1583 :
228 1555 286 1583 Non
298 1556 349 1582 erit
365 1555 392 1582 in
409 1560 434 1581 te
447 1555 517 1582 Deus
532 1563 632 1582 recens.
648 1555 778 1590 Quisquis
797 1563 862 1590 ergo
876 1563 939 1583 eum

148 1601 295 1637 aiiquando
310 1609 364 1628 non
378 1601 462 1628 fuisse
477 1601 525 1634 ait,
541 1601 565 1628 is
579 1602 638 1636 ejus
657 1601 831 1628 divinitatem
847 1607 938 1637 negat.

148 1648 250 1676 Adha:c
267 1649 314 1682 qui
337 1647 376 1674 ait
391 1656 400 1675 :
413 1647 473 1674 Non
498 1647 621 1674 adorabis
635 1647 718 1674 Deum
735 1647 853 1674 alienum
866 1648 900 1681 ⁶¹,
916 1648 940 1675 is

149 1694 233 1721 Deum
257 1693 375 1720 alienutn
402 1692 519 1720 adorare
536 1698 621 1720 vetat.
644 1693 759 1721 Alienus
778 1702 861 1728 porro
886 1699 938 1728 est,

148 1741 225 1775 quia
240 1740 352 1774 proprio
375 1740 429 1766 Deo
446 1744 542 1766 nostro
567 1740 710 1775 sejunctus
734 1740 938 1767 consideratur.

148 1787 208 1815 Jam
224 1785 354 1820 proprius
376 1785 449 1811 Deus
464 1789 556 1811 noster
569 1805 576 1817 ,
593 1786 656 1819 quis
671 1785 735 1811 est?
751 1785 837 1812 Verus
860 1786 941 1812 nimi-

151 1841 211 1861 rum
228 1833 309 1860 Deus.
327 1832 394 1865 Quis
408 1839 492 1867 porro
507 1831 633 1858 alienus?
648 1831 673 1858 ls
688 1839 786 1867 nempe
799 1852 806 1864 ,
831 1832 878 1866 qui
899 1832 941 1858 di«

150 1887 255 1908 versam
280 1887 295 1906 a
317 1886 383 1906 vero
410 1877 466 1905 Deo
495 1882 622 1904 naturam
647 1877 742 1905 habet.
765 1878 856 1910 Quare
878 1885 941 1904 cum

151 1926 276 1961 proprius
294 1930 388 1952 noster
404 1925 441 1952 sit
465 1931 548 1951 verus
565 1924 648 1957 Deus,
664 1924 728 1951 inde
742 1923 772 1951 ﬁt
789 1929 818 1950 ut
844 1925 941 1959 unige-

151 1971 225 1999 nitus
239 1971 322 2003 Deus,
338 1970 360 1998 si
374 1969 429 1998 veri
443 1969 488 1996 Dei
511 1974 646 2001 naturam,
665 1975 692 1996 ut
705 1969 940 2002 volunthazretici,

152 2024 206 2044 non
223 2017 337 2048 habeat,
353 2016 461 2043 alienus
475 2016 547 2043 Deus
568 2015 623 2048 sit,
647 2022 701 2042 non
717 2020 811 2042 autem
835 2020 940 2043 noster.

152 2062 295 2095 Caeterum,
312 2070 382 2094 oves,
403 2066 433 2089 ut
447 2062 474 2088 in
492 2061 638 2096 Evangelio
654 2061 757 2096 legitur
771 2061 805 2094 °',
823 2061 941 2088 alienum

153 2115 203 2134 non
223 2108 344 2134 audiunt.

186 2153 237 2187 Qui
255 2160 378 2181 creatum
392 2154 483 2189 ipsum
497 2160 556 2182 esse
573 2153 622 2187 ait,
639 2153 663 2180 is
675 2161 690 2180 a
705 2157 805 2181 natura
820 2152 877 2180 veri
893 2153 940 2180 Dei

153 2200 269 2227 alit-num
299 2201 405 2228 statuit.
434 2200 492 2228 Jam
517 2200 583 2235 quid
613 2204 698 2235 agunt
725 2198 793 2235 [qui
817 2204 938 2226 creatura
956 2204 978 2232 υ

153 2244 347 2281 proﬁtentur]?
377 2246 529 2273 adoranlue
562 2245 650 2278 ilium,
677 2245 798 2272 annon?
827 2244 855 2271 Si
883 2252 938 2271 non

153 2293 276 2325 adorant,
302 2290 413 2320 Iudaeos
435 2292 580 2319 imitantur
599 2291 646 2327 qui
666 2291 807 2319 Christum
823 2291 939 2318 adoran-

153 2339 215 2365 dum
234 2346 294 2366 esse
312 2341 423 2373 negant.
437 2337 473 2365 At
489 2338 512 2365 si
527 2337 662 2370 adorant,
689 2337 840 2364 idololatrce
862 2340 937 2369 sunt,

154 2386 198 2420 qui
218 2386 336 2413 alienum
353 2393 369 2413 a
383 2392 448 2412 vero
474 2385 530 2412 Deo
550 2384 676 2412 adorent.
702 2384 762 2410 Jam
787 2388 864 2417 aeque
887 2382 939 2408 itu-

155 2431 227 2467 pium
249 2436 308 2463 est,
328 2435 356 2458 et
379 2439 475 2458 verum
500 2431 583 2457 Deum
607 2438 662 2456 non
681 2428 806 2457 adorare,
829 2433 857 2454 et
873 2427 941 2454 alie-

155 2486 216 2505 num
246 2485 261 2504 a
286 2485 351 2504 vero
382 2477 437 2504 Deo
467 2477 593 2503 adorare.
619 2475 737 2502 Proinde
767 2481 849 2501 verus
880 2471 938 2499 veri

155 2523 240 2552 Patris
270 2523 356 2551 Filius
384 2522 457 2550 Deus
488 2523 567 2550 nobis
594 2521 728 2549 dicendus
750 2525 790 2548 est
822 2525 850 2547 ut
875 2526 938 2546 eum

155 2571 298 2597 adoremus
331 2576 422 2604 neque
454 2568 690 2600 condemnemur,
715 2572 745 2594 ut
780 2566 861 2593 alieni
891 2564 938 2592 Dei

156 2615 324 2644 adoratores.

182 2672 306 2705 Ejusdem
323 2671 434 2707 Nysseni
447 2670 611 2732 indorutioqe
628 2670 658 2697 de
676 2668 737 2697 Filii
749 2671 773 2695 et
794 2668 911 2703 Spiritus

493 2713 553 2732 tvnn
568 2715 582 2732 a
597 2713 610 2731 ε

493 2706 610 2732 ivinitate

190 2763 232 2792 M.
251 2764 351 2792 Dicunt
374 2762 536 2791 Eunomiani
551 2781 559 2794 ,
583 2761 681 2788 Filium
708 2761 854 2796 aliquando
882 2767 938 2787 non

209 2854 231 2872 "
250 2854 321 2883 Psal.
346 2857 400 2889 dtx,
416 2855 442 2882 τι.
467 2854 498 2890 ,⁸⁸
514 2853 596 2881 Prov.
613 2860 673 2886 vni,
684 2852 730 2880 Q5.

983 242 1096 268 omnino
1113 240 1171 266 iuit.
1187 239 1214 266 Si
1233 238 1362 273 splendor
1381 245 1434 265 non
1449 236 1549 268 fuerit,
1567 243 1600 262 ne
1617 236 1663 270 qui
1678 235 1769 270 splen-

983 286 1061 313 deret
1085 285 1196 321 quidem
1222 285 1284 312 fuit.
1308 284 1335 311 Si
1363 284 1504 310 character
1525 289 1573 308 seu
1601 282 1686 315 ligura
1714 287 1769 306 non

983 333 1084 363 fuerit,
1100 340 1134 358 ne
1151 329 1304 366 ltypostasis
1322 329 1431 364 quidem
1451 329 1510 355 l'uit.
1530 327 1558 354 Si
1573 327 1694 361 potentia
1716 333 1770 352 non

985 378 1079 409 fuerit,
1105 378 1127 404 si
1146 377 1283 411 Sapientia
1308 384 1362 403 non
1386 375 1467 402 fuerit
1493 375 1582 407 (citra
1606 380 1674 408 quas
1698 372 1771 399 Deus

985 432 1039 451 tton
1055 427 1127 457 est),
1147 430 1179 449 ne
1194 422 1265 449 Deus
1285 423 1393 456 quidem
1409 422 1469 448 fuit.
1482 421 1536 447 Nec
1551 420 1623 446 enim
1646 419 1703 446 fieri
1720 424 1770 453 pos

985 475 1048 501 test,
1067 475 1097 496 ut
1121 468 1233 502 gloriam
1257 468 1315 494 sive
1343 468 1434 495 lutm-n
1458 467 1516 493 sine
1541 465 1700 500 splendore,
1728 463 1770 490 vel

985 516 1098 551 ﬁgurant
1115 516 1174 542 sine
1190 514 1339 550 hypostasi.
1361 514 1403 540 vel
1419 513 1569 547 sapientem
1587 512 1646 538 sine
1661 511 1769 544 sapien-

985 562 1032 593 tia,
1047 562 1090 588 vel
1115 565 1254 596 potentem
1280 560 1339 586 sine
1361 559 1500 593 potentia,
1523 558 1565 585 vel
1584 558 1693 584 Patrem
1712 563 1771 582 sme

984 609 1054 636 Filio
1083 609 1242 643 cogitemus.
1267 608 1361 642 Itaque
1378 611 1452 642 patet
1471 614 1504 633 ex
1521 606 1686 640 supradictis
1708 612 1771 632 eum

985 655 1031 689 qui
1054 654 1152 682 Filium
1183 654 1271 685 tollit,
1298 660 1350 680 una
1377 657 1405 679 et
1428 653 1524 680 eadem
1556 659 1639 686 opera
1663 650 1770 677 Patrem

984 706 1096 735 quoque
1117 700 1223 726 tollere.
1243 699 1303 726 lam
1320 699 1366 725 ubi
1383 706 1471 733 neque
1489 698 1574 725 Filius
1592 697 1771 732 glorilicatur,

985 753 1076 780 neque
1098 745 1180 772 Pater
1203 752 1264 772 esse
1295 744 1429 776 creditur,
1452 744 1583 771 divinitas
1600 749 1714 778 prorsus
1739 742 1772 768 de

985 791 1078 819 medio
1094 791 1211 823 tollitur,
1223 790 1399 817 Divinitatem
1416 797 1497 824 porro
1510 789 1544 816 de
1559 789 1650 815 medio
1666 788 1772 818 tollere.

986 837 1090 864 nullius
1117 841 1180 869 est,
1204 840 1388 870 praeterquam
1421 835 1540 869 Epicuri.
1567 835 1680 862 Constat
1708 841 1773 868 ergo

988 887 1041 909 tam
1063 882 1154 916 impia:
1181 882 1316 908 haereseos
1338 885 1488 908 assertores
1510 880 1622 914 Epicuri
1644 879 1678 906 de
1692 885 1774 913 grege

985 936 1083 964 porcos
1114 935 1185 955 esse.
1219 926 1367 954 Sciendum
1390 931 1480 953 autem
1517 930 1560 953 est
1590 925 1702 952 vocibus
1732 925 1774 951 Itis

985 973 1143 1009 splendore,
1168 973 1342 1005 charactere,
1366 972 1490 1006 potentia
1516 976 1545 999 et
1575 971 1707 1007 sapientia
1729 970 1773 997 in-

985 1026 1146 1047 concussam
1160 1019 1306 1053 quatndam
1322 1018 1546 1045 constitutionem
1562 1023 1590 1045 et
1605 1017 1776 1052 conjunctio-

987 1073 1049 1092 nem
1070 1072 1119 1093 seu
1139 1064 1403 1099 coaglutinationem
1427 1064 1599 1097 potissimum
1624 1061 1773 1096 designari.

1270 1133 1362 1161 Sancti
1387 1132 1491 1168 Cyrilli.

1024 1191 1067 1218 15.
1088 1191 1173 1218 Filius
1190 1195 1230 1218 est
1245 1198 1276 1218 ex
1292 1191 1371 1218 Patre
1387 1195 1415 1217 et
1433 1190 1460 1216 in
1475 1189 1556 1216 Patre
1571 1198 1578 1215 :
1594 1187 1775 1223 quemadmo-

987 1237 1052 1264 dum
1072 1244 1104 1263 ex
1126 1236 1182 1263 sole
1206 1235 1336 1270 splendor
1360 1236 1419 1270 ejus
1444 1243 1450 1261 :
1475 1234 1517 1260 vel
1543 1231 1775 1267 quemadmodum

987 1290 1020 1308 ex
1047 1281 1109 1316 igne
1137 1281 1238 1316 ignitus
1267 1280 1326 1314 ejus
1345 1280 1429 1306 calor.
1455 1280 1483 1304 ln
1513 1276 1667 1313 hujusmodi
1701 1275 1776 1303 enim

987 1328 1120 1362 exemplis
1135 1335 1220 1354 unum
1242 1326 1353 1361 quidem
1367 1334 1400 1352 ex
1416 1333 1470 1352 uno
1483 1329 1576 1351 natum
1604 1323 1699 1350 videre
1721 1325 1775 1353 est,

987 1373 1014 1400 ei
1043 1376 1134 1399 tamen
1164 1379 1272 1406 semper
1298 1371 1436 1397 inliterens
1463 1377 1514 1396 nec
1545 1376 1664 1403 unquam
1686 1367 1720 1393 ab
1741 1373 1776 1394 eo

988 1417 1159 1452 scjunclum,
1178 1417 1215 1444 ita
1232 1422 1262 1444 ut
1280 1417 1339 1444 sine
1354 1417 1450 1450 altero,
1469 1424 1519 1451 per
1533 1423 1562 1443 se
1576 1415 1691 1442 alterum
1715 1420 1776 1441 esse

989 1471 1044 1490 non
1063 1464 1157 1497 possit,
1175 1470 1265 1498 neque
1282 1470 1374 1490 veram
1389 1463 1508 1498 propria:
1536 1466 1640 1489 natura;
1664 1467 1778 1487 conser-

991 1516 1056 1536 vare
1072 1509 1218 1537 rationem.

1255 1566 1383 1602 Ejusdem
1397 1565 1503 1602 Cyrilli.

1027 1622 1071 1649 16.
1089 1622 1116 1650 Si
1135 1622 1223 1650 Filius
1242 1630 1298 1650 nou
1323 1622 1405 1649 fuerit
1428 1629 1490 1648 cum
1506 1621 1597 1652 Patre,
1619 1619 1773 1653 praesertim

991 1675 1055 1696 cum
1070 1677 1104 1695 ex
1125 1676 1159 1696 eo
1175 1669 1339 1695 naturaliter
1358 1667 1490 1702 procedat
1515 1666 1597 1700 eique
1622 1671 1777 1693 coaeternus

992 1714 1038 1746 sit,
1056 1714 1172 1749 contigit
1187 1714 1259 1740 haud
1272 1713 1357 1740 dubie
1370 1714 1394 1739 ei
1408 1720 1519 1747 quoque
1532 1712 1577 1746 qui
1593 1719 1657 1738 eum
1672 1710 1778 1745 genuit,

992 1764 1022 1786 ut
1039 1760 1120 1786 Pater
1136 1759 1253 1786 evaserit
1270 1767 1276 1785 :
1293 1763 1374 1793 atque
1393 1758 1462 1785 adeo
1477 1758 1622 1784 mutationi
1637 1762 1664 1783 et
1679 1755 1779 1783 altera-

993 1805 1062 1832 tioni
1081 1805 1200 1838 cuipiam
1229 1804 1367 1830 obnoxius
1393 1811 1453 1830 esse
1477 1803 1612 1830 videatur.
1637 1801 1779 1836 Siquidem

992 1851 1064 1886 quod
1081 1858 1136 1877 non
1151 1856 1222 1882 erat,
1240 1854 1269 1877 ut
1283 1851 1379 1882 vultis,
1396 1850 1422 1876 id
1440 1850 1615 1885 postmodum
1629 1850 1726 1876 evasit.
1744 1849 1778 1874 At

992 1904 1058 1924 vero
1074 1901 1173 1923 natura
1188 1895 1281 1923 divina
1298 1896 1458 1923 mutationis
1479 1895 1569 1921 omnis
1591 1899 1618 1921 ct
1637 1894 1779 1921 alteratio—

992 1943 1035 1970 nis
1051 1950 1151 1978 expers
1166 1947 1220 1969 est.
1236 1942 1296 1969 Non
1312 1950 1378 1977 ergo
1391 1942 1447 1969 Deo
1460 1942 1567 1968 Patrem
1581 1941 1638 1968 ﬁeri
1654 1940 1778 1975 contigit.

992 1989 1040 2016 sed
1055 1989 1175 2016 Verbum
1190 1987 1264 2023 quod
1282 1987 1316 2014 ab
1332 1988 1391 2021 ipso
1405 1987 1550 2021 processit.
1566 1991 1732 2012 eoat-ternum
1751 1982 1779 2012 ἐἰ

991 2038 1061 2065 erat,
1074 2032 1307 2068 quemadmodum
1322 2032 1349 2059 in
1362 2031 1425 2066 igne
1440 2031 1514 2058 calor
1527 2031 1573 2065 qui
1588 2032 1622 2057 ab
1641 2031 1700 2065 ipso
1717 2038 1767 2064 pro

991 2080 1074 2111 cedit,
1091 2086 1254 2114 semperque
1268 2086 1331 2105 cum
1346 2078 1404 2113 ipso
1421 2082 1463 2105 est
1481 2082 1509 2103 et
1520 2085 1553 2103 ex
1568 2077 1672 2103 lumine
1687 2081 1775 2110 Splen-

991 2127 1042 2154 dor
1057 2125 1229 2153 extrinsecus
1241 2124 1411 2151 elueescens.

1221 2191 1253 2219 Β.
1270 2191 1350 2218 Joan.
1380 2190 1550 2218 Damasceni.

1029 2251 1074 2277 l'I.
1093 2248 1342 2283 Quemadmodum,
1352 2248 1434 2275 simul
1449 2254 1531 2282 atque
1544 2248 1614 2283 ignis
1625 2252 1677 2280 est,
1696 2248 1779 2275 simul

992 2295 1085 2323 lumen
1098 2302 1209 2330 quoque
1224 2293 1349 2329 procedit
1370 2301 1402 2320 ex
1419 2301 1464 2325 eo,
1491 2300 1542 2319 nec
1564 2293 1683 2328 primum
1710 2293 1779 2328 ignis

992 2347 1044 2372 est,
1074 2346 1132 2368 tum
1158 2348 1224 2367 vero
1249 2341 1311 2374 post
1335 2347 1398 2366 eum
1424 2339 1529 2369 lumen,
1554 2341 1601 2366 scd
1625 2339 1705 2366 simul
1727 2347 1779 2366 una

994 2393 1058 2416 sunt
1074 2396 1081 2414 :
1097 2388 1134 2415 ita
1150 2387 1233 2414 etiam
1249 2387 1330 2414 Pater
1340 2391 1368 2413 et
1384 2385 1469 2413 Filius
1485 2385 1565 2412 simul
1582 2393 1636 2412 una
1654 2390 1736 2416 sunt;
1753 2391 1779 2412 ct

993 2433 1224 2468 quemadmodum
1243 2432 1334 2459 lumen
1351 2432 1423 2466 quod
1441 2439 1474 2458 ex
1493 2431 1555 2466 igne
1580 2439 1689 2466 semper
1716 2438 1780 2457 ena-

992 2481 1089 2511 scitur,
1118 2486 1227 2513 semper
1250 2478 1276 2505 in
1295 2486 1327 2505 eo
1350 2484 1402 2510 est,
1425 2478 1555 2511 nulloque
1569 2485 1679 2511 prorsus
1697 2477 1779 2503 modo

993 2526 1027 2553 ab
1055 2526 1102 2552 illo
1128 2524 1296 2560 scjungitur,
1326 2526 1362 2552 ita
1394 2530 1422 2552 et
1442 2525 1525 2551 Filius
1550 2531 1583 2550 ex
1615 2523 1693 2550 Patre
1729 2531 1779 2549 na-

995 2572 1090 2604 scitur,
1104 2579 1155 2599 nec
1176 2571 1231 2598 ullo
1258 2579 1369 2606 prorsus
1392 2571 1474 2597 modo
1496 2571 1529 2597 ab
1556 2579 1589 2597 eo
1610 2576 1779 2605 segregatur,

995 2617 1042 2644 sed
1059 2618 1084 2645 ei
1102 2626 1210 2652 semper
1227 2617 1306 2645 inest.
1321 2618 1356 2644 At
1373 2625 1437 2644 vero
1459 2618 1550 2644 lumen
1576 2617 1687 2651 quidem
1706 2618 1779 2652 quod

993 2671 1026 2692 ex
1056 2664 1118 2698 igne
1142 2665 1178 2691 ita
1198 2664 1319 2699 procedit
1346 2669 1375 2690 ut
1403 2663 1436 2690 ab
1460 2663 1505 2690 illo
1527 2670 1580 2690 non
1605 2665 1723 2695 recedat,
1752 2669 1780 2691 et

994 2708 1022 2738 in
1051 2718 1084 2738 eo
1114 2718 1222 2745 semper
1258 2714 1376 2742 maneat,
1403 2710 1541 2745 propriam
1564 2710 1721 2746 hypostasin
1745 2715 1780 2738 ab

995 2757 1113 2792 igneque
1136 2757 1286 2791 sejunctam
1299 2764 1353 2784 non
1371 2756 1463 2788 habet,
1477 2757 1611 2784 naturalis
1625 2756 1697 2784 enitn
1713 2765 1781 2792 qua-

776 2850 798 2867 “
812 2851 883 2879 Psal.
897 2857 976 2884 Lux,
991 2850 1018 2878 9.
1054 2851 1075 2868 ⁶¹
1094 2849 1179 2876 Exod.
1208 2856 1254 2883 xx,
1271 2848 1299 2877 2..
1331 2849 1354 2865 “
1374 2849 1451 2878 Joan.
1465 2855 1492 2881 ι,
1505 2847 1531 2875 5.
