1927 3085
179 123 248 154 1423

806 124 953 154 ΝΙΟΕΤ.Ε
969 126 1170 157 ΕΙΙΟΝῘΛΤᾸΞ

1742 129 1842 162 1421

176 181 240 208 litas
258 185 300 211 est
312 179 398 214 ipsius
415 179 495 215 ignis.
512 178 674 214 Uuigcnitus
687 183 778 206 autem
797 179 844 207 Dei
863 180 959 211 Filius,
976 183 997 212 Λ
1011 191 1059 210 sua
1075 184 1108 211 θ’.
1122 182 1256 210 Czrtermn
1275 191 1353 218 opera
1371 191 1497 210 manuum
1511 184 1567 218 ejus
1582 186 1681 212 ueritas
1695 191 1722 212 ct
1735 187 1844 221 judi-

173 227 220 261 qui
234 234 266 253 ex
279 226 358 253 Patre
375 226 411 252 ita
427 225 535 259 genitus
549 229 600 256 est,
619 229 648 252 ut
661 225 695 252 ab
710 232 743 251 εο
762 225 883 259 separari
898 225 964 251 divi-

173 269 254 303 dique
271 277 323 295 non
342 269 476 303 possit.et
491 271 518 294 in
531 276 564 294 eo
580 276 687 302 semper
702 273 803 301 manet,
821 269 961 304 propriam

172 321 200 340 et
215 322 228 340 a
248 314 325 340 Patre
340 315 492 347 seiunctam
511 313 670 349 bypostasin
688 313 780 341 habet.

171 370 238 397 Alia:
253 370 414 404 assertiones
436 369 559 396 adversus
577 370 644 395 hunc
661 370 817 396 Arianorum
838 371 959 404 lia'resin,

314 405 382 439 quod
397 403 516 432 Christus
532 414 547 430 α
562 404 641 430 Patre
654 409 756 430 creatus
775 405 818 430 sit.

486 460 563 487 CAP.
583 460 651 487 LVI.

190 507 280 542 Magni
293 506 399 538 Basilii,
415 505 490 542 Quod
507 505 593 532 Filius
609 514 690 540 neque
702 510 843 538 creatura,
861 515 944 542 neque

457 541 611 575 ﬁgmentum
627 543 671 567 sit.

210 599 252 625 l8.
266 598 293 626 Si
308 598 393 625 Filius
409 603 536 625 creatura
550 598 595 627 sit.
611 605 676 632 ergo
692 603 720 625 et
738 605 843 625 servus.
863 597 960 625 Omnia

170 645 255 675 enim,
272 644 310 671 ait
326 644 383 676 ille,
406 643 455 670 tibi
478 644 600 677 subjecta
625 648 698 671 sunt.
723 643 781 670 Jam
808 644 829 670 si
852 651 958 677 servus,

171 695 300 724 tauquam
326 694 454 716 creatura
469 689 516 721 sit,
532 689 669 724 quomodo
684 689 756 715 servi
779 689 894 716 formam
911 696 957 716 ac~

170 736 262 769 cepit?
297 735 430 762 Dominus
459 742 525 769 ergo
555 742 616 761 cum
642 739 715 761 esset
734 742 793 761 eam
813 734 918 768 accepit
949 743 956 760 :

169 789 224 808 non
251 785 344 809 autem
375 788 472 808 servus
486 800 494 813 ,
512 787 602 814 neque
619 784 757 811 creatura,
774 780 822 807 sed
845 781 957 808 oumino

169 827 253 854 Deus.

434 871 559 907 Ejusdem
589 871 692 898 Basilii.

208 929 252 956 l9.
275 929 303 956 Si
317 933 411 957 nostra
430 929 458 956 in
474 929 574 956 Filium
591 929 658 956 tides
676 937 744 963 opus
761 929 807 956 Dei
840 933 893 960 est,
919 929 957 956 ait

168 975 240 1002 enim
262 976 331 1002 ille:
350 975 405 1002 Hoc
429 980 466 1002 est
488 983 552 1010 opus
578 974 636 1007 Dei,
659 979 686 1001 ut
707 974 819 1001 credatis
837 975 862 1000 t‘u
887 982 956 1006 eum,

169 1030 245 1056 quem
264 1021 310 1048 ille
335 1023 403 1048 misit
431 1022 474 1054 ";
500 1021 586 1048 Filius
608 1028 669 1048 esse
696 1028 750 1047 non
779 1024 870 1055 potest
888 1028 956 1054 opus

166 1067 309 1094 DoLNam
334 1067 402 1094 ﬁdes
446 1067 474 1094 in
503 1067 601 1094 Filium
635 1073 663 1094 et
687 1066 772 1094 Filius
800 1068 856 1100 ipse
884 1066 954 1093 idem

170 1121 225 1140 non
242 1117 316 1140 sunt.

304 1177 425 1213 Tlteologi
450 1185 481 1204 ex
502 1178 620 1204 oratione
641 1177 668 1209 2,
686 1178 718 1203 de
740 1176 816 1205 Filio.

202 1235 247 1262 ‘20.
271 1234 349 1261 Illum
363 1242 474 1269 quoque
489 1234 638 1268 Scripturte
655 1234 745 1260 locum
764 1233 842 1261 valde
864 1241 954 1268 prom-

167 1284 244 1314 ptum
259 1285 286 1306 ct
301 1279 459 1313 expeditum
483 1278 582 1305 habent
608 1286 616 1304 :
643 1278 770 1304 Dominus
794 1278 891 1304 ereavit
915 1284 955 1303 me

165 1326 270 1352 initium
279 1325 382 1352 viarum
394 1332 502 1351 suarum
513 1323 546 1350 ad
555 1331 634 1358 opera
648 1331 696 1349 sua
707 1323 740 1349 “.
751 1322 791 1349 Ad
804 1329 884 1356 quem
895 1322 955 1356 qui-

165 1371 228 1396 dem
245 1371 332 1396 locum
346 1376 477 1403 quonam,
490 1376 593 1402 quaaso,
606 1368 688 1394 modo
706 1366 954 1402 respondebimus?

165 1417 207 1444 An
225 1424 290 1442 vero
309 1416 482 1442 Salomonem
499 1413 709 1441 aeeusabimus?
726 1414 873 1448 prioraque
894 1414 954 1448 ejus

165 1459 280 1493 scripta,
304 1463 416 1494 propter
444 1459 552 1493 lapsum
581 1458 628 1492 qui
653 1457 818 1484 subsecutus
834 1461 885 1488 est,
902 1457 953 1483 im-

166 1505 364 1540 probabimus?
380 1506 541 1532 Dicemnsnc
557 1511 709 1530 sermonem
724 1503 797 1530 hunc
813 1503 953 1537 sapientia:

165 1538 289 1582 attribui.
317 1559 378 1585 que
403 1550 473 1577 nihil
496 1550 571 1577 aliud
600 1550 646 1582 sit,
673 1557 754 1584 quant
785 1549 902 1575 scientia
923 1553 951 1575 ct
967 1538 990 1568 (ἶ

167 1596 315 1623 artiﬁciosa
334 1596 469 1630 qumpiam
496 1595 577 1623 ratio,
606 1602 659 1628 qua
689 1598 786 1620 cuncta
806 1593 953 1619 constituta

167 1641 244 1668 sunt?
260 1641 402 1674 Siquidem
418 1639 559 1672 Scriptura
574 1646 622 1673 per
636 1637 856 1672 prosopopoeiam
871 1637 955 1664 mutis

169 1686 252 1712 etiam
272 1685 355 1711 rebus
370 1683 542 1718 loquentium
555 1690 685 1717 personas
695 1690 748 1708 non
771 1690 832 1708 raro
846 1689 954 1708 accom-

166 1731 274 1758 mod‘arc
292 1731 372 1760 solet,
391 1734 431 1762 ut,
450 1729 526 1755 verbi
543 1728 630 1762 gratia
651 1736 658 1753 :
678 1727 750 1754 Marc
765 1727 833 1754 dixit
846 1727 905 1754 lucc
927 1731 955 1754 et

167 1777 242 1808 hinc;
267 1781 295 1803 et
321 1776 436 1810 abyssus
462 1774 532 1800 dixit
559 1783 565 1800 :
592 1773 623 1800 In
638 1781 742 1800 menon
756 1777 793 1799 est
808 1775 840 1799 π.
858 1773 923 1799 ltem
946 1781 952 1799 :

168 1823 232 1850 (Iazli
260 1825 389 1849 enarrant
415 1820 527 1856 gloriam
543 1819 590 1846 Dei
612 1819 646 1846 “.
671 1819 737 1846 Item
764 1819 818 1845 alio
837 1818 953 1854 quodam

167 1869 227 1895 loco
240 1868 349 1894 balnea:
359 1867 453 1894 nescio
463 1866 527 1900 quid
545 1865 696 1900 iniungitur
707 1865 739 1891 ³⁷.
753 1864 830 1896 Item,
848 1868 955 1890 montes

165 1919 191 1941 ct
203 1913 286 1940 colles
299 1914 514 1946 interrogantur,
531 1911 574 1938 cui
589 1910 787 1937 exsultaverint
802 1910 834 1935 “.
849 1909 953 1936 Horum

166 1967 250 1995 porro
269 1959 336 1985 nihil
362 1958 389 1984 in
415 1957 536 1984 medium
554 1956 745 1991 producimus,
770 1955 923 1990 quamlibet
939 1962 954 1981 a

168 2005 302 2038 majorum
319 2008 475 2029 nostrorum
494 2001 643 2031 nonnullis,
663 2005 790 2034 tanquam
808 2000 886 2027 iirma
908 2007 954 2026 ar—

168 2053 300 2082 gumenta
314 2048 452 2082 proposita
470 2048 536 2074 sint.
555 2047 596 2074 Sit
620 2054 684 2081 ergo
710 2054 775 2073 sane
799 2046 954 2073 Servatoris

168 2095 266 2130 ipsius,
284 2093 331 2128 qui
351 2100 415 2119 vera
444 2092 578 2126 sapientia
602 2095 654 2124 est,
677 2091 775 2118 oratio.
804 2091 954 2125 Parumper

167 2146 258 2167 tamen
276 2137 465 2172 dispiciamus.
477 2137 606 2170 Quantam
622 2143 667 2164 res
680 2142 732 2169 est,
748 2136 792 2163 cui
808 2137 882 2163 nulla
890 2136 954 2163 sub-

166 2186 202 2212 sit
216 2184 314 2211 causa?
330 2183 477 2210 Divinitas.
502 2182 599 2210 Nullus
616 2182 690 2209 enim
707 2186 760 2212 est,
779 2182 825 2216 qui
842 2188 952 2208 causam

166 2233 266 2260 atl‘erre
280 2235 373 2266 queat,
392 2238 442 2256 cur
462 2230 498 2256 sit
516 2230 586 2256 Deus
605 2237 611 2254 :
628 2234 675 2256 aut
692 2229 714 2255 si
732 2228 822 2258 _ullam
844 2228 951 2259 atterat,

167 2287 198 2305 va
208 2279 263 2305 Deo
275 2278 414 2310 antiquior
427 2277 461 2303 sit
476 2281 594 2311 oportet.
609 2275 644 2302 At
661 2274 851 2305 humanitatis,
871 2281 950 2308 quam

165 2329 311 2359 propterea
327 2323 474 2358 assumpsit
490 2323 562 2350 Deus
580 2330 661 2350 causa
678 2328 802 2356 quamam
820 2320 890 2347 fuit?
914 2320 952 2347 Ea

166 2377 287 2406 prorsus,
317 2374 346 2397 ut
371 2377 421 2397 nos
448 2373 572 2396 servaret
601 2377 608 2395 :
634 2375 696 2394 nam
716 2375 777 2402 qua:
794 2367 881 2402 possit
898 2366 951 2393 alia

165 2416 305 2452 proferri?
327 2416 395 2448 Quia
411 2423 476 2450 ergo
497 2415 550 2442 hoc
570 2415 596 2441 in
613 2414 764 2449 Scriptura:
787 2414 849 2441 loco
866 2413 951 2440 verba

166 2464 264 2490 creavit
278 2466 303 2489 et
322 2466 430 2498 generat
444 2469 483 2488 me
495 2461 637 2496 perspicua
648 2455 813 2492 invenimus,
835 2460 950 2494 simplex

168 2509 237 2536 ratio
257 2514 309 2536 est.
328 2507 467 2542 Quidquid
484 2514 595 2534 causam
611 2506 713 2532 habere
731 2506 953 2540 deprehenderi-

167 2562 239 2587 mus,
254 2554 281 2582 id
295 2561 361 2581 vero
374 2554 407 2581 ad
421 2553 618 2580 humanitatem
629 2559 790 2579 revocemus
801 2561 806 2578 :
818 2552 954 2587 quidquid

167 2605 259 2627 autem
275 2600 391 2634 simplex
406 2605 544 2632 causaque
562 2605 668 2631 carens,
681 2597 817 2625 divinitati
835 2599 955 2626 ascriba-

167 2654 239 2673 mus.
255 2646 350 2680 ltaque
365 2645 451 2672 verbo
468 2644 564 2671 creavit
589 2651 638 2671 sua
653 2644 725 2671 inest
750 2651 843 2671 causa.
865 2645 956 2680 luquit

164 2692 239 2720 enim
258 2702 265 2718 :
279 2692 382 2719 Great-it
396 2698 436 2717 me
449 2691 551 2717 initium
566 2691 669 2718 viarum
691 2699 801 2718 suarum
826 2691 861 2718 ad
875 2700 954 2721 oucra

206 2795 226 2809 ⁶²
238 2795 315 2822 Joan.
331 2801 367 2824 vi.
380 2793 425 2820 29.
473 2792 587 2819 “Prov.
602 2801 660 2823 ιἰιι,
677 2794 721 2821 92.

165 2835 241 2859 cun,
259 2829 285 2856 4.
327 2829 348 2844 θ’
363 2828 443 2855 Prov.
467 2836 525 2859 vni,
541 2830 585 2855 29.
630 2829 651 2844 7°
680 2829 748 2856 t’sal.
770 2838 812 2862 cx,
836 2832 861 2857 7.

766 2794 787 2809 "
806 2795 856 2821 Joh
871 2803 966 2826 xxviii,
985 2798 1028 2825 H.

1016 228 1112 254 (licium
1126 229 1165 259 ⁷⁰ς
1183 228 1287 262 quibus
1303 229 1337 256 de
1354 229 1444 255 causis
1458 228 1602 256 divinitate
1619 235 1729 258 unctus
1750 236 1797 259 est
1819 241 1834 259 :

1015 273 1074 300 hac
1088 275 1161 300 enim
1178 274 1272 301 unctio
1290 274 1471 302 humanitatis
1486 279 1537 302 est.
1553 275 1678 307 Atillud,
1696 282 1833 312 generat

1015 326 1070 350 me,
1087 325 1170 345 causa
1184 323 1280 345 caret:
1299 319 1342 345 vel
1358 319 1379 345 si
1395 327 1447 353 qua
1464 318 1502 345 illi
1520 319 1648 354 adjuncta
1670 321 1722 352 sit,
1750 329 1825 347 eam

1014 364 1145 391 ostendas
1159 365 1225 391 mihi
1235 365 1328 392 velim.
1346 365 1474 397 Quaenam
1491 365 1575 401 igitur
1587 367 1712 395 obstabit
1724 370 1817 399 ratio.

1015 410 1167 444 quominus
1192 411 1340 445 sapientia,
1358 411 1401 437 vel
1422 412 1539 439 humana
1566 414 1712 447 generatio
1729 422 1814 441 crea-

1015 459 1074 482 tura
1094 457 1220 483 vocetur?
1233 461 1260 483 et
1283 457 1421 491 genitura,
1442 457 1465 483 si
1493 457 1588 491 prima:
1606 458 1683 485 illius
1704 460 1816 486 multo-

1012 509 1066 536 que
1083 503 1169 536 magis
1188 502 1422 536 incompreheusa:
1445 504 1629 537 generationis
1654 505 1732 531 ratio
1758 506 1814 532 ha-

1011 546 1132 573 beatur?
1158 547 1260 573 Eodem
1288 547 1463 574 referendum
1479 553 1531 579 est,
1551 549 1624 582 quod
1641 549 1690 577 ille
1705 558 1814 578 servus

1011 591 1115 622 audiat,
1135 592 1235 627 quippe
1249 593 1295 627 qui
1314 593 1407 620 multis
1425 593 1493 620 bene
1511 594 1622 621 serviat.
1641 595 1712 622 Item
1727 597 1811 631 quod

1011 639 1046 663 sit
1074 645 1196 672 magnus.
1213 639 1285 672 quod
1305 639 1390 666 Filius
1406 639 1453 666 Dei
1470 644 1595 667 vocetur.
1610 641 1678 667 Nam
1701 643 1809 675 procul

1010 681 1094 709 dubio
1110 689 1192 709 carne
1211 688 1350 718 assumpta
1364 688 1392 710 et
1407 684 1550 711 nativitate
1570 685 1666 711 serviit
1687 694 1694 711 :
1717 691 1811 720 atque

1010 727 1157 755 affectibus
1171 729 1255 755 etiam
1284 730 1397 761 nostris,
1413 734 1442 755 ut
1454 737 1506 756 nos
1521 730 1549 756 in
1566 730 1724 758 liberlatem
1740 733 1809 758 vin-

1009 775 1115 801 dicaret
1132 783 1138 801 :
1156 779 1184 801 et
1197 775 1304 801 ueteris
1319 775 1463 808 omnibus,
1479 783 1598 810 quorum
1627 777 1806 804 intermedio

1008 827 1057 847 eos
1074 820 1120 854 qui
1137 823 1248 854 peceato
1273 824 1353 846 erant
1378 820 1489 847 obnoxii
1505 820 1644 849 liberavit.
1660 821 1804 849 Caeterum

975 861 995 887 Β
1010 865 1077 899 quid
1096 865 1213 891 boiniuis
1228 865 1324 891 vilitati
1349 866 1436 900 majus
1448 866 1575 893 accidere
1592 868 1693 901 potuit,
1714 876 1803 902 quam

1012 916 1041 939 ut
1057 912 1112 938 Deo
1132 912 1356 946 eonjungeretur,
1370 917 1398 939 et
1413 920 1444 939 ea
1460 920 1493 939 ex
1507 913 1707 946 conjunctione
1726 914 1803 941 Deus

1010 957 1151 987 evaderet,
1167 963 1248 991 atque
1265 958 1298 984 ab
1313 958 1425 984 Oriente
1440 959 1494 984 alto
1516 958 1552 984 ita
1577 959 1753 990 visitaretur,
1771 964 1802 986 ut

1010 1003 1082 1037 quod
1101 1009 1262 1029 nasceretur
1283 1008 1419 1034 sanctum,
1441 1003 1573 1030 Altissimi
1589 1004 1674 1031 Fitius
1695 1005 1803 1031 dicere-

1011 1054 1056 1075 tur
1073 1057 1080 1074 2
1099 1049 1192 1082 illique
1220 1057 1320 1075 uolucri
1357 1049 1514 1082 inderetur,
1540 1050 1614 1083 quod
1639 1055 1682 1077 est
1713 1058 1799 1084 super

1009 1101 1090 1119 extitre
1106 1101 1215 1125 ιιιιιιιιιιι,
1240 1098 1312 1127 quod
1324 1094 1435 1128 quidem
1447 1093 1521 1121 aliud
1531 1094 1599 1121 nihil
1613 1101 1667 1125 est,
1681 1100 1799 1130 pneter-

1008 1146 1091 1173 quam
1120 1139 1211 1166 Duos,
1242 1139 1335 1172 illique
1364 1139 1433 1166 adeo
1457 1147 1507 1174 pro
1535 1140 1613 1167 nobis
1641 1139 1795 1172 exinanito,

1008 1192 1109 1218 quippe
1125 1185 1172 1217 qui
1190 1184 1311 1210 divinam
1336 1185 1481 1219 imaginem
1497 1193 1558 1212 eum
1582 1186 1675 1212 servili
1706 1185 1796 1213 ferina

1008 1230 1207 1264 conjunxisset,
1237 1238 1319 1257 onmc
1346 1238 1416 1266 genu
1453 1230 1632 1262 ﬂecteretur,
1663 1233 1797 1267 omnique

1009 1277 1102 1303 domui
1135 1277 1255 1310 lsraelis,
1276 1285 1339 1304 eum
1370 1285 1384 1304 a
1411 1278 1466 1304 Deo
1493 1277 1639 1305 Dominum
1657 1283 1685 1305 et
1708 1279 1794 1305 Deum

1007 1324 1109 1350 iui-tum
1128 1331 1186 1350 esse
1210 1323 1423 1350 innotesceret?
1453 1323 1596 1358 Siquidem
1625 1325 1684 1352 hau:
1700 1324 1796 1351 omnia

1009 1375 1065 1397 tum
1087 1369 1173 1404 geniti
1191 1377 1285 1404 opera,
1301 1375 1358 1397 tum
1374 1369 1506 1404 genitoris
1522 1370 1660 1397 voluntate
1673 1370 1798 1405 perfecta

1008 1419 1080 1441 ευιιι.

1289 1459 1381 1487 Sancti
1407 1460 1510 1496 Cyrilli.

1040 1517 1085 1543 2|.
1113 1517 1160 1544 llis
1176 1525 1259 1552 porro
1279 1518 1373 1545 verbis
1403 1527 1410 1545 :
1440 1519 1473 1545 Et
1501 1517 1646 1545 Dominum
1673 1525 1738 1545 eum
1768 1523 1797 1546 et

1007 1563 1145 1591 Ghristum
1173 1565 1246 1592 Deus
1275 1565 1349 1597 iecit,
1383 1564 1536 1591 dominatio
1568 1565 1597 1590 in
1627 1564 1723 1590 oumia
1753 1572 1799 1590 re—

1006 1619 1145 1646 gnumque
1163 1612 1332 1646 designatur;
1364 1611 1437 1645 quod
1465 1610 1578 1645 quidem
1608 1610 1690 1636 Pater
1724 1610 1798 1637 Filio

1006 1662 1136 1691 tanquam
1161 1657 1266 1684 homini
1282 1657 1420 1684 commisit
1448 1661 1502 1683 :at
1536 1663 1590 1683 non
1617 1655 1679 1690 ejus
1708 1656 1798 1690 ipsius

1005 1707 1111 1730 natura:
1128 1703 1223 1730 factio.

1272 1749 1400 1784 Ejusdem
1424 1748 1528 1783 Cyrilli.

1038 1804 1084 1830 22.
1111 1804 1138 1831 Si
1162 1808 1291 1839 tanquam
1310 1805 1382 1831 Deus
1398 1805 1511 1832 dixisset
1527 1813 1535 1832 :
1549 1805 1677 1832 Dominus
1696 1806 1796 1831 creavit

1005 1857 1057 1881 me,
1076 1849 1169 1883 potius
1187 1849 1302 1876 dixisset
1318 1857 1325 1876 :
1343 1850 1425 1876 Pater
1439 1846 1545 1876 ereavit
1569 1857 1622 1875 me.
1650 1848 1795 1884 Nusquam

1004 1895 1077 1921 enim
1092 1902 1153 1922 eum
1168 1895 1313 1922 Dominum
1332 1903 1424 1925 suum.
1444 1895 1491 1922 sed
1508 1895 1616 1923 l'atrem
1636 1900 1727 1923 vocat.

1274 1950 1401 1985 Ejusdem
1420 1950 1524 1984 Cyrilli.

1039 2006 1083 2033 23.
1109 2005 1137 2034 Si
1152 2007 1215 2041 quia
1231 2009 1431 2042 primogenitus
1449 2011 1583 2034 creatura:
1597 2007 1689 2035 dictus
1703 2008 1790 2039 e5t",

1005 2051 1068 2078 inde
1085 2051 1269 2086 colligendum
1286 2052 1332 2083 sit,
1351 2051 1469 2083 primum
1487 2059 1550 2078 eum
1567 2056 1691 2078 creatura
1717 2060 1792 2084 esse,

1004 2096 1051 2131 qui
1065 2097 1166 2123 factum
1175 2102 1217 2123 est
1232 2102 1261 2123 ιιι
1274 2097 1434 2124 nondixcrit
1449 2097 1596 2131 Apostolus
1609 2105 1672 2124 eum
1689 2098 1793 2125 factum

1004 2149 1066 2168 esse
1082 2145 1145 2169 ante
1165 2142 1269 2173 omnia,
1284 2142 1333 2169 sed
1350 2143 1440 2176 potius
1455 2149 1516 2169 esse
1538 2148 1601 2169 ante
1623 2142 1738 2170 omnia?
1755 2144 1794 2170 Eo

1003 2187 1076 2214 enim
1091 2187 1162 2222 quod
1177 2195 1238 2215 esse
1256 2187 1336 2216 dixit.
1358 2188 1432 2214 hunc
1452 2187 1565 2222 quidem
1588 2195 1696 2222 seraper
1720 2196 1792 2220 esse.

1004 2237 1159 2260 creaturam
1175 2241 1241 2260 vero
1254 2234 1353 2260 tactam
1367 2241 1427 2260 esse
1439 2233 1570 2262 ostendit.
1581 2233 1674 2269 Itaque
1690 2235 1794 2268 primo—

1005 2279 1116 2313 genitus
1136 2278 1227 2305 omnis
1254 2284 1388 2306 creatura:
1413 2279 1502 2306 dictus
1516 2285 1568 2311 est,
1594 2286 1641 2306 seu
1666 2280 1793 2314 primitiae
1821 2279 1823 2281 ’

1005 2332 1082 2351 nova:
1130 2330 1290 2356 creaturzn,
1345 2326 1451 2352 ratione
1507 2325 1685 2352 humanitatis
1733 2327 1794 2360 ejus

1005 2371 1109 2402 habita,
1137 2371 1239 2406 quippe
1261 2371 1308 2406 qui
1326 2371 1362 2398 sit
1379 2371 1504 2406 corporis
1527 2371 1655 2399 Ecclesia:
1670 2371 1793 2399 fidelium

1003 2421 1095 2450 caput.

1280 2462 1406 2497 Ejusdem
1423 2462 1526 2498 Cyrilli.

1037 2516 1083 2544 ‘24.
1101 2517 1187 2544 Filius
1199 2517 1400 2552 primogenitus
1412 2518 1502 2545 omnis
1516 2519 1650 2554 genitura:
1666 2524 1792 2552 voratur,

1004 2568 1059 2587 non
1080 2566 1210 2598 tanquam
1230 2563 1335 2597 primus
1359 2556 1403 2590 eis
1426 2570 1546 2598 tempore
1574 2564 1677 2596 fuerit,
1702 2573 1793 2600 neque

1004 2607 1077 2641 quod
1095 2608 1191 2634 eadem
1208 2616 1270 2635 cum
1290 2610 1426 2636 creaturis
1443 2609 1597 2637 substantia
1615 2615 1735 2643 constet,
1744 2611 1792 2638 sed

1004 2653 1068 2686 quia
1081 2660 1111 2679 se
1125 2653 1158 2679 ad
1174 2658 1315 2680 creaturas
1332 2653 1476 2682 demiserit
1493 2675 1501 2686 ,
1518 2655 1694 2690 similemque
1712 2656 1793 2682 nobis

1005 2706 1034 2725 se
1051 2698 1157 2726 iecerit.
1175 2699 1242 2726 Illud
1262 2704 1352 2727 tamen
1379 2701 1571 2728 observatione
1598 2701 1711 2736 dignum
1737 2706 1790 2732 est.

1071 2799 1093 2815 ⁸⁸
1106 2800 1266 2834 Psal.xxtu,
1279 2802 1306 2829 ‘2.
1344 2802 1366 2818 ⁸⁷
1380 2802 1496 2830 Zachar.
1516 2810 1574 2835 xm,
1609 2803 1634 2829 7.
1679 2802 1702 2818 "
1715 2802 1789 2828 Psal.

907 2832 928 2847 ”
944 2833 1048 2861 Coloss.
1066 2843 1084 2867 I,
1104 2836 1146 2862 l5.
