1927 3085
175 106 242 136 1427

169 216 199 234 ue
212 209 324 236 credatis
338 210 400 238 milii
412 210 446 236 ".

423 266 549 301 Ejusdem
572 268 675 303 Cyrilli.

201 318 245 345 55.
265 319 498 351 Quemadmodum
521 322 610 350 bonus
625 324 694 350 odor
708 324 763 358 illc,
777 326 823 361 qui
837 332 950 354 natura-

166 362 228 388 liter
249 368 276 390 et
303 365 487 394 essentialiter
503 374 518 394 e
535 367 602 395 ﬂore
628 371 771 404 procedit,
798 371 874 399 lloris
888 373 948 408 ejus

166 409 282 441 speciem
302 410 414 442 indicat.
432 420 446 438 a
462 420 516 447 quo
529 418 655 448 tanquam
669 421 782 450 parente
799 422 879 445 natus
893 423 946 449 est,

165 454 198 480 ita
209 460 238 480 ct
248 455 329 487 titius,
344 457 390 490 qui
404 458 553 487 velutodor
567 465 683 494 paterna:
698 461 857 490 substantia:
867 465 946 498 quis-

165 500 233 534 piam
259 506 317 533 est,
338 504 488 536 genitorem
518 513 597 532 suum
625 506 757 534 declarat.
773 508 819 535 Ait
838 509 910 536 enim
938 518 945 536 :

165 544 213 578 Qui
229 547 296 572 uidet
310 555 360 580 me,
375 549 442 575 uidet
456 555 479 576 et
495 549 601 578 Patrem
611 552 644 579 “.

180 611 208 638 S.
222 604 316 646 Cyrilli
332 614 442 649 objeclio
458 623 550 645 contra
563 619 687 653 Arianos,
701 622 808 657 ejusque
818 623 925 651 solutio.

196 677 240 704 35.
268 678 313 706 Sic
337 681 436 707 alicubi
464 682 594 710 Servatur
619 685 657 711 ait
685 688 804 720 seipsum
832 689 943 722 quidem

161 723 188 750 in
204 725 282 752 Patre
298 734 369 759 sese,
383 728 489 755 Patrem
506 735 597 757 autent
611 732 792 760 consimiliter
804 735 830 760 in
843 735 943 768 seipso.

159 770 218 797 Jam
236 772 322 799 cuivis
339 774 514 807 perspicuum
527 781 580 806 est.
604 785 659 804 non
678 778 714 805 ita
737 779 942 814 intelligendum

803 110 951 142 NICETIE
971 113 990 142 C
997 114 1173 145 ΙΙΟΝΙΑΤᾸξ

172 160 254 188 Filius
271 165 324 197 agit
340 162 373 189 ".
388 163 455 190 Item
473 172 480 191 :
497 163 526 191 Si
541 172 620 199 opera
637 164 725 192 Patria
742 167 792 193 mei
804 174 856 193 non
870 166 949 201 facio,
965 169 989 198 Α

1742 113 1859 145 ιίὲς

1803 114 1827 130 ει

1805 129 1828 143 ι

1270 169 1395 204 Ejusdem
1416 169 1519 197 Basilii.

1035 227 1079 254 57.
1103 225 1326 261 Comparationcs
1352 226 1463 261 proprie
1487 226 1559 253 inter
1571 225 1618 253 illa
1634 225 1731 257 ﬁunt,
1758 231 1857 259 quae

1000 277 1064 299 sunt
1089 272 1211 306 ejusdem
1237 272 1355 307 generis.
1389 272 1486 299 Nullus
1515 273 1586 299 enim
1615 272 1712 299 Deum
1752 278 1852 298 cum

999 318 1106 352 angelo,
1128 322 1176 344 aut
1198 318 1323 352 angelum
1349 325 1410 345 cum
1439 318 1558 348 homine.
1577 321 1623 344 aut
1647 316 1847 343 hominem

999 371 1060 388 Cum
1085 361 1166 389 bruto
1191 362 1315 393 confert;
1332 362 1379 389 sed
1401 362 1474 389 Deus
1495 362 1603 397 quidem
1621 369 1690 388 cum
1727 360 1846 386 nullo

999 408 1116 435 conferri
1141 411 1240 442 potest,
1265 412 1362 434 cmtcra
1386 415 1451 434 vero
1472 415 1533 435 cum
1548 407 1580 434 iis
1594 407 1840 435 conferuntur,

998 461 1059 488 qu:e
1075 458 1138 480 sunt
1152 453 1260 489 generis
1273 453 1413 488 ejusdem:
1429 461 1482 480 non
1497 457 1587 480 autem
1605 460 1669 479 eum
1686 451 1727 478 iis
1748 458 1840 486 qua:

997 499 1110 528 diversi.

1033 535 1089 571 Nec
1111 544 1183 571 enim
1209 545 1321 579 angelus
1343 553 1403 572 cum
1420 545 1540 576 homine.
1560 553 1610 572 nec
1627 545 1718 571 homo
1742 552 1832 571 cum

997 589 1079 616 bruto
1101 597 1153 616 nec
1169 590 1272 624 lignum
1300 596 1362 616 cum
1389 589 1478 624 lapide
1503 589 1654 622 confertur,
1675 589 1752 622 Quo
1774 591 1828 620 tit,

996 639 1027 661 ut
1042 635 1068 660 in
1087 634 1120 661 iis
1133 642 1193 669 qua:
1204 639 1268 661 sunt
1280 635 1400 670 ejusdem
1424 636 1543 670 generis.
1565 635 1663 662 melius
1682 643 1750 661 non
1773 635 1829 661 d2—

996 685 1082 711 catur,
1107 680 1153 707 sed
1175 681 1270 715 magis,
1292 682 1363 715 plus,
1386 685 1413 708 et
1432 683 1531 715 majus.
1560 681 1654 715 Itaque
1670 681 1698 707 si
1715 681 1827 708 Pater

995 727 1064 754 Filio
1085 727 1191 753 ratione
1217 731 1322 753 natura:
1344 726 1401 754 sive
1437 726 1596 754 substantia)
1617 727 1712 761 major
1750 730 1820 758 est,

994 774 1049 800 erit
1067 773 1152 800 Filius
1165 772 1286 807 ejusdem
1308 780 1370 800 cum
1386 773 1464 800 Patre
1477 773 1650 800 substantiae.

160 815 213 843 I100
226 825 296 869 esse,
322 824 350 845 υῑ
373 822 603 869 quemadnnnlum
629 831 730 858 corpus
752 833 877 860 corpore,
896 830 944 853 θυι
960 830 979 856 Β
1041 835 1136 869 Cyrile
1162 836 1287 862 adversus
1309 845 1351 863 eo;
1365 838 1410 868 qui
1427 838 1553 864 minorem
1580 837 1680 865 Filium
1704 840 1815 866 intra-

158 863 302 890 vasculum
320 866 431 893 vasculo
448 868 703 901 comprehenditur,
731 870 768 897 ita
790 871 873 898 etiam
889 872 941 898 Pa-

159 915 227 937 trem
241 917 255 936 a
273 910 351 942 Filio,
366 912 408 938 vel
424 921 438 940 e
455 913 565 940 diverso
578 915 675 942 Filium
692 924 706 943 a
721 917 800 944 Patre
818 925 941 952 compre-

159 955 243 982 hendi
257 957 460 990 quodammodo
477 959 610 988 dicamus.
630 961 764 988 Czeterum
780 963 825 989 hic
841 963 866 989 in
881 964 939 996 illo,

159 1002 260 1038 illeque
277 1004 302 1031 iu
321 1004 373 1031 hoc
385 1005 453 1032 citra
466 1007 646 1034 mutationem
664 1015 723 1035 esse
745 1008 864 1041 videtur,
880 1016 940 1036 Ian-

159 1057 240 1082 qnam
255 1049 280 1076 in
298 1051 425 1078 essentia:
451 1051 604 1084 identitale,
628 1054 800 1088 naturalique
824 1054 940 1088 conjun-

158 1095 249 1122 ctione
263 1100 345 1130 atque
363 1097 554 1125 similitudine.
583 1099 816 1132 Quemadmodum
839 1100 860 1127 si
880 1101 941 1134 quis

159 1140 186 1167 in
211 1141 329 1175 imagine
354 1150 431 1170 suam
447 1144 592 1178 genuinam
616 1146 789 1179 conspicatus
812 1145 939 1176 formam,

157 1194 224 1214 vere
241 1188 405 1222 quibusdam
433 1190 517 1220 dicat,
541 1191 750 1218 similitudinem
773 1196 825 1218 tam
844 1197 940 1218 exacte

156 1240 314 1267 expressam
326 1235 476 1263 demiratus
491 1247 497 1263 :
516 1237 571 1271 Ego
588 1237 613 1264 in
630 1237 681 1264 hac
697 1237 815 1272 pictura,
841 1242 869 1265 et
897 1238 940 1272 pi-

156 1285 232 1306 ctura
248 1280 304 1307 haec
316 1283 341 1307 iu
354 1283 456 1309 me.Vel
468 1283 697 1317 quemadmodum
710 1283 731 1310 si
746 1284 869 1311 caliditas
882 1292 941 1318 qum

158 1325 320 1352 naturaliter
335 1326 367 1352 ab
384 1327 445 1361 igne
462 1328 596 1362 procedit,
607 1329 681 1362 loqui
700 1335 803 1363 posset,
823 1329 942 1356 diceret-

159 1378 213 1405 que
229 1371 303 1406 :Ego
320 1373 345 1398 in
364 1373 434 1408 igne.
449 1381 473 1400 et
495 1375 564 1410 ignis
577 1375 603 1401 in
619 1383 671 1403 me.
688 1376 754 1403 Nam
770 1375 942 1409 supradicto-

159 1423 220 1442 rttm
237 1418 454 1452 unumquodque
469 1419 754 1454 cogttationequidem
773 1419 858 1446 dividi
873 1427 941 1453 quo-

156 1462 302 1491 dammodo
319 1468 428 1498 potest;
449 1470 477 1491 at
503 1470 601 1492 natura
621 1473 704 1492 untun
722 1471 764 1493 est
776 1487 783 1498 ,
800 1473 940 1499 unumqth

155 1515 189 1536 ex
221 1516 275 1536 uno
301 1509 442 1537 individua
472 1511 588 1545 quadam
621 1512 797 1546 processione
830 1504 974 1544 oritur,C

148 1555 389 1596 quemadmodum
407 1557 511 1591 seiungi
533 1565 642 1591 quoquc
666 1558 775 1584 videtur
791 1557 825 1584 ab
846 1565 879 1584 eo
894 1558 938 1585 cui

156 1601 266 1634 quidem
283 1601 363 1629 inest.
379 1601 624 1629 Verumcnimvero
643 1604 751 1632 tametsi
771 1604 812 1630 vis
825 1608 940 1631 etener-

156 1648 199 1681 gla
215 1655 311 1677 eorum
329 1657 388 1683 quzr
404 1649 437 1675 de
455 1649 520 1683 ipsis
533 1650 691 1681 cogitantur
708 1649 759 1676 hoc
774 1650 857 1678 veluti
870 1658 941 1683 quo-

155 1694 217 1719 dant
233 1698 296 1728 typo
309 1694 461 1728 clucescat,
477 1694 504 1720 in
526 1694 610 1720 altero
638 1699 727 1721 tamen
744 1694 863 1726 videtur,
882 1702 940 1723 amo

155 1740 247 1773 lioque
274 1738 346 1765 idem
372 1744 452 1770 sum,
468 1739 490 1765 si
516 1739 677 1766 substantia:
697 1739 767 1766 ratio
794 1739 939 1766 habeatur.

155 1785 254 1820 itaque
268 1785 291 1812 si
307 1786 436 1813 essentia:
447 1786 563 1819 ratione,
581 1793 642 1821 qua:
654 1786 753 1813 mutari
764 1793 818 1813 non
836 1790 938 1825 potest.

153 1836 237 1865 atque
249 1832 418 1859 obaracteris
428 1839 475 1858 seu
488 1831 592 1865 figurae,
601 1840 662 1866 quae
673 1840 786 1867 prorsus
799 1832 939 1866 corrumpi

154 1878 337 1904 adulterat-ire
349 1878 454 1911 nequit,
472 1877 552 1904 Pater
568 1878 595 1904 in
607 1878 676 1905 Filio
690 1884 742 1909 est.
758 1879 805 1914 qui
821 1878 878 1905 ﬁeri
892 1886 940 1913 po-

155 1925 229 1956 terit,
249 1929 279 1951 ut
294 1924 381 1959 major
397 1924 424 1951 in
439 1924 585 1956 minorem,
608 1925 648 1952 sic
668 1925 741 1951 enim
768 1925 812 1952 isti
840 1924 938 1952 Filium

154 1974 280 2002 censent,
297 1975 427 2003 transeat,
436 1975 463 1997 et
475 1970 502 1997 in
513 1977 546 1998 eo
554 1970 692 1997 videatur?
701 1970 769 2003 Quia
782 1978 846 1997 vero
859 1979 938 2005 pror-

153 2025 201 2044 sus
216 2018 242 2044 in
256 2024 289 2044 eo
304 2022 356 2050 cst,
370 2017 558 2051 consequitur,
569 2021 599 2044 ut
612 2017 698 2044 Filius
718 2017 830 2044 omnino
852 2017 940 2052 perfe-

154 2071 216 2091 ctus
232 2063 268 2091 sit
284 2068 312 2091 ct
334 2071 349 2090 a
374 2062 495 2097 perfecto
509 2063 650 2098 procedat,
666 2063 755 2098 magni
772 2063 860 2090 Patris
872 2063 938 2091 cha-

155 2115 246 2138 racter
259 2114 288 2137 et
300 2110 352 2143 tigu
359 2117 398 2137 ra.

1026 871 1134 908 tingunt,
1163 878 1192 896 eo
1217 871 1429 908 qttodrChristus
1453 874 1479 898 in
1506 873 1657 908 Evangeliis
1685 875 1774 902 dicat
1800 884 1812 902 :

1033 914 1042 930 ι
1060 905 1140 931 Pater
1159 913 1232 932 meus
1249 907 1334 941 major
1349 915 1392 933 me
1408 913 1456 934 est.
1473 917 1482 933 ι

1026 975 1071 1002 58.
1091 973 1143 1007 Qui
1163 982 1228 1002 vero
1254 976 1311 1003 ﬁeri
1332 981 1420 1011 potest
1449 983 1479 1004 ut
1498 978 1581 1005 Filius
1608 979 1703 1005 minor
1720 979 1807 1006 dica-

992 1025 1048 1052 tur,
1065 1021 1111 1055 qui
1134 1023 1280 1056 perspicue
1307 1022 1399 1048 dicat:
1414 1022 1508 1050 Omnia
1535 1032 1697 1059 qumcuuque
1715 1024 1804 1051 habet

993 1067 1084 1101 Pater,
1103 1076 1160 1095 mea
1187 1068 1292 1095 sunt".
1309 1068 1341 1095 Et
1355 1068 1421 1095 alibi
1443 1069 1498 1096 Deo
1509 1073 1536 1096 et
1551 1070 1621 1096 Patri
1648 1069 1737 1097 verba
1755 1071 1802 1097 fa-

991 1114 1067 1141 ciens
1083 1123 1091 1142 ;
1114 1114 1219 1147 Omnia,
1243 1114 1341 1149 inquit,
1356 1123 1413 1141 mea
1430 1119 1475 1141 tua
1490 1119 1560 1146 sunt,
1576 1120 1600 1142 et
1616 1120 1662 1142 tua
1679 1124 1743 1142 mea
1759 1116 1798 1147 ",

993 1160 1018 1186 in
1035 1160 1141 1187 Patrem
1168 1167 1276 1194 quoque
1292 1160 1370 1186 cadet
1383 1166 1412 1186 ut
1424 1160 1514 1186 tninor
1537 1160 1657 1191 dicatur,
1674 1161 1799 1188 itidem-

992 1212 1045 1238 que
1067 1204 1093 1231 in
1110 1204 1221 1236 Filium,
1235 1208 1265 1230 ut
1278 1204 1373 1238 major,
1397 1204 1547 1238 prmsertim
1575 1211 1636 1231 cum
1652 1204 1680 1230 in
1694 1211 1796 1230 rerum

992 1251 1089 1277 ordine
1114 1250 1218 1276 nullum
1249 1250 1284 1277 sit
1314 1249 1472 1281 discrimen,
1495 1249 1629 1284 siquidem
1644 1257 1704 1283 qua:
1719 1249 1792 1276 utri-

992 1303 1045 1330 que
1072 1296 1166 1323 insunt
1180 1296 1207 1323 in
1228 1302 1347 1330 utroque
1369 1300 1527 1326 cernantur,
1545 1296 1582 1322 ita
1599 1299 1629 1321 ut
1651 1294 1790 1330 quidquid

992 1341 1080 1368 Patris
1092 1346 1143 1372 est,
1161 1341 1186 1368 id
1203 1341 1262 1369 Filii
1290 1349 1399 1376 quoque
1416 1342 1462 1371 sit.
1479 1345 1506 1368 et
1522 1348 1599 1367 versa
1618 1341 1690 1371 vice,
1707 1341 1794 1375 quid-

991 1387 1056 1421 quid
1080 1387 1139 1413 Filii
1161 1387 1299 1422 propritru
1318 1395 1378 1414 esse
1397 1387 1517 1418 videtur,
1535 1387 1559 1413 id
1578 1386 1653 1413 Patri
1673 1394 1791 1420 quoque

992 1435 1130 1461 convenit.
1160 1435 1252 1468 Itaque
1270 1433 1339 1460 nihil
1358 1433 1488 1464 obstabit,
1512 1432 1661 1467 quominus
1676 1433 1788 1459 Patrem

993 1479 1061 1505 Filio
1076 1479 1221 1511 minorem,
1237 1483 1265 1505 et
1278 1479 1377 1505 FIIIIIIII
1395 1479 1472 1505 Patre
1487 1478 1617 1511 majorem
1637 1477 1785 1504 dicamus:

992 1525 1038 1551 sed
1054 1524 1209 1559 huiusmodi
1225 1524 1366 1558 quidpiam
1381 1524 1421 1550 vel
1436 1524 1555 1558 cogitare
1580 1523 1785 1558 perabsurdum

991 1577 1042 1597 est.
1066 1571 1237 1606 Quapropter
1255 1569 1367 1604 atqualis
1386 1575 1429 1598 est
1444 1569 1530 1602 Patri,
1552 1577 1606 1598 non
1631 1570 1712 1597 Patre
1735 1570 1788 1596 mi-

991 1625 1051 1648 uor,
1073 1617 1119 1652 qui
1141 1625 1300 1644 communes
1326 1617 1409 1644 habet
1429 1624 1491 1644 cum
1517 1617 1598 1644 Patre
1623 1616 1786 1643 substantiae

990 1663 1150 1697 dignitates.

990 1731 1053 1760 Alia
1082 1730 1191 1765 objectio
1217 1730 1403 1758 Anommorum
1423 1738 1432 1757 :
1452 1730 1493 1758 Αη
1515 1730 1604 1757 uolens
1629 1728 1722 1761 Pater,
1744 1737 1781 1755 an

1194 1765 1284 1793 nolens
1311 1765 1411 1792 Filium
1434 1765 1579 1801 genuerit?

1289 1832 1366 1861 CAP.
1387 1832 1479 1861 LVIII.

990 1901 1083 1937 Magni
1104 1900 1225 1935 Gregorii
1251 1900 1426 1937 Theologifaz
1449 1901 1569 1927 oratione
1587 1900 1618 1926 de
1633 1900 1768 1934 incompre-

1160 1936 1280 1964 hensibili
1296 1935 1357 1963 Filii
1371 1935 1420 1962 Dei
1435 1937 1615 1970 generatione.

1024 2002 1237 2038 59.Cujusmodi
1250 2009 1330 2037 porro
1339 2006 1391 2034 est,
1411 2001 1483 2036 quod
1496 2001 1619 2029 Anomoei
1635 2001 1774 2035 objiciunt,

990 2057 1070 2084 quam
1097 2049 1216 2075 rixosum
1229 2053 1256 2075 et
1280 2048 1444 2082 impudens?
1468 2047 1614 2079 Volcnsne,
1639 2048 1772 2082 inquiunt,

989 2097 1088 2124 Filium
1100 2095 1204 2130 genuit.
1222 2102 1255 2121 an
1270 2095 1385 2122 nolens?
1399 2094 1498 2121 deinde
1520 2094 1610 2125 nodis,
1624 2098 1653 2121 ut
1667 2093 1714 2128 ipsi
1730 2102 1772 2120 ar-

989 2142 1149 2172 bitrantur,
1178 2141 1307 2175 utrinque
1334 2148 1384 2167 nos
1411 2140 1571 2174 implicant,
1596 2148 1650 2167 non
1669 2139 1770 2172 validis,

154 2179 245 2214 Magni
272 2178 375 2220 Basilii,
404 2178 472 2213 quod
499 2177 729 2220 Paler'sltuﬁji'lio
753 2178 839 2220 maior
855 2186 936 2207 causa

997 2188 1034 2215 ted
1060 2186 1207 2214 admodum
1231 2186 1343 2220 putidis.
1369 2186 1397 2213 Si
1421 2186 1526 2217 nolens,
1548 2185 1686 2220 inquiunt,
1710 2193 1768 2219 ergo

260 2219 382 2248 paterna,
397 2222 448 2240 non
464 2218 552 2240 autem
565 2213 709 2240 diuinitatis
722 2218 829 2242 natura.

190 2280 235 2307 55.
252 2280 279 2307 Si
293 2281 440 2308 essentiam
455 2280 574 2308 essentia
589 2281 721 2315 majorem
742 2285 789 2309 aut
802 2281 937 2309 minorem

155 2335 209 2354 non
218 2326 352 2358 dicemus,
361 2327 443 2353 verba
451 2327 506 2358 illa,
516 2327 687 2361 Palermajor
696 2336 736 2354 me
745 2332 782 2354 est
790 2328 823 2359 "",
835 2328 940 2355 ratione

155 2373 316 2401 substantia:
326 2374 397 2402 dicta
413 2381 466 2400 nun
477 2378 558 2406 sunt;
572 2374 618 2401 sed
633 2374 695 2409 quia
711 2374 770 2411 ejus
785 2374 874 2405 Pater,
888 2374 940 2402 hoc

154 2425 208 2453 cst,
223 2427 303 2446 causa
317 2425 344 2447 ct
360 2420 527 2454 principium
545 2425 597 2448 est.

420 2486 546 2520 Ejusdem
569 2487 674 2514 Basilii.

189 2556 234 2583 56.
251 2555 278 2582 Si
293 2563 374 2583 causa
390 2557 477 2590 major
492 2559 534 2582 est
549 2562 581 2581 co
597 2555 675 2589 cujus
696 2558 738 2581 est
750 2561 844 2582 causa.
858 2557 886 2580 et
901 2552 935 2579 a‘n

156 2603 215 2636 ipso
236 2602 361 2628 essentia:
379 2601 484 2627 ratione
510 2600 612 2627 diITert.
646 2599 742 2627 Omnis
757 2603 846 2626 autem
863 2603 939 2632 pater

155 2655 236 2675 causa
253 2653 306 2677 est.
321 2647 465 2680 omnisque
482 2646 554 2673 ﬁlius
565 2646 588 2672 is
602 2645 680 2680 cujus
706 2649 781 2679 pater
792 2652 874 2671 causa
885 2647 938 2674 est,

155 2699 230 2722 certe
246 2694 364 2729 majores
380 2694 442 2720 {iliis
465 2698 556 2728 patres
578 2693 736 2727 diversique
753 2696 817 2718 sunt
833 2691 867 2717 ab
884 2691 939 2718 illis

155 2739 281 2768 assentiar
296 2740 412 2768 ratione.
427 2738 483 2766 [Ioc
499 2746 592 2765 verum
606 2746 659 2765 non
673 2742 725 2765 est.

686 2826 707 2842 "
721 2827 866 2858 .loa:t.x1v,
880 2826 904 2853 9⁴

172 2827 194 2845 ⁸³
213 2827 293 2857 ιῑυιιη.
308 2835 334 2857 v.
352 2827 395 2856 I9.
434 2827 457 2842 ‘”
471 2827 549 2858 Joan.
567 2835 592 2854 κ,
608 2827 650 2853 57.

944 2826 964 2839 ’τ
983 2825 1048 2852 Ibid.
1060 2826 1102 2851 ‘18.

992 2232 1132 2268 tyrannica
1156 2236 1266 2259 coactus
1279 2240 1285 2257 :
1299 2232 1361 2267 quis
1372 2237 1463 2258 autem
1482 2231 1566 2258 Deum
1587 2239 1692 2264 cogere,
1709 2239 1770 2265 qum

990 2285 1108 2312 namque
1122 2277 1165 2304 ille
1179 2277 1260 2303 modo
1274 2277 1332 2311 cogi
1353 2276 1456 2311 possit?
1468 2276 1544 2309 Quod
1563 2276 1584 2303 si
1603 2276 1706 2306 volens.
1722 2284 1766 2302 vo-

989 2325 1103 2352 luntatis
1126 2324 1210 2351 Filius
1223 2329 1263 2351 est
1283 2323 1362 2353 Deus,
1385 2323 1529 2356 Quomodo
1553 2330 1619 2356 ergo
1633 2330 1665 2349 ex
1679 2321 1768 2349 Patre?

990 2372 1026 2399 ita
1050 2376 1080 2398 ut
1101 2379 1198 2398 nomn]
1224 2369 1369 2404 quamdam
1396 2373 1510 2395 matrem
1533 2369 1698 2395 voluntatem
1713 2368 1767 2394 loco

991 2417 1078 2445 Patris
1102 2416 1267 2449 contingant.
1283 2415 1370 2443 Unum
1395 2419 1484 2441 tamen
1503 2414 1554 2441 hoc
1575 2414 1601 2441 in
1618 2414 1671 2440 illis
1690 2421 1765 2440 venu-

992 2469 1065 2491 stum
1083 2468 1136 2493 est,
1152 2461 1174 2489 si
1191 2461 1233 2488 his
1255 2461 1347 2487 verbis
1362 2461 1487 2490 iunuant,
1503 2467 1532 2486 se
1542 2461 1574 2486 ah
1585 2459 1723 2486 aﬂ‘eetibus
1736 2459 1764 2486 ad

991 2508 1157 2535 voluntatem
1187 2506 1331 2535 defecisse.
1350 2505 1406 2532 Nec
1428 2506 1500 2532 enim
1521 2505 1646 2532 voluntas
1668 2505 1764 2534 atle.lio

990 2559 1043 2582 εει.

1027 2601 1182 2628 Secundum
1203 2607 1286 2635 porro
1300 2607 1395 2626 eorum
1417 2606 1497 2634 quant
1518 2597 1637 2625 validum
1651 2597 1683 2623 sit
1696 2605 1757 2631 argu-

990 2652 1111 2674 mentum
1138 2647 1287 2673 videamus.
1309 2645 1470 2673 Prmstitcrit
1495 2649 1583 2671 tamen
1596 2643 1618 2670 si
1631 2648 1693 2670 ante
1709 2650 1760 2669 eum

992 2693 1044 2720 illis
1060 2700 1167 2719 wanum
1184 2691 1296 2726 propius
1312 2698 1501 2719 conseramus.
1514 2690 1569 2724 Age
1584 2697 1650 2716 vero
1665 2694 1691 2716 tu
1703 2689 1760 2723 ipse,

991 2738 1037 2772 qui
1055 2737 1134 2764 facile
1150 2736 1219 2763 dicis
1235 2736 1368 2771 quidquid
1393 2736 1459 2764 libet
1483 2736 1524 2765 EX
1542 2735 1685 2762 volentene
1699 2739 1761 2768 patre

1149 2825 1169 2838 “
1184 2825 1251 2852 Joan
1285 2833 1339 2857 an,
1362 2824 1402 2851 I5.
1443 2824 1465 2840 "
1480 2826 1556 2851 .lcan.
1580 2831 1645 2853 xvn.
1661 2823 1700 2851 I0.
