  <div class='ocr_page' id='page_1' title='image "/cluster/home/n/w/nwhite01/storage/ocr_20150623/139/njp.32101077773131/740.png"; bbox 0 0 1927 3085; ppageno 0'>
   <div class='ocr_carea' id='block_1_1' title="bbox 80 110 184 145">
    <p class='ocr_par' dir='ltr' id='par_1_1' title="bbox 80 110 184 145">
     <span class='ocr_line' id='line_1_1' title="bbox 80 110 184 145; baseline 0.019 -2"><span class='ocrx_word' id='word_1_1' title='bbox 80 110 184 145; x_wconf 70' lang='grc'><strong>1429</strong></span> 
     </span>
    </p>
   </div>
   <div class='ocr_carea' id='block_1_2' title="bbox 756 115 1098 148">
    <p class='ocr_par' dir='ltr' id='par_1_2' title="bbox 756 115 1098 148">
     <span class='ocr_line' id='line_1_2' title="bbox 756 115 1098 148; baseline 0 0"><span class='ocrx_word' id='word_1_2' title='bbox 756 115 953 148; x_wconf 81' lang='lat' dir='ltr'><strong>THESAURI</strong></span> <span class='ocrx_word' id='word_1_3' title='bbox 973 116 1046 148; x_wconf 86' lang='lat' dir='ltr'><strong>LIB.</strong></span> <span class='ocrx_word' id='word_1_4' title='bbox 1067 118 1098 148; x_wconf 72' lang='grc' dir='ltr'><strong>ν.</strong></span> 
     </span>
    </p>
   </div>
   <div class='ocr_carea' id='block_1_3' title="bbox 1676 113 1749 144">
    <p class='ocr_par' dir='ltr' id='par_1_3' title="bbox 1676 113 1749 144">
     <span class='ocr_line' id='line_1_3' title="bbox 1676 113 1749 144; baseline 0 0"><span class='ocrx_word' id='word_1_5' title='bbox 1676 113 1749 144; x_wconf 68' lang='grc' dir='ltr'><strong>ΜΒΟ·</strong></span> 
     </span>
    </p>
   </div>
   <div class='ocr_carea' id='block_1_4' title="bbox 73 171 1744 207">
    <p class='ocr_par' dir='ltr' id='par_1_4' title="bbox 73 171 1744 207">
     <span class='ocr_line' id='line_1_4' title="bbox 73 171 1744 207; baseline 0 -11"><span class='ocrx_word' id='word_1_6' title='bbox 73 174 145 196; x_wconf 87' lang='lat' dir='ltr'><strong>tuo</strong></span> <span class='ocrx_word' id='word_1_7' title='bbox 177 173 273 197; x_wconf 83' lang='lat' dir='ltr'><strong>natus</strong></span> <span class='ocrx_word' id='word_1_8' title='bbox 285 177 325 202; x_wconf 80' lang='lat' dir='ltr'><strong>es,</strong></span> <span class='ocrx_word' id='word_1_9' title='bbox 342 178 377 198; x_wconf 83' lang='lat' dir='ltr'><strong>an</strong></span> <span class='ocrx_word' id='word_1_10' title='bbox 392 178 425 198; x_wconf 83' lang='lat' dir='ltr'><strong>ex</strong></span> <span class='ocrx_word' id='word_1_11' title='bbox 438 171 568 199; x_wconf 83' lang='lat' dir='ltr'><strong>nolente?</strong></span> <span class='ocrx_word' id='word_1_12' title='bbox 582 171 609 199; x_wconf 90' lang='lat' dir='ltr'><strong>Si</strong></span> <span class='ocrx_word' id='word_1_13' title='bbox 623 172 744 205; x_wconf 84' lang='lat' dir='ltr'><strong>nolente,</strong></span> <span class='ocrx_word' id='word_1_14' title='bbox 769 172 908 207; x_wconf 87' lang='lat' dir='ltr'><strong>tyrannice</strong></span> <span class='ocrx_word' id='word_1_15' title='bbox 923 172 945 200; x_wconf 80' lang='grc' dir='ltr'><strong>Λ</strong></span> <span class='ocrx_word' id='word_1_16' title='bbox 960 172 1077 201; x_wconf 88' lang='lat' dir='ltr'><strong>movisse</strong></span> <span class='ocrx_word' id='word_1_17' title='bbox 1103 172 1256 206; x_wconf 89' lang='lat' dir='ltr'><strong>videantur,</strong></span> <span class='ocrx_word' id='word_1_18' title='bbox 1270 173 1355 201; x_wconf 91' lang='lat' dir='ltr'><strong>Deum</strong></span> <span class='ocrx_word' id='word_1_19' title='bbox 1379 171 1492 207; x_wconf 78' lang='lat' dir='ltr'><strong>quidem</strong></span> <span class='ocrx_word' id='word_1_20' title='bbox 1512 171 1608 198; x_wconf 86' lang='lat' dir='ltr'><strong>Filium</strong></span> <span class='ocrx_word' id='word_1_21' title='bbox 1626 178 1686 198; x_wconf 77' lang='lat' dir='ltr'><strong>esse</strong></span> <span class='ocrx_word' id='word_1_22' title='bbox 1704 174 1744 196; x_wconf 82' lang='lat' dir='ltr'><strong>Ia—</strong></span> 
     </span>
    </p>
   </div>
   <div class='ocr_carea' id='block_1_5' title="bbox 75 216 907 256">
    <p class='ocr_par' dir='ltr' id='par_1_5' title="bbox 75 216 907 256">
     <span class='ocr_line' id='line_1_5' title="bbox 75 216 907 256; baseline 0.006 -14"><span class='ocrx_word' id='word_1_23' title='bbox 75 216 250 244; x_wconf 85' lang='lat' dir='ltr'><strong>nimirum</strong></span> <span class='ocrx_word' id='word_1_24' title='bbox 275 222 387 245; x_wconf 86' lang='lat' dir='ltr'><strong>coactus</strong></span> <span class='ocrx_word' id='word_1_25' title='bbox 401 223 454 250; x_wconf 86' lang='lat' dir='ltr'><strong>est,</strong></span> <span class='ocrx_word' id='word_1_26' title='bbox 469 220 531 255; x_wconf 82' lang='lat' dir='ltr'><strong>quis</strong></span> <span class='ocrx_word' id='word_1_27' title='bbox 546 228 628 256; x_wconf 88' lang='lat' dir='ltr'><strong>porro</strong></span> <span class='ocrx_word' id='word_1_28' title='bbox 647 228 710 248; x_wconf 89' lang='lat' dir='ltr'><strong>eum</strong></span> <span class='ocrx_word' id='word_1_29' title='bbox 731 220 839 255; x_wconf 81' lang='lat' dir='ltr'><strong>coegit?</strong></span> <span class='ocrx_word' id='word_1_30' title='bbox 850 219 907 247; x_wconf 87' lang='lat' dir='ltr'><strong>Nec</strong></span> 
     </span>
    </p>
   </div>
   <div class='ocr_carea' id='block_1_6' title="bbox 76 262 906 302">
    <p class='ocr_par' dir='ltr' id='par_1_6' title="bbox 76 262 906 302">
     <span class='ocr_line' id='line_1_6' title="bbox 76 262 906 302; baseline 0.005 -14"><span class='ocrx_word' id='word_1_31' title='bbox 76 262 180 289; x_wconf 83' lang='lat' dir='ltr'><strong>enim</strong></span> <span class='ocrx_word' id='word_1_32' title='bbox 222 267 350 290; x_wconf 86' lang='lat' dir='ltr'><strong>naturam</strong></span> <span class='ocrx_word' id='word_1_33' title='bbox 383 264 505 299; x_wconf 78' lang='lat' dir='ltr'><strong>dixeris,</strong></span> <span class='ocrx_word' id='word_1_34' title='bbox 529 274 590 302; x_wconf 63' lang='lat' dir='ltr'><strong>quae</strong></span> <span class='ocrx_word' id='word_1_35' title='bbox 616 267 768 294; x_wconf 84' lang='lat' dir='ltr'><strong>castitatem</strong></span> <span class='ocrx_word' id='word_1_36' title='bbox 797 273 906 300; x_wconf 90' lang='lat' dir='ltr'><strong>quoque</strong></span> 
     </span>
    </p>
   </div>
   <div class='ocr_carea' id='block_1_7' title="bbox 78 309 907 348">
    <p class='ocr_par' dir='ltr' id='par_1_7' title="bbox 78 309 907 348">
     <span class='ocr_line' id='line_1_7' title="bbox 78 309 907 348; baseline 0.007 -14"><span class='ocrx_word' id='word_1_37' title='bbox 78 309 249 343; x_wconf 75' lang='lat' dir='ltr'><strong>amplecti</strong></span> <span class='ocrx_word' id='word_1_38' title='bbox 274 314 375 344; x_wconf 83' lang='lat' dir='ltr'><strong>potest.</strong></span> <span class='ocrx_word' id='word_1_39' title='bbox 395 312 442 339; x_wconf 89' lang='lat' dir='ltr'><strong>Sin</strong></span> <span class='ocrx_word' id='word_1_40' title='bbox 464 313 583 346; x_wconf 87' lang='lat' dir='ltr'><strong>volente,</strong></span> <span class='ocrx_word' id='word_1_41' title='bbox 612 313 706 348; x_wconf 86' lang='lat' dir='ltr'><strong>paucis</strong></span> <span class='ocrx_word' id='word_1_42' title='bbox 725 313 774 340; x_wconf 86' lang='lat' dir='ltr'><strong>tibi</strong></span> <span class='ocrx_word' id='word_1_43' title='bbox 795 312 907 348; x_wconf 81' lang='lat' dir='ltr'><strong>syllabis</strong></span> 
     </span>
    </p>
   </div>
   <div class='ocr_carea' id='block_1_8' title="bbox 79 355 906 394">
    <p class='ocr_par' dir='ltr' id='par_1_8' title="bbox 79 355 906 394">
     <span class='ocr_line' id='line_1_8' title="bbox 79 355 906 394; baseline 0.007 -14"><span class='ocrx_word' id='word_1_44' title='bbox 79 359 186 388; x_wconf 82' lang='lat' dir='ltr'><strong>pater</strong></span> <span class='ocrx_word' id='word_1_45' title='bbox 211 355 336 383; x_wconf 75' lang='lat' dir='ltr'><strong>excidit?</strong></span> <span class='ocrx_word' id='word_1_46' title='bbox 355 364 418 384; x_wconf 88' lang='lat' dir='ltr'><strong>nam</strong></span> <span class='ocrx_word' id='word_1_47' title='bbox 431 358 578 386; x_wconf 87' lang='lat' dir='ltr'><strong>voluntatis</strong></span> <span class='ocrx_word' id='word_1_48' title='bbox 590 363 626 392; x_wconf 85' lang='lat' dir='ltr'><strong>te,</strong></span> <span class='ocrx_word' id='word_1_49' title='bbox 642 367 696 386; x_wconf 94' lang='lat' dir='ltr'><strong>non</strong></span> <span class='ocrx_word' id='word_1_50' title='bbox 718 359 803 394; x_wconf 86' lang='lat' dir='ltr'><strong>patris</strong></span> <span class='ocrx_word' id='word_1_51' title='bbox 821 358 906 386; x_wconf 82' lang='lat' dir='ltr'><strong>ﬁlium</strong></span> 
     </span>
    </p>
   </div>
   <div class='ocr_carea' id='block_1_9' title="bbox 79 401 906 440">
    <p class='ocr_par' dir='ltr' id='par_1_9' title="bbox 79 401 906 440">
     <span class='ocr_line' id='line_1_9' title="bbox 79 401 906 440; baseline 0.007 -14"><span class='ocrx_word' id='word_1_52' title='bbox 79 401 263 435; x_wconf 66' lang='lat' dir='ltr'><strong>prmdicas.</strong></span> <span class='ocrx_word' id='word_1_53' title='bbox 288 402 323 429; x_wconf 79' lang='lat' dir='ltr'><strong>At</strong></span> <span class='ocrx_word' id='word_1_54' title='bbox 337 410 402 430; x_wconf 86' lang='lat' dir='ltr'><strong>vero</strong></span> <span class='ocrx_word' id='word_1_55' title='bbox 429 408 494 431; x_wconf 88' lang='lat' dir='ltr'><strong>tunc</strong></span> <span class='ocrx_word' id='word_1_56' title='bbox 518 404 553 431; x_wconf 88' lang='lat' dir='ltr'><strong>ad</strong></span> <span class='ocrx_word' id='word_1_57' title='bbox 575 405 660 432; x_wconf 89' lang='lat' dir='ltr'><strong>Deum</strong></span> <span class='ocrx_word' id='word_1_58' title='bbox 683 411 782 440; x_wconf 81' lang='lat' dir='ltr'><strong>reSque</strong></span> <span class='ocrx_word' id='word_1_59' title='bbox 801 409 906 432; x_wconf 85' lang='lat' dir='ltr'><strong>creatas</strong></span> 
     </span>
    </p>
   </div>
   <div class='ocr_carea' id='block_1_10' title="bbox 81 446 905 486">
    <p class='ocr_par' dir='ltr' id='par_1_10' title="bbox 81 446 905 486">
     <span class='ocr_line' id='line_1_10' title="bbox 81 446 905 486; baseline 0.008 -14"><span class='ocrx_word' id='word_1_60' title='bbox 81 446 216 473; x_wconf 80' lang='lat' dir='ltr'><strong>transis</strong></span> <span class='ocrx_word' id='word_1_61' title='bbox 227 447 241 473; x_wconf 83' lang='lat'><strong>?</strong></span> <span class='ocrx_word' id='word_1_62' title='bbox 255 455 320 482; x_wconf 78' lang='lat' dir='ltr'><strong>ergo</strong></span> <span class='ocrx_word' id='word_1_63' title='bbox 333 448 473 482; x_wconf 58' lang='lat' dir='ltr'><strong>sapientiai.</strong></span> <span class='ocrx_word' id='word_1_64' title='bbox 486 454 539 477; x_wconf 60' lang='lat' dir='ltr'><strong>tum</strong></span> <span class='ocrx_word' id='word_1_65' title='bbox 553 453 626 477; x_wconf 84' lang='lat' dir='ltr'><strong>tuam</strong></span> <span class='ocrx_word' id='word_1_66' title='bbox 640 451 817 478; x_wconf 85' lang='lat' dir='ltr'><strong>accommodo</strong></span> <span class='ocrx_word' id='word_1_67' title='bbox 831 459 905 486; x_wconf 71' lang='lat' dir='ltr'><strong>quae-</strong></span> 
     </span>
    </p>
   </div>
   <div class='ocr_carea' id='block_1_11' title="bbox 82 491 907 528">
    <p class='ocr_par' dir='ltr' id='par_1_11' title="bbox 82 491 907 528">
     <span class='ocr_line' id='line_1_11' title="bbox 82 491 907 528; baseline 0.008 -11"><span class='ocrx_word' id='word_1_68' title='bbox 82 491 246 520; x_wconf 83' lang='lat' dir='ltr'><strong>stionem.</strong></span> <span class='ocrx_word' id='word_1_69' title='bbox 273 493 409 521; x_wconf 76' lang='lat' dir='ltr'><strong>Volensne</strong></span> <span class='ocrx_word' id='word_1_70' title='bbox 428 495 498 522; x_wconf 87' lang='lat' dir='ltr'><strong>Deus</strong></span> <span class='ocrx_word' id='word_1_71' title='bbox 526 496 617 523; x_wconf 86' lang='lat' dir='ltr'><strong>omnia</strong></span> <span class='ocrx_word' id='word_1_72' title='bbox 641 496 776 528; x_wconf 86' lang='lat' dir='ltr'><strong>condidit,</strong></span> <span class='ocrx_word' id='word_1_73' title='bbox 798 505 832 524; x_wconf 85' lang='lat' dir='ltr'><strong>an</strong></span> <span class='ocrx_word' id='word_1_74' title='bbox 859 504 907 524; x_wconf 90' lang='lat' dir='ltr'><strong>co-</strong></span> 
     </span>
    </p>
   </div>
   <div class='ocr_carea' id='block_1_12' title="bbox 83 537 906 577">
    <p class='ocr_par' dir='ltr' id='par_1_12' title="bbox 83 537 906 577">
     <span class='ocr_line' id='line_1_12' title="bbox 83 537 906 577; baseline 0.009 -15"><span class='ocrx_word' id='word_1_75' title='bbox 83 537 209 563; x_wconf 69' lang='lat' dir='ltr'><strong>actus?</strong></span> <span class='ocrx_word' id='word_1_76' title='bbox 226 537 250 564; x_wconf 87' lang='lat' dir='ltr'><strong>si</strong></span> <span class='ocrx_word' id='word_1_77' title='bbox 266 543 387 571; x_wconf 81' lang='lat' dir='ltr'><strong>coactus,</strong></span> <span class='ocrx_word' id='word_1_78' title='bbox 405 539 462 567; x_wconf 67' lang='lat' dir='ltr'><strong>hrec</strong></span> <span class='ocrx_word' id='word_1_79' title='bbox 477 541 599 575; x_wconf 80' lang='lat' dir='ltr'><strong>tyrannis</strong></span> <span class='ocrx_word' id='word_1_80' title='bbox 610 546 661 570; x_wconf 87' lang='lat' dir='ltr'><strong>est.</strong></span> <span class='ocrx_word' id='word_1_81' title='bbox 672 542 748 574; x_wconf 64' lang='lat' dir='ltr'><strong>etjvis</strong></span> <span class='ocrx_word' id='word_1_82' title='bbox 766 542 799 569; x_wconf 87' lang='lat' dir='ltr'><strong>ab</strong></span> <span class='ocrx_word' id='word_1_83' title='bbox 814 542 906 577; x_wconf 87' lang='lat' dir='ltr'><strong>aliquo</strong></span> 
     </span>
    </p>
   </div>
   <div class='ocr_carea' id='block_1_13' title="bbox 84 581 905 623">
    <p class='ocr_par' dir='ltr' id='par_1_13' title="bbox 84 581 905 623">
     <span class='ocr_line' id='line_1_13' title="bbox 84 581 905 623; baseline 0.01 -15"><span class='ocrx_word' id='word_1_84' title='bbox 84 581 181 609; x_wconf 77' lang='lat' dir='ltr'><strong>illata</strong></span> <span class='ocrx_word' id='word_1_85' title='bbox 197 591 207 610; x_wconf 88' lang='lat'><strong>:</strong></span> <span class='ocrx_word' id='word_1_86' title='bbox 226 583 269 610; x_wconf 92' lang='lat' dir='ltr'><strong>sin</strong></span> <span class='ocrx_word' id='word_1_87' title='bbox 284 584 387 618; x_wconf 88' lang='lat' dir='ltr'><strong>volens,</strong></span> <span class='ocrx_word' id='word_1_88' title='bbox 403 593 447 613; x_wconf 90' lang='lat' dir='ltr'><strong>res</strong></span> <span class='ocrx_word' id='word_1_89' title='bbox 458 587 538 614; x_wconf 86' lang='lat' dir='ltr'><strong>etiam</strong></span> <span class='ocrx_word' id='word_1_90' title='bbox 555 593 654 616; x_wconf 74' lang='lat' dir='ltr'><strong>creata:</strong></span> <span class='ocrx_word' id='word_1_91' title='bbox 678 589 732 616; x_wconf 87' lang='lat' dir='ltr'><strong>Deo</strong></span> <span class='ocrx_word' id='word_1_92' title='bbox 752 589 905 623; x_wconf 86' lang='lat' dir='ltr'><strong>privantur,</strong></span> 
     </span>
    </p>
   </div>
   <div class='ocr_carea' id='block_1_14' title="bbox 86 629 907 668">
    <p class='ocr_par' dir='ltr' id='par_1_14' title="bbox 86 629 907 668">
     <span class='ocr_line' id='line_1_14' title="bbox 86 629 907 668; baseline 0.01 -14"><span class='ocrx_word' id='word_1_93' title='bbox 86 631 197 662; x_wconf 88' lang='lat' dir='ltr'><strong>tuque</strong></span> <span class='ocrx_word' id='word_1_94' title='bbox 225 629 252 656; x_wconf 90' lang='lat' dir='ltr'><strong>in</strong></span> <span class='ocrx_word' id='word_1_95' title='bbox 277 630 392 664; x_wconf 80' lang='lat' dir='ltr'><strong>primis,</strong></span> <span class='ocrx_word' id='word_1_96' title='bbox 419 632 466 666; x_wconf 91' lang='lat' dir='ltr'><strong>qui</strong></span> <span class='ocrx_word' id='word_1_97' title='bbox 489 634 611 667; x_wconf 80' lang='lat' dir='ltr'><strong>argutias</strong></span> <span class='ocrx_word' id='word_1_98' title='bbox 647 634 803 668; x_wconf 89' lang='lat' dir='ltr'><strong>hujusmodi</strong></span> <span class='ocrx_word' id='word_1_99' title='bbox 826 635 907 663; x_wconf 84' lang='lat' dir='ltr'><strong>nobis</strong></span> 
     </span>
    </p>
   </div>
   <div class='ocr_carea' id='block_1_15' title="bbox 87 673 906 710">
    <p class='ocr_par' dir='ltr' id='par_1_15' title="bbox 87 673 906 710">
     <span class='ocr_line' id='line_1_15' title="bbox 87 673 906 710; baseline 0.01 -12"><span class='ocrx_word' id='word_1_100' title='bbox 87 673 260 708; x_wconf 77' lang='lat' dir='ltr'><strong>contingis.</strong></span> <span class='ocrx_word' id='word_1_101' title='bbox 287 674 428 710; x_wconf 82' lang='lat' dir='ltr'><strong>Siquidem</strong></span> <span class='ocrx_word' id='word_1_102' title='bbox 455 677 579 705; x_wconf 85' lang='lat' dir='ltr'><strong>voluntas</strong></span> <span class='ocrx_word' id='word_1_103' title='bbox 600 686 649 705; x_wconf 70' lang='lat' dir='ltr'><strong>nos</strong></span> <span class='ocrx_word' id='word_1_104' title='bbox 665 686 679 705; x_wconf 84' lang='lat' dir='ltr'><strong>a</strong></span> <span class='ocrx_word' id='word_1_105' title='bbox 694 679 824 706; x_wconf 84' lang='lat' dir='ltr'><strong>Creatore</strong></span> <span class='ocrx_word' id='word_1_106' title='bbox 846 684 906 706; x_wconf 85' lang='lat' dir='ltr'><strong>tan-</strong></span> 
     </span>
    </p>
   </div>
   <div class='ocr_carea' id='block_1_16' title="bbox 88 721 905 758">
    <p class='ocr_par' dir='ltr' id='par_1_16' title="bbox 88 721 905 758">
     <span class='ocr_line' id='line_1_16' title="bbox 88 721 905 758; baseline 0.009 -14"><span class='ocrx_word' id='word_1_107' title='bbox 88 726 191 752; x_wconf 83' lang='lat' dir='ltr'><strong>quam</strong></span> <span class='ocrx_word' id='word_1_108' title='bbox 224 727 320 747; x_wconf 89' lang='lat' dir='ltr'><strong>murus</strong></span> <span class='ocrx_word' id='word_1_109' title='bbox 343 721 524 749; x_wconf 86' lang='lat' dir='ltr'><strong>intermedius</strong></span> <span class='ocrx_word' id='word_1_110' title='bbox 547 723 675 758; x_wconf 77' lang='lat' dir='ltr'><strong>sejungit.</strong></span> <span class='ocrx_word' id='word_1_111' title='bbox 714 724 905 751; x_wconf 82' lang='lat' dir='ltr'><strong>Verumeuitn-</strong></span> 
     </span>
    </p>
   </div>
   <div class='ocr_carea' id='block_1_17' title="bbox 91 765 905 803">
    <p class='ocr_par' dir='ltr' id='par_1_17' title="bbox 91 765 905 803">
     <span class='ocr_line' id='line_1_17' title="bbox 91 765 905 803; baseline 0.006 -12"><span class='ocrx_word' id='word_1_112' title='bbox 91 772 171 792; x_wconf 85' lang='lat' dir='ltr'><strong>vero</strong></span> <span class='ocrx_word' id='word_1_113' title='bbox 192 765 282 792; x_wconf 83' lang='lat' dir='ltr'><strong>alium</strong></span> <span class='ocrx_word' id='word_1_114' title='bbox 296 769 362 800; x_wconf 92' lang='lat' dir='ltr'><strong>puto</strong></span> <span class='ocrx_word' id='word_1_115' title='bbox 378 774 441 793; x_wconf 91' lang='lat' dir='ltr'><strong>eum</strong></span> <span class='ocrx_word' id='word_1_116' title='bbox 455 775 516 795; x_wconf 86' lang='lat' dir='ltr'><strong>esse</strong></span> <span class='ocrx_word' id='word_1_117' title='bbox 530 770 575 803; x_wconf 91' lang='lat' dir='ltr'><strong>qui</strong></span> <span class='ocrx_word' id='word_1_118' title='bbox 590 769 658 801; x_wconf 88' lang='lat' dir='ltr'><strong>vult,</strong></span> <span class='ocrx_word' id='word_1_119' title='bbox 673 774 700 796; x_wconf 90' lang='lat' dir='ltr'><strong>et</strong></span> <span class='ocrx_word' id='word_1_120' title='bbox 712 770 793 796; x_wconf 87' lang='lat' dir='ltr'><strong>aliam</strong></span> <span class='ocrx_word' id='word_1_121' title='bbox 808 770 905 796; x_wconf 90' lang='lat' dir='ltr'><strong>volun-</strong></span> 
     </span>
    </p>
   </div>
   <div class='ocr_carea' id='block_1_18' title="bbox 959 215 1726 252">
    <p class='ocr_par' dir='ltr' id='par_1_18' title="bbox 959 215 1726 252">
     <span class='ocr_line' id='line_1_18' title="bbox 959 215 1726 252; baseline -0.005 -8"><span class='ocrx_word' id='word_1_122' title='bbox 959 221 1060 249; x_wconf 89' lang='lat' dir='ltr'><strong>tentur,</strong></span> <span class='ocrx_word' id='word_1_123' title='bbox 1077 217 1185 252; x_wconf 85' lang='lat' dir='ltr'><strong>quoties</strong></span> <span class='ocrx_word' id='word_1_124' title='bbox 1197 225 1230 245; x_wconf 87' lang='lat' dir='ltr'><strong>eo</strong></span> <span class='ocrx_word' id='word_1_125' title='bbox 1243 221 1270 245; x_wconf 87' lang='lat' dir='ltr'><strong>et</strong></span> <span class='ocrx_word' id='word_1_126' title='bbox 1284 217 1387 244; x_wconf 80' lang='lat' dir='ltr'><strong>ratione</strong></span> <span class='ocrx_word' id='word_1_127' title='bbox 1399 221 1427 244; x_wconf 91' lang='lat' dir='ltr'><strong>et</strong></span> <span class='ocrx_word' id='word_1_128' title='bbox 1443 215 1607 243; x_wconf 89' lang='lat' dir='ltr'><strong>testimoniis</strong></span> <span class='ocrx_word' id='word_1_129' title='bbox 1628 215 1726 248; x_wconf 76' lang='lat' dir='ltr'><strong>adigun</strong></span> 
     </span>
    </p>
   </div>
   <div class='ocr_carea' id='block_1_19' title="bbox 957 262 1742 299">
    <p class='ocr_par' dir='ltr' id='par_1_19' title="bbox 957 262 1742 299">
     <span class='ocr_line' id='line_1_19' title="bbox 957 262 1742 299; baseline -0.003 -9"><span class='ocrx_word' id='word_1_130' title='bbox 957 267 1022 290; x_wconf 89' lang='lat' dir='ltr'><strong>tur:</strong></span> <span class='ocrx_word' id='word_1_131' title='bbox 1038 267 1065 291; x_wconf 89' lang='lat' dir='ltr'><strong>at</strong></span> <span class='ocrx_word' id='word_1_132' title='bbox 1083 263 1277 299; x_wconf 80' lang='lat' dir='ltr'><strong>homonymum</strong></span> <span class='ocrx_word' id='word_1_133' title='bbox 1291 284 1298 296; x_wconf 92' lang='lat'><strong>,</strong></span> <span class='ocrx_word' id='word_1_134' title='bbox 1323 263 1436 298; x_wconf 87' lang='lat' dir='ltr'><strong>soloque</strong></span> <span class='ocrx_word' id='word_1_135' title='bbox 1461 262 1571 289; x_wconf 88' lang='lat' dir='ltr'><strong>nomine</strong></span> <span class='ocrx_word' id='word_1_136' title='bbox 1593 267 1742 288; x_wconf 61' lang='lat' dir='ltr'><strong>communt.</strong></span> 
     </span>
    </p>
   </div>
   <div class='ocr_carea' id='block_1_20' title="bbox 956 307 1741 342">
    <p class='ocr_par' dir='ltr' id='par_1_20' title="bbox 956 307 1741 342">
     <span class='ocr_line' id='line_1_20' title="bbox 956 307 1741 342; baseline -0.005 -6"><span class='ocrx_word' id='word_1_137' title='bbox 956 308 1024 336; x_wconf 91' lang='lat' dir='ltr'><strong>Cum</strong></span> <span class='ocrx_word' id='word_1_138' title='bbox 1042 317 1106 336; x_wconf 89' lang='lat' dir='ltr'><strong>vero</strong></span> <span class='ocrx_word' id='word_1_139' title='bbox 1125 314 1220 337; x_wconf 89' lang='lat' dir='ltr'><strong>contra</strong></span> <span class='ocrx_word' id='word_1_140' title='bbox 1249 309 1399 337; x_wconf 84' lang='lat' dir='ltr'><strong>insistimus</strong></span> <span class='ocrx_word' id='word_1_141' title='bbox 1414 308 1456 336; x_wconf 86' lang='lat' dir='ltr'><strong>his</strong></span> <span class='ocrx_word' id='word_1_142' title='bbox 1470 308 1559 335; x_wconf 84' lang='lat' dir='ltr'><strong>verbis</strong></span> <span class='ocrx_word' id='word_1_143' title='bbox 1573 315 1580 333; x_wconf 87' lang='lat'><strong>:</strong></span> <span class='ocrx_word' id='word_1_144' title='bbox 1596 307 1651 342; x_wconf 76' lang='lat' dir='ltr'><strong>Age</strong></span> <span class='ocrx_word' id='word_1_145' title='bbox 1666 313 1741 337; x_wconf 82' lang='lat' dir='ltr'><strong>vero,</strong></span> 
     </span>
    </p>
   </div>
   <div class='ocr_carea' id='block_1_21' title="bbox 957 352 1740 389">
    <p class='ocr_par' dir='ltr' id='par_1_21' title="bbox 957 352 1740 389">
     <span class='ocr_line' id='line_1_21' title="bbox 957 352 1740 389; baseline -0.005 -8"><span class='ocrx_word' id='word_1_146' title='bbox 957 361 991 381; x_wconf 91' lang='lat' dir='ltr'><strong>an</strong></span> <span class='ocrx_word' id='word_1_147' title='bbox 1015 355 1086 382; x_wconf 84' lang='lat' dir='ltr'><strong>Deus</strong></span> <span class='ocrx_word' id='word_1_148' title='bbox 1111 362 1166 382; x_wconf 87' lang='lat' dir='ltr'><strong>non</strong></span> <span class='ocrx_word' id='word_1_149' title='bbox 1193 355 1300 389; x_wconf 83' lang='lat' dir='ltr'><strong>proprie</strong></span> <span class='ocrx_word' id='word_1_150' title='bbox 1331 356 1401 382; x_wconf 87' lang='lat' dir='ltr'><strong>Deus</strong></span> <span class='ocrx_word' id='word_1_151' title='bbox 1424 358 1486 385; x_wconf 88' lang='lat' dir='ltr'><strong>est,</strong></span> <span class='ocrx_word' id='word_1_152' title='bbox 1510 352 1740 388; x_wconf 88' lang='lat' dir='ltr'><strong>quemadmodum</strong></span> 
     </span>
    </p>
   </div>
   <div class='ocr_carea' id='block_1_22' title="bbox 957 399 1741 436">
    <p class='ocr_par' dir='ltr' id='par_1_22' title="bbox 957 399 1741 436">
     <span class='ocr_line' id='line_1_22' title="bbox 957 399 1741 436; baseline -0.006 -8"><span class='ocrx_word' id='word_1_153' title='bbox 957 401 1155 434; x_wconf 85' lang='lat' dir='ltr'><strong>nequeanimal</strong></span> <span class='ocrx_word' id='word_1_154' title='bbox 1169 401 1241 435; x_wconf 90' lang='lat' dir='ltr'><strong>quod</strong></span> <span class='ocrx_word' id='word_1_155' title='bbox 1261 401 1364 436; x_wconf 87' lang='lat' dir='ltr'><strong>pictum</strong></span> <span class='ocrx_word' id='word_1_156' title='bbox 1390 400 1447 427; x_wconf 84' lang='lat' dir='ltr'><strong>est?</strong></span> <span class='ocrx_word' id='word_1_157' title='bbox 1468 400 1519 433; x_wconf 92' lang='lat' dir='ltr'><strong>Qui</strong></span> <span class='ocrx_word' id='word_1_158' title='bbox 1544 399 1573 426; x_wconf 86' lang='lat' dir='ltr'><strong>lit</strong></span> <span class='ocrx_word' id='word_1_159' title='bbox 1605 406 1681 433; x_wconf 76' lang='lat' dir='ltr'><strong>ergo,</strong></span> <span class='ocrx_word' id='word_1_160' title='bbox 1712 401 1741 424; x_wconf 86' lang='lat' dir='ltr'><strong>ut</strong></span> 
     </span>
    </p>
   </div>
   <div class='ocr_carea' id='block_1_23' title="bbox 956 445 1482 481">
    <p class='ocr_par' dir='ltr' id='par_1_23' title="bbox 956 445 1482 481">
     <span class='ocr_line' id='line_1_23' title="bbox 956 445 1482 481; baseline 0 -9"><span class='ocrx_word' id='word_1_161' title='bbox 956 445 1029 473; x_wconf 88' lang='lat' dir='ltr'><strong>Deus</strong></span> <span class='ocrx_word' id='word_1_162' title='bbox 1042 446 1087 478; x_wconf 86' lang='lat' dir='ltr'><strong>sit,</strong></span> <span class='ocrx_word' id='word_1_163' title='bbox 1102 446 1124 473; x_wconf 89' lang='lat' dir='ltr'><strong>si</strong></span> <span class='ocrx_word' id='word_1_164' title='bbox 1139 446 1248 481; x_wconf 85' lang='lat' dir='ltr'><strong>proprie</strong></span> <span class='ocrx_word' id='word_1_165' title='bbox 1263 446 1335 472; x_wconf 89' lang='lat' dir='ltr'><strong>Deus</strong></span> <span class='ocrx_word' id='word_1_166' title='bbox 1349 453 1402 472; x_wconf 92' lang='lat' dir='ltr'><strong>non</strong></span> <span class='ocrx_word' id='word_1_167' title='bbox 1421 445 1482 473; x_wconf 87' lang='lat' dir='ltr'><strong>est?</strong></span> 
     </span>
    </p>
   </div>
   <div class='ocr_carea' id='block_1_24' title="bbox 991 490 1742 525">
    <p class='ocr_par' dir='ltr' id='par_1_24' title="bbox 991 490 1742 525">
     <span class='ocr_line' id='line_1_24' title="bbox 991 490 1742 525; baseline -0.001 -8"><span class='ocrx_word' id='word_1_168' title='bbox 991 492 1025 517; x_wconf 83' lang='lat' dir='ltr'><strong>At</strong></span> <span class='ocrx_word' id='word_1_169' title='bbox 1038 491 1104 525; x_wconf 92' lang='lat' dir='ltr'><strong>quid</strong></span> <span class='ocrx_word' id='word_1_170' title='bbox 1118 492 1218 524; x_wconf 82' lang='lat' dir='ltr'><strong>obstat,</strong></span> <span class='ocrx_word' id='word_1_171' title='bbox 1233 491 1369 525; x_wconf 87' lang='lat' dir='ltr'><strong>inquiunt,</strong></span> <span class='ocrx_word' id='word_1_172' title='bbox 1381 491 1528 525; x_wconf 87' lang='lat' dir='ltr'><strong>quominus</strong></span> <span class='ocrx_word' id='word_1_173' title='bbox 1541 494 1568 517; x_wconf 92' lang='lat' dir='ltr'><strong>et</strong></span> <span class='ocrx_word' id='word_1_174' title='bbox 1579 490 1742 520; x_wconf 75' lang='lat' dir='ltr'><strong>homonyma</strong></span> 
     </span>
    </p>
   </div>
   <div class='ocr_carea' id='block_1_25' title="bbox 956 535 1743 572">
    <p class='ocr_par' dir='ltr' id='par_1_25' title="bbox 956 535 1743 572">
     <span class='ocr_line' id='line_1_25' title="bbox 956 535 1743 572; baseline -0.004 -8"><span class='ocrx_word' id='word_1_175' title='bbox 956 541 1074 572; x_wconf 82' lang='lat' dir='ltr'><strong>utraque</strong></span> <span class='ocrx_word' id='word_1_176' title='bbox 1095 541 1123 564; x_wconf 88' lang='lat' dir='ltr'><strong>et</strong></span> <span class='ocrx_word' id='word_1_177' title='bbox 1140 538 1249 572; x_wconf 86' lang='lat' dir='ltr'><strong>proprie</strong></span> <span class='ocrx_word' id='word_1_178' title='bbox 1269 537 1411 565; x_wconf 84' lang='lat' dir='ltr'><strong>dicantur?</strong></span> <span class='ocrx_word' id='word_1_179' title='bbox 1436 537 1526 570; x_wconf 81' lang='lat' dir='ltr'><strong>Atque</strong></span> <span class='ocrx_word' id='word_1_180' title='bbox 1550 535 1628 562; x_wconf 88' lang='lat' dir='ltr'><strong>nobis</strong></span> <span class='ocrx_word' id='word_1_181' title='bbox 1642 536 1668 562; x_wconf 94' lang='lat' dir='ltr'><strong>in</strong></span> <span class='ocrx_word' id='word_1_182' title='bbox 1684 542 1743 561; x_wconf 21' lang='lat' dir='ltr'><strong>mel-</strong></span> 
     </span>
    </p>
   </div>
   <div class='ocr_carea' id='block_1_26' title="bbox 956 582 1741 618">
    <p class='ocr_par' dir='ltr' id='par_1_26' title="bbox 956 582 1741 618">
     <span class='ocr_line' id='line_1_26' title="bbox 956 582 1741 618; baseline -0.003 -8"><span class='ocrx_word' id='word_1_183' title='bbox 956 583 1031 610; x_wconf 93' lang='lat' dir='ltr'><strong>dium</strong></span> <span class='ocrx_word' id='word_1_184' title='bbox 1056 583 1195 618; x_wconf 82' lang='lat' dir='ltr'><strong>proferent</strong></span> <span class='ocrx_word' id='word_1_185' title='bbox 1219 590 1314 610; x_wconf 87' lang='lat' dir='ltr'><strong>canem</strong></span> <span class='ocrx_word' id='word_1_186' title='bbox 1345 587 1502 610; x_wconf 81' lang='lat' dir='ltr'><strong>terrestrem</strong></span> <span class='ocrx_word' id='word_1_187' title='bbox 1533 587 1561 610; x_wconf 87' lang='lat' dir='ltr'><strong>et</strong></span> <span class='ocrx_word' id='word_1_188' title='bbox 1584 582 1741 608; x_wconf 79' lang='lat' dir='ltr'><strong>marinum:</strong></span> 
     </span>
    </p>
   </div>
   <div class='ocr_carea' id='block_1_27' title="bbox 956 626 1744 663">
    <p class='ocr_par' dir='ltr' id='par_1_27' title="bbox 956 626 1744 663">
     <span class='ocr_line' id='line_1_27' title="bbox 956 626 1744 663; baseline -0.003 -9"><span class='ocrx_word' id='word_1_189' title='bbox 956 632 987 655; x_wconf 88' lang='lat' dir='ltr'><strong>ut</strong></span> <span class='ocrx_word' id='word_1_190' title='bbox 1002 636 1062 663; x_wconf 66' lang='lat' dir='ltr'><strong>quae</strong></span> <span class='ocrx_word' id='word_1_191' title='bbox 1079 628 1133 655; x_wconf 85' lang='lat' dir='ltr'><strong>sint</strong></span> <span class='ocrx_word' id='word_1_192' title='bbox 1146 628 1310 663; x_wconf 84' lang='lat' dir='ltr'><strong>homonyma</strong></span> <span class='ocrx_word' id='word_1_193' title='bbox 1324 633 1349 655; x_wconf 89' lang='lat' dir='ltr'><strong>et</strong></span> <span class='ocrx_word' id='word_1_194' title='bbox 1367 628 1477 662; x_wconf 85' lang='lat' dir='ltr'><strong>proprie</strong></span> <span class='ocrx_word' id='word_1_195' title='bbox 1490 627 1627 654; x_wconf 83' lang='lat' dir='ltr'><strong>dicantur.</strong></span> <span class='ocrx_word' id='word_1_196' title='bbox 1643 626 1744 653; x_wconf 88' lang='lat' dir='ltr'><strong>llomo-</strong></span> 
     </span>
    </p>
   </div>
   <div class='ocr_carea' id='block_1_28' title="bbox 956 674 1743 710">
    <p class='ocr_par' dir='ltr' id='par_1_28' title="bbox 956 674 1743 710">
     <span class='ocr_line' id='line_1_28' title="bbox 956 674 1743 710; baseline -0.003 -10"><span class='ocrx_word' id='word_1_197' title='bbox 956 675 1045 710; x_wconf 81' lang='lat' dir='ltr'><strong>nymis</strong></span> <span class='ocrx_word' id='word_1_198' title='bbox 1063 676 1135 701; x_wconf 89' lang='lat' dir='ltr'><strong>enim</strong></span> <span class='ocrx_word' id='word_1_199' title='bbox 1154 675 1308 710; x_wconf 82' lang='lat' dir='ltr'><strong>hujusmodi</strong></span> <span class='ocrx_word' id='word_1_200' title='bbox 1336 682 1444 708; x_wconf 89' lang='lat' dir='ltr'><strong>quoque</strong></span> <span class='ocrx_word' id='word_1_201' title='bbox 1467 674 1572 708; x_wconf 77' lang='lat' dir='ltr'><strong>species</strong></span> <span class='ocrx_word' id='word_1_202' title='bbox 1597 680 1743 700; x_wconf 62' lang='lat' dir='ltr'><strong>accvttsen-</strong></span> 
     </span>
    </p>
   </div>
   <div class='ocr_carea' id='block_1_29' title="bbox 956 716 1740 755">
    <p class='ocr_par' dir='ltr' id='par_1_29' title="bbox 956 716 1740 755">
     <span class='ocr_line' id='line_1_29' title="bbox 956 716 1740 755; baseline -0.004 -8"><span class='ocrx_word' id='word_1_203' title='bbox 956 725 1012 752; x_wconf 88' lang='lat' dir='ltr'><strong>tur,</strong></span> <span class='ocrx_word' id='word_1_204' title='bbox 1028 725 1056 747; x_wconf 93' lang='lat' dir='ltr'><strong>et</strong></span> <span class='ocrx_word' id='word_1_205' title='bbox 1070 721 1092 747; x_wconf 91' lang='lat' dir='ltr'><strong>si</strong></span> <span class='ocrx_word' id='word_1_206' title='bbox 1109 721 1173 755; x_wconf 92' lang='lat' dir='ltr'><strong>quid</strong></span> <span class='ocrx_word' id='word_1_207' title='bbox 1202 716 1281 747; x_wconf 82' lang='lat' dir='ltr'><strong>aliud</strong></span> <span class='ocrx_word' id='word_1_208' title='bbox 1300 721 1395 747; x_wconf 88' lang='lat' dir='ltr'><strong>eodem</strong></span> <span class='ocrx_word' id='word_1_209' title='bbox 1419 720 1588 754; x_wconf 76' lang='lat' dir='ltr'><strong>signiﬁcetur</strong></span> <span class='ocrx_word' id='word_1_210' title='bbox 1614 719 1740 747; x_wconf 86' lang='lat' dir='ltr'><strong>nomine.</strong></span> 
     </span>
    </p>
   </div>
   <div class='ocr_carea' id='block_1_30' title="bbox 956 764 1743 800">
    <p class='ocr_par' dir='ltr' id='par_1_30' title="bbox 956 764 1743 800">
     <span class='ocr_line' id='line_1_30' title="bbox 956 764 1743 800; baseline -0.003 -8"><span class='ocrx_word' id='word_1_211' title='bbox 956 766 1014 800; x_wconf 87' lang='lat' dir='ltr'><strong>ejus</strong></span> <span class='ocrx_word' id='word_1_212' title='bbox 1028 766 1138 799; x_wconf 85' lang='lat' dir='ltr'><strong>quidem</strong></span> <span class='ocrx_word' id='word_1_213' title='bbox 1153 773 1185 792; x_wconf 84' lang='lat' dir='ltr'><strong>ex</strong></span> <span class='ocrx_word' id='word_1_214' title='bbox 1199 773 1277 800; x_wconf 67' lang='lat' dir='ltr'><strong>aequo</strong></span> <span class='ocrx_word' id='word_1_215' title='bbox 1300 766 1445 800; x_wconf 83' lang='lat' dir='ltr'><strong>particeps.</strong></span> <span class='ocrx_word' id='word_1_216' title='bbox 1462 770 1559 792; x_wconf 84' lang='lat' dir='ltr'><strong>natura</strong></span> <span class='ocrx_word' id='word_1_217' title='bbox 1575 772 1639 791; x_wconf 91' lang='lat' dir='ltr'><strong>vero</strong></span> <span class='ocrx_word' id='word_1_218' title='bbox 1654 764 1743 790; x_wconf 68' lang='lat' dir='ltr'><strong>diver-</strong></span> 
     </span>
    </p>
   </div>
   <div class='ocr_carea' id='block_1_31' title="bbox 92 811 1742 851">
    <p class='ocr_par' dir='ltr' id='par_1_31' title="bbox 92 811 1742 851">
     <span class='ocr_line' id='line_1_31' title="bbox 92 811 1742 851; baseline 0 -15"><span class='ocrx_word' id='word_1_219' title='bbox 92 815 194 837; x_wconf 87' lang='lat' dir='ltr'><strong>tatem</strong></span> <span class='ocrx_word' id='word_1_220' title='bbox 210 819 218 843; x_wconf 91' lang='lat'><strong>;</strong></span> <span class='ocrx_word' id='word_1_221' title='bbox 240 812 323 839; x_wconf 85' lang='lat' dir='ltr'><strong>alium</strong></span> <span class='ocrx_word' id='word_1_222' title='bbox 341 813 386 847; x_wconf 90' lang='lat' dir='ltr'><strong>qui</strong></span> <span class='ocrx_word' id='word_1_223' title='bbox 403 819 524 847; x_wconf 84' lang='lat' dir='ltr'><strong>generat,</strong></span> <span class='ocrx_word' id='word_1_224' title='bbox 541 820 568 842; x_wconf 87' lang='lat' dir='ltr'><strong>et</strong></span> <span class='ocrx_word' id='word_1_225' title='bbox 583 816 662 842; x_wconf 83' lang='lat' dir='ltr'><strong>aliam</strong></span> <span class='ocrx_word' id='word_1_226' title='bbox 679 817 903 851; x_wconf 80' lang='lat' dir='ltr'><strong>generationem;</strong></span> <span class='ocrx_word' id='word_1_227' title='bbox 920 818 941 846; x_wconf 84' lang='lat' dir='ltr'><strong>B</strong></span> <span class='ocrx_word' id='word_1_228' title='bbox 956 820 1026 840; x_wconf 84' lang='lat' dir='ltr'><strong>sum.</strong></span> <span class='ocrx_word' id='word_1_229' title='bbox 1043 812 1078 839; x_wconf 80' lang='lat' dir='ltr'><strong>At</strong></span> <span class='ocrx_word' id='word_1_230' title='bbox 1097 819 1161 839; x_wconf 90' lang='lat' dir='ltr'><strong>vero</strong></span> <span class='ocrx_word' id='word_1_231' title='bbox 1182 812 1230 843; x_wconf 90' lang='lat' dir='ltr'><strong>ibi,</strong></span> <span class='ocrx_word' id='word_1_232' title='bbox 1258 812 1326 840; x_wconf 88' lang='lat' dir='ltr'><strong>heus</strong></span> <span class='ocrx_word' id='word_1_233' title='bbox 1341 817 1380 843; x_wconf 87' lang='lat' dir='ltr'><strong>tu,</strong></span> <span class='ocrx_word' id='word_1_234' title='bbox 1402 812 1444 838; x_wconf 91' lang='lat' dir='ltr'><strong>vir</strong></span> <span class='ocrx_word' id='word_1_235' title='bbox 1454 812 1565 846; x_wconf 86' lang='lat' dir='ltr'><strong>optime,</strong></span> <span class='ocrx_word' id='word_1_236' title='bbox 1587 819 1648 838; x_wconf 88' lang='lat' dir='ltr'><strong>cum</strong></span> <span class='ocrx_word' id='word_1_237' title='bbox 1674 811 1742 837; x_wconf 76' lang='lat' dir='ltr'><strong>duas</strong></span> 
     </span>
    </p>
   </div>
   <div class='ocr_carea' id='block_1_32' title="bbox 93 857 902 893">
    <p class='ocr_par' dir='ltr' id='par_1_32' title="bbox 93 857 902 893">
     <span class='ocr_line' id='line_1_32' title="bbox 93 857 902 893; baseline 0.01 -11"><span class='ocrx_word' id='word_1_238' title='bbox 93 857 193 884; x_wconf 77' lang='lat' dir='ltr'><strong>alium</strong></span> <span class='ocrx_word' id='word_1_239' title='bbox 212 857 260 892; x_wconf 90' lang='lat' dir='ltr'><strong>qui</strong></span> <span class='ocrx_word' id='word_1_240' title='bbox 276 858 352 891; x_wconf 86' lang='lat' dir='ltr'><strong>dicit,</strong></span> <span class='ocrx_word' id='word_1_241' title='bbox 366 865 394 887; x_wconf 92' lang='lat' dir='ltr'><strong>et</strong></span> <span class='ocrx_word' id='word_1_242' title='bbox 408 861 491 888; x_wconf 88' lang='lat' dir='ltr'><strong>alium</strong></span> <span class='ocrx_word' id='word_1_243' title='bbox 509 867 684 893; x_wconf 81' lang='lat' dir='ltr'><strong>sermonem,</strong></span> <span class='ocrx_word' id='word_1_244' title='bbox 701 863 750 890; x_wconf 90' lang='lat' dir='ltr'><strong>nisi</strong></span> <span class='ocrx_word' id='word_1_245' title='bbox 771 863 840 890; x_wconf 79' lang='lat' dir='ltr'><strong>forte</strong></span> <span class='ocrx_word' id='word_1_246' title='bbox 855 871 902 890; x_wconf 89' lang='lat' dir='ltr'><strong>su-</strong></span> 
     </span>
    </p>
   </div>
   <div class='ocr_carea' id='block_1_33' title="bbox 94 903 902 942">
    <p class='ocr_par' dir='ltr' id='par_1_33' title="bbox 94 903 902 942">
     <span class='ocr_line' id='line_1_33' title="bbox 94 903 902 942; baseline 0.011 -14"><span class='ocrx_word' id='word_1_247' title='bbox 94 910 169 930; x_wconf 88' lang='lat' dir='ltr'><strong>mus</strong></span> <span class='ocrx_word' id='word_1_248' title='bbox 187 903 273 931; x_wconf 89' lang='lat' dir='ltr'><strong>ebrii.</strong></span> <span class='ocrx_word' id='word_1_249' title='bbox 289 905 335 932; x_wconf 84' lang='lat' dir='ltr'><strong>illa</strong></span> <span class='ocrx_word' id='word_1_250' title='bbox 352 906 424 933; x_wconf 90' lang='lat' dir='ltr'><strong>enim</strong></span> <span class='ocrx_word' id='word_1_251' title='bbox 441 912 505 934; x_wconf 88' lang='lat' dir='ltr'><strong>sunt</strong></span> <span class='ocrx_word' id='word_1_252' title='bbox 518 915 579 942; x_wconf 78' lang='lat' dir='ltr'><strong>quae</strong></span> <span class='ocrx_word' id='word_1_253' title='bbox 595 913 751 940; x_wconf 87' lang='lat' dir='ltr'><strong>moventur.</strong></span> <span class='ocrx_word' id='word_1_254' title='bbox 767 909 825 937; x_wconf 62' lang='lat' dir='ltr'><strong>hare</strong></span> <span class='ocrx_word' id='word_1_255' title='bbox 838 917 902 937; x_wconf 90' lang='lat' dir='ltr'><strong>vero</strong></span> 
     </span>
    </p>
   </div>
   <div class='ocr_carea' id='block_1_34' title="bbox 96 949 903 990">
    <p class='ocr_par' dir='ltr' id='par_1_34' title="bbox 96 949 903 990">
     <span class='ocr_line' id='line_1_34' title="bbox 96 949 903 990; baseline 0.011 -16"><span class='ocrx_word' id='word_1_256' title='bbox 96 949 198 976; x_wconf 86' lang='lat' dir='ltr'><strong>motui</strong></span> <span class='ocrx_word' id='word_1_257' title='bbox 216 949 328 978; x_wconf 88' lang='lat' dir='ltr'><strong>similia.</strong></span> <span class='ocrx_word' id='word_1_258' title='bbox 345 951 404 979; x_wconf 89' lang='lat' dir='ltr'><strong>Non</strong></span> <span class='ocrx_word' id='word_1_259' title='bbox 427 960 493 988; x_wconf 78' lang='lat' dir='ltr'><strong>ergo</strong></span> <span class='ocrx_word' id='word_1_260' title='bbox 516 954 664 981; x_wconf 89' lang='lat' dir='ltr'><strong>voluntatis</strong></span> <span class='ocrx_word' id='word_1_261' title='bbox 680 959 732 985; x_wconf 87' lang='lat' dir='ltr'><strong>est.</strong></span> <span class='ocrx_word' id='word_1_262' title='bbox 754 954 826 990; x_wconf 85' lang='lat' dir='ltr'><strong>quod</strong></span> <span class='ocrx_word' id='word_1_263' title='bbox 841 956 903 990; x_wconf 90' lang='lat' dir='ltr'><strong>quis</strong></span> 
     </span>
    </p>
   </div>
   <div class='ocr_carea' id='block_1_35' title="bbox 96 995 902 1036">
    <p class='ocr_par' dir='ltr' id='par_1_35' title="bbox 96 995 902 1036">
     <span class='ocr_line' id='line_1_35' title="bbox 96 995 902 1036; baseline 0.01 -15"><span class='ocrx_word' id='word_1_264' title='bbox 96 995 178 1029; x_wconf 83' lang='lat' dir='ltr'><strong>vult,</strong></span> <span class='ocrx_word' id='word_1_265' title='bbox 208 996 285 1024; x_wconf 89' lang='lat' dir='ltr'><strong>nulla</strong></span> <span class='ocrx_word' id='word_1_266' title='bbox 309 998 381 1024; x_wconf 91' lang='lat' dir='ltr'><strong>enim</strong></span> <span class='ocrx_word' id='word_1_267' title='bbox 401 998 452 1026; x_wconf 92' lang='lat' dir='ltr'><strong>hoc</strong></span> <span class='ocrx_word' id='word_1_268' title='bbox 470 999 576 1027; x_wconf 82' lang='lat' dir='ltr'><strong>ratione</strong></span> <span class='ocrx_word' id='word_1_269' title='bbox 602 1002 790 1035; x_wconf 82' lang='lat' dir='ltr'><strong>consequitur.</strong></span> <span class='ocrx_word' id='word_1_270' title='bbox 814 1009 902 1036; x_wconf 88' lang='lat' dir='ltr'><strong>neque</strong></span> 
     </span>
    </p>
   </div>
   <div class='ocr_carea' id='block_1_36' title="bbox 99 1042 901 1081">
    <p class='ocr_par' dir='ltr' id='par_1_36' title="bbox 99 1042 901 1081">
     <span class='ocr_line' id='line_1_36' title="bbox 99 1042 901 1081; baseline 0.01 -15"><span class='ocrx_word' id='word_1_271' title='bbox 99 1042 311 1075; x_wconf 78' lang='lat' dir='ltr'><strong>generationis,</strong></span> <span class='ocrx_word' id='word_1_272' title='bbox 336 1043 409 1078; x_wconf 87' lang='lat' dir='ltr'><strong>quod</strong></span> <span class='ocrx_word' id='word_1_273' title='bbox 437 1049 592 1079; x_wconf 77' lang='lat' dir='ltr'><strong>generatur,</strong></span> <span class='ocrx_word' id='word_1_274' title='bbox 618 1054 707 1081; x_wconf 90' lang='lat' dir='ltr'><strong>neque</strong></span> <span class='ocrx_word' id='word_1_275' title='bbox 730 1047 901 1081; x_wconf 86' lang='lat' dir='ltr'><strong>prolationis,</strong></span> 
     </span>
    </p>
   </div>
   <div class='ocr_carea' id='block_1_37' title="bbox 100 1085 902 1126">
    <p class='ocr_par' dir='ltr' id='par_1_37' title="bbox 100 1085 902 1126">
     <span class='ocr_line' id='line_1_37' title="bbox 100 1085 902 1126; baseline 0.01 -15"><span class='ocrx_word' id='word_1_276' title='bbox 100 1085 184 1119; x_wconf 88' lang='lat' dir='ltr'><strong>quod</strong></span> <span class='ocrx_word' id='word_1_277' title='bbox 210 1087 335 1114; x_wconf 88' lang='lat' dir='ltr'><strong>auditum</strong></span> <span class='ocrx_word' id='word_1_278' title='bbox 351 1093 402 1120; x_wconf 88' lang='lat' dir='ltr'><strong>est,</strong></span> <span class='ocrx_word' id='word_1_279' title='bbox 419 1090 466 1116; x_wconf 87' lang='lat' dir='ltr'><strong>sed</strong></span> <span class='ocrx_word' id='word_1_280' title='bbox 485 1090 611 1121; x_wconf 84' lang='lat' dir='ltr'><strong>volentis.</strong></span> <span class='ocrx_word' id='word_1_281' title='bbox 629 1092 795 1126; x_wconf 81' lang='lat' dir='ltr'><strong>generantis,</strong></span> <span class='ocrx_word' id='word_1_282' title='bbox 814 1097 842 1120; x_wconf 90' lang='lat' dir='ltr'><strong>et</strong></span> <span class='ocrx_word' id='word_1_283' title='bbox 861 1093 902 1119; x_wconf 91' lang='lat' dir='ltr'><strong>lo-</strong></span> 
     </span>
    </p>
   </div>
   <div class='ocr_carea' id='block_1_38' title="bbox 101 1132 902 1169">
    <p class='ocr_par' dir='ltr' id='par_1_38' title="bbox 101 1132 902 1169">
     <span class='ocr_line' id='line_1_38' title="bbox 101 1132 902 1169; baseline 0.009 -11"><span class='ocrx_word' id='word_1_284' title='bbox 101 1132 234 1165; x_wconf 80' lang='lat' dir='ltr'><strong>quentis.</strong></span> <span class='ocrx_word' id='word_1_285' title='bbox 246 1133 399 1169; x_wconf 66' lang='lat' dir='ltr'><strong>Quaaporro</strong></span> <span class='ocrx_word' id='word_1_286' title='bbox 418 1135 472 1162; x_wconf 88' lang='lat' dir='ltr'><strong>Deo</strong></span> <span class='ocrx_word' id='word_1_287' title='bbox 487 1136 591 1168; x_wconf 88' lang='lat' dir='ltr'><strong>insunt,</strong></span> <span class='ocrx_word' id='word_1_288' title='bbox 607 1137 651 1164; x_wconf 89' lang='lat' dir='ltr'><strong>his</strong></span> <span class='ocrx_word' id='word_1_289' title='bbox 668 1137 796 1165; x_wconf 87' lang='lat' dir='ltr'><strong>omnibus</strong></span> <span class='ocrx_word' id='word_1_290' title='bbox 810 1139 902 1165; x_wconf 79' lang='lat' dir='ltr'><strong>excel—</strong></span> 
     </span>
    </p>
   </div>
   <div class='ocr_carea' id='block_1_39' title="bbox 103 1176 901 1217">
    <p class='ocr_par' dir='ltr' id='par_1_39' title="bbox 103 1176 901 1217">
     <span class='ocr_line' id='line_1_39' title="bbox 103 1176 901 1217; baseline 0.009 -14"><span class='ocrx_word' id='word_1_291' title='bbox 103 1176 232 1205; x_wconf 89' lang='lat' dir='ltr'><strong>lentiora</strong></span> <span class='ocrx_word' id='word_1_292' title='bbox 248 1184 313 1206; x_wconf 90' lang='lat' dir='ltr'><strong>sunt</strong></span> <span class='ocrx_word' id='word_1_293' title='bbox 327 1188 332 1205; x_wconf 94' lang='lat'>:</span> <span class='ocrx_word' id='word_1_294' title='bbox 348 1180 392 1207; x_wconf 92' lang='lat' dir='ltr'><strong>cui</strong></span> <span class='ocrx_word' id='word_1_295' title='bbox 410 1181 520 1215; x_wconf 84' lang='lat' dir='ltr'><strong>quidem</strong></span> <span class='ocrx_word' id='word_1_296' title='bbox 548 1182 688 1217; x_wconf 76' lang='lat' dir='ltr'><strong>generatio</strong></span> <span class='ocrx_word' id='word_1_297' title='bbox 702 1183 818 1211; x_wconf 75' lang='lat' dir='ltr'><strong>fortasse</strong></span> <span class='ocrx_word' id='word_1_298' title='bbox 833 1183 901 1210; x_wconf 91' lang='lat' dir='ltr'><strong>nihil</strong></span> 
     </span>
    </p>
   </div>
   <div class='ocr_carea' id='block_1_40' title="bbox 104 1223 902 1263">
    <p class='ocr_par' dir='ltr' id='par_1_40' title="bbox 104 1223 902 1263">
     <span class='ocr_line' id='line_1_40' title="bbox 104 1223 902 1263; baseline 0.009 -14"><span class='ocrx_word' id='word_1_299' title='bbox 104 1223 184 1249; x_wconf 84' lang='lat' dir='ltr'><strong>aliud</strong></span> <span class='ocrx_word' id='word_1_300' title='bbox 210 1229 265 1256; x_wconf 87' lang='lat' dir='ltr'><strong>est,</strong></span> <span class='ocrx_word' id='word_1_301' title='bbox 285 1232 366 1258; x_wconf 88' lang='lat' dir='ltr'><strong>quam</strong></span> <span class='ocrx_word' id='word_1_302' title='bbox 383 1225 441 1260; x_wconf 86' lang='lat' dir='ltr'><strong>ipsa</strong></span> <span class='ocrx_word' id='word_1_303' title='bbox 466 1228 614 1261; x_wconf 77' lang='lat' dir='ltr'><strong>generandi</strong></span> <span class='ocrx_word' id='word_1_304' title='bbox 629 1228 774 1261; x_wconf 85' lang='lat' dir='ltr'><strong>voluntas;</strong></span> <span class='ocrx_word' id='word_1_305' title='bbox 792 1229 864 1263; x_wconf 89' lang='lat' dir='ltr'><strong>quod</strong></span> <span class='ocrx_word' id='word_1_306' title='bbox 878 1229 902 1256; x_wconf 90' lang='lat' dir='ltr'><strong>si</strong></span> 
     </span>
    </p>
   </div>
   <div class='ocr_carea' id='block_1_41' title="bbox 104 1268 900 1308">
    <p class='ocr_par' dir='ltr' id='par_1_41' title="bbox 104 1268 900 1308">
     <span class='ocr_line' id='line_1_41' title="bbox 104 1268 900 1308; baseline 0.009 -14"><span class='ocrx_word' id='word_1_307' title='bbox 104 1268 226 1296; x_wconf 80' lang='lat' dir='ltr'><strong>omnino</strong></span> <span class='ocrx_word' id='word_1_308' title='bbox 256 1269 453 1304; x_wconf 90' lang='lat' dir='ltr'><strong>admittamus,</strong></span> <span class='ocrx_word' id='word_1_309' title='bbox 479 1273 599 1300; x_wconf 91' lang='lat' dir='ltr'><strong>medium</strong></span> <span class='ocrx_word' id='word_1_310' title='bbox 629 1273 698 1300; x_wconf 91' lang='lat' dir='ltr'><strong>nihil</strong></span> <span class='ocrx_word' id='word_1_311' title='bbox 724 1273 900 1308; x_wconf 81' lang='lat' dir='ltr'><strong>relinquitur.</strong></span> 
     </span>
    </p>
   </div>
   <div class='ocr_carea' id='block_1_42' title="bbox 107 1313 898 1354">
    <p class='ocr_par' dir='ltr' id='par_1_42' title="bbox 107 1313 898 1354">
     <span class='ocr_line' id='line_1_42' title="bbox 107 1313 898 1354; baseline 0.01 -15"><span class='ocrx_word' id='word_1_312' title='bbox 107 1313 195 1347; x_wconf 77' lang='lat' dir='ltr'><strong>Atqui</strong></span> <span class='ocrx_word' id='word_1_313' title='bbox 213 1317 354 1347; x_wconf 78' lang='lat' dir='ltr'><strong>generatio</strong></span> <span class='ocrx_word' id='word_1_314' title='bbox 368 1317 409 1344; x_wconf 92' lang='lat' dir='ltr'><strong>vel</strong></span> <span class='ocrx_word' id='word_1_315' title='bbox 425 1317 482 1351; x_wconf 85' lang='lat' dir='ltr'><strong>ipsa</strong></span> <span class='ocrx_word' id='word_1_316' title='bbox 500 1318 640 1346; x_wconf 87' lang='lat' dir='ltr'><strong>voluntate</strong></span> <span class='ocrx_word' id='word_1_317' title='bbox 657 1320 828 1354; x_wconf 63' lang='lat' dir='ltr'><strong>praestantior</strong></span> <span class='ocrx_word' id='word_1_318' title='bbox 847 1324 898 1347; x_wconf 90' lang='lat' dir='ltr'><strong>est.</strong></span> 
     </span>
    </p>
   </div>
   <div class='ocr_carea' id='block_1_43' title="bbox 147 1359 899 1401">
    <p class='ocr_par' dir='ltr' id='par_1_43' title="bbox 147 1359 899 1401">
     <span class='ocr_line' id='line_1_43' title="bbox 147 1359 899 1401; baseline 0.011 -15"><span class='ocrx_word' id='word_1_319' title='bbox 147 1359 233 1388; x_wconf 88' lang='lat' dir='ltr'><strong>Visne</strong></span> <span class='ocrx_word' id='word_1_320' title='bbox 262 1365 292 1387; x_wconf 92' lang='lat' dir='ltr'><strong>ut</strong></span> <span class='ocrx_word' id='word_1_321' title='bbox 307 1361 444 1389; x_wconf 85' lang='lat' dir='ltr'><strong>ludicrum</strong></span> <span class='ocrx_word' id='word_1_322' title='bbox 460 1371 509 1398; x_wconf 80' lang='lat' dir='ltr'><strong>ego</strong></span> <span class='ocrx_word' id='word_1_323' title='bbox 524 1372 633 1399; x_wconf 88' lang='lat' dir='ltr'><strong>quoque</strong></span> <span class='ocrx_word' id='word_1_324' title='bbox 648 1365 682 1393; x_wconf 94' lang='lat' dir='ltr'><strong>de</strong></span> <span class='ocrx_word' id='word_1_325' title='bbox 697 1366 776 1393; x_wconf 88' lang='lat' dir='ltr'><strong>Patre</strong></span> <span class='ocrx_word' id='word_1_326' title='bbox 789 1366 899 1401; x_wconf 85' lang='lat' dir='ltr'><strong>aliquod</strong></span> 
     </span>
    </p>
   </div>
   <div class='ocr_carea' id='block_1_44' title="bbox 110 1404 899 1447">
    <p class='ocr_par' dir='ltr' id='par_1_44' title="bbox 110 1404 899 1447">
     <span class='ocr_line' id='line_1_44' title="bbox 110 1404 899 1447; baseline 0.01 -16"><span class='ocrx_word' id='word_1_327' title='bbox 110 1404 139 1431; x_wconf 83' lang='lat' dir='ltr'><strong>in</strong></span> <span class='ocrx_word' id='word_1_328' title='bbox 155 1406 278 1433; x_wconf 84' lang='lat' dir='ltr'><strong>medium</strong></span> <span class='ocrx_word' id='word_1_329' title='bbox 304 1407 459 1441; x_wconf 76' lang='lat' dir='ltr'><strong>proferam?</strong></span> <span class='ocrx_word' id='word_1_330' title='bbox 482 1409 619 1444; x_wconf 89' lang='lat' dir='ltr'><strong>siquidem</strong></span> <span class='ocrx_word' id='word_1_331' title='bbox 636 1415 661 1438; x_wconf 91' lang='lat' dir='ltr'><strong>te</strong></span> <span class='ocrx_word' id='word_1_332' title='bbox 682 1416 796 1438; x_wconf 85' lang='lat' dir='ltr'><strong>auct0re</strong></span> <span class='ocrx_word' id='word_1_333' title='bbox 819 1420 899 1447; x_wconf 79' lang='lat' dir='ltr'><strong>argu-</strong></span> 
     </span>
    </p>
   </div>
   <div class='ocr_carea' id='block_1_45' title="bbox 110 1451 899 1486">
    <p class='ocr_par' dir='ltr' id='par_1_45' title="bbox 110 1451 899 1486">
     <span class='ocr_line' id='line_1_45' title="bbox 110 1451 899 1486; baseline 0.01 -9"><span class='ocrx_word' id='word_1_334' title='bbox 110 1451 165 1478; x_wconf 81' lang='lat' dir='ltr'><strong>tias</strong></span> <span class='ocrx_word' id='word_1_335' title='bbox 190 1451 347 1486; x_wconf 88' lang='lat' dir='ltr'><strong>hujusmodi</strong></span> <span class='ocrx_word' id='word_1_336' title='bbox 365 1454 534 1482; x_wconf 88' lang='lat' dir='ltr'><strong>comminisci</strong></span> <span class='ocrx_word' id='word_1_337' title='bbox 558 1456 655 1483; x_wconf 85' lang='lat' dir='ltr'><strong>audeo.</strong></span> <span class='ocrx_word' id='word_1_338' title='bbox 674 1456 809 1484; x_wconf 88' lang='lat' dir='ltr'><strong>Volensne</strong></span> <span class='ocrx_word' id='word_1_339' title='bbox 827 1458 899 1485; x_wconf 89' lang='lat' dir='ltr'><strong>Deus</strong></span> 
     </span>
    </p>
   </div>
   <div class='ocr_carea' id='block_1_46' title="bbox 112 1497 901 1537">
    <p class='ocr_par' dir='ltr' id='par_1_46' title="bbox 112 1497 901 1537">
     <span class='ocr_line' id='line_1_46' title="bbox 112 1497 901 1537; baseline 0.009 -13"><span class='ocrx_word' id='word_1_340' title='bbox 112 1497 194 1525; x_wconf 82' lang='lat' dir='ltr'><strong>Pater</strong></span> <span class='ocrx_word' id='word_1_341' title='bbox 216 1503 268 1530; x_wconf 86' lang='lat' dir='ltr'><strong>est,</strong></span> <span class='ocrx_word' id='word_1_342' title='bbox 286 1506 319 1526; x_wconf 87' lang='lat' dir='ltr'><strong>an</strong></span> <span class='ocrx_word' id='word_1_343' title='bbox 341 1500 455 1527; x_wconf 87' lang='lat' dir='ltr'><strong>uolens?</strong></span> <span class='ocrx_word' id='word_1_344' title='bbox 479 1500 537 1528; x_wconf 85' lang='lat' dir='ltr'><strong>Jam</strong></span> <span class='ocrx_word' id='word_1_345' title='bbox 562 1503 699 1537; x_wconf 89' lang='lat' dir='ltr'><strong>quomodo</strong></span> <span class='ocrx_word' id='word_1_346' title='bbox 715 1507 740 1530; x_wconf 92' lang='lat' dir='ltr'><strong>te</strong></span> <span class='ocrx_word' id='word_1_347' title='bbox 756 1503 789 1530; x_wconf 89' lang='lat' dir='ltr'><strong>ab</strong></span> <span class='ocrx_word' id='word_1_348' title='bbox 813 1505 901 1531; x_wconf 88' lang='lat' dir='ltr'><strong>ambi-</strong></span> 
     </span>
    </p>
   </div>
   <div class='ocr_carea' id='block_1_47' title="bbox 113 1544 903 1584">
    <p class='ocr_par' dir='ltr' id='par_1_47' title="bbox 113 1544 903 1584">
     <span class='ocr_line' id='line_1_47' title="bbox 113 1544 903 1584; baseline 0.006 -13"><span class='ocrx_word' id='word_1_349' title='bbox 113 1544 212 1572; x_wconf 81' lang='lat' dir='ltr'><strong>dextro</strong></span> <span class='ocrx_word' id='word_1_350' title='bbox 238 1549 284 1573; x_wconf 92' lang='lat' dir='ltr'><strong>tuo</strong></span> <span class='ocrx_word' id='word_1_351' title='bbox 303 1546 354 1574; x_wconf 88' lang='lat' dir='ltr'><strong>hoc</strong></span> <span class='ocrx_word' id='word_1_352' title='bbox 378 1547 543 1582; x_wconf 88' lang='lat' dir='ltr'><strong>sophismate</strong></span> <span class='ocrx_word' id='word_1_353' title='bbox 562 1549 711 1584; x_wconf 81' lang='lat' dir='ltr'><strong>expedies?</strong></span> <span class='ocrx_word' id='word_1_354' title='bbox 726 1549 753 1576; x_wconf 92' lang='lat' dir='ltr'><strong>Si</strong></span> <span class='ocrx_word' id='word_1_355' title='bbox 768 1551 840 1576; x_wconf 84' lang='lat' dir='ltr'><strong>enim</strong></span> <span class='ocrx_word' id='word_1_356' title='bbox 855 1558 903 1577; x_wconf 93' lang='lat' dir='ltr'><strong>vo-</strong></span> 
     </span>
    </p>
   </div>
   <div class='ocr_carea' id='block_1_48' title="bbox 115 1585 903 1629">
    <p class='ocr_par' dir='ltr' id='par_1_48' title="bbox 115 1585 903 1629">
     <span class='ocr_line' id='line_1_48' title="bbox 115 1585 903 1629; baseline 0.009 -13"><span class='ocrx_word' id='word_1_357' title='bbox 115 1589 187 1623; x_wconf 89' lang='lat' dir='ltr'><strong>lens,</strong></span> <span class='ocrx_word' id='word_1_358' title='bbox 200 1585 310 1625; x_wconf 52' lang='lat' dir='ltr'><strong>quan‘do</strong></span> <span class='ocrx_word' id='word_1_359' title='bbox 333 1592 442 1620; x_wconf 84' lang='lat' dir='ltr'><strong>tandem</strong></span> <span class='ocrx_word' id='word_1_360' title='bbox 458 1594 526 1621; x_wconf 88' lang='lat' dir='ltr'><strong>velle</strong></span> <span class='ocrx_word' id='word_1_361' title='bbox 541 1595 642 1629; x_wconf 62' lang='lat' dir='ltr'><strong>coepit?</strong></span> <span class='ocrx_word' id='word_1_362' title='bbox 662 1600 736 1622; x_wconf 89' lang='lat' dir='ltr'><strong>certe</strong></span> <span class='ocrx_word' id='word_1_363' title='bbox 756 1603 808 1623; x_wconf 90' lang='lat' dir='ltr'><strong>non</strong></span> <span class='ocrx_word' id='word_1_364' title='bbox 824 1600 903 1624; x_wconf 88' lang='lat' dir='ltr'><strong>ante-</strong></span> 
     </span>
    </p>
   </div>
   <div class='ocr_carea' id='block_1_49' title="bbox 116 1638 903 1674">
    <p class='ocr_par' dir='ltr' id='par_1_49' title="bbox 116 1638 903 1674">
     <span class='ocr_line' id='line_1_49' title="bbox 116 1638 903 1674; baseline 0.009 -12"><span class='ocrx_word' id='word_1_365' title='bbox 116 1643 197 1669; x_wconf 82' lang='lat' dir='ltr'><strong>quam</strong></span> <span class='ocrx_word' id='word_1_366' title='bbox 212 1640 302 1669; x_wconf 81' lang='lat' dir='ltr'><strong>esset;</strong></span> <span class='ocrx_word' id='word_1_367' title='bbox 319 1638 386 1664; x_wconf 90' lang='lat' dir='ltr'><strong>nihil</strong></span> <span class='ocrx_word' id='word_1_368' title='bbox 401 1638 473 1666; x_wconf 85' lang='lat' dir='ltr'><strong>enim</strong></span> <span class='ocrx_word' id='word_1_369' title='bbox 487 1644 546 1667; x_wconf 87' lang='lat' dir='ltr'><strong>erat</strong></span> <span class='ocrx_word' id='word_1_370' title='bbox 563 1641 659 1674; x_wconf 89' lang='lat' dir='ltr'><strong>prius:</strong></span> <span class='ocrx_word' id='word_1_371' title='bbox 676 1645 723 1668; x_wconf 86' lang='lat' dir='ltr'><strong>aut</strong></span> <span class='ocrx_word' id='word_1_372' title='bbox 737 1642 811 1669; x_wconf 85' lang='lat' dir='ltr'><strong>aliud</strong></span> <span class='ocrx_word' id='word_1_373' title='bbox 828 1642 855 1669; x_wconf 91' lang='lat' dir='ltr'><strong>in</strong></span> <span class='ocrx_word' id='word_1_374' title='bbox 869 1649 903 1669; x_wconf 88' lang='lat' dir='ltr'><strong>eo</strong></span> 
     </span>
    </p>
   </div>
   <div class='ocr_carea' id='block_1_50' title="bbox 115 1682 902 1722">
    <p class='ocr_par' dir='ltr' id='par_1_50' title="bbox 115 1682 902 1722">
     <span class='ocr_line' id='line_1_50' title="bbox 115 1682 902 1722; baseline 0.009 -14"><span class='ocrx_word' id='word_1_375' title='bbox 115 1682 212 1716; x_wconf 83' lang='lat' dir='ltr'><strong>voluit,</strong></span> <span class='ocrx_word' id='word_1_376' title='bbox 231 1687 260 1710; x_wconf 92' lang='lat' dir='ltr'><strong>ut</strong></span> <span class='ocrx_word' id='word_1_377' title='bbox 277 1683 313 1710; x_wconf 85' lang='lat' dir='ltr'><strong>ita</strong></span> <span class='ocrx_word' id='word_1_378' title='bbox 330 1683 430 1717; x_wconf 89' lang='lat' dir='ltr'><strong>dicam,</strong></span> <span class='ocrx_word' id='word_1_379' title='bbox 453 1685 566 1712; x_wconf 90' lang='lat' dir='ltr'><strong>volitum</strong></span> <span class='ocrx_word' id='word_1_380' title='bbox 581 1691 638 1719; x_wconf 85' lang='lat' dir='ltr'><strong>est;</strong></span> <span class='ocrx_word' id='word_1_381' title='bbox 662 1687 736 1714; x_wconf 87' lang='lat' dir='ltr'><strong>unde</strong></span> <span class='ocrx_word' id='word_1_382' title='bbox 758 1688 902 1722; x_wconf 90' lang='lat' dir='ltr'><strong>consequi-</strong></span> 
     </span>
    </p>
   </div>
   <div class='ocr_carea' id='block_1_51' title="bbox 118 1729 904 1767">
    <p class='ocr_par' dir='ltr' id='par_1_51' title="bbox 118 1729 904 1767">
     <span class='ocr_line' id='line_1_51' title="bbox 118 1729 904 1767; baseline 0.008 -13"><span class='ocrx_word' id='word_1_383' title='bbox 118 1732 162 1754; x_wconf 86' lang='lat' dir='ltr'><strong>tur</strong></span> <span class='ocrx_word' id='word_1_384' title='bbox 172 1732 201 1754; x_wconf 92' lang='lat' dir='ltr'><strong>ut</strong></span> <span class='ocrx_word' id='word_1_385' title='bbox 211 1729 385 1763; x_wconf 87' lang='lat' dir='ltr'><strong>partitionem</strong></span> <span class='ocrx_word' id='word_1_386' title='bbox 400 1729 535 1758; x_wconf 85' lang='lat' dir='ltr'><strong>admittat.</strong></span> <span class='ocrx_word' id='word_1_387' title='bbox 553 1731 622 1764; x_wconf 85' lang='lat' dir='ltr'><strong>Quid</strong></span> <span class='ocrx_word' id='word_1_388' title='bbox 641 1740 706 1759; x_wconf 86' lang='lat' dir='ltr'><strong>vero</strong></span> <span class='ocrx_word' id='word_1_389' title='bbox 721 1733 821 1767; x_wconf 21' lang='lat' dir='ltr'><strong>olvr‘stet,</strong></span> <span class='ocrx_word' id='word_1_390' title='bbox 835 1742 904 1767; x_wconf 86' lang='lat' dir='ltr'><strong>quo-</strong></span> 
     </span>
    </p>
   </div>
   <div class='ocr_carea' id='block_1_52' title="bbox 119 1773 902 1812">
    <p class='ocr_par' dir='ltr' id='par_1_52' title="bbox 119 1773 902 1812">
     <span class='ocr_line' id='line_1_52' title="bbox 119 1773 902 1812; baseline 0.008 -13"><span class='ocrx_word' id='word_1_391' title='bbox 119 1773 206 1800; x_wconf 91' lang='lat' dir='ltr'><strong>minus</strong></span> <span class='ocrx_word' id='word_1_392' title='bbox 230 1773 276 1800; x_wconf 91' lang='lat' dir='ltr'><strong>ille</strong></span> <span class='ocrx_word' id='word_1_393' title='bbox 302 1774 450 1801; x_wconf 85' lang='lat' dir='ltr'><strong>voluntatis</strong></span> <span class='ocrx_word' id='word_1_394' title='bbox 474 1783 583 1810; x_wconf 91' lang='lat' dir='ltr'><strong>quoque</strong></span> <span class='ocrx_word' id='word_1_395' title='bbox 606 1782 658 1804; x_wconf 64' lang='lat' dir='ltr'><strong>tute</strong></span> <span class='ocrx_word' id='word_1_396' title='bbox 685 1773 902 1812; x_wconf 69' lang='lat' dir='ltr'><strong>proniptuarium</strong></span> 
     </span>
    </p>
   </div>
   <div class='ocr_carea' id='block_1_53' title="bbox 119 1818 904 1857">
    <p class='ocr_par' dir='ltr' id='par_1_53' title="bbox 119 1818 904 1857">
     <span class='ocr_line' id='line_1_53' title="bbox 119 1818 904 1857; baseline 0.006 -12"><span class='ocrx_word' id='word_1_397' title='bbox 119 1818 172 1845; x_wconf 84' lang='lat' dir='ltr'><strong>sit?</strong></span> <span class='ocrx_word' id='word_1_398' title='bbox 190 1818 265 1852; x_wconf 83' lang='lat' dir='ltr'><strong>Quod</strong></span> <span class='ocrx_word' id='word_1_399' title='bbox 286 1819 309 1846; x_wconf 88' lang='lat' dir='ltr'><strong>si</strong></span> <span class='ocrx_word' id='word_1_400' title='bbox 332 1819 438 1852; x_wconf 88' lang='lat' dir='ltr'><strong>nolens,</strong></span> <span class='ocrx_word' id='word_1_401' title='bbox 471 1821 535 1856; x_wconf 90' lang='lat' dir='ltr'><strong>quid</strong></span> <span class='ocrx_word' id='word_1_402' title='bbox 563 1830 625 1849; x_wconf 91' lang='lat' dir='ltr'><strong>eum</strong></span> <span class='ocrx_word' id='word_1_403' title='bbox 650 1823 738 1857; x_wconf 82' lang='lat' dir='ltr'><strong>coegit</strong></span> <span class='ocrx_word' id='word_1_404' title='bbox 761 1829 790 1850; x_wconf 86' lang='lat' dir='ltr'><strong>ut</strong></span> <span class='ocrx_word' id='word_1_405' title='bbox 813 1824 904 1851; x_wconf 86' lang='lat' dir='ltr'><strong>esset?</strong></span> 
     </span>
    </p>
   </div>
   <div class='ocr_carea' id='block_1_54' title="bbox 121 1865 904 1904">
    <p class='ocr_par' dir='ltr' id='par_1_54' title="bbox 121 1865 904 1904">
     <span class='ocr_line' id='line_1_54' title="bbox 121 1865 904 1904; baseline 0.008 -13"><span class='ocrx_word' id='word_1_406' title='bbox 121 1867 183 1894; x_wconf 87' lang='lat' dir='ltr'><strong>item</strong></span> <span class='ocrx_word' id='word_1_407' title='bbox 204 1865 341 1900; x_wconf 90' lang='lat' dir='ltr'><strong>quomodo</strong></span> <span class='ocrx_word' id='word_1_408' title='bbox 358 1866 429 1894; x_wconf 87' lang='lat' dir='ltr'><strong>Deus</strong></span> <span class='ocrx_word' id='word_1_409' title='bbox 451 1867 514 1899; x_wconf 89' lang='lat' dir='ltr'><strong>erit,</strong></span> <span class='ocrx_word' id='word_1_410' title='bbox 529 1868 551 1894; x_wconf 92' lang='lat' dir='ltr'><strong>si</strong></span> <span class='ocrx_word' id='word_1_411' title='bbox 565 1872 676 1896; x_wconf 77' lang='lat' dir='ltr'><strong>coactus</strong></span> <span class='ocrx_word' id='word_1_412' title='bbox 699 1869 762 1896; x_wconf 84' lang='lat' dir='ltr'><strong>est?</strong></span> <span class='ocrx_word' id='word_1_413' title='bbox 777 1870 904 1904; x_wconf 76' lang='lat' dir='ltr'><strong>quamvis</strong></span> 
     </span>
    </p>
   </div>
   <div class='ocr_carea' id='block_1_55' title="bbox 121 1911 699 1948">
    <p class='ocr_par' dir='ltr' id='par_1_55' title="bbox 121 1911 699 1948">
     <span class='ocr_line' id='line_1_55' title="bbox 121 1911 699 1948; baseline 0.007 -10"><span class='ocrx_word' id='word_1_414' title='bbox 121 1911 188 1939; x_wconf 86' lang='lat' dir='ltr'><strong>Deus</strong></span> <span class='ocrx_word' id='word_1_415' title='bbox 202 1911 270 1939; x_wconf 87' lang='lat' dir='ltr'><strong>nihil</strong></span> <span class='ocrx_word' id='word_1_416' title='bbox 284 1911 359 1939; x_wconf 85' lang='lat' dir='ltr'><strong>aliud</strong></span> <span class='ocrx_word' id='word_1_417' title='bbox 375 1912 412 1940; x_wconf 93' lang='lat' dir='ltr'><strong>sit</strong></span> <span class='ocrx_word' id='word_1_418' title='bbox 423 1921 505 1948; x_wconf 88' lang='lat' dir='ltr'><strong>quam</strong></span> <span class='ocrx_word' id='word_1_419' title='bbox 521 1914 610 1948; x_wconf 92' lang='lat' dir='ltr'><strong>ipsum</strong></span> <span class='ocrx_word' id='word_1_420' title='bbox 628 1921 699 1942; x_wconf 86' lang='lat' dir='ltr'><strong>esse.</strong></span> 
     </span>
    </p>
   </div>
   <div class='ocr_carea' id='block_1_56' title="bbox 423 1969 589 1998">
    <p class='ocr_par' dir='ltr' id='par_1_56' title="bbox 423 1969 589 1998">
     <span class='ocr_line' id='line_1_56' title="bbox 423 1969 589 1998; baseline 0 -1"><span class='ocrx_word' id='word_1_421' title='bbox 423 1969 498 1998; x_wconf 86' lang='lat' dir='ltr'><strong>CAP.</strong></span> <span class='ocrx_word' id='word_1_422' title='bbox 521 1970 589 1998; x_wconf 84' lang='lat' dir='ltr'><strong>LIX.</strong></span> 
     </span>
    </p>
   </div>
   <div class='ocr_carea' id='block_1_57' title="bbox 124 2022 899 2061">
    <p class='ocr_par' dir='ltr' id='par_1_57' title="bbox 124 2022 899 2061">
     <span class='ocr_line' id='line_1_57' title="bbox 124 2022 899 2061; baseline 0.005 -11"><span class='ocrx_word' id='word_1_423' title='bbox 124 2022 262 2061; x_wconf 45' lang='lat' dir='ltr'><strong>UngmnDei</strong></span> <span class='ocrx_word' id='word_1_424' title='bbox 275 2025 424 2061; x_wconf 60' lang='lat' dir='ltr'><strong>essentiam.</strong></span> <span class='ocrx_word' id='word_1_425' title='bbox 440 2031 565 2052; x_wconf 83' lang='lat' dir='ltr'><strong>naturam</strong></span> <span class='ocrx_word' id='word_1_426' title='bbox 581 2031 605 2053; x_wconf 86' lang='lat' dir='ltr'><strong>et</strong></span> <span class='ocrx_word' id='word_1_427' title='bbox 620 2026 823 2061; x_wconf 74' lang='lat' dir='ltr'><strong>appellationem</strong></span> <span class='ocrx_word' id='word_1_428' title='bbox 836 2036 899 2060; x_wconf 80' lang='lat' dir='ltr'><strong>esse,</strong></span> 
     </span>
    </p>
   </div>
   <div class='ocr_carea' id='block_1_58' title="bbox 154 2057 900 2096">
    <p class='ocr_par' dir='ltr' id='par_1_58' title="bbox 154 2057 900 2096">
     <span class='ocr_line' id='line_1_58' title="bbox 154 2057 900 2096; baseline 0.008 -12"><span class='ocrx_word' id='word_1_429' title='bbox 154 2057 180 2085; x_wconf 84' lang='lat' dir='ltr'><strong>S.</strong></span> <span class='ocrx_word' id='word_1_430' title='bbox 195 2057 310 2096; x_wconf 77' lang='lat' dir='ltr'><strong>Gregorii</strong></span> <span class='ocrx_word' id='word_1_431' title='bbox 328 2059 447 2096; x_wconf 51' lang='lat' dir='ltr'><strong>Theologi</strong></span> <span class='ocrx_word' id='word_1_432' title='bbox 460 2061 582 2087; x_wconf 70' lang='lat' dir='ltr'><strong>adversus</strong></span> <span class='ocrx_word' id='word_1_433' title='bbox 598 2057 642 2088; x_wconf 58' lang='lat' dir='ltr'><strong>eos</strong></span> <span class='ocrx_word' id='word_1_434' title='bbox 654 2057 698 2096; x_wconf 69' lang='lat' dir='ltr'><strong>qui</strong></span> <span class='ocrx_word' id='word_1_435' title='bbox 711 2063 798 2089; x_wconf 80' lang='lat' dir='ltr'><strong>dicunt</strong></span> <span class='ocrx_word' id='word_1_436' title='bbox 809 2057 900 2090; x_wconf 51' lang='lat' dir='ltr'><strong>homo;</strong></span> 
     </span>
    </p>
   </div>
   <div class='ocr_carea' id='block_1_59' title="bbox 154 2094 899 2132">
    <p class='ocr_par' dir='ltr' id='par_1_59' title="bbox 154 2094 899 2132">
     <span class='ocr_line' id='line_1_59' title="bbox 154 2094 899 2132; baseline 0.007 -13"><span class='ocrx_word' id='word_1_437' title='bbox 154 2101 254 2132; x_wconf 71' lang='lat' dir='ltr'><strong>nymth</strong></span> <span class='ocrx_word' id='word_1_438' title='bbox 266 2094 347 2132; x_wconf 48' lang='lat' dir='ltr'><strong>[Latent</strong></span> <span class='ocrx_word' id='word_1_439' title='bbox 361 2094 461 2122; x_wconf 71' lang='lat' dir='ltr'><strong>Filium</strong></span> <span class='ocrx_word' id='word_1_440' title='bbox 480 2096 525 2122; x_wconf 79' lang='lat' dir='ltr'><strong>Dei</strong></span> <span class='ocrx_word' id='word_1_441' title='bbox 540 2094 664 2123; x_wconf 67' lang='lat' dir='ltr'><strong>Verbum.</strong></span> <span class='ocrx_word' id='word_1_442' title='bbox 679 2097 718 2124; x_wconf 73' lang='lat' dir='ltr'><strong>Ex</strong></span> <span class='ocrx_word' id='word_1_443' title='bbox 733 2099 820 2132; x_wconf 76' lang='lat' dir='ltr'><strong>prima</strong></span> <span class='ocrx_word' id='word_1_444' title='bbox 836 2106 899 2124; x_wconf 87' lang='lat' dir='ltr'><strong>ora-</strong></span> 
     </span>
    </p>
   </div>
   <div class='ocr_carea' id='block_1_60' title="bbox 155 2128 358 2156">
    <p class='ocr_par' dir='ltr' id='par_1_60' title="bbox 155 2128 358 2156">
     <span class='ocr_line' id='line_1_60' title="bbox 155 2128 358 2156; baseline 0.01 -2"><span class='ocrx_word' id='word_1_445' title='bbox 155 2129 217 2155; x_wconf 82' lang='lat' dir='ltr'><strong>tione</strong></span> <span class='ocrx_word' id='word_1_446' title='bbox 229 2129 260 2155; x_wconf 80' lang='lat' dir='ltr'><strong>de</strong></span> <span class='ocrx_word' id='word_1_447' title='bbox 277 2128 358 2156; x_wconf 87' lang='lat' dir='ltr'><strong>Filio.</strong></span> 
     </span>
    </p>
   </div>
   <div class='ocr_carea' id='block_1_61' title="bbox 155 2184 897 2221">
    <p class='ocr_par' dir='ltr' id='par_1_61' title="bbox 155 2184 897 2221">
     <span class='ocr_line' id='line_1_61' title="bbox 155 2184 897 2221; baseline 0.005 -9"><span class='ocrx_word' id='word_1_448' title='bbox 155 2184 194 2212; x_wconf 70' lang='grc' dir='ltr'><strong>ιο.</strong></span> <span class='ocrx_word' id='word_1_449' title='bbox 207 2185 301 2212; x_wconf 84' lang='lat' dir='ltr'><strong>Nostra</strong></span> <span class='ocrx_word' id='word_1_450' title='bbox 319 2192 402 2219; x_wconf 82' lang='lat' dir='ltr'><strong>perro</strong></span> <span class='ocrx_word' id='word_1_451' title='bbox 416 2186 455 2214; x_wconf 90' lang='lat' dir='ltr'><strong>sic</strong></span> <span class='ocrx_word' id='word_1_452' title='bbox 467 2187 546 2214; x_wconf 81' lang='lat' dir='ltr'><strong>habet</strong></span> <span class='ocrx_word' id='word_1_453' title='bbox 563 2187 643 2215; x_wconf 84' lang='lat' dir='ltr'><strong>ratio.</strong></span> <span class='ocrx_word' id='word_1_454' title='bbox 660 2188 897 2221; x_wconf 83' lang='lat' dir='ltr'><strong>Quemadmodum</strong></span> 
     </span>
    </p>
   </div>
   <div class='ocr_carea' id='block_1_62' title="bbox 124 2230 895 2269">
    <p class='ocr_par' dir='ltr' id='par_1_62' title="bbox 124 2230 895 2269">
     <span class='ocr_line' id='line_1_62' title="bbox 124 2230 895 2269; baseline 0.006 -12"><span class='ocrx_word' id='word_1_455' title='bbox 124 2231 190 2266; x_wconf 90' lang='lat' dir='ltr'><strong>equi,</strong></span> <span class='ocrx_word' id='word_1_456' title='bbox 204 2230 290 2264; x_wconf 89' lang='lat' dir='ltr'><strong>bovis,</strong></span> <span class='ocrx_word' id='word_1_457' title='bbox 312 2231 441 2263; x_wconf 85' lang='lat' dir='ltr'><strong>hominis.</strong></span> <span class='ocrx_word' id='word_1_458' title='bbox 464 2233 689 2269; x_wconf 73' lang='lat' dir='ltr'><strong>singulorumque</strong></span> <span class='ocrx_word' id='word_1_459' title='bbox 704 2236 755 2262; x_wconf 90' lang='lat' dir='ltr'><strong>sub</strong></span> <span class='ocrx_word' id='word_1_460' title='bbox 771 2236 895 2264; x_wconf 84' lang='lat' dir='ltr'><strong>eamdem</strong></span> 
     </span>
    </p>
   </div>
   <div class='ocr_carea' id='block_1_63' title="bbox 125 2276 897 2316">
    <p class='ocr_par' dir='ltr' id='par_1_63' title="bbox 125 2276 897 2316">
     <span class='ocr_line' id='line_1_63' title="bbox 125 2276 897 2316; baseline 0.008 -13"><span class='ocrx_word' id='word_1_461' title='bbox 125 2276 265 2303; x_wconf 77' lang='lat' dir='ltr'><strong>cadentium</strong></span> <span class='ocrx_word' id='word_1_462' title='bbox 281 2277 400 2311; x_wconf 85' lang='lat' dir='ltr'><strong>speciem</strong></span> <span class='ocrx_word' id='word_1_463' title='bbox 416 2277 486 2305; x_wconf 86' lang='lat' dir='ltr'><strong>ratio</strong></span> <span class='ocrx_word' id='word_1_464' title='bbox 502 2286 554 2305; x_wconf 85' lang='lat' dir='ltr'><strong>una</strong></span> <span class='ocrx_word' id='word_1_465' title='bbox 570 2285 621 2311; x_wconf 86' lang='lat' dir='ltr'><strong>est,</strong></span> <span class='ocrx_word' id='word_1_466' title='bbox 639 2285 720 2315; x_wconf 87' lang='lat' dir='ltr'><strong>atque</strong></span> <span class='ocrx_word' id='word_1_467' title='bbox 736 2281 803 2308; x_wconf 87' lang='lat' dir='ltr'><strong>adeo</strong></span> <span class='ocrx_word' id='word_1_468' title='bbox 817 2281 897 2316; x_wconf 91' lang='lat' dir='ltr'><strong>quid-</strong></span> 
     </span>
    </p>
   </div>
   <div class='ocr_carea' id='block_1_64' title="bbox 126 2321 894 2362">
    <p class='ocr_par' dir='ltr' id='par_1_64' title="bbox 126 2321 894 2362">
     <span class='ocr_line' id='line_1_64' title="bbox 126 2321 894 2362; baseline 0.009 -15"><span class='ocrx_word' id='word_1_469' title='bbox 126 2321 182 2355; x_wconf 85' lang='lat' dir='ltr'><strong>quid</strong></span> <span class='ocrx_word' id='word_1_470' title='bbox 212 2322 314 2349; x_wconf 85' lang='lat' dir='ltr'><strong>ratione</strong></span> <span class='ocrx_word' id='word_1_471' title='bbox 352 2322 495 2356; x_wconf 65' lang='lat' dir='ltr'><strong>praiditum</strong></span> <span class='ocrx_word' id='word_1_472' title='bbox 519 2328 579 2356; x_wconf 89' lang='lat' dir='ltr'><strong>est,</strong></span> <span class='ocrx_word' id='word_1_473' title='bbox 608 2325 634 2351; x_wconf 95' lang='lat' dir='ltr'><strong>id</strong></span> <span class='ocrx_word' id='word_1_474' title='bbox 659 2325 742 2352; x_wconf 87' lang='lat' dir='ltr'><strong>etiam</strong></span> <span class='ocrx_word' id='word_1_475' title='bbox 766 2328 894 2362; x_wconf 81' lang='lat' dir='ltr'><strong>proprie;</strong></span> 
     </span>
    </p>
   </div>
   <div class='ocr_carea' id='block_1_65' title="bbox 126 2367 895 2407">
    <p class='ocr_par' dir='ltr' id='par_1_65' title="bbox 126 2367 895 2407">
     <span class='ocr_line' id='line_1_65' title="bbox 126 2367 895 2407; baseline 0.009 -14"><span class='ocrx_word' id='word_1_476' title='bbox 126 2367 239 2401; x_wconf 88' lang='lat' dir='ltr'><strong>quidquid</strong></span> <span class='ocrx_word' id='word_1_477' title='bbox 272 2375 336 2395; x_wconf 89' lang='lat' dir='ltr'><strong>vero</strong></span> <span class='ocrx_word' id='word_1_478' title='bbox 360 2376 390 2395; x_wconf 83' lang='lat' dir='ltr'><strong>ea</strong></span> <span class='ocrx_word' id='word_1_479' title='bbox 416 2374 504 2401; x_wconf 86' lang='lat' dir='ltr'><strong>caret,</strong></span> <span class='ocrx_word' id='word_1_480' title='bbox 523 2369 549 2396; x_wconf 94' lang='lat' dir='ltr'><strong>id</strong></span> <span class='ocrx_word' id='word_1_481' title='bbox 573 2371 614 2397; x_wconf 88' lang='lat' dir='ltr'><strong>vel</strong></span> <span class='ocrx_word' id='word_1_482' title='bbox 635 2379 690 2398; x_wconf 91' lang='lat' dir='ltr'><strong>non</strong></span> <span class='ocrx_word' id='word_1_483' title='bbox 713 2372 825 2407; x_wconf 90' lang='lat' dir='ltr'><strong>dicitur,</strong></span> <span class='ocrx_word' id='word_1_484' title='bbox 852 2374 895 2400; x_wconf 88' lang='lat' dir='ltr'><strong>vel</strong></span> 
     </span>
    </p>
   </div>
   <div class='ocr_carea' id='block_1_66' title="bbox 127 2413 895 2451">
    <p class='ocr_par' dir='ltr' id='par_1_66' title="bbox 127 2413 895 2451">
     <span class='ocr_line' id='line_1_66' title="bbox 127 2413 895 2451; baseline 0.012 -14"><span class='ocrx_word' id='word_1_485' title='bbox 127 2418 173 2438; x_wconf 86' lang='lat' dir='ltr'><strong>non</strong></span> <span class='ocrx_word' id='word_1_486' title='bbox 186 2413 286 2446; x_wconf 89' lang='lat' dir='ltr'><strong>proprie</strong></span> <span class='ocrx_word' id='word_1_487' title='bbox 303 2413 405 2441; x_wconf 87' lang='lat' dir='ltr'><strong>dicitur</strong></span> <span class='ocrx_word' id='word_1_488' title='bbox 417 2423 423 2441; x_wconf 91' lang='lat'><strong>:</strong></span> <span class='ocrx_word' id='word_1_489' title='bbox 437 2415 477 2442; x_wconf 83' lang='lat' dir='ltr'><strong>sic</strong></span> <span class='ocrx_word' id='word_1_490' title='bbox 496 2415 542 2442; x_wconf 87' lang='lat' dir='ltr'><strong>Dei</strong></span> <span class='ocrx_word' id='word_1_491' title='bbox 560 2423 669 2451; x_wconf 91' lang='lat' dir='ltr'><strong>quoque</strong></span> <span class='ocrx_word' id='word_1_492' title='bbox 687 2425 741 2444; x_wconf 89' lang='lat' dir='ltr'><strong>una</strong></span> <span class='ocrx_word' id='word_1_493' title='bbox 763 2419 895 2451; x_wconf 85' lang='lat' dir='ltr'><strong>essentia,</strong></span> 
     </span>
    </p>
   </div>
   <div class='ocr_carea' id='block_1_67' title="bbox 127 2460 895 2493">
    <p class='ocr_par' dir='ltr' id='par_1_67' title="bbox 127 2460 895 2493">
     <span class='ocr_line' id='line_1_67' title="bbox 127 2460 895 2493; baseline 0.012 -11"><span class='ocrx_word' id='word_1_494' title='bbox 127 2461 150 2483; x_wconf 89' lang='lat' dir='ltr'><strong>et</strong></span> <span class='ocrx_word' id='word_1_495' title='bbox 160 2461 253 2490; x_wconf 83' lang='lat' dir='ltr'><strong>natura,</strong></span> <span class='ocrx_word' id='word_1_496' title='bbox 273 2464 300 2484; x_wconf 91' lang='lat' dir='ltr'><strong>et</strong></span> <span class='ocrx_word' id='word_1_497' title='bbox 321 2460 465 2493; x_wconf 85' lang='lat' dir='ltr'><strong>appellatio</strong></span> <span class='ocrx_word' id='word_1_498' title='bbox 487 2465 540 2493; x_wconf 87' lang='lat' dir='ltr'><strong>est,</strong></span> <span class='ocrx_word' id='word_1_499' title='bbox 564 2462 615 2489; x_wconf 87' lang='lat' dir='ltr'><strong>etsi</strong></span> <span class='ocrx_word' id='word_1_500' title='bbox 639 2463 746 2490; x_wconf 79' lang='lat' dir='ltr'><strong>diversa</strong></span> <span class='ocrx_word' id='word_1_501' title='bbox 769 2465 895 2492; x_wconf 71' lang='lat' dir='ltr'><strong>essentia:</strong></span> 
     </span>
    </p>
   </div>
   <div class='ocr_carea' id='block_1_68' title="bbox 129 2505 893 2544">
    <p class='ocr_par' dir='ltr' id='par_1_68' title="bbox 129 2505 893 2544">
     <span class='ocr_line' id='line_1_68' title="bbox 129 2505 893 2544; baseline 0.01 -14"><span class='ocrx_word' id='word_1_502' title='bbox 129 2509 264 2539; x_wconf 61' lang='lat' dir='ltr'><strong>naturaque</strong></span> <span class='ocrx_word' id='word_1_503' title='bbox 288 2505 379 2533; x_wconf 86' lang='lat' dir='ltr'><strong>habita</strong></span> <span class='ocrx_word' id='word_1_504' title='bbox 405 2507 529 2540; x_wconf 89' lang='lat' dir='ltr'><strong>ratione,</strong></span> <span class='ocrx_word' id='word_1_505' title='bbox 552 2508 626 2535; x_wconf 89' lang='lat' dir='ltr'><strong>varia</strong></span> <span class='ocrx_word' id='word_1_506' title='bbox 650 2517 759 2544; x_wconf 86' lang='lat' dir='ltr'><strong>quoque</strong></span> <span class='ocrx_word' id='word_1_507' title='bbox 782 2512 893 2538; x_wconf 85' lang='lat' dir='ltr'><strong>nomina</strong></span> 
     </span>
    </p>
   </div>
   <div class='ocr_carea' id='block_1_69' title="bbox 128 2548 892 2587">
    <p class='ocr_par' dir='ltr' id='par_1_69' title="bbox 128 2548 892 2587">
     <span class='ocr_line' id='line_1_69' title="bbox 128 2548 892 2587; baseline 0.009 -13"><span class='ocrx_word' id='word_1_508' title='bbox 128 2548 294 2583; x_wconf 78' lang='lat' dir='ltr'><strong>cxcogitentur</strong></span> <span class='ocrx_word' id='word_1_509' title='bbox 311 2558 317 2575; x_wconf 93' lang='lat'><strong>:</strong></span> <span class='ocrx_word' id='word_1_510' title='bbox 334 2549 369 2576; x_wconf 88' lang='lat' dir='ltr'><strong>ita</strong></span> <span class='ocrx_word' id='word_1_511' title='bbox 385 2555 414 2577; x_wconf 93' lang='lat' dir='ltr'><strong>ut</strong></span> <span class='ocrx_word' id='word_1_512' title='bbox 429 2552 501 2585; x_wconf 89' lang='lat' dir='ltr'><strong>quod</strong></span> <span class='ocrx_word' id='word_1_513' title='bbox 522 2554 632 2587; x_wconf 87' lang='lat' dir='ltr'><strong>proprie</strong></span> <span class='ocrx_word' id='word_1_514' title='bbox 647 2554 717 2581; x_wconf 85' lang='lat' dir='ltr'><strong>Deus</strong></span> <span class='ocrx_word' id='word_1_515' title='bbox 736 2554 847 2585; x_wconf 84' lang='lat' dir='ltr'><strong>dicitur,</strong></span> <span class='ocrx_word' id='word_1_516' title='bbox 866 2555 892 2581; x_wconf 91' lang='lat' dir='ltr'><strong>id</strong></span> 
     </span>
    </p>
   </div>
   <div class='ocr_carea' id='block_1_70' title="bbox 129 2594 891 2632">
    <p class='ocr_par' dir='ltr' id='par_1_70' title="bbox 129 2594 891 2632">
     <span class='ocr_line' id='line_1_70' title="bbox 129 2594 891 2632; baseline 0.01 -13"><span class='ocrx_word' id='word_1_517' title='bbox 129 2594 186 2620; x_wconf 81' lang='lat' dir='ltr'><strong>Deus</strong></span> <span class='ocrx_word' id='word_1_518' title='bbox 207 2602 312 2629; x_wconf 85' lang='lat' dir='ltr'><strong>quoque</strong></span> <span class='ocrx_word' id='word_1_519' title='bbox 337 2595 394 2624; x_wconf 85' lang='lat' dir='ltr'><strong>sit:</strong></span> <span class='ocrx_word' id='word_1_520' title='bbox 410 2597 537 2632; x_wconf 84' lang='lat' dir='ltr'><strong>quodque</strong></span> <span class='ocrx_word' id='word_1_521' title='bbox 566 2603 661 2626; x_wconf 85' lang='lat' dir='ltr'><strong>natura</strong></span> <span class='ocrx_word' id='word_1_522' title='bbox 687 2601 732 2630; x_wconf 69' lang='lat' dir='ltr'><strong>sit.</strong></span> <span class='ocrx_word' id='word_1_523' title='bbox 758 2600 784 2627; x_wconf 88' lang='lat' dir='ltr'><strong>id</strong></span> <span class='ocrx_word' id='word_1_524' title='bbox 808 2601 891 2630; x_wconf 83' lang='lat' dir='ltr'><strong>etiam</strong></span> 
     </span>
    </p>
   </div>
   <div class='ocr_carea' id='block_1_71' title="bbox 129 2641 891 2677">
    <p class='ocr_par' dir='ltr' id='par_1_71' title="bbox 129 2641 891 2677">
     <span class='ocr_line' id='line_1_71' title="bbox 129 2641 891 2677; baseline 0.012 -12"><span class='ocrx_word' id='word_1_525' title='bbox 129 2647 180 2666; x_wconf 83' lang='lat' dir='ltr'><strong>vero</strong></span> <span class='ocrx_word' id='word_1_526' title='bbox 201 2641 362 2674; x_wconf 84' lang='lat' dir='ltr'><strong>nominetur,</strong></span> <span class='ocrx_word' id='word_1_527' title='bbox 387 2643 522 2677; x_wconf 84' lang='lat' dir='ltr'><strong>siquidem</strong></span> <span class='ocrx_word' id='word_1_528' title='bbox 547 2653 600 2672; x_wconf 86' lang='lat' dir='ltr'><strong>non</strong></span> <span class='ocrx_word' id='word_1_529' title='bbox 617 2647 644 2673; x_wconf 89' lang='lat' dir='ltr'><strong>in</strong></span> <span class='ocrx_word' id='word_1_530' title='bbox 657 2646 824 2677; x_wconf 75' lang='lat' dir='ltr'><strong>nominibus,</strong></span> <span class='ocrx_word' id='word_1_531' title='bbox 843 2647 891 2675; x_wconf 78' lang='lat' dir='ltr'><strong>sed</strong></span> 
     </span>
    </p>
   </div>
   <div class='ocr_carea' id='block_1_72' title="bbox 131 2685 888 2720">
    <p class='ocr_par' dir='ltr' id='par_1_72' title="bbox 131 2685 888 2720">
     <span class='ocr_line' id='line_1_72' title="bbox 131 2685 888 2720; baseline 0.009 -8"><span class='ocrx_word' id='word_1_532' title='bbox 131 2685 195 2712; x_wconf 80' lang='lat' dir='ltr'><strong>rebus</strong></span> <span class='ocrx_word' id='word_1_533' title='bbox 223 2687 364 2715; x_wconf 86' lang='lat' dir='ltr'><strong>veritatem</strong></span> <span class='ocrx_word' id='word_1_534' title='bbox 395 2689 484 2717; x_wconf 87' lang='lat' dir='ltr'><strong>inesse</strong></span> <span class='ocrx_word' id='word_1_535' title='bbox 514 2691 689 2719; x_wconf 86' lang='lat' dir='ltr'><strong>arbitramur.</strong></span> <span class='ocrx_word' id='word_1_536' title='bbox 727 2692 772 2719; x_wconf 88' lang='lat' dir='ltr'><strong>lsti</strong></span> <span class='ocrx_word' id='word_1_537' title='bbox 798 2697 888 2720; x_wconf 79' lang='lat' dir='ltr'><strong>autent</strong></span> 
     </span>
    </p>
   </div>
   <div class='ocr_carea' id='block_1_73' title="bbox 131 2731 889 2770">
    <p class='ocr_par' dir='ltr' id='par_1_73' title="bbox 131 2731 889 2770">
     <span class='ocr_line' id='line_1_73' title="bbox 131 2731 889 2770; baseline 0.015 -13"><span class='ocrx_word' id='word_1_538' title='bbox 131 2731 193 2758; x_wconf 84' lang='lat' dir='ltr'><strong>veriti</strong></span> <span class='ocrx_word' id='word_1_539' title='bbox 209 2740 238 2759; x_wconf 86' lang='lat' dir='ltr'><strong>ne</strong></span> <span class='ocrx_word' id='word_1_540' title='bbox 255 2740 309 2760; x_wconf 92' lang='lat' dir='ltr'><strong>non</strong></span> <span class='ocrx_word' id='word_1_541' title='bbox 326 2741 434 2762; x_wconf 92' lang='lat' dir='ltr'><strong>omnem</strong></span> <span class='ocrx_word' id='word_1_542' title='bbox 453 2736 570 2770; x_wconf 85' lang='lat' dir='ltr'><strong>lapidem</strong></span> <span class='ocrx_word' id='word_1_543' title='bbox 593 2738 723 2770; x_wconf 83' lang='lat' dir='ltr'><strong>adversus</strong></span> <span class='ocrx_word' id='word_1_544' title='bbox 748 2738 889 2766; x_wconf 67' lang='lat' dir='ltr'><strong>veritatem</strong></span> 
     </span>
    </p>
   </div>
   <div class='ocr_carea' id='block_1_74' title="bbox 157 2823 591 2860">
    <p class='ocr_par' dir='ltr' id='par_1_74' title="bbox 157 2823 591 2860">
     <span class='ocr_line' id='line_1_74' title="bbox 157 2823 591 2860; baseline 0.009 -9"><span class='ocrx_word' id='word_1_545' title='bbox 157 2823 174 2838; x_wconf 72' lang='grc' dir='ltr'><strong>’θ</strong></span> <span class='ocrx_word' id='word_1_546' title='bbox 187 2823 254 2853; x_wconf 78' lang='lat' dir='ltr'><strong>Joau.</strong></span> <span class='ocrx_word' id='word_1_547' title='bbox 273 2833 292 2859; x_wconf 83' lang='grc' dir='ltr'><strong>ι,</strong></span> <span class='ocrx_word' id='word_1_548' title='bbox 310 2825 333 2853; x_wconf 86' lang='lat' dir='ltr'><strong>l.</strong></span> <span class='ocrx_word' id='word_1_549' title='bbox 377 2827 396 2842; x_wconf 83' lang='lat'>&quot;</span> <span class='ocrx_word' id='word_1_550' title='bbox 409 2827 480 2855; x_wconf 75' lang='lat' dir='ltr'><strong>l’sul.</strong></span> <span class='ocrx_word' id='word_1_551' title='bbox 496 2836 550 2860; x_wconf 73' lang='grc' dir='ltr'><strong>ω,</strong></span> <span class='ocrx_word' id='word_1_552' title='bbox 565 2829 591 2855; x_wconf 75' lang='lat'><strong>3.</strong></span> 
     </span>
    </p>
   </div>
   <div class='ocr_carea' id='block_1_75' title="bbox 953 857 1741 893">
    <p class='ocr_par' dir='ltr' id='par_1_75' title="bbox 953 857 1741 893">
     <span class='ocr_line' id='line_1_75' title="bbox 953 857 1741 893; baseline 0 -10"><span class='ocrx_word' id='word_1_553' title='bbox 953 862 1065 885; x_wconf 83' lang='lat' dir='ltr'><strong>naturas</strong></span> <span class='ocrx_word' id='word_1_554' title='bbox 1092 858 1188 885; x_wconf 86' lang='lat' dir='ltr'><strong>eadem</strong></span> <span class='ocrx_word' id='word_1_555' title='bbox 1218 859 1268 885; x_wconf 87' lang='lat' dir='ltr'><strong>suh</strong></span> <span class='ocrx_word' id='word_1_556' title='bbox 1296 858 1477 893; x_wconf 85' lang='lat' dir='ltr'><strong>appellatione</strong></span> <span class='ocrx_word' id='word_1_557' title='bbox 1511 857 1741 892; x_wconf 83' lang='lat' dir='ltr'><strong>cmnpreheudis,</strong></span> 
     </span>
    </p>
   </div>
   <div class='ocr_carea' id='block_1_76' title="bbox 952 903 1742 936">
    <p class='ocr_par' dir='ltr' id='par_1_76' title="bbox 952 903 1742 936">
     <span class='ocr_line' id='line_1_76' title="bbox 952 903 1742 936; baseline -0.001 -6"><span class='ocrx_word' id='word_1_558' title='bbox 952 903 1033 930; x_wconf 88' lang='lat' dir='ltr'><strong>aliam</strong></span> <span class='ocrx_word' id='word_1_559' title='bbox 1047 903 1099 930; x_wconf 86' lang='lat' dir='ltr'><strong>alia</strong></span> <span class='ocrx_word' id='word_1_560' title='bbox 1113 904 1200 930; x_wconf 89' lang='lat' dir='ltr'><strong>nihilo</strong></span> <span class='ocrx_word' id='word_1_561' title='bbox 1217 904 1356 931; x_wconf 85' lang='lat' dir='ltr'><strong>meliorem</strong></span> <span class='ocrx_word' id='word_1_562' title='bbox 1370 903 1540 935; x_wconf 88' lang='lat' dir='ltr'><strong>introducis;</strong></span> <span class='ocrx_word' id='word_1_563' title='bbox 1556 904 1593 930; x_wconf 92' lang='lat' dir='ltr'><strong>ita</strong></span> <span class='ocrx_word' id='word_1_564' title='bbox 1610 909 1640 930; x_wconf 86' lang='lat' dir='ltr'><strong>ut</strong></span> <span class='ocrx_word' id='word_1_565' title='bbox 1652 910 1742 936; x_wconf 82' lang='lat' dir='ltr'><strong>neque</strong></span> 
     </span>
    </p>
   </div>
   <div class='ocr_carea' id='block_1_77' title="bbox 952 949 1741 985">
    <p class='ocr_par' dir='ltr' id='par_1_77' title="bbox 952 949 1741 985">
     <span class='ocr_line' id='line_1_77' title="bbox 952 949 1741 985; baseline -0.006 -7"><span class='ocrx_word' id='word_1_566' title='bbox 952 952 1031 978; x_wconf 85' lang='lat' dir='ltr'><strong>aliam</strong></span> <span class='ocrx_word' id='word_1_567' title='bbox 1053 951 1106 978; x_wconf 82' lang='lat' dir='ltr'><strong>alia</strong></span> <span class='ocrx_word' id='word_1_568' title='bbox 1131 951 1249 985; x_wconf 85' lang='lat' dir='ltr'><strong>priorem</strong></span> <span class='ocrx_word' id='word_1_569' title='bbox 1265 956 1312 978; x_wconf 82' lang='lat' dir='ltr'><strong>aut</strong></span> <span class='ocrx_word' id='word_1_570' title='bbox 1328 951 1506 984; x_wconf 79' lang='lat' dir='ltr'><strong>posteriorem</strong></span> <span class='ocrx_word' id='word_1_571' title='bbox 1520 970 1527 982; x_wconf 86' lang='lat'><strong>,</strong></span> <span class='ocrx_word' id='word_1_572' title='bbox 1549 956 1638 982; x_wconf 87' lang='lat' dir='ltr'><strong>neque</strong></span> <span class='ocrx_word' id='word_1_573' title='bbox 1661 949 1741 975; x_wconf 83' lang='lat' dir='ltr'><strong>aliam</strong></span> 
     </span>
    </p>
   </div>
   <div class='ocr_carea' id='block_1_78' title="bbox 954 996 1741 1032">
    <p class='ocr_par' dir='ltr' id='par_1_78' title="bbox 954 996 1741 1032">
     <span class='ocr_line' id='line_1_78' title="bbox 954 996 1741 1032; baseline -0.003 -9"><span class='ocrx_word' id='word_1_574' title='bbox 954 997 1039 1032; x_wconf 77' lang='lat' dir='ltr'><strong>magis</strong></span> <span class='ocrx_word' id='word_1_575' title='bbox 1055 1000 1101 1023; x_wconf 85' lang='lat' dir='ltr'><strong>aut</strong></span> <span class='ocrx_word' id='word_1_576' title='bbox 1117 997 1207 1023; x_wconf 90' lang='lat' dir='ltr'><strong>minus</strong></span> <span class='ocrx_word' id='word_1_577' title='bbox 1224 997 1276 1024; x_wconf 82' lang='lat' dir='ltr'><strong>alia</strong></span> <span class='ocrx_word' id='word_1_578' title='bbox 1291 1004 1351 1024; x_wconf 86' lang='lat' dir='ltr'><strong>esse</strong></span> <span class='ocrx_word' id='word_1_579' title='bbox 1368 997 1394 1023; x_wconf 93' lang='lat' dir='ltr'><strong>id</strong></span> <span class='ocrx_word' id='word_1_580' title='bbox 1411 996 1483 1031; x_wconf 89' lang='lat' dir='ltr'><strong>quod</strong></span> <span class='ocrx_word' id='word_1_581' title='bbox 1504 996 1605 1023; x_wconf 86' lang='lat' dir='ltr'><strong>dicitur</strong></span> <span class='ocrx_word' id='word_1_582' title='bbox 1619 1003 1741 1023; x_wconf 81' lang='lat' dir='ltr'><strong>asserere</strong></span> 
     </span>
    </p>
   </div>
   <div class='ocr_carea' id='block_1_79' title="bbox 952 1041 1742 1078">
    <p class='ocr_par' dir='ltr' id='par_1_79' title="bbox 952 1041 1742 1078">
     <span class='ocr_line' id='line_1_79' title="bbox 952 1041 1742 1078; baseline -0.004 -8"><span class='ocrx_word' id='word_1_583' title='bbox 952 1043 1049 1078; x_wconf 85' lang='lat' dir='ltr'><strong>possis.</strong></span> <span class='ocrx_word' id='word_1_584' title='bbox 1070 1042 1143 1069; x_wconf 90' lang='lat' dir='ltr'><strong>Nihil</strong></span> <span class='ocrx_word' id='word_1_585' title='bbox 1167 1043 1239 1069; x_wconf 86' lang='lat' dir='ltr'><strong>enim</strong></span> <span class='ocrx_word' id='word_1_586' title='bbox 1266 1042 1459 1077; x_wconf 77' lang='lat' dir='ltr'><strong>conjungitur,</strong></span> <span class='ocrx_word' id='word_1_587' title='bbox 1485 1042 1557 1076; x_wconf 92' lang='lat' dir='ltr'><strong>quod</strong></span> <span class='ocrx_word' id='word_1_588' title='bbox 1585 1041 1742 1075; x_wconf 73' lang='lat' dir='ltr'><strong>huiusmodi</strong></span> 
     </span>
    </p>
   </div>
   <div class='ocr_carea' id='block_1_80' title="bbox 951 1088 1742 1123">
    <p class='ocr_par' dir='ltr' id='par_1_80' title="bbox 951 1088 1742 1123">
     <span class='ocr_line' id='line_1_80' title="bbox 951 1088 1742 1123; baseline -0.004 -6"><span class='ocrx_word' id='word_1_589' title='bbox 951 1091 992 1117; x_wconf 92' lang='lat' dir='ltr'><strong>eis</strong></span> <span class='ocrx_word' id='word_1_590' title='bbox 1009 1089 1201 1117; x_wconf 82' lang='lat' dir='ltr'><strong>necessitatem</strong></span> <span class='ocrx_word' id='word_1_591' title='bbox 1221 1089 1327 1116; x_wconf 77' lang='lat' dir='ltr'><strong>atterat.</strong></span> <span class='ocrx_word' id='word_1_592' title='bbox 1343 1089 1391 1116; x_wconf 88' lang='lat' dir='ltr'><strong>ilic</strong></span> <span class='ocrx_word' id='word_1_593' title='bbox 1404 1089 1476 1116; x_wconf 87' lang='lat' dir='ltr'><strong>enim</strong></span> <span class='ocrx_word' id='word_1_594' title='bbox 1496 1097 1549 1115; x_wconf 85' lang='lat' dir='ltr'><strong>non</strong></span> <span class='ocrx_word' id='word_1_595' title='bbox 1566 1089 1652 1123; x_wconf 79' lang='lat' dir='ltr'><strong>magis</strong></span> <span class='ocrx_word' id='word_1_596' title='bbox 1666 1088 1742 1115; x_wconf 85' lang='lat' dir='ltr'><strong>canis</strong></span> 
     </span>
    </p>
   </div>
   <div class='ocr_carea' id='block_1_81' title="bbox 951 1134 1741 1170">
    <p class='ocr_par' dir='ltr' id='par_1_81' title="bbox 951 1134 1741 1170">
     <span class='ocr_line' id='line_1_81' title="bbox 951 1134 1741 1170; baseline -0.004 -7"><span class='ocrx_word' id='word_1_597' title='bbox 951 1140 1002 1168; x_wconf 86' lang='lat' dir='ltr'><strong>est,</strong></span> <span class='ocrx_word' id='word_1_598' title='bbox 1020 1143 1108 1170; x_wconf 87' lang='lat' dir='ltr'><strong>neque</strong></span> <span class='ocrx_word' id='word_1_599' title='bbox 1125 1135 1170 1162; x_wconf 85' lang='lat' dir='ltr'><strong>ille</strong></span> <span class='ocrx_word' id='word_1_600' title='bbox 1190 1136 1281 1162; x_wconf 87' lang='lat' dir='ltr'><strong>minus</strong></span> <span class='ocrx_word' id='word_1_601' title='bbox 1304 1135 1370 1166; x_wconf 81' lang='lat' dir='ltr'><strong>alio,</strong></span> <span class='ocrx_word' id='word_1_602' title='bbox 1393 1135 1522 1162; x_wconf 92' lang='lat' dir='ltr'><strong>nimirum</strong></span> <span class='ocrx_word' id='word_1_603' title='bbox 1549 1134 1671 1161; x_wconf 86' lang='lat' dir='ltr'><strong>marinus</strong></span> <span class='ocrx_word' id='word_1_604' title='bbox 1687 1139 1741 1160; x_wconf 79' lang='lat' dir='ltr'><strong>ter-</strong></span> 
     </span>
    </p>
   </div>
   <div class='ocr_carea' id='block_1_82' title="bbox 951 1181 1740 1215">
    <p class='ocr_par' dir='ltr' id='par_1_82' title="bbox 951 1181 1740 1215">
     <span class='ocr_line' id='line_1_82' title="bbox 951 1181 1740 1215; baseline -0.004 -6"><span class='ocrx_word' id='word_1_605' title='bbox 951 1183 1043 1214; x_wconf 87' lang='lat' dir='ltr'><strong>restri,</strong></span> <span class='ocrx_word' id='word_1_606' title='bbox 1071 1186 1118 1209; x_wconf 87' lang='lat' dir='ltr'><strong>aut</strong></span> <span class='ocrx_word' id='word_1_607' title='bbox 1146 1182 1283 1209; x_wconf 84' lang='lat' dir='ltr'><strong>terrestris</strong></span> <span class='ocrx_word' id='word_1_608' title='bbox 1309 1182 1423 1209; x_wconf 86' lang='lat' dir='ltr'><strong>marino.</strong></span> <span class='ocrx_word' id='word_1_609' title='bbox 1448 1181 1515 1208; x_wconf 88' lang='lat' dir='ltr'><strong>Nam</strong></span> <span class='ocrx_word' id='word_1_610' title='bbox 1540 1189 1590 1208; x_wconf 89' lang='lat' dir='ltr'><strong>cur</strong></span> <span class='ocrx_word' id='word_1_611' title='bbox 1613 1182 1638 1207; x_wconf 88' lang='lat' dir='ltr'><strong>id</strong></span> <span class='ocrx_word' id='word_1_612' title='bbox 1653 1188 1740 1215; x_wconf 77' lang='lat' dir='ltr'><strong>quave</strong></span> 
     </span>
    </p>
   </div>
   <div class='ocr_carea' id='block_1_83' title="bbox 951 1226 1743 1262">
    <p class='ocr_par' dir='ltr' id='par_1_83' title="bbox 951 1226 1743 1262">
     <span class='ocr_line' id='line_1_83' title="bbox 951 1226 1743 1262; baseline -0.003 -7"><span class='ocrx_word' id='word_1_613' title='bbox 951 1229 1057 1255; x_wconf 88' lang='lat' dir='ltr'><strong>ratione</strong></span> <span class='ocrx_word' id='word_1_614' title='bbox 1078 1227 1144 1255; x_wconf 83' lang='lat' dir='ltr'><strong>ﬁat?</strong></span> <span class='ocrx_word' id='word_1_615' title='bbox 1165 1228 1212 1255; x_wconf 88' lang='lat' dir='ltr'><strong>sed</strong></span> <span class='ocrx_word' id='word_1_616' title='bbox 1236 1229 1318 1255; x_wconf 88' lang='lat' dir='ltr'><strong>rebus</strong></span> <span class='ocrx_word' id='word_1_617' title='bbox 1342 1227 1492 1262; x_wconf 66' lang='lat' dir='ltr'><strong>aequalibus</strong></span> <span class='ocrx_word' id='word_1_618' title='bbox 1519 1232 1600 1261; x_wconf 86' lang='lat' dir='ltr'><strong>atque</strong></span> <span class='ocrx_word' id='word_1_619' title='bbox 1626 1226 1743 1253; x_wconf 56' lang='lat' dir='ltr'><strong>diversis</strong></span> 
     </span>
    </p>
   </div>
   <div class='ocr_carea' id='block_1_84' title="bbox 950 1273 1742 1309">
    <p class='ocr_par' dir='ltr' id='par_1_84' title="bbox 950 1273 1742 1309">
     <span class='ocr_line' id='line_1_84' title="bbox 950 1273 1742 1309; baseline -0.009 -6"><span class='ocrx_word' id='word_1_620' title='bbox 950 1276 1046 1304; x_wconf 87' lang='lat' dir='ltr'><strong>eadem</strong></span> <span class='ocrx_word' id='word_1_621' title='bbox 1064 1275 1210 1309; x_wconf 86' lang='lat' dir='ltr'><strong>appellatio</strong></span> <span class='ocrx_word' id='word_1_622' title='bbox 1240 1274 1379 1302; x_wconf 89' lang='lat' dir='ltr'><strong>tribuitur.</strong></span> <span class='ocrx_word' id='word_1_623' title='bbox 1393 1274 1472 1301; x_wconf 88' lang='lat' dir='ltr'><strong>Nunc</strong></span> <span class='ocrx_word' id='word_1_624' title='bbox 1486 1278 1577 1300; x_wconf 86' lang='lat' dir='ltr'><strong>autem</strong></span> <span class='ocrx_word' id='word_1_625' title='bbox 1600 1280 1660 1299; x_wconf 88' lang='lat' dir='ltr'><strong>cutn</strong></span> <span class='ocrx_word' id='word_1_626' title='bbox 1677 1273 1742 1298; x_wconf 85' lang='lat' dir='ltr'><strong>ado-</strong></span> 
     </span>
    </p>
   </div>
   <div class='ocr_carea' id='block_1_85' title="bbox 951 1319 1740 1357">
    <p class='ocr_par' dir='ltr' id='par_1_85' title="bbox 951 1319 1740 1357">
     <span class='ocr_line' id='line_1_85' title="bbox 951 1319 1740 1357; baseline -0.008 -7"><span class='ocrx_word' id='word_1_627' title='bbox 951 1323 1084 1350; x_wconf 84' lang='lat' dir='ltr'><strong>rationem</strong></span> <span class='ocrx_word' id='word_1_628' title='bbox 1110 1323 1165 1349; x_wconf 91' lang='lat' dir='ltr'><strong>Deo</strong></span> <span class='ocrx_word' id='word_1_629' title='bbox 1189 1322 1342 1357; x_wconf 77' lang='lat' dir='ltr'><strong>adjudices,</strong></span> <span class='ocrx_word' id='word_1_630' title='bbox 1367 1328 1486 1356; x_wconf 85' lang='lat' dir='ltr'><strong>eumque</strong></span> <span class='ocrx_word' id='word_1_631' title='bbox 1507 1328 1566 1347; x_wconf 84' lang='lat' dir='ltr'><strong>esse</strong></span> <span class='ocrx_word' id='word_1_632' title='bbox 1591 1320 1675 1348; x_wconf 82' lang='lat' dir='ltr'><strong>dicos.</strong></span> <span class='ocrx_word' id='word_1_633' title='bbox 1693 1319 1740 1353; x_wconf 89' lang='lat' dir='ltr'><strong>qui</strong></span> 
     </span>
    </p>
   </div>
   <div class='ocr_carea' id='block_1_86' title="bbox 950 1367 1741 1402">
    <p class='ocr_par' dir='ltr' id='par_1_86' title="bbox 950 1367 1741 1402">
     <span class='ocr_line' id='line_1_86' title="bbox 950 1367 1741 1402; baseline -0.006 -7"><span class='ocrx_word' id='word_1_634' title='bbox 950 1373 1075 1396; x_wconf 88' lang='lat' dir='ltr'><strong>naturam</strong></span> <span class='ocrx_word' id='word_1_635' title='bbox 1100 1375 1209 1396; x_wconf 89' lang='lat' dir='ltr'><strong>omnem</strong></span> <span class='ocrx_word' id='word_1_636' title='bbox 1234 1372 1389 1402; x_wconf 83' lang='lat' dir='ltr'><strong>exsuperet,</strong></span> <span class='ocrx_word' id='word_1_637' title='bbox 1408 1367 1479 1401; x_wconf 87' lang='lat' dir='ltr'><strong>quod</strong></span> <span class='ocrx_word' id='word_1_638' title='bbox 1504 1374 1587 1394; x_wconf 57' lang='lat' dir='ltr'><strong>uinum</strong></span> <span class='ocrx_word' id='word_1_639' title='bbox 1615 1367 1660 1392; x_wconf 86' lang='lat' dir='ltr'><strong>Dei</strong></span> <span class='ocrx_word' id='word_1_640' title='bbox 1679 1373 1741 1400; x_wconf 87' lang='lat' dir='ltr'><strong>pro-</strong></span> 
     </span>
    </p>
   </div>
   <div class='ocr_carea' id='block_1_87' title="bbox 951 1411 1740 1448">
    <p class='ocr_par' dir='ltr' id='par_1_87' title="bbox 951 1411 1740 1448">
     <span class='ocr_line' id='line_1_87' title="bbox 951 1411 1740 1448; baseline -0.004 -8"><span class='ocrx_word' id='word_1_641' title='bbox 951 1414 1041 1448; x_wconf 90' lang='lat' dir='ltr'><strong>prium</strong></span> <span class='ocrx_word' id='word_1_642' title='bbox 1057 1434 1065 1446; x_wconf 90' lang='lat'><strong>,</strong></span> <span class='ocrx_word' id='word_1_643' title='bbox 1091 1414 1231 1448; x_wconf 70' lang='lat' dir='ltr'><strong>velutique</strong></span> <span class='ocrx_word' id='word_1_644' title='bbox 1255 1418 1353 1440; x_wconf 83' lang='lat' dir='ltr'><strong>natura</strong></span> <span class='ocrx_word' id='word_1_645' title='bbox 1378 1413 1529 1440; x_wconf 72' lang='lat' dir='ltr'><strong>divinitatis</strong></span> <span class='ocrx_word' id='word_1_646' title='bbox 1553 1417 1615 1444; x_wconf 84' lang='lat' dir='ltr'><strong>est,</strong></span> <span class='ocrx_word' id='word_1_647' title='bbox 1641 1411 1740 1438; x_wconf 78' lang='lat' dir='ltr'><strong>deinde</strong></span> 
     </span>
    </p>
   </div>
   <div class='ocr_carea' id='block_1_88' title="bbox 953 1458 1742 1495">
    <p class='ocr_par' dir='ltr' id='par_1_88' title="bbox 953 1458 1742 1495">
     <span class='ocr_line' id='line_1_88' title="bbox 953 1458 1742 1495; baseline -0.005 -8"><span class='ocrx_word' id='word_1_648' title='bbox 953 1460 1024 1487; x_wconf 85' lang='lat' dir='ltr'><strong>Patri</strong></span> <span class='ocrx_word' id='word_1_649' title='bbox 1051 1460 1161 1495; x_wconf 88' lang='lat' dir='ltr'><strong>quidem</strong></span> <span class='ocrx_word' id='word_1_650' title='bbox 1179 1460 1205 1487; x_wconf 86' lang='lat' dir='ltr'><strong>id</strong></span> <span class='ocrx_word' id='word_1_651' title='bbox 1229 1460 1332 1488; x_wconf 85' lang='lat' dir='ltr'><strong>tribuas</strong></span> <span class='ocrx_word' id='word_1_652' title='bbox 1358 1468 1412 1494; x_wconf 88' lang='lat' dir='ltr'><strong>quo</strong></span> <span class='ocrx_word' id='word_1_653' title='bbox 1437 1459 1536 1486; x_wconf 84' lang='lat' dir='ltr'><strong>Filium</strong></span> <span class='ocrx_word' id='word_1_654' title='bbox 1562 1458 1664 1492; x_wconf 73' lang='lat' dir='ltr'><strong>privos,</strong></span> <span class='ocrx_word' id='word_1_655' title='bbox 1687 1461 1742 1484; x_wconf 85' lang='lat' dir='ltr'><strong>imo</strong></span> 
     </span>
    </p>
   </div>
   <div class='ocr_carea' id='block_1_89' title="bbox 954 1503 1742 1541">
    <p class='ocr_par' dir='ltr' id='par_1_89' title="bbox 954 1503 1742 1541">
     <span class='ocr_line' id='line_1_89' title="bbox 954 1503 1742 1541; baseline -0.008 -8"><span class='ocrx_word' id='word_1_656' title='bbox 954 1506 1026 1533; x_wconf 88' lang='lat' dir='ltr'><strong>Patri</strong></span> <span class='ocrx_word' id='word_1_657' title='bbox 1053 1506 1191 1541; x_wconf 83' lang='lat' dir='ltr'><strong>subjicias,</strong></span> <span class='ocrx_word' id='word_1_658' title='bbox 1215 1505 1296 1540; x_wconf 86' lang='lat' dir='ltr'><strong>eique</strong></span> <span class='ocrx_word' id='word_1_659' title='bbox 1320 1505 1396 1532; x_wconf 90' lang='lat' dir='ltr'><strong>velut</strong></span> <span class='ocrx_word' id='word_1_660' title='bbox 1420 1504 1612 1532; x_wconf 84' lang='lat' dir='ltr'><strong>secundarium</strong></span> <span class='ocrx_word' id='word_1_661' title='bbox 1637 1503 1671 1529; x_wconf 83' lang='lat' dir='ltr'><strong>ab</strong></span> <span class='ocrx_word' id='word_1_662' title='bbox 1695 1503 1742 1528; x_wconf 85' lang='lat' dir='ltr'><strong>illo</strong></span> 
     </span>
    </p>
   </div>
   <div class='ocr_carea' id='block_1_90' title="bbox 953 1549 1742 1584">
    <p class='ocr_par' dir='ltr' id='par_1_90' title="bbox 953 1549 1742 1584">
     <span class='ocr_line' id='line_1_90' title="bbox 953 1549 1742 1584; baseline -0.003 -7"><span class='ocrx_word' id='word_1_663' title='bbox 953 1551 1074 1578; x_wconf 84' lang='lat' dir='ltr'><strong>ascribas</strong></span> <span class='ocrx_word' id='word_1_664' title='bbox 1101 1551 1232 1578; x_wconf 86' lang='lat' dir='ltr'><strong>honorem</strong></span> <span class='ocrx_word' id='word_1_665' title='bbox 1246 1555 1274 1578; x_wconf 91' lang='lat' dir='ltr'><strong>ct</strong></span> <span class='ocrx_word' id='word_1_666' title='bbox 1290 1550 1497 1582; x_wconf 74' lang='lat' dir='ltr'><strong>adorationem;</strong></span> <span class='ocrx_word' id='word_1_667' title='bbox 1523 1554 1611 1576; x_wconf 80' lang='lat' dir='ltr'><strong>tamen</strong></span> <span class='ocrx_word' id='word_1_668' title='bbox 1632 1549 1742 1584; x_wconf 79' lang='lat' dir='ltr'><strong>syllabis</strong></span> 
     </span>
    </p>
   </div>
   <div class='ocr_carea' id='block_1_91' title="bbox 953 1595 1742 1631">
    <p class='ocr_par' dir='ltr' id='par_1_91' title="bbox 953 1595 1742 1631">
     <span class='ocr_line' id='line_1_91' title="bbox 953 1595 1742 1631; baseline -0.003 -8"><span class='ocrx_word' id='word_1_669' title='bbox 953 1596 1020 1631; x_wconf 83' lang='lat' dir='ltr'><strong>ipsis</strong></span> <span class='ocrx_word' id='word_1_670' title='bbox 1032 1597 1062 1623; x_wconf 79' lang='grc' dir='ltr'>τὸ</span> <span class='ocrx_word' id='word_1_671' title='bbox 1077 1598 1179 1630; x_wconf 75' lang='grc' dir='ltr'><strong>ὅμοιον,</strong></span> <span class='ocrx_word' id='word_1_672' title='bbox 1203 1605 1251 1624; x_wconf 90' lang='lat' dir='ltr'><strong>seu</strong></span> <span class='ocrx_word' id='word_1_673' title='bbox 1269 1596 1477 1624; x_wconf 89' lang='lat' dir='ltr'><strong>similitudinem</strong></span> <span class='ocrx_word' id='word_1_674' title='bbox 1489 1596 1514 1622; x_wconf 88' lang='lat' dir='ltr'><strong>ei</strong></span> <span class='ocrx_word' id='word_1_675' title='bbox 1527 1595 1641 1624; x_wconf 82' lang='lat' dir='ltr'><strong>tribuas.</strong></span> <span class='ocrx_word' id='word_1_676' title='bbox 1657 1603 1685 1622; x_wconf 87' lang='lat' dir='ltr'><strong>re</strong></span> <span class='ocrx_word' id='word_1_677' title='bbox 1700 1599 1742 1621; x_wconf 86' lang='lat' dir='ltr'><strong>ta-</strong></span> 
     </span>
    </p>
   </div>
   <div class='ocr_carea' id='block_1_92' title="bbox 954 1642 1742 1679">
    <p class='ocr_par' dir='ltr' id='par_1_92' title="bbox 954 1642 1742 1679">
     <span class='ocr_line' id='line_1_92' title="bbox 954 1642 1742 1679; baseline -0.004 -8"><span class='ocrx_word' id='word_1_678' title='bbox 954 1652 1015 1671; x_wconf 92' lang='lat' dir='ltr'><strong>men</strong></span> <span class='ocrx_word' id='word_1_679' title='bbox 1038 1644 1095 1679; x_wconf 84' lang='lat' dir='ltr'><strong>ipsa</strong></span> <span class='ocrx_word' id='word_1_680' title='bbox 1110 1643 1279 1671; x_wconf 85' lang='lat' dir='ltr'><strong>divinitatem</strong></span> <span class='ocrx_word' id='word_1_681' title='bbox 1307 1643 1474 1675; x_wconf 87' lang='lat' dir='ltr'><strong>conscindis,</strong></span> <span class='ocrx_word' id='word_1_682' title='bbox 1502 1642 1692 1676; x_wconf 77' lang='lat' dir='ltr'><strong>malitioseque</strong></span> <span class='ocrx_word' id='word_1_683' title='bbox 1707 1642 1742 1668; x_wconf 86' lang='lat' dir='ltr'><strong>ab</strong></span> 
     </span>
    </p>
   </div>
   <div class='ocr_carea' id='block_1_93' title="bbox 954 1688 1740 1725">
    <p class='ocr_par' dir='ltr' id='par_1_93' title="bbox 954 1688 1740 1725">
     <span class='ocr_line' id='line_1_93' title="bbox 954 1688 1740 1725; baseline -0.004 -8"><span class='ocrx_word' id='word_1_684' title='bbox 954 1690 1126 1725; x_wconf 83' lang='lat' dir='ltr'><strong>homouymia</strong></span> <span class='ocrx_word' id='word_1_685' title='bbox 1142 1689 1324 1724; x_wconf 66' lang='lat' dir='ltr'><strong>aequalitatem</strong></span> <span class='ocrx_word' id='word_1_686' title='bbox 1340 1689 1498 1720; x_wconf 72' lang='lat' dir='ltr'><strong>designans,</strong></span> <span class='ocrx_word' id='word_1_687' title='bbox 1512 1688 1615 1714; x_wconf 77' lang='lat' dir='ltr'><strong>adeam</strong></span> <span class='ocrx_word' id='word_1_688' title='bbox 1631 1688 1740 1719; x_wconf 83' lang='lat' dir='ltr'><strong>transis,</strong></span> 
     </span>
    </p>
   </div>
   <div class='ocr_carea' id='block_1_94' title="bbox 953 1734 1741 1773">
    <p class='ocr_par' dir='ltr' id='par_1_94' title="bbox 953 1734 1741 1773">
     <span class='ocr_line' id='line_1_94' title="bbox 953 1734 1741 1773; baseline -0.008 -8"><span class='ocrx_word' id='word_1_689' title='bbox 953 1746 1014 1773; x_wconf 63' lang='lat' dir='ltr'><strong>quae</strong></span> <span class='ocrx_word' id='word_1_690' title='bbox 1038 1737 1180 1771; x_wconf 71' lang='lat' dir='ltr'><strong>intequalia</strong></span> <span class='ocrx_word' id='word_1_691' title='bbox 1205 1739 1322 1770; x_wconf 83' lang='lat' dir='ltr'><strong>conplet,</strong></span> <span class='ocrx_word' id='word_1_692' title='bbox 1342 1735 1378 1761; x_wconf 89' lang='lat' dir='ltr'><strong>ita</strong></span> <span class='ocrx_word' id='word_1_693' title='bbox 1394 1739 1423 1761; x_wconf 91' lang='lat' dir='ltr'><strong>ut</strong></span> <span class='ocrx_word' id='word_1_694' title='bbox 1439 1739 1464 1761; x_wconf 87' lang='lat' dir='ltr'><strong>te</strong></span> <span class='ocrx_word' id='word_1_695' title='bbox 1477 1734 1568 1768; x_wconf 75' lang='lat' dir='ltr'><strong>judice</strong></span> <span class='ocrx_word' id='word_1_696' title='bbox 1595 1734 1684 1768; x_wconf 88' lang='lat' dir='ltr'><strong>pictus</strong></span> <span class='ocrx_word' id='word_1_697' title='bbox 1699 1734 1741 1759; x_wconf 31' lang='lat' dir='ltr'><strong>vis</strong></span> 
     </span>
    </p>
   </div>
   <div class='ocr_carea' id='block_1_95' title="bbox 953 1780 1741 1817">
    <p class='ocr_par' dir='ltr' id='par_1_95' title="bbox 953 1780 1741 1817">
     <span class='ocr_line' id='line_1_95' title="bbox 953 1780 1741 1817; baseline -0.005 -7"><span class='ocrx_word' id='word_1_698' title='bbox 953 1790 1074 1817; x_wconf 87' lang='lat' dir='ltr'><strong>vensque</strong></span> <span class='ocrx_word' id='word_1_699' title='bbox 1090 1783 1182 1813; x_wconf 87' lang='lat' dir='ltr'><strong>homo.</strong></span> <span class='ocrx_word' id='word_1_700' title='bbox 1198 1787 1280 1816; x_wconf 81' lang='lat' dir='ltr'><strong>atque</strong></span> <span class='ocrx_word' id='word_1_701' title='bbox 1291 1789 1374 1808; x_wconf 70' lang='lat' dir='ltr'><strong>canus</strong></span> <span class='ocrx_word' id='word_1_702' title='bbox 1387 1781 1425 1808; x_wconf 93' lang='lat' dir='ltr'><strong>illi</strong></span> <span class='ocrx_word' id='word_1_703' title='bbox 1440 1788 1509 1814; x_wconf 86' lang='lat' dir='ltr'><strong>quos</strong></span> <span class='ocrx_word' id='word_1_704' title='bbox 1524 1780 1641 1813; x_wconf 82' lang='lat' dir='ltr'><strong>exempli</strong></span> <span class='ocrx_word' id='word_1_705' title='bbox 1654 1780 1741 1814; x_wconf 79' lang='lat' dir='ltr'><strong>gratia</strong></span> 
     </span>
    </p>
   </div>
   <div class='ocr_carea' id='block_1_96' title="bbox 953 1826 1741 1862">
    <p class='ocr_par' dir='ltr' id='par_1_96' title="bbox 953 1826 1741 1862">
     <span class='ocr_line' id='line_1_96' title="bbox 953 1826 1741 1862; baseline -0.006 -6"><span class='ocrx_word' id='word_1_706' title='bbox 953 1829 983 1856; x_wconf 86' lang='lat' dir='ltr'><strong>in</strong></span> <span class='ocrx_word' id='word_1_707' title='bbox 997 1829 1117 1855; x_wconf 89' lang='lat' dir='ltr'><strong>medium</strong></span> <span class='ocrx_word' id='word_1_708' title='bbox 1136 1828 1284 1862; x_wconf 86' lang='lat' dir='ltr'><strong>protulisti,</strong></span> <span class='ocrx_word' id='word_1_709' title='bbox 1299 1827 1333 1854; x_wconf 86' lang='lat' dir='ltr'><strong>ad</strong></span> <span class='ocrx_word' id='word_1_710' title='bbox 1350 1826 1520 1853; x_wconf 86' lang='lat' dir='ltr'><strong>divinitatem</strong></span> <span class='ocrx_word' id='word_1_711' title='bbox 1540 1826 1651 1860; x_wconf 84' lang='lat' dir='ltr'><strong>propius</strong></span> <span class='ocrx_word' id='word_1_712' title='bbox 1665 1833 1741 1851; x_wconf 73' lang='lat' dir='ltr'><strong>arce-</strong></span> 
     </span>
    </p>
   </div>
   <div class='ocr_carea' id='block_1_97' title="bbox 953 1871 1739 1907">
    <p class='ocr_par' dir='ltr' id='par_1_97' title="bbox 953 1871 1739 1907">
     <span class='ocr_line' id='line_1_97' title="bbox 953 1871 1739 1907; baseline -0.006 -5"><span class='ocrx_word' id='word_1_713' title='bbox 953 1875 1020 1902; x_wconf 88' lang='lat' dir='ltr'><strong>dant</strong></span> <span class='ocrx_word' id='word_1_714' title='bbox 1034 1883 1039 1900; x_wconf 92' lang='lat'>:</span> <span class='ocrx_word' id='word_1_715' title='bbox 1054 1874 1097 1901; x_wconf 91' lang='lat' dir='ltr'><strong>vel</strong></span> <span class='ocrx_word' id='word_1_716' title='bbox 1123 1873 1256 1901; x_wconf 88' lang='lat' dir='ltr'><strong>ambobus</strong></span> <span class='ocrx_word' id='word_1_717' title='bbox 1271 1877 1300 1900; x_wconf 89' lang='lat' dir='ltr'><strong>ut</strong></span> <span class='ocrx_word' id='word_1_718' title='bbox 1312 1871 1504 1907; x_wconf 83' lang='lat' dir='ltr'><strong>appellationis</strong></span> <span class='ocrx_word' id='word_1_719' title='bbox 1527 1871 1739 1906; x_wconf 81' lang='lat' dir='ltr'><strong>homonymiam,</strong></span> 
     </span>
    </p>
   </div>
   <div class='ocr_carea' id='block_1_98' title="bbox 954 1918 1739 1954">
    <p class='ocr_par' dir='ltr' id='par_1_98' title="bbox 954 1918 1739 1954">
     <span class='ocr_line' id='line_1_98' title="bbox 954 1918 1739 1954; baseline -0.005 -6"><span class='ocrx_word' id='word_1_720' title='bbox 954 1921 991 1951; x_wconf 82' lang='lat' dir='ltr'><strong>ita</strong></span> <span class='ocrx_word' id='word_1_721' title='bbox 1021 1925 1181 1948; x_wconf 82' lang='lat' dir='ltr'><strong>naturarum</strong></span> <span class='ocrx_word' id='word_1_722' title='bbox 1216 1927 1325 1954; x_wconf 91' lang='lat' dir='ltr'><strong>quoque</strong></span> <span class='ocrx_word' id='word_1_723' title='bbox 1360 1918 1543 1953; x_wconf 69' lang='lat' dir='ltr'><strong>mqualitatem</strong></span> <span class='ocrx_word' id='word_1_724' title='bbox 1579 1919 1739 1948; x_wconf 82' lang='lat' dir='ltr'><strong>concedite,</strong></span> 
     </span>
    </p>
   </div>
   <div class='ocr_carea' id='block_1_99' title="bbox 953 1964 1741 2002">
    <p class='ocr_par' dir='ltr' id='par_1_99' title="bbox 953 1964 1741 2002">
     <span class='ocr_line' id='line_1_99' title="bbox 953 1964 1741 2002; baseline -0.004 -9"><span class='ocrx_word' id='word_1_725' title='bbox 953 1967 1103 2002; x_wconf 87' lang='lat' dir='ltr'><strong>quamlibet</strong></span> <span class='ocrx_word' id='word_1_726' title='bbox 1115 1973 1162 1993; x_wconf 82' lang='lat' dir='ltr'><strong>eas</strong></span> <span class='ocrx_word' id='word_1_727' title='bbox 1175 1965 1334 1992; x_wconf 72' lang='lat' dir='ltr'><strong>differentes</strong></span> <span class='ocrx_word' id='word_1_728' title='bbox 1357 1964 1525 1995; x_wconf 85' lang='lat' dir='ltr'><strong>introducas,</strong></span> <span class='ocrx_word' id='word_1_729' title='bbox 1540 1968 1567 1990; x_wconf 89' lang='lat' dir='ltr'><strong>et</strong></span> <span class='ocrx_word' id='word_1_730' title='bbox 1581 1971 1662 1991; x_wconf 75' lang='lat' dir='ltr'><strong>canes</strong></span> <span class='ocrx_word' id='word_1_731' title='bbox 1679 1964 1708 1991; x_wconf 92' lang='lat' dir='ltr'><strong>ill</strong></span> <span class='ocrx_word' id='word_1_732' title='bbox 1720 1972 1741 1990; x_wconf 61' lang='grc' dir='ltr'><strong>νς</strong></span> 
     </span>
    </p>
   </div>
   <div class='ocr_carea' id='block_1_100' title="bbox 953 2009 1740 2047">
    <p class='ocr_par' dir='ltr' id='par_1_100' title="bbox 953 2009 1740 2047">
     <span class='ocr_line' id='line_1_100' title="bbox 953 2009 1740 2047; baseline -0.008 -7"><span class='ocrx_word' id='word_1_733' title='bbox 953 2012 1111 2040; x_wconf 88' lang='lat' dir='ltr'><strong>dissolvisti.</strong></span> <span class='ocrx_word' id='word_1_734' title='bbox 1130 2018 1199 2047; x_wconf 86' lang='lat' dir='ltr'><strong>quos</strong></span> <span class='ocrx_word' id='word_1_735' title='bbox 1216 2012 1250 2038; x_wconf 84' lang='lat' dir='ltr'><strong>ad</strong></span> <span class='ocrx_word' id='word_1_736' title='bbox 1267 2011 1477 2045; x_wconf 76' lang='lat' dir='ltr'><strong>inaequalitatem</strong></span> <span class='ocrx_word' id='word_1_737' title='bbox 1488 2009 1654 2044; x_wconf 83' lang='lat' dir='ltr'><strong>probandam</strong></span> <span class='ocrx_word' id='word_1_738' title='bbox 1664 2017 1740 2036; x_wconf 73' lang='lat' dir='ltr'><strong>conn-</strong></span> 
     </span>
    </p>
   </div>
   <div class='ocr_carea' id='block_1_101' title="bbox 953 2054 1741 2092">
    <p class='ocr_par' dir='ltr' id='par_1_101' title="bbox 953 2054 1741 2092">
     <span class='ocr_line' id='line_1_101' title="bbox 953 2054 1741 2092; baseline -0.008 -6"><span class='ocrx_word' id='word_1_739' title='bbox 953 2064 1060 2086; x_wconf 87' lang='lat' dir='ltr'><strong>mentus</strong></span> <span class='ocrx_word' id='word_1_740' title='bbox 1071 2066 1110 2085; x_wconf 89' lang='lat' dir='ltr'><strong>es.</strong></span> <span class='ocrx_word' id='word_1_741' title='bbox 1124 2058 1190 2085; x_wconf 87' lang='lat' dir='ltr'><strong>Nam</strong></span> <span class='ocrx_word' id='word_1_742' title='bbox 1207 2057 1271 2092; x_wconf 91' lang='lat' dir='ltr'><strong>quid</strong></span> <span class='ocrx_word' id='word_1_743' title='bbox 1288 2055 1460 2092; x_wconf 86' lang='lat' dir='ltr'><strong>homonymia</strong></span> <span class='ocrx_word' id='word_1_744' title='bbox 1472 2064 1518 2083; x_wconf 75' lang='lat' dir='ltr'><strong>seu</strong></span> <span class='ocrx_word' id='word_1_745' title='bbox 1534 2054 1654 2082; x_wconf 88' lang='lat' dir='ltr'><strong>nominis</strong></span> <span class='ocrx_word' id='word_1_746' title='bbox 1665 2054 1741 2082; x_wconf 92' lang='lat' dir='ltr'><strong>simi-</strong></span> 
     </span>
    </p>
   </div>
   <div class='ocr_carea' id='block_1_102' title="bbox 953 2101 1742 2139">
    <p class='ocr_par' dir='ltr' id='par_1_102' title="bbox 953 2101 1742 2139">
     <span class='ocr_line' id='line_1_102' title="bbox 953 2101 1742 2139; baseline -0.005 -7"><span class='ocrx_word' id='word_1_747' title='bbox 953 2105 1040 2132; x_wconf 86' lang='lat' dir='ltr'><strong>litudo</strong></span> <span class='ocrx_word' id='word_1_748' title='bbox 1062 2104 1159 2139; x_wconf 87' lang='lat' dir='ltr'><strong>prosit.</strong></span> <span class='ocrx_word' id='word_1_749' title='bbox 1184 2104 1236 2131; x_wconf 88' lang='lat' dir='ltr'><strong>nisi</strong></span> <span class='ocrx_word' id='word_1_750' title='bbox 1251 2111 1282 2131; x_wconf 87' lang='lat' dir='ltr'><strong>ea</strong></span> <span class='ocrx_word' id='word_1_751' title='bbox 1304 2111 1365 2138; x_wconf 67' lang='lat' dir='ltr'><strong>quae</strong></span> <span class='ocrx_word' id='word_1_752' title='bbox 1389 2102 1489 2130; x_wconf 86' lang='lat' dir='ltr'><strong>dividis</strong></span> <span class='ocrx_word' id='word_1_753' title='bbox 1512 2109 1605 2136; x_wconf 82' lang='lat' dir='ltr'><strong>parem</strong></span> <span class='ocrx_word' id='word_1_754' title='bbox 1628 2101 1742 2128; x_wconf 77' lang='lat' dir='ltr'><strong>honoris</strong></span> 
     </span>
    </p>
   </div>
   <div class='ocr_carea' id='block_1_103' title="bbox 915 2149 1738 2186">
    <p class='ocr_par' dir='ltr' id='par_1_103' title="bbox 915 2149 1738 2186">
     <span class='ocr_line' id='line_1_103' title="bbox 915 2149 1738 2186; baseline -0.005 -8"><span class='ocrx_word' id='word_1_755' title='bbox 915 2156 937 2184; x_wconf 77' lang='grc' dir='ltr'><strong>ι)</strong></span> <span class='ocrx_word' id='word_1_756' title='bbox 951 2151 1064 2186; x_wconf 75' lang='lat' dir='ltr'><strong>gradum</strong></span> <span class='ocrx_word' id='word_1_757' title='bbox 1084 2151 1236 2182; x_wconf 86' lang='lat' dir='ltr'><strong>obtineant,</strong></span> <span class='ocrx_word' id='word_1_758' title='bbox 1252 2149 1387 2185; x_wconf 89' lang='lat' dir='ltr'><strong>siquidem</strong></span> <span class='ocrx_word' id='word_1_759' title='bbox 1404 2157 1458 2176; x_wconf 90' lang='lat' dir='ltr'><strong>non</strong></span> <span class='ocrx_word' id='word_1_760' title='bbox 1474 2153 1504 2176; x_wconf 93' lang='lat' dir='ltr'><strong>ut</strong></span> <span class='ocrx_word' id='word_1_761' title='bbox 1516 2149 1630 2183; x_wconf 62' lang='lat' dir='ltr'><strong>aequalia</strong></span> <span class='ocrx_word' id='word_1_762' title='bbox 1646 2153 1738 2175; x_wconf 87' lang='lat' dir='ltr'><strong>osten-</strong></span> 
     </span>
    </p>
   </div>
   <div class='ocr_carea' id='block_1_104' title="bbox 948 2194 1740 2230">
    <p class='ocr_par' dir='ltr' id='par_1_104' title="bbox 948 2194 1740 2230">
     <span class='ocr_line' id='line_1_104' title="bbox 948 2194 1740 2230; baseline -0.006 -6"><span class='ocrx_word' id='word_1_763' title='bbox 948 2198 1040 2228; x_wconf 84' lang='lat' dir='ltr'><strong>deres.</strong></span> <span class='ocrx_word' id='word_1_764' title='bbox 1069 2197 1116 2224; x_wconf 81' lang='lat' dir='ltr'><strong>sed</strong></span> <span class='ocrx_word' id='word_1_765' title='bbox 1143 2199 1173 2223; x_wconf 89' lang='lat' dir='ltr'><strong>ut</strong></span> <span class='ocrx_word' id='word_1_766' title='bbox 1190 2196 1344 2230; x_wconf 77' lang='lat' dir='ltr'><strong>inzequalia.</strong></span> <span class='ocrx_word' id='word_1_767' title='bbox 1359 2196 1394 2223; x_wconf 88' lang='lat' dir='ltr'><strong>ad</strong></span> <span class='ocrx_word' id='word_1_768' title='bbox 1421 2194 1578 2230; x_wconf 71' lang='lat' dir='ltr'><strong>huiusmodi</strong></span> <span class='ocrx_word' id='word_1_769' title='bbox 1609 2194 1740 2229; x_wconf 73' lang='lat' dir='ltr'><strong>homony-</strong></span> 
     </span>
    </p>
   </div>
   <div class='ocr_carea' id='block_1_105' title="bbox 948 2242 1358 2278">
    <p class='ocr_par' dir='ltr' id='par_1_105' title="bbox 948 2242 1358 2278">
     <span class='ocr_line' id='line_1_105' title="bbox 948 2242 1358 2278; baseline 0 -7"><span class='ocrx_word' id='word_1_770' title='bbox 948 2244 1029 2271; x_wconf 87' lang='lat' dir='ltr'><strong>miam</strong></span> <span class='ocrx_word' id='word_1_771' title='bbox 1047 2250 1183 2278; x_wconf 85' lang='lat' dir='ltr'><strong>canesque</strong></span> <span class='ocrx_word' id='word_1_772' title='bbox 1198 2242 1358 2278; x_wconf 80' lang='lat' dir='ltr'><strong>confugisti.</strong></span> 
     </span>
    </p>
   </div>
   <div class='ocr_carea' id='block_1_106' title="bbox 1262 2299 1416 2328">
    <p class='ocr_par' dir='ltr' id='par_1_106' title="bbox 1262 2299 1416 2328">
     <span class='ocr_line' id='line_1_106' title="bbox 1262 2299 1416 2328; baseline 0 -1"><span class='ocrx_word' id='word_1_773' title='bbox 1262 2300 1338 2328; x_wconf 78' lang='lat' dir='ltr'><strong>CAP.</strong></span> <span class='ocrx_word' id='word_1_774' title='bbox 1360 2299 1416 2327; x_wconf 77' lang='lat' dir='ltr'><strong>LX.</strong></span> 
     </span>
    </p>
   </div>
   <div class='ocr_carea' id='block_1_107' title="bbox 948 2345 1739 2380">
    <p class='ocr_par' dir='ltr' id='par_1_107' title="bbox 948 2345 1739 2380">
     <span class='ocr_line' id='line_1_107' title="bbox 948 2345 1739 2380; baseline -0.004 -6"><span class='ocrx_word' id='word_1_775' title='bbox 948 2347 1045 2374; x_wconf 81' lang='lat' dir='ltr'><strong>Filium</strong></span> <span class='ocrx_word' id='word_1_776' title='bbox 1063 2354 1123 2374; x_wconf 77' lang='lat' dir='ltr'><strong>vere</strong></span> <span class='ocrx_word' id='word_1_777' title='bbox 1140 2346 1223 2374; x_wconf 80' lang='lat' dir='ltr'><strong>Deum</strong></span> <span class='ocrx_word' id='word_1_778' title='bbox 1245 2354 1308 2377; x_wconf 71' lang='lat' dir='ltr'><strong>esse,</strong></span> <span class='ocrx_word' id='word_1_779' title='bbox 1323 2355 1352 2373; x_wconf 64' lang='lat' dir='ltr'><strong>ex</strong></span> <span class='ocrx_word' id='word_1_780' title='bbox 1367 2348 1458 2373; x_wconf 66' lang='lat' dir='ltr'><strong>eodem</strong></span> <span class='ocrx_word' id='word_1_781' title='bbox 1474 2346 1504 2373; x_wconf 82' lang='grc' dir='ltr'><strong>Β.</strong></span> <span class='ocrx_word' id='word_1_782' title='bbox 1521 2346 1639 2380; x_wconf 76' lang='lat' dir='ltr'><strong>Gregorii</strong></span> <span class='ocrx_word' id='word_1_783' title='bbox 1656 2345 1739 2371; x_wconf 76' lang='lat' dir='ltr'><strong>Theo-</strong></span> 
     </span>
    </p>
   </div>
   <div class='ocr_carea' id='block_1_108' title="bbox 1245 2381 1442 2415">
    <p class='ocr_par' dir='ltr' id='par_1_108' title="bbox 1245 2381 1442 2415">
     <span class='ocr_line' id='line_1_108' title="bbox 1245 2381 1442 2415; baseline 0.005 -8"><span class='ocrx_word' id='word_1_784' title='bbox 1245 2381 1297 2415; x_wconf 81' lang='lat' dir='ltr'><strong>logi</strong></span> <span class='ocrx_word' id='word_1_785' title='bbox 1312 2383 1442 2408; x_wconf 82' lang='lat' dir='ltr'><strong>oratione.</strong></span> 
     </span>
    </p>
   </div>
   <div class='ocr_carea' id='block_1_109' title="bbox 981 2425 1739 2461">
    <p class='ocr_par' dir='ltr' id='par_1_109' title="bbox 981 2425 1739 2461">
     <span class='ocr_line' id='line_1_109' title="bbox 981 2425 1739 2461; baseline -0.005 -7"><span class='ocrx_word' id='word_1_786' title='bbox 981 2428 1026 2454; x_wconf 70' lang='grc' dir='ltr'><strong>εΗ.</strong></span> <span class='ocrx_word' id='word_1_787' title='bbox 1057 2426 1283 2461; x_wconf 86' lang='lat' dir='ltr'><strong>Quandoquidem</strong></span> <span class='ocrx_word' id='word_1_788' title='bbox 1309 2435 1359 2454; x_wconf 89' lang='lat' dir='ltr'><strong>nos</strong></span> <span class='ocrx_word' id='word_1_789' title='bbox 1383 2434 1416 2454; x_wconf 88' lang='lat' dir='ltr'><strong>cx</strong></span> <span class='ocrx_word' id='word_1_790' title='bbox 1441 2427 1547 2461; x_wconf 76' lang='lat' dir='ltr'><strong>magnis</strong></span> <span class='ocrx_word' id='word_1_791' title='bbox 1571 2431 1599 2454; x_wconf 91' lang='lat' dir='ltr'><strong>et</strong></span> <span class='ocrx_word' id='word_1_792' title='bbox 1622 2425 1739 2452; x_wconf 72' lang='lat' dir='ltr'><strong>excelsis</strong></span> 
     </span>
    </p>
   </div>
   <div class='ocr_carea' id='block_1_110' title="bbox 944 2472 1737 2506">
    <p class='ocr_par' dir='ltr' id='par_1_110' title="bbox 944 2472 1737 2506">
     <span class='ocr_line' id='line_1_110' title="bbox 944 2472 1737 2506; baseline -0.006 -6"><span class='ocrx_word' id='word_1_793' title='bbox 944 2472 1057 2500; x_wconf 84' lang='lat' dir='ltr'><strong>vocibus</strong></span> <span class='ocrx_word' id='word_1_794' title='bbox 1082 2472 1253 2499; x_wconf 83' lang='lat' dir='ltr'><strong>divinitatem</strong></span> <span class='ocrx_word' id='word_1_795' title='bbox 1272 2473 1331 2499; x_wconf 83' lang='lat' dir='ltr'><strong>Filii</strong></span> <span class='ocrx_word' id='word_1_796' title='bbox 1357 2473 1591 2506; x_wconf 78' lang='lat' dir='ltr'><strong>deprehendimus</strong></span> <span class='ocrx_word' id='word_1_797' title='bbox 1622 2476 1649 2497; x_wconf 90' lang='lat' dir='ltr'><strong>et</strong></span> <span class='ocrx_word' id='word_1_798' title='bbox 1667 2479 1737 2504; x_wconf 65' lang='lat' dir='ltr'><strong>prm-</strong></span> 
     </span>
    </p>
   </div>
   <div class='ocr_carea' id='block_1_111' title="bbox 943 2515 1737 2550">
    <p class='ocr_par' dir='ltr' id='par_1_111' title="bbox 943 2515 1737 2550">
     <span class='ocr_line' id='line_1_111' title="bbox 943 2515 1737 2550; baseline -0.008 -6"><span class='ocrx_word' id='word_1_799' title='bbox 943 2518 1076 2546; x_wconf 84' lang='lat' dir='ltr'><strong>dieamus.</strong></span> <span class='ocrx_word' id='word_1_800' title='bbox 1097 2517 1140 2545; x_wconf 86' lang='lat' dir='ltr'><strong>his</strong></span> <span class='ocrx_word' id='word_1_801' title='bbox 1157 2517 1286 2544; x_wconf 91' lang='lat' dir='ltr'><strong>nimirum</strong></span> <span class='ocrx_word' id='word_1_802' title='bbox 1301 2526 1308 2545; x_wconf 90' lang='lat'><strong>:</strong></span> <span class='ocrx_word' id='word_1_803' title='bbox 1326 2519 1397 2545; x_wconf 82' lang='lat' dir='ltr'><strong>Deus</strong></span> <span class='ocrx_word' id='word_1_804' title='bbox 1414 2518 1532 2545; x_wconf 87' lang='lat' dir='ltr'><strong>Verbum</strong></span> <span class='ocrx_word' id='word_1_805' title='bbox 1549 2517 1574 2542; x_wconf 91' lang='lat' dir='ltr'><strong>in</strong></span> <span class='ocrx_word' id='word_1_806' title='bbox 1592 2515 1737 2550; x_wconf 78' lang='lat' dir='ltr'><strong>principio,</strong></span> 
     </span>
    </p>
   </div>
   <div class='ocr_carea' id='block_1_112' title="bbox 942 2559 1738 2598">
    <p class='ocr_par' dir='ltr' id='par_1_112' title="bbox 942 2559 1738 2598">
     <span class='ocr_line' id='line_1_112' title="bbox 942 2559 1738 2598; baseline -0.005 -9"><span class='ocrx_word' id='word_1_807' title='bbox 942 2571 1004 2590; x_wconf 92' lang='lat' dir='ltr'><strong>cum</strong></span> <span class='ocrx_word' id='word_1_808' title='bbox 1029 2563 1165 2598; x_wconf 89' lang='lat' dir='ltr'><strong>principio</strong></span> <span class='ocrx_word' id='word_1_809' title='bbox 1197 2564 1360 2598; x_wconf 85' lang='lat' dir='ltr'><strong>principiqu</strong></span> <span class='ocrx_word' id='word_1_810' title='bbox 1381 2563 1436 2590; x_wconf 74' lang='grc' dir='ltr'><strong>ειη</strong></span> <span class='ocrx_word' id='word_1_811' title='bbox 1449 2562 1578 2596; x_wconf 80' lang='lat' dir='ltr'><strong>principio</strong></span> <span class='ocrx_word' id='word_1_812' title='bbox 1595 2565 1652 2587; x_wconf 73' lang='lat' dir='ltr'><strong>erat</strong></span> <span class='ocrx_word' id='word_1_813' title='bbox 1674 2559 1738 2586; x_wconf 59' lang='grc' dir='ltr'><strong>γυνη</strong></span> 
     </span>
    </p>
   </div>
   <div class='ocr_carea' id='block_1_113' title="bbox 945 2605 1737 2643">
    <p class='ocr_par' dir='ltr' id='par_1_113' title="bbox 945 2605 1737 2643">
     <span class='ocr_line' id='line_1_113' title="bbox 945 2605 1737 2643; baseline -0.003 -9"><span class='ocrx_word' id='word_1_814' title='bbox 945 2611 1018 2638; x_wconf 83' lang='lat' dir='ltr'><strong>bum,</strong></span> <span class='ocrx_word' id='word_1_815' title='bbox 1044 2608 1153 2635; x_wconf 78' lang='lat' dir='ltr'><strong>Verbum</strong></span> <span class='ocrx_word' id='word_1_816' title='bbox 1175 2614 1231 2636; x_wconf 83' lang='lat' dir='ltr'><strong>erat</strong></span> <span class='ocrx_word' id='word_1_817' title='bbox 1258 2609 1327 2643; x_wconf 82' lang='lat' dir='ltr'><strong>apud</strong></span> <span class='ocrx_word' id='word_1_818' title='bbox 1354 2609 1444 2640; x_wconf 74' lang='lat' dir='ltr'><strong>Deum,</strong></span> <span class='ocrx_word' id='word_1_819' title='bbox 1458 2613 1482 2634; x_wconf 89' lang='lat' dir='ltr'><strong>et</strong></span> <span class='ocrx_word' id='word_1_820' title='bbox 1500 2607 1567 2633; x_wconf 80' lang='lat' dir='ltr'><strong>Deus</strong></span> <span class='ocrx_word' id='word_1_821' title='bbox 1589 2610 1646 2632; x_wconf 83' lang='lat' dir='ltr'><strong>erat</strong></span> <span class='ocrx_word' id='word_1_822' title='bbox 1675 2605 1737 2632; x_wconf 64' lang='grc' dir='ltr'><strong>νεν-</strong></span> 
     </span>
    </p>
   </div>
   <div class='ocr_carea' id='block_1_114' title="bbox 945 2651 1735 2688">
    <p class='ocr_par' dir='ltr' id='par_1_114' title="bbox 945 2651 1735 2688">
     <span class='ocr_line' id='line_1_114' title="bbox 945 2651 1735 2688; baseline -0.004 -9"><span class='ocrx_word' id='word_1_823' title='bbox 945 2653 1005 2679; x_wconf 82' lang='lat' dir='ltr'><strong>bum</strong></span> <span class='ocrx_word' id='word_1_824' title='bbox 1016 2654 1048 2680; x_wconf 85' lang='lat'><strong>’°.</strong></span> <span class='ocrx_word' id='word_1_825' title='bbox 1066 2653 1110 2685; x_wconf 85' lang='lat' dir='ltr'><strong>Et,</strong></span> <span class='ocrx_word' id='word_1_826' title='bbox 1134 2654 1227 2681; x_wconf 70' lang='lat' dir='ltr'><strong>Tecum</strong></span> <span class='ocrx_word' id='word_1_827' title='bbox 1251 2653 1449 2688; x_wconf 78' lang='lat' dir='ltr'><strong>principium“.</strong></span> <span class='ocrx_word' id='word_1_828' title='bbox 1467 2652 1499 2679; x_wconf 83' lang='lat' dir='ltr'><strong>Et</strong></span> <span class='ocrx_word' id='word_1_829' title='bbox 1520 2659 1620 2678; x_wconf 88' lang='lat' dir='ltr'><strong>vocans</strong></span> <span class='ocrx_word' id='word_1_830' title='bbox 1646 2651 1735 2685; x_wconf 86' lang='lat' dir='ltr'><strong>ipsum</strong></span> 
     </span>
    </p>
   </div>
   <div class='ocr_carea' id='block_1_115' title="bbox 945 2697 1734 2735">
    <p class='ocr_par' dir='ltr' id='par_1_115' title="bbox 945 2697 1734 2735">
     <span class='ocr_line' id='line_1_115' title="bbox 945 2697 1734 2735; baseline -0.004 -10"><span class='ocrx_word' id='word_1_831' title='bbox 945 2697 1134 2734; x_wconf 84' lang='lat' dir='ltr'><strong>[principium]</strong></span> <span class='ocrx_word' id='word_1_832' title='bbox 1158 2708 1172 2727; x_wconf 89' lang='lat' dir='ltr'><strong>a</strong></span> <span class='ocrx_word' id='word_1_833' title='bbox 1197 2699 1420 2735; x_wconf 69' lang='lat' dir='ltr'><strong>generationibus</strong></span> <span class='ocrx_word' id='word_1_834' title='bbox 1442 2698 1572 2733; x_wconf 71' lang='lat' dir='ltr'><strong>antiquis.</strong></span> <span class='ocrx_word' id='word_1_835' title='bbox 1600 2697 1734 2730; x_wconf 82' lang='lat' dir='ltr'><strong>Quoniam</strong></span> 
     </span>
    </p>
   </div>
   <div class='ocr_carea' id='block_1_116' title="bbox 945 2743 1737 2780">
    <p class='ocr_par' dir='ltr' id='par_1_116' title="bbox 945 2743 1737 2780">
     <span class='ocr_line' id='line_1_116' title="bbox 945 2743 1737 2780; baseline -0.003 -10"><span class='ocrx_word' id='word_1_836' title='bbox 945 2743 1028 2772; x_wconf 81' lang='lat' dir='ltr'><strong>Filius</strong></span> <span class='ocrx_word' id='word_1_837' title='bbox 1051 2745 1217 2780; x_wconf 77' lang='lat' dir='ltr'><strong>unigenitus,</strong></span> <span class='ocrx_word' id='word_1_838' title='bbox 1244 2745 1394 2777; x_wconf 74' lang='lat' dir='ltr'><strong>uniqcnilus</strong></span> <span class='ocrx_word' id='word_1_839' title='bbox 1419 2743 1513 2776; x_wconf 80' lang='lat' dir='ltr'><strong>Filius,</strong></span> <span class='ocrx_word' id='word_1_840' title='bbox 1529 2744 1573 2778; x_wconf 81' lang='lat' dir='ltr'><strong>qui</strong></span> <span class='ocrx_word' id='word_1_841' title='bbox 1585 2747 1622 2770; x_wconf 81' lang='lat' dir='ltr'><strong>est</strong></span> <span class='ocrx_word' id='word_1_842' title='bbox 1635 2743 1662 2769; x_wconf 77' lang='lat' dir='ltr'><strong>in</strong></span> <span class='ocrx_word' id='word_1_843' title='bbox 1676 2743 1737 2770; x_wconf 69' lang='lat' dir='ltr'><strong>simi</strong></span> 
     </span>
    </p>
   </div>
  </div>
