1927 3085
186 102 196 134 1
203 102 254 134 435

809 107 957 137 ΝΠΣΕΤέΕ
973 107 1173 136 CllONlA'l‘E

1763 102 1867 136 1436

185 157 404 192 persecutionem
435 158 489 193 pati
520 159 593 192 fuit,
629 168 711 194 quam
743 161 823 188 nobis
852 161 968 191 assumi.
986 164 1006 190 Α
1023 162 1238 192 curabuntur,“
1257 162 1341 188 virtus
1353 162 1414 197 ejus
1429 161 1475 196 qui
1504 162 1628 194 curabat,
1651 162 1764 190 altero
1795 162 1863 188 de—

184 210 281 230 corum
303 204 398 231 saltem
429 205 542 239 judicio,
567 205 613 239 qui
635 205 693 233 hinc
720 207 773 233 rite
801 207 968 241 expendunt.

185 249 327 277 Priedictis
347 257 427 284 porro
445 251 578 286 adjiciam
608 252 681 286 quod
702 252 768 279 mihi
794 253 821 280 in
850 258 969 280 meutetn

185 294 269 321 venit.
286 295 314 321 In
337 302 392 329 quo
409 295 481 322 enim
497 303 591 329 passus
609 303 651 324 est
666 297 735 331 ipse,
763 305 826 325 eum
850 302 972 325 tentatus

184 344 237 369 est,
251 344 342 373 potest
355 341 389 367 iis
412 341 459 375 qui
490 347 631 368 tentantur
661 343 822 377 opitulari',
837 344 909 378 quod
937 344 970 371 ad

185 385 314 412 eumdem
328 387 472 421 perspicue
486 395 597 415 sensum
607 389 708 415 refero.

484 444 559 471 CAP.
587 444 679 473 LXIII.

187 496 229 524 Ea:
239 499 414 538 radem_bea_t_i
425 500 550 538 ‘Gregorii
562 503 694 533 oratione,
721 504 799 538 hujus
817 503 971 538 Scriptura-

222 541 280 560 rum
293 534 342 560 Ιοεὶ
352 542 376 561 ;‹
383 535 441 561 [Erit
450 535 519 562 Deus
526 537 614 563 omnia
624 539 650 564 in
659 534 788 571 omnibus,
797 548 805 564 ι
819 534 970 574 explicatio.

222 588 266 615 47.
284 589 419 617 Ctetewm
434 591 645 620 instaurationis
669 597 791 628 tempore
805 613 812 626 ,
840 594 910 621 Deus
923 595 973 621 erit

186 628 313 661 omniain
329 636 449 663 omnibus
475 636 507 668 ³⁸,
526 644 580 664 non
597 637 689 669 Pater,
720 639 789 665 Filio
811 646 924 673 prorsus
945 640 971 666 in

188 688 252 707 eum
274 681 310 708 ita
323 682 454 714 resoluto,
471 687 500 709 ut
515 683 537 709 si
550 685 617 710 ιιι-(1³
633 686 658 711 in
675 691 801 719 magnum
817 693 923 720 rogum,
939 694 973 713 ex

185 732 241 759 quo
261 731 386 760 exempta
399 726 481 753 fuerit
495 727 528 754 ad
549 729 778 762 tempus,iterum
797 730 971 765 conjiciatur,

187 778 221 797 ne
237 771 310 798 enim
324 771 436 799 Sabellii
453 772 505 800 hoc
515 773 590 800 dicto
600 782 824 809 corrumpamur,
854 777 902 803 sed
930 781 971 804 lo-

187 821 232 844 tus
245 817 317 844 Deus
333 825 339 848 ;
356 826 411 852 quo
434 819 545 853 quidem
573 824 696 854 tempore
722 829 778 847 non
806 822 924 857 amplius
943 827 972 849 ut
990 830 1009 857 Β

188 862 270 890 hodie
289 864 423 891 multasin
448 870 541 899 partes
560 867 681 894 motibus
703 868 787 894 animi
813 873 895 903 atque
911 877 973 904 per-

187 909 393 937 turbationibus
411 911 616 945 distrahemur,
647 913 694 940 Dei
723 914 790 941 nihil
820 915 971 950 quidquam

185 955 229 981 ‘Iel
267 957 447 991 perpusillum
485 959 511 985 in
542 959 622 986 nobis
659 960 725 994 ipsis
754 961 896 991 ferentes:
922 963 970 990 Se'l

181 1001 243 1029 ‘Deo
266 1003 345 1037 plane
369 1003 485 1036 similes,
513 1005 617 1040 Deique
644 1007 729 1034 solius
757 1015 883 1042 capaces.
911 1009 974 1037 [hec

187 1048 261 1074 enim
288 1054 329 1075 cst
345 1049 478 1083 perfectio
497 1051 530 1077 ad
554 1059 636 1086 quam
664 1060 866 1087 properamus:
894 1055 974 1089 cujus

187 1094 298 1127 quidem
318 1095 435 1123 maximo
451 1101 614 1131 argumento
640 1104 682 1126 est
709 1099 806 1127 beatus
829 1101 886 1135 ipse
903 1102 973 1128 l-‘au-

187 1139 240 1166 lus.
261 1139 338 1173 Quod
352 1141 425 1168 enim
445 1142 498 1169 hoc
514 1143 541 1169 in
554 1143 615 1170 loco
638 1144 672 1171 de
687 1145 743 1172 Deo
757 1145 899 1173 indefinite
924 1148 973 1178 ait,

187 1185 253 1212 alibi
270 1191 364 1220 aperte
378 1187 411 1214 de
420 1186 530 1215 Christo
544 1189 671 1222 aﬂirmat,
686 1191 853 1225 quibusnam
867 1193 975 1220 verbis?

190 1229 237 1257 Ubi
251 1239 303 1258 non
317 1235 355 1258 est
378 1233 485 1266 gentilis
502 1238 525 1260 et
543 1234 663 1267 Judteus,
678 1236 840 1264 circumcisio
865 1243 889 1264 et
909 1247 976 1269 pne-

188 1275 452 1307 putium.Burburus
468 1283 492 1304 et
519 1278 627 1314 Srytlm,
657 1289 748 1308 servus
777 1287 800 1308 et
828 1282 903 1315 liber,
930 1284 975 1310 sed

188 1322 278 1349 utnnia
294 1323 321 1349 in
341 1323 461 1350 erunibus
477 1324 595 1353 Christus
610 1327 643 1354 “.

490 1383 565 1410 CAP.
580 1384 673 1411 LXIV.

192 1435 229 1462 De
243 1444 282 1468 eo.
298 1439 432 1477 quodnon
447 1441 526 1477 possit
540 1440 625 1477 Filius
640 1451 656 1477 α
675 1442 760 1476 seipso
787 1444 874 1477 facere
899 1446 976 1476 ,ῖζί-

260 1481 351 1506 quam.
370 1475 410 1500 Ea:
426 1476 517 1502 eadem
540 1476 608 1503 beati
624 1476 744 1512 Gregorii
769 1475 901 1507 oratione.

226 1528 271 1555 48.
290 1529 402 1557 Sextum
418 1538 582 1566 apponatur,
599 1534 671 1568 quod
688 1535 746 1562 Non
767 1537 847 1570 possit
861 1537 941 1564 Filius
958 1547 973 1564 a

189 1574 273 1608 seipse
290 1576 434 1610 quidquam
448 1577 545 1611 facere,
559 1579 609 1605 nisi
630 1579 736 1606 Patrem
751 1582 890 1615 facientem
904 1584 975 1610 vide-

191 1622 225 1648 rit
247 1622 283 1649 ⁴¹.
301 1622 357 1650 Hoc
371 1631 436 1650 vero
452 1625 490 1651 ita
501 1633 529 1651 se
543 1625 635 1652 habet.
653 1626 735 1654 Posse
752 1629 794 1654 vel
820 1637 873 1656 non
893 1638 974 1664 posse

193 1675 369 1703 nequaquam
386 1677 482 1696 eorutn
497 1674 549 1702 ρει,
563 1679 624 1705 qua:
641 1680 694 1699 UllO
712 1673 803 1703 modo.
819 1675 865 1702 sed
878 1685 973 1704 eorum

190 1721 251 1747 quae
280 1714 406 1748 pluribus
435 1715 600 1743 eirerumur.
626 1717 736 1752 Aliquid
768 1720 841 1747 enim
871 1722 973 1750 dicitur

191 1759 248 1786 tieri
263 1767 318 1786 non
336 1767 427 1794 posse,
445 1761 542 1795 partim
569 1761 680 1795 quidem
700 1764 743 1790 vel
760 1765 889 1798 potentia:
918 1767 968 1793 de.

191 1805 275 1838 fectu,
305 1806 347 1833 vel
377 1806 482 1834 ratione
499 1808 641 1842 temporis,
671 1809 714 1836 vel
741 1810 881 1838 relative:
908 1817 936 1838 ιιι
953 1812 976 1839 si

191 1859 306 1885 puerum
330 1857 447 1884 certare,
480 1858 527 1881 aut
552 1855 674 1882 catulum
705 1855 809 1887 videre,
826 1862 873 1884 aut
903 1858 976 1886 hunc

194 1897 272 1924 illum
307 1906 466 1933 expugnare
497 1907 577 1934 posse
612 1908 705 1935 neges.
738 1901 874 1930 Fortassis
903 1905 976 1931 enim

191 1944 313 1971 certabit
343 1944 492 1979 aliquando
521 1953 610 1980 puer.
637 1952 665 1973 et
687 1947 792 1975 videbit
815 1949 916 1981 canis,
951 1956 980 1978 et

191 1989 237 2016 hie
253 1989 329 2017 illum
357 1991 536 2026 expugnabit,
553 1992 705 2026 quamlibet
731 1994 796 2020 olim
820 1995 976 2030 quempiam

191 2043 347 2070 expugnare
381 2041 516 2071 nequeat;
545 2039 643 2072 partim
676 2044 767 2067 autem
792 2040 906 2075 [dicitur
926 2042 978 2069 ali—

192 2082 271 2118 quid]
290 2087 319 2110 ut
333 2083 493 2118 plurimum,
514 2089 544 2111 ut
569 2093 620 2111 non
644 2089 727 2120 potest
749 2087 841 2114 civitas
863 2088 977 2114 abscon-

191 2130 218 2156 di
233 2138 315 2164 supra
338 2135 453 2156 montem
479 2131 564 2164 pasitn
582 2131 614 2157 ¹³.
646 2131 780 2158 Fortassis
805 2133 879 2159 enim
904 2142 978 2168 qua:-

193 2177 264 2210 piam
299 2176 431 2206 abscondi
457 2181 549 2210 potest
574 2178 688 2212 majoris
717 2179 832 2214 alicujus
855 2181 978 2214 corporis

192 2222 301 2257 ubjectu
315 2231 321 2249 :
339 2222 438 2257 partim
459 2223 553 2253 etiam,
570 2225 634 2257 qttia
646 2225 746 2251 rationi
762 2231 977 2253 consentaneum

193 2275 248 2293 non
274 2268 322 2299 sit,
346 2272 375 2294 ut
396 2277 402 2294 :
433 2267 495 2294 Non
511 2273 619 2302 possunt
650 2270 698 2303 ﬁlii
721 2271 811 2304 sponsi
844 2271 978 2305 iejunare,

193 2314 311 2348 quandiu
340 2322 451 2348 sponsus
472 2314 545 2340 adest
568 2315 601 2346 ιδ,
631 2316 688 2342 sive
716 2317 855 2350 corporeis
888 2317 977 2345 oculis

194 2360 320 2388 videatur
347 2366 410 2395 (nec
434 2360 506 2387 enim
527 2362 754 2396 peregrinationis
782 2364 841 2397 ejus
867 2368 976 2398 tempus

195 2408 322 2434 mceroris
336 2411 404 2437 erat,
421 2407 468 2434 sed
485 2407 607 2440 laetitite),
624 2409 682 2436 sive
699 2413 835 2443 quatenus
858 2410 976 2437 Verbum

193 2458 236 2481 est
248 2453 347 2480 utentis
361 2454 448 2480 oculis
458 2453 661 2480 consideretur.
675 2454 747 2487 Quid
761 2454 834 2481 enim
851 2461 893 2482 est
904 2456 978 2490 quod

194 2501 211 2527 ii
227 2499 484 2534 eorporejejunent,
507 2499 608 2533 quibus
636 2500 744 2527 animus
770 2501 860 2528 Verbo
880 2510 980 2536 expur-

194 2545 292 2579 gatur?
307 2545 404 2579 partim
428 2553 538 2580 quoque
549 2546 613 2580 quia
633 2545 658 2572 id
677 2546 755 2577 nolit,
770 2551 799 2573 ιιι
821 2555 875 2574 non
900 2555 979 2582 posse

195 2591 252 2618 illic
266 2591 343 2627 signa
363 2591 464 2623 facere,
481 2597 594 2626 propter
627 2593 820 2627 aCt'ipietttitttlt
852 2594 980 2621 incredu-

195 2637 310 2664 litatem.
346 2636 414 2670 Quia
449 2637 523 2663 enim
553 2636 586 2663 ad
624 2637 781 2664 marlmrum
822 2639 980 2666 curationes

196 2689 344 2718 utrumque
360 2684 546 2710 necessarium
570 2689 638 2710 erat.
658 2688 685 2711 et
714 2684 781 2711 lides
806 2693 902 2711 eorum
934 2686 979 2720 qui

1024 206 1142 237 ticieutc,
1157 206 1235 233 alteri
1251 206 1329 234 locus
1347 214 1493 242 superesse
1513 215 1568 234 non
1583 211 1707 242 poterat.
1731 208 1864 235 Cri-lc-

1023 259 1083 278 rum
1098 259 1132 278 an
1157 251 1209 278 hoc
1222 252 1246 278 ei
1259 259 1369 286 quoque
1390 252 1529 279 accenseri
1547 253 1644 286 possit,
1668 254 1765 287 quod
1800 262 1860 279 rn-

1023 295 1089 323 tioni
1105 302 1319 323 consentaneum
1334 301 1385 329 est,
1401 297 1507 332 ignoro.
1530 297 1639 324 Rationi
1655 299 1742 325 enim
1759 306 1857 325 non-

1022 347 1182 369 smtaneum
1199 350 1252 369 non
1267 348 1337 372 erat.
1352 347 1381 370 ut
1393 343 1409 370 ii
1426 348 1601 376 curarentur,
1614 344 1661 378 qui
1680 344 1859 372 incredu-

1022 387 1108 415 litatis
1124 388 1220 415 morbo
1243 389 1416 416 laborabant.

1014 424 1017 431 ἰ
1059 434 1160 461 Eadem
1174 439 1218 462 est
1232 434 1388 469 bujusutodi
1405 444 1515 472 quoque
1526 439 1578 467 loci
1589 439 1658 466 ratio
1671 449 1679 466 :
1694 439 1771 466 Non
1789 447 1852 473 po-

1023 483 1073 505 test
1092 479 1203 506 mundus
1220 487 1271 506 non
1283 480 1367 507 odisse
1382 490 1426 508 vos
1442 483 1482 516 “‘;
1501 488 1529 511 et
1550 485 1652 519 hujus:
1671 485 1849 518 Quomodo

1023 526 1129 560 potestis
1144 525 1213 552 bona
1229 525 1311 561 loqui,
1326 535 1384 554 cum
1401 529 1458 555 sitis
1468 530 1532 557 mali
1543 530 1576 557 ¹⁸.
1587 530 1715 563 Quanam
1747 532 1845 558 enim

1023 571 1075 597 alia
1087 571 1121 598 de
1135 579 1216 600 causa
1233 572 1292 599 haec
1309 573 1365 600 tieri
1382 580 1534 609 nequeunt,
1558 576 1609 603 nisi
1628 577 1694 611 quia
1715 577 1844 604 volun-

1025 622 1064 645 tas
1080 619 1150 646 desit
1164 619 1176 645 ?

1060 665 1107 691 Est
1126 673 1207 699 porro
1230 666 1387 699 huiusmodi
1411 676 1521 702 quoque
1544 670 1686 704 quidpiam
1719 670 1754 697 in
1799 671 1839 696 iis

1025 717 1084 742 qum
1101 709 1232 737 dicuntur
1255 719 1261 736 :
1279 711 1357 743 Quod
1373 718 1471 739 natura
1492 713 1604 747 quidem
1627 715 1686 741 ﬁeri
1706 716 1837 749 nequit,

1025 754 1050 781 id
1068 755 1125 781 tiori
1145 756 1208 783 hinc
1226 757 1335 783 dentom
1362 763 1460 791 potest,
1480 760 1502 786 si
1529 760 1585 786 Deo
1610 761 1754 795 placuerit
1772 771 1781 788 :
1801 767 1838 788 ιιι

1024 801 1151 828 eumdem
1170 810 1226 829 non
1250 811 1330 836 posse
1346 803 1388 830 bis
1405 805 1479 831 nasci
1498 806 1529 836 ’⁷.
1546 812 1573 832 et
1593 806 1720 833 foramen
1755 815 1836 834 acus

1025 847 1213 882 camelicapax
1244 857 1299 875 non
1327 858 1388 877 esse
1407 851 1437 877 η.
1451 851 1517 878 Nam
1543 852 1609 885 quid
1634 852 1731 879 obstet
1751 861 1833 888 quo-

1025 893 1118 920 minus
1138 894 1195 921 haec
1211 894 1287 926 ﬁant,
1307 896 1328 922 si
1354 897 1425 923 Deus
1436 898 1522 925 velit?
1536 898 1637 925 Praeter
1654 907 1762 926 omnes
1773 901 1831 927 hos

1025 938 1120 966 modos
1134 940 1260 974 estquod
1285 941 1342 969 ﬁeri
1367 943 1447 970 ‘nullo
1474 951 1587 978 prorsus
1616 945 1699 972 modo
1720 951 1827 980 queat,

1026 991 1076 1010 nee
1094 985 1147 1011 ulla
1177 985 1297 1013 admittit
1329 987 1409 1018 ratio,
1439 991 1469 1014 ut
1491 996 1525 1015 eo
1546 989 1628 1016 modo
1650 990 1708 1021 tiat.
1731 999 1824 1025 quem

1026 1036 1099 1056 nunc
1130 1031 1288 1064 quaerimus.
1317 1032 1552 1064 Quemadmodum
1578 1033 1652 1061 enim
1673 1035 1735 1062 ﬁeri
1762 1044 1821 1062 non

1025 1082 1105 1109 posse
1121 1076 1248 1107 dicimus,
1266 1081 1295 1103 ut
1309 1077 1396 1104 malus
1415 1078 1451 1105 sit
1466 1078 1547 1110 Deus,
1558 1083 1605 1105 aut
1620 1087 1673 1106 non
1691 1081 1728 1107 sit
1759 1089 1823 1107 orl-

1025 1122 1091 1148 nino
1117 1121 1180 1155 (hoc
1203 1122 1276 1148 enim
1295 1122 1329 1149 ad
1353 1123 1542 1157 impotentiam
1564 1126 1656 1159 potius
1668 1134 1756 1160 quam
1773 1135 1823 1161 po—

1027 1167 1139 1194 tentiam
1156 1167 1202 1194 Dei
1220 1168 1366 1200 referatur,
1381 1177 1463 1203 quam
1481 1170 1503 1197 si
1519 1171 1592 1205 quod
1611 1179 1667 1198 non
1691 1178 1736 1200 est
1757 1182 1820 1200 r-ssc

1026 1212 1144 1244 dicatur,
1168 1217 1215 1239 aut
1231 1214 1275 1240 bis
1289 1214 1344 1240 duo
1359 1219 1387 1242 et
1401 1220 1519 1249 quatuor
1533 1221 1562 1243 et
1583 1217 1680 1244 decem
1699 1226 1763 1245 esse
1779 1219 1819 1244 ai"-

1028 1258 1204 1294 tirmenlur):
1223 1259 1259 1286 ita
1288 1260 1455 1294 impossibile
1471 1269 1582 1295 prorsus
1603 1267 1656 1292 est.
1678 1271 1728 1290 nec
1744 1265 1818 1290 ratio

1027 1303 1053 1330 id
1072 1304 1125 1330 ulla
1143 1304 1274 1337 admittit,
1292 1309 1320 1331 ut
1339 1305 1424 1332 Filius
1449 1314 1546 1333 eorum
1571 1308 1714 1342 quidpiam
1737 1315 1814 1340 agat.

1027 1358 1088 1383 quas
1105 1350 1186 1376 Pater
1199 1358 1254 1377 non
1270 1351 1335 1385 agit.
1353 1351 1449 1378 Omnia
1460 1353 1533 1379 enim
1549 1361 1722 1387 quaecunque
1732 1354 1819 1380 habet

1027 1395 1119 1426 Pater,
1133 1396 1192 1423 Filii
1207 1401 1281 1424 sunt.
1295 1402 1323 1424 ut
1341 1398 1400 1424 vice
1418 1406 1495 1425 versa
1509 1406 1570 1432 qum
1580 1404 1643 1426 sunt
1663 1399 1736 1431 Filii,
1752 1405 1819 1426 sunt

1029 1446 1056 1469 et
1070 1441 1158 1469 Patris
1170 1443 1192 1459 λ’
1208 1443 1241 1470 '°.
1258 1442 1332 1469 Nihil
1345 1451 1409 1478 ergo
1423 1444 1557 1478 privatum
1571 1450 1614 1472 est
1628 1451 1654 1472 et
1666 1446 1818 1480 peculium,

989 1489 1157 1523 cquoniam
1189 1490 1344 1516 communia
1382 1495 1446 1517 sunt
1473 1491 1513 1517 eis
1536 1491 1637 1518 omnia.
1672 1492 1817 1526 Siquidem

1026 1534 1084 1568 ipsa
1098 1535 1179 1561 etiam
1196 1535 1315 1561 essentia
1332 1536 1489 1563 communis
1509 1541 1536 1562 et
1553 1537 1666 1571 a‘qualis
1695 1538 1737 1564 eis
1762 1543 1816 1570 cst,

1026 1588 1182 1615 quanquam
1197 1580 1284 1608 Filius
1316 1581 1342 1608 id
1370 1589 1384 1608 a
1412 1581 1491 1609 Patre
1515 1583 1624 1609 habent.
1644 1583 1724 1610 Unde
1747 1584 1815 1611 illud

1025 1634 1136 1661 quoque
1158 1627 1275 1654 dicitur:
1291 1628 1345 1661 Ego
1366 1629 1423 1654 sivo
1442 1635 1550 1663 propter
1576 1627 1684 1655 Patrem
1707 1631 1742 1661 “,
1759 1639 1814 1657 non

1026 1672 1098 1706 quod
1124 1671 1187 1698 inde
1208 1673 1244 1699 sit
1264 1673 1301 1699 illi
1330 1674 1392 1700 vitte
1419 1678 1447 1700 et
1466 1674 1594 1701 essentia:
1615 1675 1704 1709 origo,
1725 1676 1816 1709 qualis

1027 1716 1170 1743 hominum
1190 1724 1251 1744 esse
1279 1717 1364 1744 solet:
1384 1718 1431 1744 sed
1455 1718 1519 1752 quia
1548 1718 1611 1746 inde
1627 1719 1696 1746 citra
1728 1720 1813 1747 ttllum

1028 1765 1136 1795 tempus
1149 1767 1177 1789 et
1189 1770 1301 1789 causam
1318 1762 1461 1790 subsistat.

1075 1809 1210 1837 Cwlerum
1225 1810 1334 1837 Patrem
1357 1810 1587 1845 quemadmodum
1618 1811 1692 1838 videt
1713 1811 1814 1839 facieti-

1027 1859 1093 1886 tem,
1107 1856 1143 1883 ita
1158 1861 1185 1883 et
1198 1856 1310 1882 demum
1323 1856 1398 1883 facit.
1419 1855 1460 1882 An
1477 1864 1544 1883 vero
1559 1861 1588 1883 ut
1603 1857 1649 1891 qui
1669 1857 1771 1883 formas
1787 1862 1814 1884 et

1027 1902 1134 1928 litteras
1151 1901 1313 1936 depingunt,
1340 1901 1404 1936 quia
1417 1909 1470 1928 non
1497 1903 1533 1928 sit
1550 1901 1583 1928 ad
1613 1902 1652 1928 rei
1673 1903 1813 1929 veritatem

1028 1947 1248 1982 consequendam
1260 1948 1312 1974 alia
1329 1947 1383 1978 via,
1401 1947 1453 1974 nisi
1471 1947 1567 1974 oculos
1581 1947 1614 1973 ad
1633 1948 1773 1982 exemplar
1785 1953 1813 1974 et

1028 1994 1206 2029 archetypum
1221 1993 1339 2020 subinde
1358 1993 1512 2025 intendant,
1531 2001 1699 2027 manumque
1713 1993 1744 2020 ad
1755 1994 1812 2028 ejus

1031 2040 1212 2067 imitationem
1229 2039 1366 2074 dirigant?
1381 2039 1434 2072 Qui
1452 2038 1586 2066 vcrotieri
1603 2043 1702 2072 potest,
1719 2043 1748 2065 ut
1771 2046 1810 2065 sa-

1029 2086 1131 2121 pientia
1151 2085 1264 2112 doelore
1276 2085 1414 2119 indigeat?
1431 2084 1534 2111 nihilne
1553 2084 1658 2110 factura
1682 2089 1733 2115 est,
1758 2084 1807 2110 nisi

1031 2131 1185 2159 doceatur?
1204 2130 1348 2164 Quomodo
1365 2135 1456 2157 autem
1480 2130 1561 2157 Pater
1577 2130 1643 2164 agit.
1668 2135 1716 2156 aut
1739 2130 1811 2163 egit?

997 2165 1016 2192 Β
1031 2178 1158 2204 Aliumne
1167 2181 1247 2204 antea
1261 2176 1387 2204 condidit
1417 2176 1551 2203 mundum
1569 2177 1629 2203 loco
1652 2178 1810 2211 przescntis?

1030 2223 1181 2259 quamlibet
1195 2223 1317 2249 futurum
1332 2222 1509 2249 constitucrit
1521 2223 1533 2249 ?
1545 2231 1636 2257 eoque
1660 2224 1806 2257 resliiciens

1031 2269 1117 2297 Filius
1136 2269 1251 2295 alterum
1269 2268 1378 2303 quidem
1406 2269 1561 2300 constituit,
1590 2268 1707 2295 alterum
1725 2275 1807 2296 autem

1031 2315 1232 2343 constituturus
1245 2314 1309 2341 est?
1324 2314 1447 2346 Quatuor
1457 2321 1523 2348 ergo
1532 2313 1626 2340 mundi
1647 2315 1696 2340 bac
1713 2314 1809 2340 ratione

1031 2361 1174 2388 constituti
1191 2360 1304 2390 iuerint,
1323 2367 1440 2394 quorum
1455 2360 1525 2386 alios
1537 2361 1627 2389 Pater.
1646 2359 1717 2386 alios
1731 2359 1808 2385 Filius

1029 2407 1133 2434 iecerit.
1150 2406 1309 2440 Oineptias!
1330 2405 1406 2437 Quod
1417 2413 1483 2440 ergo
1500 2414 1515 2432 a
1527 2405 1603 2439 lepra
1626 2410 1653 2432 et
1675 2405 1798 2431 deoioui-

1030 2453 1081 2479 bus
1104 2456 1212 2487 purgat,
1237 2451 1348 2478 morbos
1372 2455 1470 2481 curat,
1503 2455 1628 2477 mortuos
1655 2450 1805 2482 exsuscitat,

1028 2506 1109 2532 super
1138 2506 1213 2524 mare
1240 2497 1375 2527 ambulat,
1394 2501 1551 2532 creteraque
1577 2497 1630 2524 alia
1643 2496 1719 2527 iacit,
1746 2504 1799 2530 qua:

1029 2545 1139 2581 quidem
1157 2544 1229 2574 fecit,
1251 2551 1369 2578 quanam
1398 2544 1425 2570 in
1455 2551 1484 2569 rc
1504 2547 1551 2569 aut
1577 2542 1689 2577 quando
1705 2543 1800 2569 Patrem

1033 2592 1124 2618 omnia
1138 2591 1212 2623 prius
1228 2589 1371 2616 facientem
1389 2589 1510 2615 imitatus
1533 2589 1597 2615 est?
1619 2589 1659 2614 An
1685 2588 1800 2616 vide!icrt

1034 2637 1115 2664 Pater
1132 2643 1221 2662 rerum
1245 2634 1399 2669 hujusmotli
1415 2634 1546 2660 formulas
1562 2634 1804 2668 praescripsit,\'ur-

1035 2685 1098 2711 bum
1117 2688 1207 2709 autem
1221 2689 1275 2708 non
1289 2681 1427 2708 serviliter
1441 2686 1489 2707 aut
1510 2680 1649 2714 imperite,
1665 2679 1712 2706 sed
1728 2681 1801 2715 perite

225 2758 236 2774 '
250 2757 330 2784 ιιι-ιιι.
347 2764 400 2788 xw,
424 2756 456 2782 ii
474 2756 514 2782 l6.
546 2757 567 2772 '°
580 2756 588 2783 l
600 2757 664 2784 Ctl‘.
680 2765 722 2789 xv,
735 2756 770 2783 9.3
807 2758 825 2772 "
839 2756 945 2783 enim.

1034 2757 1074 2782 ll.
1102 2756 1216 2781 ¹²ι1ςι;ιιι.
1235 2763 1261 2782 v.
1279 2754 1320 2781 19.
1353 2754 1374 2769 ¹³
1394 2753 1488 2780 Matth.
1506 2753 1590 2781 v.15.
1623 2752 1643 2768 ’⁸
1656 2752 1755 2779 Matlth.
1770 2761 1801 2783 Ix,

200 2791 241 2820 Ιῖὶ,
271 2793 291 2808 ¹⁵
303 2793 382 2819 Joan.
396 2800 442 2823 vn,
459 2791 483 2816 7.

199 2827 242 2854 it).
279 2829 298 2843 ²¹
316 2827 395 2855 Joan.
412 2836 448 2860 vi,
466 2827 510 2854 €18.

520 2792 539 2807 ”
557 2792 648 2820 Matth.
669 2800 714 2824 λιι,
729 2792 771 2819 Si.
803 2793 825 2807 ‘7
843 2793 918 2819 Juau.
937 2801 977 2824 in,
997 2793 1022 2825 4,
1036 2792 1060 2818 ξ».

1099 2793 1118 2806 ¹⁴
1134 2791 1215 2818 Matth
1244 2799 1296 2820 xix,
1316 2789 1407 2816 “li-iii.
1438 2789 1496 2804 ¹⁹¹¹⁰
1518 2788 1596 2816 Joan.
1610 2796 1664 2821 ut,
1685 2788 1712 2815 l5
1728 2796 1798 2820 ;X\u.
