1927 3085
196 103 266 136 1439

809 105 955 135 NlCET/E
975 105 1176 135 CHONlATJi

191 164 260 192 lium
290 164 374 191 tutari
396 163 613 200 contendimus].
638 164 709 197 Quid
736 168 829 191 autem
859 163 976 191 victoria
992 166 1012 194 Α
1028 163 1141 191 alterius
1156 164 1310 198 cujuspiam
1333 171 1397 191 caro
1411 169 1480 195 erat,
1501 163 1547 190 sed
1565 163 1656 198 ipsius
1671 162 1808 190 Verbi-
1839 161 1877 187 Et

191 210 348 246 hujusmodi
367 210 495 238 miserius
513 215 560 237 aut
571 210 734 237 damnosius
744 217 805 237 esse
820 210 923 244 queat?

481 276 557 309 CAP.
572 275 677 303 LXVII.

193 323 226 351 In
248 323 315 350 illud
340 331 350 349 :
379 332 388 348 t
406 321 514 356 Semper
540 323 627 349 vivens
641 323 674 348 ad
689 321 908 355 interpellandum
929 329 976 356 pro

262 358 344 385 nobis.
365 366 374 382 )
398 358 438 384 Ea:
452 357 542 383 eadem
554 356 582 384 S.
601 356 904 384 Nazianzcnioralione.

227 415 271 442 5|.
292 415 397 441 Nouum
424 415 475 440 hoc
498 414 619 449 objicere
644 418 772 448 poterunt
789 423 796 441 :
815 413 924 448 Semper
939 413 978 440 vi-

192 469 254 488 vens
269 459 532 492 adinterpellaudum
547 468 593 495 pro
606 461 678 486 nobis
688 460 719 488 '°.
735 461 819 486 nocte
838 467 914 489 sane,
927 466 978 485 nec

191 506 252 531 sine
281 512 379 538 magno
406 504 536 539 mysterio
554 508 634 538 atque
654 504 834 530 humanitate.
857 503 976 531 Vcrbutn

191 551 265 578 enim
283 550 454 585 interpellare
473 558 525 576 non
542 555 584 577 est
606 550 677 584 quod
695 550 819 584 plerique
835 550 926 576 solent
943 549 976 575 ad

190 596 354 630 supplicium
369 596 534 629 tlepOseerc;
553 595 603 622 hoc
620 597 691 621 cnim
705 595 746 621 vel
761 595 977 629 abjectissimum

190 645 252 671 est;
270 641 318 667 sed
334 640 506 666 intercedere
526 648 574 674 pro
596 641 676 666 nobis
697 648 745 674 pro
761 641 904 674 legationis
919 649 978 666 11111-

191 693 268 716 nere,
298 691 327 712 ut
354 686 474 719 Spiritus
495 693 671 719 quoquepro
697 685 776 712 nobis
803 686 978 719 interpellare

191 730 294 756 dicitur
311 738 318 756 :
335 730 405 756 Unus
418 731 486 756 cnim
510 731 589 760 Deus,
605 739 669 756 unus
696 735 719 756 et
743 731 872 756 mediator
890 730 938 756 Dei
954 736 978 756 ει

193 777 336 806 hominum.
362 777 437 802 homo
459 776 535 802 Jt-sus
557 777 674 803 Christus
683 777 716 802 5°.
742 776 890 803 lnlercedit
905 775 977 802 enim

194 823 345 848 etiamnum
375 827 404 848 ut
429 822 511 848 homo
538 830 587 856 pro
603 829 660 848 mea
676 822 763 848 salute
776 831 783 854 ;
798 829 861 848 nam
879 830 978 856 corpus

194 868 296 899 habet,
321 868 393 902 quod
420 869 580 902 assumpsit,
604 869 692 895 donec
714 873 862 903 aSstiiiipt:c
884 868 976 895 carnis

193 914 314 948 potentia
338 915 421 941 Deum
447 923 490 941 me
514 915 620 941 faciat:
644 922 769 949 quamws
787 923 842 942 nun
861 915 977 949 amplius

193 960 343 986 secundum
357 968 466 986 carnem
486 964 677 994 cognoscatur,
697 961 834 991 carnales,
853 961 975 995 inquam,

194 1005 363 1035 aﬂ‘cctioucs.
386 1010 413 1032 et
434 1013 465 1032 ea
484 1006 585 1040 quibus
601 1006 710 1032 obnoxii
733 1014 841 1038 smnus,
864 1006 976 1041 dempto

194 1057 317 1086 peccato.
338 1052 383 1078 Sic
398 1052 489 1078 Jesuin
506 1059 615 1086 quoque
640 1051 822 1082 Puraclctuin.
848 1052 900 1078 hoc
924 1057 976 1084 cst,

194 1098 367 1128 advocatum,
384 1097 518 1124 habemus
542 1105 595 1123 non
615 1098 686 1131 quod
702 1105 752 1131 pro
780 1097 858 1124 nobis
883 1098 976 1124 servili

195 1151 268 1170 more
282 1143 315 1170 ad
334 1143 421 1170 Patris
439 1143 522 1177 pedes
537 1143 709 1174 advolvatur,
728 1148 755 1170 et
770 1144 796 1170 in
813 1151 900 1177 genua
917 1153 977 1178 pro-

194 1188 312 1214 cumbat.
332 1187 410 1214 Absit
437 1188 493 1213 lucc.
513 1195 576 1213 vere
606 1187 721 1217 scrvilis.
755 1186 913 1220 Spirituque
937 1187 979 1213 iu-

194 1233 275 1266 digna
291 1232 428 1266 Cogitatio.
441 1232 496 1258 Nec
511 1232 582 1258 enim
602 1232 688 1258 Patris
704 1237 746 1258 est
762 1232 813 1258 hoc
829 1232 978 1266 postulare,

195 1287 244 1305 l‘t‘t'
258 1278 316 1305 Filii
334 1283 474 1312 prmstare,
503 1286 552 1304 uec
569 1278 723 1312 quempiam
742 1278 768 1304 id
787 1278 820 1304 de
836 1278 891 1305 Deo
906 1278 979 1311 Cogi-

196 1331 253 1351 tare
280 1332 327 1358 par
355 1329 408 1350 est.
430 1324 465 1350 lis
483 1332 547 1350 vero
572 1332 632 1357 (11ιὲῐὲ
662 1332 709 1358 pro
737 1324 817 1350 nobis
841 1329 870 1350 ut
896 1324 977 1350 homo

195 1377 292 1404 passus
315 1374 366 1400 cst,
392 1377 443 1395 nos
468 1369 630 1395 cohortatur
651 1374 778 1403 tauquam
807 1369 924 1397 Verbum
951 1374 979 1396 ct

195 1417 361 1447 atlmouitor,
387 1421 415 1442 ut
443 1417 504 1443 forti
533 1417 625 1443 animo
652 1418 747 1443 simus.
770 1417 870 1443 Eodem
897 1425 977 1444 sensu

195 1464 263 1490 mihi
280 1463 364 1489 dictio
382 1463 539 1497 paraclcsis,
564 1463 615 1489 hoc
636 1468 688 1494 est,
713 1463 880 1494 exhortatio,
904 1463 978 1490 acci-

195 1509 296 1544 pienda
312 1509 429 1536 videtur.

991 1510 1013 1538 C

481 1573 556 1601 CAP.
574 1574 690 1603 LXVIII.

196 1620 238 1647 Ea:
251 1620 280 1648 S.
299 1621 393 1655 Cyrilli
419 1622 521 1656 scriptis
545 1622 575 1651 de
596 1630 735 1657 progressu
757 1630 804 1648 seu
821 1622 981 1648 incremento

537 1657 645 1685 Christi.
871 1692 875 1697 1

232 1713 275 1740 52.
293 1713 368 1746 Quod
384 1715 411 1741 in
429 1714 524 1749 aliquo
541 1715 660 1749 prolicit,
678 1715 817 1743 diversum
835 1714 869 1740 ab
883 1722 916 1740 eo
940 1717 982 1740 est

202 1759 229 1786 in
246 1767 300 1794 quo
314 1760 447 1794 prolicere
464 1761 575 1787 dicitur.
595 1761 622 1787 Si
641 1769 704 1796 ergo
720 1762 746 1787 in
769 1760 902 1794 sapientia
919 1767 982 1793 pro-

199 1807 281 1833 licere
298 1806 388 1833 dictus
401 1812 442 1833 est
460 1806 626 1837 Christus“.
643 1815 696 1834 non
712 1806 846 1841 sapiuntia
862 1811 904 1832 est
921 1813 982 1839 qua:

198 1852 372 1886 proﬁciebat.
397 1852 444 1879 sed
471 1853 587 1879 humana
617 1860 697 1886 quant
725 1851 913 1886 pi'tetendchat
939 1851 983 1877 ille,

197 1903 305 1925 natura.
323 1897 390 1924 Cum
404 1899 475 1924 t-nim
492 1898 622 1925 divinitas
640 1899 665 1925 in
682 1906 714 1925 eo
730 1897 855 1932 quotidie
873 1898 981 1924 revela-

199 1949 275 1970 ietur
296 1950 322 1971 ct
343 1945 522 1976 elut‘esccret,
542 1952 649 1979 semper
673 1944 853 1970 admiratione
874 1943 983 1976 dignior

195 1989 384 2020 siicctantibus
396 1990 537 2016 evadebat.
553 1990 641 2023 Atque
658 1990 702 2016 hic
717 1997 814 2016 sensus
829 1994 871 2016 est.
884 1989 982 2016 horum

197 2035 357 2068 verborum,
368 2035 532 2062 Proficiebat
547 2036 573 2062 in
593 2035 736 2069 sapientia.

446 2092 573 2126 Ejusdem
587 2092 616 2119 S.
631 2091 728 2126 Cyrilli

233 2148 277 2174 53.
299 2147 459 2174 Humanitas
482 2148 534 2174 huc
551 2149 631 2174 modo
653 2148 679 2174 in
699 2147 834 2181 sapitntia
855 2147 980 2181 prolicie-

197 2193 254 2220 bat.
268 2193 335 2220 Cum
350 2193 499 2228 Sapientia,
520 2193 571 2220 hoc
585 2198 626 2220 cst
641 2193 687 2220 Dei
705 2193 834 2222 Verbum.
851 2198 977 2219 naturam

196 2240 332 2267 induisset
346 2240 504 2269 humanam.
523 2240 599 2266 factis
615 2244 641 2265 et
656 2239 825 2266 admirandis
846 2239 978 2273 operibus

198 2286 328 2319 templum
347 2294 361 2312 a
380 2294 408 2312 sc
431 2290 600 2320 assumptum
619 2284 706 2311 oculis
722 2283 888 2310 intuentium
907 2283 979 2310 divi-

197 2338 263 2357 nutn
292 2331 437 2361 exhibens.
461 2332 548 2366 ipsum
577 2329 708 2364 proﬁcere
736 2329 863 2355 faciebat.
892 2329 980 2363 Atque

197 2377 251 2404 hoc
264 2381 343 2411 pacto
360 2377 516 2403 humanitas
533 2377 560 2402 in
581 2376 714 2411 sapientia
730 2375 901 2410 proficiebat,
919 2383 980 2401 cum

197 2431 246 2458 per
260 2431 319 2450 eam
334 2422 425 2449 divina
441 2423 528 2450 lict‘et.

445 2479 571 2513 Ejusdem
584 2479 613 2506 S.
630 2478 732 2514 Cyrilli.

232 2536 276 2562 54.
302 2534 531 2570 Quandoquidem
557 2535 690 2569 prolicere
720 2533 862 2569 proprium
886 2534 982 2562 carnis

196 2587 250 2612 est.
276 2581 404 2609 Christus
437 2583 571 2616 prolicere
596 2581 709 2611 dicitur.
737 2585 768 2607 ut
799 2589 830 2608 ea
859 2581 982 2613 indutus,

197 2628 313 2662 ejusque
325 2628 487 2655 allectiones
504 2627 556 2654 sibi
573 2626 793 2654 accommodans.
825 2626 881 2653 Nec
908 2627 979 2653 cnim

224 2698 246 2714 ³⁹
259 2698 341 2727 Ilebr.
360 2707 407 2731 vu,
423 2699 467 2726 25.
508 2699 529 2714 ⁵ο
547 2698 638 2726 lTim.
656 2706 685 2731 11,
704 2697 730 2725 5.
769 2697 790 2713 “
804 2697 870 2724 Lm.
891 2705 920 2729 tt,

1027 209 1258 243 quemadmodum
1284 217 1348 236 eum
1377 217 1460 236 carne
1483 217 1594 244 passum
1612 217 1676 237 esse
1691 209 1878 236 dicimuss

1027 255 1151 289 quamvis
1166 255 1222 282 sola
1240 263 1305 282 caro
1329 263 1406 290 passa
1433 258 1478 287 sit.
1507 256 1750 291 quandoquidem
1781 254 1874 282 licet

1027 308 1081 326 non
1099 307 1195 334 passus
1214 300 1248 327 sit
1268 306 1405 335 quatenus
1422 301 1495 328 Deus
1512 304 1586 333 erat,
1600 308 1713 335 corpus
1736 305 1873 327 tanien
1909 317 1910 320 η

1028 346 1087 380 ejus
1101 347 1240 381 proprium
1255 355 1365 381 passum
1381 351 1423 374 est
1438 355 1445 373 :
1466 347 1501 374 ita
1516 348 1598 374 etiam
1622 347 1790 382 proﬁcere
1816 345 1871 372 di-

1028 398 1119 423 catur,
1137 393 1241 420 nullum
1259 400 1395 427 quatenus
1409 394 1481 420 Deus
1494 394 1650 428 percipiens
1663 394 1867 420 iocre-nem

1029 443 1097 470 tum,
1115 438 1167 465 hoc
1178 438 1281 466 idcirco
1300 439 1414 472 dicitur,
1432 439 1496 473 quia
1510 440 1538 467 in
1554 442 1614 474 ipso
1627 439 1753 474 propria
1780 439 1867 472 ejus

1029 492 1094 510 caro
1107 483 1278 519 proﬁciebat.

1243 540 1271 567 S.
1289 540 1402 567 Joannis
1423 541 1590 568 Dnnmsccni.

1067 597 1112 623 335.
1132 597 1283 630 Sapientia.
1309 602 1337 624 ct
1365 603 1454 627 a-tate,
1476 603 1500 623 et
1517 598 1601 631 gratia
1624 597 1774 630 prolicere
1801 600 1859 622 di-

1028 644 1121 670 citur:
1149 647 1227 669 :etate
1251 643 1361 677 quidem
1388 651 1527 672 crescens,
1548 643 1699 676 minisque
1730 644 1852 668 inet-cc

1029 693 1121 714 incuto
1132 689 1294 722 sapientiam
1308 689 1358 714 sibi
1373 689 1480 715 insitam
1496 689 1521 714 iu
1534 693 1661 722 apertum
1675 695 1852 716 exercens.

1028 734 1121 759 adhaec
1139 734 1279 759 hominum
1298 733 1324 759 111
1340 733 1473 767 sapientia
1488 737 1513 759 cl
1529 733 1615 767 gratia
1629 741 1793 767 progressu
1801 739 1850 761 In,

1029 784 1204 812 paterna-quc
1218 778 1422 812 approbatiouis
1443 778 1655 811 perlnﬂiouem,
1684 780 1748 804 sive
1778 779 1851 803 11η)-

997 835 1015 861 B
1032 824 1135 849 mitium
1161 822 1194 849 de
1213 822 1295 848 rebus
1320 822 1422 848 divinis
1442 823 1624 856 cognitionem
1642 826 1671 847 (ιι
1692 822 1846 848 salutem.

1031 870 1170 903 proprium
1201 870 1352 902 proiectum
1381 868 1502 899 faciens,
1533 867 1641 900 stliiquc
1670 868 1750 899 quod
1777 875 1847 893 no—

1031 919 1117 941 strum
1141 918 1182 940 est
1206 915 1285 948 plane
1305 913 1524 940 acetunmodaus.
1549 912 1688 938 Cil‘ltfrtllll
1704 913 1754 946 qui
1783 920 1845 938 sa-

1031 961 1132 994 pientia
1156 965 1183 986 et
1206 961 1292 994 gratia
1313 960 1401 994 ipsum
1422 959 1459 985 ita
1490 958 1640 992 prnlecissc
1661 958 1773 989 dit-un,
1799 964 1838 984 ut

1033 1006 1084 1032 huc
1100 1006 1175 1032 velut
1194 1005 1345 1032 auctariutu
1362 1004 1510 1038 acceperit,
1532 1004 1548 1030 ii
1566 1012 1702 1030 vesanum
1737 1003 1838 1030 secuti

1032 1052 1189 1079 Nestorium
1203 1052 1350 1078 sclieticam
1366 1059 1414 1078 seu
1428 1050 1567 1078 relatimm
1580 1050 1815 1084 conjunctionch
1825 1070 1833 1081 ,

1031 1098 1187 1131 nudamque
1203 1096 1427 1123 inhabitatioucm
1448 1095 1713 1125 connuiniscuntur,
1730 1102 1778 1121 nec
1792 1102 1833 1120 ea

1032 1153 1092 1178 qua:
1118 1145 1213 1170 dicunt
1232 1147 1423 1176 agnoscentes,
1443 1150 1493 1168 nec
1509 1149 1539 1168 ea
1557 1149 1617 1175 qua:
1643 1145 1827 1167 asseverant-

1033 1191 1060 1216 Si
1075 1191 1148 1216 cuitu
1163 1198 1227 1216 caro
1244 1189 1332 1216 Verbo
1348 1196 1411 1214 vere
1430 1188 1575 1222 conjuncta
1601 1191 1655 1216 est.
1676 1195 1741 1213 cutn
1764 1186 1828 1221 pri—

1033 1244 1106 1263 mum
1123 1243 1182 1262 esse
1195 1235 1277 1269 cwpit
1294 1235 1335 1260 vel
1351 1234 1439 1268 potius
1456 1233 1483 1259 in
1501 1233 1559 1266 ipso
1575 1232 1714 1262 substitit,
1733 1233 1828 1266 hypo-

1032 1282 1210 1315 staticamque
1226 1289 1272 1308 seu
1292 1280 1461 1315 personalcm
1482 1286 1542 1306 cum
1560 1278 1621 1312 ipso
1640 1278 1722 1305 idcuti
1732 1282 1825 1304 tatem

1031 1329 1126 1362 subiit,
1151 1327 1217 1362 quid
1242 1327 1332 1353 obstat
1352 1326 1498 1358 quominus
1525 1325 1636 1352 cunctis
1661 1324 1824 1359 sapientiar.

1032 1376 1180 1410 gratia-que
1195 1373 1332 1400 thesauris
1343 1378 1474 1399 exornata
1491 1371 1571 1399 fuerit
1585 1372 1596 1398 ?

1325 1441 1400 1468 CAP.
1421 1440 1515 1467 LXIX.

1033 1499 1067 1526 Ει
1080 1500 1142 1527 liu'c.
1163 1497 1337 1532 superioribus
1362 1497 1388 1523 in
1413 1497 1596 1532 .glnoma'm'um
1612 1496 1825 1530 caufululioncm

1066 1531 1226 1561 adnectendo
1251 1537 1331 1559 sunt:
1347 1533 1385 1558 An
1403 1531 1501 1558 Filium
1527 1532 1608 1558 Pater
1636 1533 1822 1561 cisisteutem,

1067 1577 1147 1596 necne
1158 1569 1288 1603 genuerit.
1514 1579 1519 1582 -

1066 1626 1236 1660 Ohjiciebaut
1258 1624 1384 1652 Annmmi
1409 1625 1622 1659 sophisticarum
1649 1624 1824 1657 argutiarum

1034 1671 1126 1706 potius
1139 1678 1220 1704 quam
1240 1671 1383 1705 theologia:
1403 1671 1482 1705 periti
1499 1680 1505 1697 :
1525 1671 1748 1696 Exsistcntcntnc
1773 1670 1825 1696 Pa-

1033 1722 1073 1744 ter
1086 1717 1202 1749 Filium,
1234 1724 1324 1743 annon
1341 1718 1516 1744 cxsistentcm
1540 1717 1655 1751 genuit"!
1671 1726 1776 1751 (usque
1797 1718 1825 1743 111

1033 1763 1175 1796 angustias
1191 1762 1264 1796 pium
1283 1770 1419 1796 quemque
1431 1763 1518 1789 virum
1535 1763 1699 1797 conjiciunt,
1714 1762 1826 1796 utquid

1035 1816 1219 1844 responsurus
1233 1809 1280 1840 sit,
1301 1809 1418 1844 ignoret.
1440 1809 1506 1836 Nam
1531 1810 1553 1836 si
1575 1810 1754 1836 exsistentem
1774 1817 1825 1844 ge-

1033 1857 1125 1883 nuisse
1154 1857 1326 1890 respondeat,
1353 1856 1391 1882 illi
1417 1856 1468 1882 hoc
1498 1864 1660 1889 responsum
1683 1856 1827 1882 cachinno

1034 1903 1172 1936 excipient
1185 1907 1212 1928 et
1228 1902 1419 1936 rcplicabunt:
1438 1900 1492 1934 Qui
1508 1909 1572 1927 vero
1591 1901 1649 1927 ﬁeri
1671 1905 1772 1934 potest.
1794 1907 1828 1926 ut

1035 1948 1057 1974 is
1083 1953 1223 1979 nascatur,
1253 1947 1300 1981 qui
1327 1947 1388 1974 est?
1416 1947 1467 1973 hoc
1490 1947 1563 1973 enim
1589 1947 1739 1973 absurdum
1767 1952 1826 1972 est.

1033 1993 1109 2025 Quod
1127 1993 1148 2019 si
1166 1993 1340 2020 exsistcntem
1356 1993 1530 2027 negaverint,
1548 1992 1710 2026 subjicicnt,
1726 1992 1826 2026 itaque

1035 2039 1163 2069 inferunt,
1201 2046 1344 2071 superesse
1369 2043 1398 2064 ut
1422 2039 1503 2064 fuerit
1518 2043 1638 2071 tempus.
1661 2046 1717 2071 quo
1734 2035 1828 2065 Filius

1034 2091 1088 2110 non
1113 2083 1205 2110 fuerit.
1223 2085 1308 2115 Quam
1339 2083 1449 2117 quidem
1475 2083 1622 2118 syllogismi
1639 2088 1824 2117 argumenta-

1036 2128 1152 2159 tionisve
1169 2128 1314 2155 formulam
1330 2137 1384 2155 non
1399 2136 1490 2155 veram
1513 2135 1575 2155 esse
1600 2135 1828 2156 commonstrans

995 2176 1019 2206 ι)
1033 2181 1147 2208 magnus
1163 2174 1208 2201 ille
1224 2174 1307 2200 rebus
1330 2176 1357 2201 in
1373 2174 1535 2209 lheologicis
1550 2174 1700 2209 Gregorius
1720 2175 1826 2202 similia

1034 2220 1169 2246 similibus
1180 2220 1305 2246 coulutat
1322 2221 1374 2246 hoc
1387 2220 1481 2248 modo.

1071 2265 1154 2292 Estne
1166 2270 1272 2299 tempus
1284 2267 1310 2292 in
1323 2271 1456 2299 tempore,
1468 2267 1572 2293 necne?
1583 2266 1668 2292 Porro
1678 2266 1823 2292 sciendum

1035 2316 1075 2338 est
1092 2311 1165 2345 quod
1178 2312 1211 2338 de
1225 2317 1346 2343 tempore
1358 2312 1536 2346 interrogare.
1550 2317 1640 2338 utrum
1656 2312 1682 2338 in
1698 2317 1824 2345 tempan

1035 2357 1080 2390 sit,
1095 2364 1128 2383 an
1146 2365 1210 2386 non.
1235 2365 1329 2383 eorum
1343 2366 1395 2384 11011
1410 2363 1451 2384 est
1464 2365 1524 2391 qua:
1543 2357 1600 2383 lteri
1612 2362 1737 2391 possunt.
1754 2364 1806 2383 tein
1819 2371 1824 2376 ε

1036 2410 1086 2436 pus
1097 2403 1170 2429 enim
1182 2402 1215 2429 iis
1224 2409 1284 2436 qua:
1293 2407 1356 2429 sunt
1365 2403 1577 2436 haudquaquam
1589 2407 1764 2431 aceeusetur.
1775 2403 1822 2428 sed

1035 2447 1068 2474 iis
1092 2455 1154 2481 qua:
1177 2447 1317 2474 accidunt.
1336 2447 1572 2480 Quemadmodum
1598 2447 1671 2473 enim
1689 2452 1783 2473 motus
1796 2447 1821 2473 in

1035 2492 1195 2526 corporibus
1210 2493 1322 2524 dicitur,
1336 2494 1375 2519 sic
1399 2498 1506 2527 tempus
1522 2501 1649 2519 mensura
1666 2498 1759 2518 motus
1769 2498 1820 2519 est.

1036 2537 1102 2565 Nam
1123 2539 1163 2565 sol
1177 2546 1279 2573 corpus
1292 2543 1334 2565 est
1349 2539 1422 2573 quod
1436 2543 1562 2565 movetur
1575 2547 1581 2565 :
1604 2543 1713 2572 tempus
1728 2542 1818 2565 autem

1037 2590 1163 2610 mensura
1175 2589 1266 2610 motus
1281 2583 1350 2618 ejus.
1366 2584 1458 2618 Itaque
1471 2588 1580 2618 tempus
1598 2590 1694 2610 eorum
1710 2591 1766 2610 non
1779 2587 1820 2610 est

1034 2636 1095 2663 qua:
1119 2629 1283 2662 subsistunt,
1310 2631 1356 2657 sed
1375 2637 1436 2665 qua:
1455 2629 1664 2664 subsaquuutur
1677 2629 1747 2663 (it).

234 2770 291 2808 _(7l7)
309 2771 388 2799 Hunc
406 2771 508 2798 nedum
535 2771 649 2807 pulchre
673 2771 799 2799 dissolvit
833 2770 1001 2798 Thcmistius
1021 2771 1118 2799 Pletho
1147 2772 1210 2799 libri
1246 2773 1431 2808 posteriorum
1465 2772 1589 2800 Platonis
1628 2771 1816 2801 defensionum

199 2805 291 2843 primi,
303 2816 328 2833 υ.
340 2807 365 2837 1.

1774 78 1900 153 nisi

1898 154 1904 224 1

1900 225 1907 292 1
