1927 3085
71 129 164 163 1411

735 115 933 147 THESAUR!
950 116 1026 145 LIB.
1045 116 1078 145 Υ.

1656 106 1726 138 142

122 186 275 212 Caeterum
298 178 474 208 admirandus
490 175 653 204 Aristoteles
667 175 770 201 veteris
789 173 887 200 advcr-
903 176 925 201 Α
941 170 1057 197 Mentior
1071 168 1192 200 dixerit;
1211 167 1269 194 haec
1293 171 1335 192 (est
1362 164 1534 192 affirmativu.
1564 163 1648 196 Atqui
1677 170 1727 188 nec

73 230 191 258 sarius
200 226 365 257 Academiae,
378 223 593 259 prmccptorique
603 219 709 248 Platoni
720 222 825 245 eontrat
834 218 886 248 ius,

77 277 202 304 coelum
232 275 332 300 tactum
358 278 430 302 esse,
459 274 541 303 atque
567 275 582 294 a
605 266 726 301 quodam
744 263 887 297 temporali

79 323 178 356 signo
193 317 403 347 conversionem
422 314 606 342 orhicularem
622 311 750 346 ctepisse,
776 314 803 336 at
827 317 888 334 eum

82 354 159 402 ipso
177 371 288 399 tempus
301 369 412 398 quoque
438 368 490 387 una
514 358 669 386 substitisse
691 356 806 386 dicenti,
832 354 890 388 ipse

85 401 215 444 tempus
230 414 363 436 :ctcrnum
380 405 543 436 introducit;
563 409 590 430 et
607 403 707 429 cmlum
726 401 889 435 ingenitum.

87 458 126 484 At
146 457 235 483 Pater
253 454 297 480 hic
311 452 460 486 Gregorius
475 459 482 476 :
500 451 583 476 Estne
601 455 718 482 tentpus,
737 447 836 480 inquit,
864 445 891 471 in

89 508 240 536 tempore,
271 499 377 525 necne?
395 498 447 524 hoc
472 501 514 523 cst
539 503 572 522 an
598 494 758 521 universum
785 496 892 524 tempus

90 553 232 581 tempore
248 546 340 572 locum
361 543 432 570 inter
450 549 494 568 res
519 544 623 567 creatas
647 537 755 569 habuit,
775 544 809 563 an
827 543 892 562 vero

91 601 157 620 una
178 600 243 619 eum
268 598 361 617 rerutn
383 587 564 615 universitate
591 587 651 613 sine
678 589 802 618 tempore
826 582 892 608 sub-

93 639 198 666 stitit?
212 637 278 664 Nant
299 637 320 663 si
346 640 467 669 tempore
493 638 614 660 creatum
633 635 684 663 est,
705 629 811 664 inquit,
834 628 895 654 uui-

96 691 217 710 versuut
234 689 287 708 non
304 686 356 712 est,
371 687 432 706 eum
444 678 517 705 aliud
533 682 642 711 tempus
651 674 873 710 deprehendatur
887 682 893 700 ί

96 729 188 764 cujus
215 727 327 762 quidem
353 724 517 752 intermedio
536 729 644 757 tempus
661 721 750 748 evasit
775 724 893 753 tempus.

98 773 154 800 Sin
187 773 280 799 minus
307 775 429 804 tempore
461 775 557 795 carens
588 772 696 801 tempus
730 764 893 792 introducit.

99 819 187 853 Quod
207 819 229 845 si
243 818 278 844 sit
296 821 405 850 tempus
419 815 478 841 sine
496 819 629 848 tempore,
648 813 694 839 vix
714 811 788 838 aliud
816 810 896 845 quid-

102 866 184 901 piam
200 863 316 898 tempori
335 862 510 896 subjicietur.
524 859 603 891 Quod
621 858 644 885 si
666 862 761 884 contra
782 857 810 883 in
830 861 898 884 tem-

102 919 178 946 pore
199 910 285 940 dicas,
313 908 347 935 de
364 908 410 934 illo
437 913 533 932 rursus
558 906 599 932 sic
621 903 802 938 interrogabit
823 902 898 936 quis-

106 959 197 992 piam.
214 965 248 983 an
275 954 341 981 illud
358 960 468 988 quoque
486 951 513 978 in
528 956 662 985 tetnpore,
686 957 721 976 att
747 949 806 976 sine
829 956 899 975 tem-

106 1011 180 1037 pore
198 1002 244 1028 sit.
637 1010 666 1027 Α

148 1048 245 1082 Itaque
261 1046 340 1073 Pater
354 1043 503 1079 Gregorius
516 1042 656 1077 plerisque
672 1040 781 1068 omissis
796 1048 855 1074 quat
867 1039 900 1066 de

109 1098 238 1128 tempore
254 1093 354 1119 frustra
377 1090 421 1116 ltie
434 1093 651 1124 exponerentur,
675 1090 780 1114 tantum
799 1086 833 1113 de
853 1086 901 1112 illo

110 1139 268 1174 proposuit.
284 1142 417 1172 quantum
441 1135 493 1162 sibi
513 1135 547 1162 ad
574 1133 753 1168 qua-stionem
777 1132 901 1167 proposi-

113 1191 170 1211 tattt
200 1185 324 1212 sullieere
348 1183 438 1210 visum
453 1186 504 1209 est.
523 1180 654 1213 Quamvis
680 1179 754 1206 enim
769 1171 852 1205 dubia
874 1177 902 1204 itt

114 1233 261 1262 utramque
276 1232 381 1262 partem
394 1225 509 1260 qttzestio
530 1232 590 1251 esse
615 1223 751 1254 videatur,
769 1230 800 1250 ea
813 1228 905 1251 tamen

117 1281 174 1300 non
186 1278 238 1303 est.
255 1281 308 1307 qua
328 1274 440 1299 omnitto
457 1271 541 1298 dubia
563 1271 609 1298 sit.
635 1269 692 1296 Nec
709 1269 782 1296 cttittt
798 1268 820 1295 si
837 1267 903 1302 quid

116 1321 212 1346 minus
237 1321 264 1345 itt
289 1318 420 1352 tetuporis
443 1317 622 1352 protensione
652 1316 746 1347 fuerit,
774 1315 824 1341 ltoc
848 1314 903 1349 jam

118 1363 180 1392 sine
205 1369 328 1399 tentporc
352 1368 405 1390 est.
423 1363 558 1396 Cmterum
575 1368 682 1397 tempus
699 1362 760 1388 sine
782 1365 904 1395 tempore

119 1418 174 1437 11011
191 1416 243 1441 est,
261 1409 332 1444 quod
348 1416 410 1435 cum
427 1413 506 1435 antea
520 1415 574 1434 11011
594 1412 677 1438 esset,
692 1411 784 1441 postea
802 1406 903 1433 factum

119 1460 172 1486 est,
190 1457 292 1489 quippe
323 1455 395 1488 quod
428 1454 514 1481 solet
540 1453 604 1480 luna
631 1453 819 1484 dimetiantur,
845 1459 905 1486 qua:

121 1501 181 1527 solo
197 1500 336 1527 Creatoris
350 1499 435 1526 verbo
458 1499 539 1525 simul
567 1498 691 1526 etsemei
713 1504 804 1525 creata
829 1502 902 1524 suttt.

158 1546 266 1579 Quibus
286 1545 451 1572 dilcmutatis
476 1550 504 1572 et
527 1545 579 1572 hoc
597 1549 724 1572 aceenset
740 1554 746 1571 :
763 1545 841 1571 Nunc
856 1552 905 1579 ego

122 1592 251 1623 utentior,
271 1590 296 1616 ei
313 1591 400 1617 sitttile
413 1590 485 1625 quod
503 1591 535 1617 de
557 1595 678 1624 tetttpore
693 1590 831 1624 praecedit.
848 1591 904 1615 Hoc

123 1637 214 1672 itaque
227 1637 356 1663 dilentma
371 1645 377 1663 :
392 1636 473 1663 Nunc
492 1644 543 1671 ego
568 1636 698 1672 utentior,
719 1643 781 1662 vera
794 1634 905 1669 quidetn

122 1683 188 1710 dicit
207 1683 233 1709 in
253 1683 286 1710 iis
308 1690 369 1717 quae
391 1683 543 1710 mentitur:
568 1683 700 1709 mentitur
717 1686 810 1708 autent
831 1682 858 1707 iit
874 1681 907 1708 iis

124 1736 183 1762 qua:
198 1735 260 1755 vera
274 1728 366 1754 dicere
378 1732 471 1761 putes.
486 1727 621 1755 Ctnterum
641 1728 692 1754 hac
709 1727 734 1753 itt
755 1727 908 1761 quaestione

127 1771 301 1806 proponenda
316 1771 470 1806 Theologus
495 1772 569 1798 hisee
588 1772 678 1798 verbis
699 1772 804 1798 utitur:
823 1773 909 1805 Hujus

128 1818 314 1845 dilemmatis:
342 1817 419 1844 Nunc
433 1825 484 1852 ego
509 1819 637 1849 utentior,
664 1819 777 1844 alteram
804 1822 907 1851 partem

129 1863 256 1893 concede,
273 1863 316 1890 vel
333 1871 396 1890 vera
412 1863 504 1890 dicere
520 1868 638 1893 tantum,
656 1864 699 1889 vel
714 1863 834 1890 mentiri.
851 1862 909 1888 Non

129 1908 199 1934 enim
214 1913 360 1943 utramque
384 1910 577 1936 coueedemus.
602 1909 671 1941 Quia
696 1911 770 1935 enim
797 1909 910 1943 putabat

129 1953 300 1982 adversarius
324 1954 491 1981 omnibusin
511 1955 711 1988 qttwstionibus
737 1962 827 1980 veram
849 1962 910 1981 esse

131 1999 298 2034 negationem
326 1999 369 2026 vel
400 2000 616 2031 aiiirmationem,
646 2000 747 2026 idcirco
777 2000 854 2026 l'ater
880 2007 912 2026 ea

132 2046 168 2072 illi
195 2045 321 2072 obtrudit
344 2046 370 2072 in
387 2046 493 2080 quibus
522 2047 658 2072 contraria
682 2054 846 2073 concurrere
873 2048 910 2071 vi-

132 2091 228 2117 dentur
244 2099 251 2115 :
269 2098 320 2118 nec
342 2090 400 2118 fieri
414 2096 503 2126 potest
525 2097 553 2118 ut
572 2093 657 2118 altera
674 2092 785 2126 quidem
810 2100 912 2127 propo—

133 2137 190 2164 sitio
203 2144 267 2163 vera
283 2138 329 2166 sit.
346 2137 431 2164 altera
449 2146 514 2164 vero
534 2139 620 2165 l‘alsa:
636 2139 683 2165 sed
701 2144 729 2166 et
747 2140 791 2165 illa
803 2145 830 2166 et
855 2141 912 2166 lttec

134 2189 192 2209 vera
210 2182 290 2209 simul
306 2186 333 2208 et
346 2182 414 2210 falsa
429 2187 479 2210 est.
499 2183 536 2209 lta
556 2192 637 2218 porro
651 2192 679 2211 se
701 2185 783 2212 habet
804 2185 856 2212 ltoc
872 2185 914 2211 di-

133 2228 246 2255 lemma:
262 2227 341 2255 Nunc
353 2236 403 2264 ego
417 2229 543 2256 utentior.
560 2229 697 2256 Ponatuus
707 2231 860 2265 quempiam
873 2231 912 2258 ita

134 2273 232 2301 dixisse
249 2283 256 2301 :
274 2273 330 2309 Ego
347 2283 421 2301 nunc
445 2275 574 2306 mentior,
593 2283 644 2302 nec
665 2276 718 2303 alio
741 2277 913 2311 praecedente

135 2327 257 2347 sermone
277 2319 414 2351 intulisse,
435 2319 482 2346 sed
500 2321 618 2354 primunt
633 2321 734 2347 dixisse
750 2322 848 2349 :Nuue
862 2330 913 2356 ego

136 2365 260 2398 mentior;
278 2365 514 2400 dispiciamusque
527 2374 560 2392 an
579 2367 668 2393 locutu
693 2367 739 2394 ltie
758 2367 857 2395 habeat
869 2375 915 2395 ne-

136 2411 219 2445 gativa
235 2412 400 2445 propositio,
419 2419 453 2438 an
482 2411 577 2446 utique
594 2413 682 2439 solum
710 2421 773 2440 vera
799 2414 912 2447 dixerit,

137 2464 167 2483 au
179 2464 243 2483 vero
259 2458 391 2484 tttetttitus
415 2458 461 2484 sit.
488 2458 547 2485 Jam
574 2459 595 2486 si
620 2459 697 2485 dicas
717 2467 779 2486 eum
793 2468 854 2487 vera
872 2461 917 2487 di—

138 2504 212 2536 xisse,
243 2504 424 2538 consequitur
447 2512 556 2538 quoque
585 2511 614 2532 ut
638 2506 768 2532 mentitus
793 2507 838 2540 sit,
857 2508 915 2541 ipsc

138 2549 203 2576 enim
219 2549 256 2576 de
272 2551 362 2584 seipso
378 2551 520 2585 proponit.
538 2552 616 2584 Quod
643 2553 667 2579 si
693 2553 837 2580 mentitum
857 2561 915 2581 esse

139 2595 216 2627 dicas,
237 2599 312 2622 certe
326 2603 391 2622 vera
406 2603 515 2630 quoque
533 2597 625 2625 dicere
640 2598 757 2625 videtur.
782 2599 820 2626 lio
841 2600 915 2626 enim

141 2643 190 2677 ipso
200 2649 262 2669 vera
276 2642 352 2674 dicit,
367 2642 440 2676 qttod
454 2643 563 2670 mentiri
573 2652 602 2671 se
615 2644 732 2678 fatetur;
746 2647 915 2680 omninoque

141 2695 243 2714 necesse
263 2692 305 2714 εει
325 2692 355 2714 ut
381 2687 553 2716 mendacium
590 2691 691 2718 veritas
715 2697 742 2718 οι
772 2697 916 2719 νει-ιιθιριη

143 2733 306 2760 mendacium
324 2735 509 2768 subsequatur
524 2745 530 2762 :
559 2737 694 2764 utramvis
711 2737 783 2764 enim
808 2743 919 2764 eontra-

142 2779 260 2807 diclionis
273 2784 377 2814 partem
392 2782 573 2813 concesseris,
589 2782 685 2809 eadem
702 2791 784 2819 opera
802 2784 917 2811 alteram

142 2832 242 2860 quoque
268 2826 452 2866 assumpsisti.
482 2826 517 2853 At
544 2828 686 2861 mentitur,
725 2830 823 2864 inquit,
854 2838 917 2857 cum

915 846 934 872 Β

919 1520 941 1547 C

929 2191 952 2218 D

940 216 1084 243 tnetttitur.
1102 213 1229 248 quamvis
1247 212 1306 239 Men
1322 212 1364 237 ior
1377 211 1489 241 dixerit,
1511 210 1567 235 lucc
1585 214 1626 235 est
1646 215 1727 241 nega-

941 262 1010 293 tiva;
1024 260 1096 287 unde
1116 258 1256 286 concludit
1272 267 1278 284 :
1294 257 1363 289 Quid
1380 264 1444 290 ergo
1461 256 1572 283 mirum,
1588 254 1609 280 si
1629 259 1657 279 ut
1678 252 1730 278 hoc

941 309 968 335 itt
992 307 1150 334 diletuntate
1167 305 1308 332 contraria
1322 307 1500 333 concurrunt,
1521 303 1555 328 ita
1570 306 1598 327 ut
1615 306 1729 334 utraque

943 353 1094 389 propositio
1105 354 1202 387 partim
1214 352 1291 382 falsa,
1306 351 1405 385 partim
1423 357 1484 376 vera
1495 347 1728 382 deprehendatur,

942 401 978 428 ita
994 401 1076 427 etiam
1097 400 1124 426 itt
1155 403 1199 425 tua
1225 397 1380 431 obiectione
1400 395 1487 422 ambae
1516 393 1730 429 propositiones,

943 447 1045 482 quibus
1065 447 1154 480 ipsum
1174 444 1278 471 mentiri
1294 443 1437 470 ditiditur.

978 492 1156 527 lnlerrogasti
1169 500 1202 518 au
1215 490 1392 517 exsistetttem
1419 489 1500 515 Pater
1512 487 1623 517 Filium,
1640 492 1730 511 annon

944 539 1122 566 exsistenteut
1136 537 1262 572 genuerit
1272 537 1282 562 ’ἒ
1298 537 1353 570 Ego
1371 540 1461 562 autent
1480 534 1527 561 tibi
1541 531 1711 567 respondebo
1725 538 1731 556 ;

944 585 1000 612 Nec
1017 585 1195 611 cxsistenteut
1213 582 1322 618 genuit,
1337 590 1388 609 nec
1409 589 1464 608 non
1487 581 1674 607 exsisteutem.
1692 577 1733 603 Tu

945 639 1021 663 vero,
1036 631 1101 665 quia
1130 638 1185 656 uott
1212 629 1390 656 exsisteutem
1413 627 1541 662 genuisse
1557 626 1624 656 dixi,
1641 632 1675 650 tte
1697 623 1733 649 ita

946 676 1074 710 accipito,
1085 675 1162 709 quasi
1177 675 1352 701 exsistentem
1366 673 1494 708 genuisse
1509 671 1651 698 confessus
1670 670 1734 697 sint.

949 722 1101 755 Utramque
1117 721 1188 747 enim
1210 719 1406 754 propositionis
1423 723 1528 753 partem
1545 723 1574 744 ut
1588 717 1613 743 itt
1633 724 1735 750 prtece-

947 767 1079 794 dentibus
1095 766 1261 793 dilemmatis
1287 772 1380 790 veram
1405 771 1465 790 esse
1490 761 1635 796 contingit.
1652 761 1735 795 Atqui

951 814 1107 847 Theologus
1126 814 1176 839 hoc
1196 816 1276 846 pacto
1292 809 1453 845 quaestionis
1469 809 1666 836 absurditatem
1680 808 1736 834 dis-

950 859 1040 886 solvit.
1070 858 1126 885 Dici
1155 862 1246 883 autem
1277 860 1368 890 potest
1389 855 1566 882 ersistentcnt
1594 854 1693 880 Filium
1722 860 1738 878 a

949 905 1029 932 Patre
1048 904 1172 939 genitum
1185 911 1244 930 esse
1259 910 1265 934 ;
1280 908 1362 936 atque
1379 902 1415 927 ita
1431 900 1528 928 vicisse
1539 899 1736 927 adversarium.

950 951 1029 984 Quod
1042 949 1158 977 naturali
1179 949 1218 975 sic
1238 948 1359 982 probabo
1381 947 1506 980 exemplo
1526 954 1533 973 :
1563 946 1605 973 sol
1630 945 1738 972 radium

951 997 1048 1033 gignit,
1072 1001 1100 1023 et
1131 995 1324 1030 radiusjubar.
1351 994 1391 1020 Att
1409 1000 1473 1027 ergo
1495 993 1534 1019 sol
1552 991 1659 1019 radium
1684 999 1739 1018 non

951 1043 1128 1070 exsistentem
1145 1041 1242 1076 gignit,
1271 1045 1317 1066 aut
1340 1039 1434 1066 radius
1447 1039 1545 1073 iubar?
1561 1039 1627 1071 Quis
1641 1042 1733 1065 autent

952 1092 1088 1122 quotquot
1104 1094 1224 1120 unquam
1241 1085 1370 1112 vixerunt
1395 1085 1549 1117 hominum,
1575 1084 1660 1111 solem
1679 1084 1739 1110 sine

954 1134 1039 1162 radiis
1051 1133 1141 1160 vidit?
1159 1137 1207 1158 ant
1219 1131 1326 1158 radiutn
1341 1130 1399 1157 sine
1414 1130 1583 1165 splendore?
1598 1130 1691 1163 Itaque
1712 1133 1740 1155 et

952 1184 1097 1217 generant,
1115 1185 1142 1206 et
1156 1177 1315 1205 exsistentia
1339 1181 1481 1211 generant.
1507 1176 1567 1203 Non
1600 1175 1674 1202 cnittt
1697 1174 1741 1201 di-

955 1229 1018 1255 vina
1034 1235 1063 1254 se
1083 1226 1195 1257 ltabettt,
1211 1229 1241 1251 ut
1265 1230 1408 1258 corporea.
1434 1222 1503 1254 Quia
1531 1229 1581 1249 nos
1605 1229 1667 1248 cum
1689 1230 1740 1248 non

954 1281 1091 1305 essemus,
1125 1277 1219 1306 postea
1248 1270 1305 1297 nati
1334 1277 1439 1296 sumus.
1466 1269 1500 1296 At
1523 1268 1549 1294 in
1578 1268 1660 1294 rebus
1682 1276 1742 1302 qttze

955 1320 1081 1356 quamvis
1093 1325 1208 1352 corpore
1219 1321 1356 1346 constent,
1371 1315 1462 1342 divina
1475 1319 1565 1341 tamen
1577 1320 1651 1345 sunt,
1663 1322 1743 1341 seeos

955 1375 985 1396 sc
1003 1375 1047 1394 res
1071 1365 1163 1392 habet.
1180 1364 1258 1397 Quod
1273 1364 1295 1391 si
1310 1364 1367 1390 lucc
1384 1364 1419 1390 ita
1440 1371 1468 1390 se
1491 1362 1616 1392 habeant,
1640 1367 1743 1400 quanto

956 1414 1042 1448 magis
1054 1413 1226 1445 incorporea,
1240 1411 1265 1437 in
1281 1410 1382 1445 quibus
1407 1409 1523 1437 edoctus
1542 1416 1555 1434 a
1573 1408 1663 1435 causis
1679 1416 1744 1442 pro-

958 1458 1072 1490 cedunt,
1089 1457 1177 1491 iisque
1199 1457 1290 1483 insunt
1305 1461 1333 1482 et
1357 1454 1390 1481 ad
1410 1462 1457 1481 eas
1471 1452 1691 1496 convertuntur?

1264 1501 1340 1528 CAP.
1356 1500 1438 1527 LXX.

1010 1549 1136 1584 Epilogus
1151 1549 1228 1575 totius
1244 1548 1405 1584 Arianorum
1420 1551 1443 1574 et
1458 1546 1690 1573 Euttomianorum

1282 1583 1319 1608 Ilu‘
1324 1590 1406 1608 reseas
1411 1602 1418 1609 .

993 1641 1030 1668 Ea
1048 1645 1107 1667 erat
1124 1638 1250 1667 Eunomii
1278 1642 1306 1665 et
1328 1638 1465 1665 haereseos
1494 1644 1553 1670 ejus
1576 1643 1743 1663 sectatorum

959 1693 1207 1719 successoremque
1223 1684 1369 1715 seutetttia,
1395 1688 1425 1710 ut
1444 1683 1551 1710 Patrem
1579 1682 1693 1716 primaut
1719 1685 1748 1708 et

960 1733 1095 1767 propriam
1110 1730 1278 1761 essentiam;
1295 1729 1392 1755 deinde
1408 1728 1517 1758 Filium,
1530 1727 1575 1761 qui
1589 1728 1648 1762 ejus
1662 1727 1741 1754 inter-

960 1778 1050 1805 tttedio
1072 1776 1221 1811 productus
1242 1779 1335 1801 esset:
1356 1779 1494 1807 postremo
1521 1773 1652 1808 Spiritum
1683 1780 1746 1798 sart-

961 1831 1045 1856 etum,
1063 1831 1121 1850 eam
1135 1830 1196 1856 qum
1211 1816 1422 1855 praecedentium
1441 1820 1530 1846 neutri
1545 1823 1748 1846 aecenseretur.

961 1870 1090 1904 Quamvis
1105 1874 1196 1896 attlettt
1210 1868 1308 1895 Filium
1328 1875 1342 1894 a
1364 1867 1453 1894 Patris
1476 1867 1595 1893 essentia
1623 1866 1752 1900 sejunge-

963 1921 1036 1946 rent,
1053 1920 1142 1942 tamen
1156 1922 1230 1941 nunc
1242 1913 1338 1940 eodetn
1352 1918 1380 1939 Cl
1392 1912 1531 1939 Communi
1546 1911 1651 1937 ithOl‘e
1666 1911 1753 1936 “t‘llﬂl

963 1961 1050 1994 ipsum
1068 1959 1258 1994 appellabant:
1277 1965 1350 1984 ttuue
1363 1957 1459 1984 eodem
1477 1957 1597 1983 nomine.
1615 1956 1753 1983 (laterum

963 2004 1123 2040 reprehensi
1142 2004 1174 2030 ab
1190 2003 1359 2039 orthodoxis,
1374 2002 1446 2037 quod
1468 2002 1527 2028 fieri
1543 2009 1596 2027 non
1612 2001 1710 2036 possit,
1725 2003 1756 2027 ut

964 2051 1048 2078 Filius
1062 2050 1157 2077 eodem
1174 2055 1202 2077 ct
1217 2049 1328 2083 proprio
1353 2048 1464 2074 nomine
1493 2048 1564 2074 Deus
1587 2048 1751 2082 appelletur,

965 2096 1171 2131 respondebant
1183 2095 1410 2130 homonymorum
1425 2101 1479 2120 tton
1492 2101 1575 2119 unum
1588 2100 1648 2120 esse
1661 2102 1750 2125 usum,

965 2143 1012 2170 sed
1033 2143 1115 2169 etiam
1134 2141 1295 2172 secunduut,
1312 2148 1366 2174 quo
1391 2140 1501 2174 quidem
1521 2139 1684 2174 homonyma
1709 2141 1753 2167 di-

966 2189 1037 2216 versi
1053 2192 1116 2215 suttt
1139 2187 1246 2222 generis
1267 2190 1295 2212 et
1322 2190 1437 2220 utraque
1459 2185 1591 2220 propria:
1616 2193 1751 2219 caueaquc

969 2239 1126 2261 terrestrctu
1145 2237 1172 2259 et
1198 2232 1345 2263 marinum,
1376 2231 1421 2266 qtti
1451 2230 1607 2265 homonymi
1635 2236 1698 2257 sunt
1724 2235 1752 2257 et

969 2280 1082 2316 proprie
1095 2279 1236 2305 dicuntur.
1253 2277 1309 2304 Nec
1321 2277 1394 2304 enim
1408 2277 1476 2303 alter
1492 2276 1601 2311 proprie
1614 2275 1683 2302 alter
1702 2276 1753 2302 im-

969 2325 1079 2360 proprie
1099 2324 1185 2355 cauis,
1203 2323 1249 2350 sed
1280 2327 1396 2356 uterque
1422 2322 1542 2356 proprie,
1559 2321 1585 2348 id
1609 2325 1660 2352 est,
1679 2321 1752 2355 quod

968 2371 1079 2398 dicitur.
1097 2369 1185 2403 Atque
1199 2369 1262 2395 inde
1280 2367 1347 2399 orsi,
1361 2367 1428 2394 nihil
1444 2368 1551 2394 obstare
1564 2366 1752 2398 afﬁrmabant,

968 2417 1116 2452 quominus
1125 2422 1151 2443 et
1166 2416 1243 2442 Pater
1253 2420 1280 2442 et
1290 2414 1375 2441 Filius
1382 2414 1477 2441 eodem
1485 2419 1512 2441 et
1524 2414 1633 2448 proprio
1643 2413 1754 2442 nomine

969 2464 1040 2490 Deus
1056 2462 1214 2497 appelletur.

1006 2510 1141 2537 Cancrum
1159 2507 1220 2534 illos
1236 2513 1350 2541 magnus
1366 2505 1411 2532 ille
1432 2506 1511 2533 Pater
1525 2504 1672 2539 Gregorius
1697 2509 1755 2531 tau-

970 2563 1052 2591 quam
1072 2555 1174 2581 ahsona
1199 2553 1322 2579 dicentes
1347 2551 1495 2585 redarguit.
1515 2550 1665 2577 Terrestris
1680 2551 1753 2576 enim

971 2601 1056 2629 Cattis.
1078 2600 1177 2634 inquit,
1191 2604 1219 2626 et
1244 2599 1365 2625 marinus
1381 2604 1472 2631 .pares
1499 2600 1563 2623 sunt
1590 2596 1753 2628 substantia,

970 2646 1106 2680 amboque
1123 2645 1245 2680 ejusdem
1261 2644 1392 2678 temporis
1403 2647 1430 2670 et
1444 2643 1584 2677 dignitatis
1607 2643 1756 2677 participes

973 2691 1144 2718 etlieiuntur.
1162 2690 1219 2717 Nec
1232 2693 1273 2716 est
1287 2689 1359 2724 quod
1374 2688 1448 2716 dicas
1474 2689 1547 2715 hunc
1565 2688 1675 2722 quidem
1698 2695 1756 2714 ma-

971 2737 1011 2772 gis
1031 2744 1090 2764 esse
1118 2734 1312 2765 substantiam,
1334 2734 1409 2761 illum
1432 2742 1498 2761 vero
1531 2734 1642 2761 ntinus?
1666 2740 1756 2767 neque

973 2784 1047 2810 hunc
1065 2783 1153 2817 prius,
1170 2782 1247 2808 itlutn
1262 2781 1399 2816 posterius
1416 2781 1508 2808 fuisse.
1524 2781 1626 2815 Estque
1640 2780 1707 2807 adeo
1727 2779 1758 2808 in

972 2837 1070 2857 canum
1091 2827 1216 2863 exemplo
1231 2828 1308 2862 quasi
1337 2827 1460 2862 qutedam
1483 2826 1600 2855 diversis
1621 2826 1648 2853 itt
1675 2813 1766 2860 rebus:
