  <div class='ocr_page' id='page_1' title='image "/cluster/home/n/w/nwhite01/storage/ocr_20150623/139/uva.x000829787/010.png"; bbox 0 0 3882 6230; ppageno 0'>
   <div class='ocr_carea' id='block_1_1' title="bbox 154 332 3453 395">
    <p class='ocr_par' dir='ltr' id='par_1_1' title="bbox 154 332 3453 395">
     <span class='ocr_line' id='line_1_1' title="bbox 154 332 3453 395; baseline -0.002 0"><span class='ocrx_word' id='word_1_1' title='bbox 154 332 3453 395; x_wconf 68' lang='lat' dir='ltr'><em>w</em></span> 
     </span>
    </p>
   </div>
   <div class='ocr_carea' id='block_1_2' title="bbox 1492 486 2094 538">
    <p class='ocr_par' dir='ltr' id='par_1_2' title="bbox 1492 486 2094 538">
     <span class='ocr_line' id='line_1_2' title="bbox 1492 486 2094 538; baseline -0.008 0"><span class='ocrx_word' id='word_1_2' title='bbox 1492 489 1675 538; x_wconf 75' lang='lat' dir='ltr'>ANNO</span> <span class='ocrx_word' id='word_1_3' title='bbox 1713 486 1953 536; x_wconf 72' lang='lat' dir='ltr'>DOMINI</span> <span class='ocrx_word' id='word_1_4' title='bbox 1981 486 2094 534; x_wconf 68' lang='lat' dir='ltr'>1M1.</span> 
     </span>
    </p>
   </div>
   <div class='ocr_carea' id='block_1_3' title="bbox 1032 640 2600 818">
    <p class='ocr_par' dir='ltr' id='par_1_3' title="bbox 1032 640 2600 818">
     <span class='ocr_line' id='line_1_3' title="bbox 1032 640 2600 818; baseline -0.005 -4"><span class='ocrx_word' id='word_1_5' title='bbox 1032 640 2600 818; x_wconf 78' lang='lat' dir='ltr'>BENEDICTUS</span> 
     </span>
    </p>
   </div>
   <div class='ocr_carea' id='block_1_4' title="bbox 1392 879 2220 940">
    <p class='ocr_par' dir='ltr' id='par_1_4' title="bbox 1392 879 2220 940">
     <span class='ocr_line' id='line_1_4' title="bbox 1392 879 2220 940; baseline -0.001 -2"><span class='ocrx_word' id='word_1_6' title='bbox 1392 883 1449 940; x_wconf 93' lang='lat' dir='ltr'>S.</span> <span class='ocrx_word' id='word_1_7' title='bbox 1480 882 1782 938; x_wconf 66' lang='lat' dir='ltr'>ANDBEAE</span> <span class='ocrx_word' id='word_1_8' title='bbox 1818 879 2220 938; x_wconf 82' lang='lat' dir='ltr'>MONACHUS.</span> 
     </span>
    </p>
   </div>
   <div class='ocr_carea' id='block_1_5' title="bbox 483 1016 3139 1182">
    <p class='ocr_par' dir='ltr' id='par_1_5' title="bbox 483 1016 3139 1182">
     <span class='ocr_line' id='line_1_5' title="bbox 483 1016 3139 1182; baseline -0.003 0"><span class='ocrx_word' id='word_1_9' title='bbox 483 1094 635 1182; x_wconf 92' lang='lat' dir='ltr'><strong>DE</strong></span> <span class='ocrx_word' id='word_1_10' title='bbox 709 1092 1355 1182; x_wconf 89' lang='lat' dir='ltr'>BENEDICTO</span> <span class='ocrx_word' id='word_1_11' title='bbox 1431 1093 1572 1180; x_wconf 93' lang='lat' dir='ltr'>ET</span> <span class='ocrx_word' id='word_1_12' title='bbox 1650 1016 1927 1180; x_wconf 54' lang='lat' dir='ltr'>EES</span> <span class='ocrx_word' id='word_1_13' title='bbox 2015 1085 2600 1178; x_wconf 85' lang='lat' dir='ltr'>CHBONICO</span> <span class='ocrx_word' id='word_1_14' title='bbox 2675 1085 3139 1176; x_wconf 90' lang='lat' dir='ltr'>NOTITIA</span> 
     </span>
    </p>
   </div>
   <div class='ocr_carea' id='block_1_6' title="bbox 999 1274 2627 1356">
    <p class='ocr_par' dir='ltr' id='par_1_6' title="bbox 999 1274 2627 1356">
     <span class='ocr_line' id='line_1_6' title="bbox 999 1274 2627 1356; baseline -0.003 -19"><span class='ocrx_word' id='word_1_15' title='bbox 999 1282 1189 1356; x_wconf 82' lang='lat' dir='ltr'>(Apud</span> <span class='ocrx_word' id='word_1_16' title='bbox 1213 1283 1282 1338; x_wconf 93' lang='lat' dir='ltr'>D.</span> <span class='ocrx_word' id='word_1_17' title='bbox 1316 1283 1502 1350; x_wconf 79' lang='lat' dir='ltr'>Pertz,</span> <span class='ocrx_word' id='word_1_18' title='bbox 1524 1277 1991 1337; x_wconf 63' lang='lat' dir='ltr'>Monum.Gem.</span> <span class='ocrx_word' id='word_1_19' title='bbox 2011 1276 2162 1333; x_wconf 78' lang='lat' dir='ltr'>Hist.</span> <span class='ocrx_word' id='word_1_20' title='bbox 2196 1276 2301 1334; x_wconf 91' lang='lat' dir='ltr'>SS.</span> <span class='ocrx_word' id='word_1_21' title='bbox 2328 1280 2476 1334; x_wconf 90' lang='lat' dir='ltr'>tom.</span> <span class='ocrx_word' id='word_1_22' title='bbox 2508 1274 2627 1348; x_wconf 93' lang='grc' dir='ltr'>ΙΙΙ.)</span> 
     </span>
    </p>
   </div>
   <div class='ocr_carea' id='block_1_7' title="bbox 1625 1404 1988 1425">
    <p class='ocr_par' dir='ltr' id='par_1_7' title="bbox 1625 1404 1988 1425">
     <span class='ocr_line' id='line_1_7' title="bbox 1625 1404 1988 1425; baseline -0.003 0"><span class='ocrx_word' id='word_1_23' title='bbox 1625 1404 1988 1425; x_wconf 48' lang='lat' dir='ltr'>ﬂ</span> 
     </span>
    </p>
   </div>
   <div class='ocr_carea' id='block_1_8' title="bbox 223 1486 3475 1569">
    <p class='ocr_par' dir='ltr' id='par_1_8' title="bbox 223 1486 3475 1569">
     <span class='ocr_line' id='line_1_8' title="bbox 223 1486 3475 1569; baseline -0.003 -18"><span class='ocrx_word' id='word_1_24' title='bbox 223 1492 477 1551; x_wconf 82' lang='lat' dir='ltr'>Debetur</span> <span class='ocrx_word' id='word_1_25' title='bbox 503 1494 562 1550; x_wconf 89' lang='lat' dir='ltr'>id</span> <span class='ocrx_word' id='word_1_26' title='bbox 592 1495 941 1564; x_wconf 87' lang='lat' dir='ltr'>Chronicon,</span> <span class='ocrx_word' id='word_1_27' title='bbox 960 1495 1071 1551; x_wconf 92' lang='lat' dir='ltr'>huc</span> <span class='ocrx_word' id='word_1_28' title='bbox 1111 1512 1289 1569; x_wconf 90' lang='lat' dir='ltr'>usque</span> <span class='ocrx_word' id='word_1_29' title='bbox 1312 1494 1622 1565; x_wconf 90' lang='lat' dir='ltr'>ineditum,</span> <span class='ocrx_word' id='word_1_30' title='bbox 1649 1496 1752 1551; x_wconf 90' lang='lat' dir='ltr'>Be-</span> <span class='ocrx_word' id='word_1_31' title='bbox 1776 1497 1831 1558; x_wconf 83' lang='grc' dir='ltr'><strong>Α</strong></span> <span class='ocrx_word' id='word_1_32' title='bbox 1859 1494 2096 1551; x_wconf 89' lang='lat' dir='ltr'>lomodo</span> <span class='ocrx_word' id='word_1_33' title='bbox 2132 1495 2352 1567; x_wconf 88' lang='lat' dir='ltr'>aptum,</span> <span class='ocrx_word' id='word_1_34' title='bbox 2375 1495 2432 1549; x_wconf 88' lang='lat' dir='ltr'>et</span> <span class='ocrx_word' id='word_1_35' title='bbox 2452 1509 2582 1547; x_wconf 90' lang='lat' dir='ltr'>eam</span> <span class='ocrx_word' id='word_1_36' title='bbox 2611 1489 2800 1564; x_wconf 91' lang='lat' dir='ltr'>operis</span> <span class='ocrx_word' id='word_1_37' title='bbox 2825 1491 3074 1562; x_wconf 91' lang='lat' dir='ltr'>partem,</span> <span class='ocrx_word' id='word_1_38' title='bbox 3094 1489 3255 1562; x_wconf 89' lang='lat' dir='ltr'>cujus</span> <span class='ocrx_word' id='word_1_39' title='bbox 3284 1486 3475 1543; x_wconf 77' lang='lat' dir='ltr'>fontes</span> 
     </span>
    </p>
   </div>
   <div class='ocr_carea' id='block_1_9' title="bbox 154 1584 1755 1653">
    <p class='ocr_par' dir='ltr' id='par_1_9' title="bbox 154 1584 1755 1653">
     <span class='ocr_line' id='line_1_9' title="bbox 154 1584 1755 1653; baseline -0.001 -13"><span class='ocrx_word' id='word_1_40' title='bbox 154 1585 406 1651; x_wconf 90' lang='lat' dir='ltr'>nedicto,</span> <span class='ocrx_word' id='word_1_41' title='bbox 422 1585 708 1640; x_wconf 82' lang='lat' dir='ltr'>monacho</span> <span class='ocrx_word' id='word_1_42' title='bbox 732 1586 913 1640; x_wconf 82' lang='lat' dir='ltr'>sancti</span> <span class='ocrx_word' id='word_1_43' title='bbox 938 1586 1183 1640; x_wconf 80' lang='lat' dir='ltr'>Andreae</span> <span class='ocrx_word' id='word_1_44' title='bbox 1200 1585 1259 1640; x_wconf 91' lang='lat' dir='ltr'>in</span> <span class='ocrx_word' id='word_1_45' title='bbox 1283 1588 1483 1640; x_wconf 90' lang='lat' dir='ltr'>monte</span> <span class='ocrx_word' id='word_1_46' title='bbox 1500 1584 1755 1653; x_wconf 83' lang='lat' dir='ltr'>Soracte,</span> 
     </span>
    </p>
   </div>
   <div class='ocr_carea' id='block_1_10' title="bbox 154 1673 1757 1745">
    <p class='ocr_par' dir='ltr' id='par_1_10' title="bbox 154 1673 1757 1745">
     <span class='ocr_line' id='line_1_10' title="bbox 154 1673 1757 1745; baseline -0.001 -18"><span class='ocrx_word' id='word_1_47' title='bbox 154 1673 276 1728; x_wconf 91' lang='lat' dir='ltr'>viro</span> <span class='ocrx_word' id='word_1_48' title='bbox 303 1674 494 1728; x_wconf 86' lang='lat' dir='ltr'>nescio</span> <span class='ocrx_word' id='word_1_49' title='bbox 526 1674 763 1745; x_wconf 77' lang='lat' dir='ltr'>majoris</span> <span class='ocrx_word' id='word_1_50' title='bbox 794 1693 866 1729; x_wconf 87' lang='lat' dir='ltr'>an</span> <span class='ocrx_word' id='word_1_51' title='bbox 894 1673 1222 1728; x_wconf 79' lang='lat' dir='ltr'>stoliditatis</span> <span class='ocrx_word' id='word_1_52' title='bbox 1253 1691 1326 1728; x_wconf 90' lang='lat' dir='ltr'>an</span> <span class='ocrx_word' id='word_1_53' title='bbox 1370 1673 1626 1741; x_wconf 68' lang='lat' dir='ltr'>incuriae,</span> <span class='ocrx_word' id='word_1_54' title='bbox 1662 1673 1757 1745; x_wconf 87' lang='lat' dir='ltr'>qui</span> 
     </span>
    </p>
   </div>
   <div class='ocr_carea' id='block_1_11' title="bbox 157 1760 1760 1833">
    <p class='ocr_par' dir='ltr' id='par_1_11' title="bbox 157 1760 1760 1833">
     <span class='ocr_line' id='line_1_11' title="bbox 157 1760 1760 1833; baseline 0 -18"><span class='ocrx_word' id='word_1_55' title='bbox 157 1760 391 1816; x_wconf 85' lang='lat' dir='ltr'>Joannis</span> <span class='ocrx_word' id='word_1_56' title='bbox 412 1762 505 1815; x_wconf 86' lang='lat' dir='ltr'>XII</span> <span class='ocrx_word' id='word_1_57' title='bbox 545 1763 811 1833; x_wconf 89' lang='lat' dir='ltr'>tempora</span> <span class='ocrx_word' id='word_1_58' title='bbox 838 1761 999 1830; x_wconf 83' lang='lat' dir='ltr'>vidit,</span> <span class='ocrx_word' id='word_1_59' title='bbox 1031 1764 1088 1817; x_wconf 91' lang='lat' dir='ltr'>et</span> <span class='ocrx_word' id='word_1_60' title='bbox 1121 1764 1395 1833; x_wconf 83' lang='lat' dir='ltr'>vergente</span> <span class='ocrx_word' id='word_1_61' title='bbox 1428 1763 1633 1816; x_wconf 63' lang='lat' dir='ltr'>saeculo</span> <span class='ocrx_word' id='word_1_62' title='bbox 1662 1762 1760 1815; x_wconf 90' lang='lat' dir='ltr'>de-</span> 
     </span>
    </p>
   </div>
   <div class='ocr_carea' id='block_1_12' title="bbox 159 1849 1762 1922">
    <p class='ocr_par' dir='ltr' id='par_1_12' title="bbox 159 1849 1762 1922">
     <span class='ocr_line' id='line_1_12' title="bbox 159 1849 1762 1922; baseline 0 -19"><span class='ocrx_word' id='word_1_63' title='bbox 159 1849 308 1904; x_wconf 90' lang='lat' dir='ltr'>cimo</span> <span class='ocrx_word' id='word_1_64' title='bbox 331 1849 571 1904; x_wconf 82' lang='lat' dir='ltr'>Joannis</span> <span class='ocrx_word' id='word_1_65' title='bbox 592 1850 699 1904; x_wconf 89' lang='lat' dir='ltr'>XVI</span> <span class='ocrx_word' id='word_1_66' title='bbox 720 1854 778 1904; x_wconf 91' lang='lat' dir='ltr'>et</span> <span class='ocrx_word' id='word_1_67' title='bbox 807 1850 1117 1905; x_wconf 90' lang='lat' dir='ltr'>Crescentii</span> <span class='ocrx_word' id='word_1_68' title='bbox 1131 1851 1343 1921; x_wconf 89' lang='lat' dir='ltr'>jugum</span> <span class='ocrx_word' id='word_1_69' title='bbox 1366 1849 1559 1917; x_wconf 81' lang='lat' dir='ltr'>subiit,</span> <span class='ocrx_word' id='word_1_70' title='bbox 1592 1852 1762 1922; x_wconf 90' lang='lat' dir='ltr'>atque</span> 
     </span>
    </p>
   </div>
   <div class='ocr_carea' id='block_1_13' title="bbox 157 1938 1767 2010">
    <p class='ocr_par' dir='ltr' id='par_1_13' title="bbox 157 1938 1767 2010">
     <span class='ocr_line' id='line_1_13' title="bbox 157 1938 1767 2010; baseline 0 -18"><span class='ocrx_word' id='word_1_71' title='bbox 157 1938 498 1993; x_wconf 84' lang='lat' dir='ltr'>monasterii</span> <span class='ocrx_word' id='word_1_72' title='bbox 526 1938 611 1993; x_wconf 90' lang='lat' dir='ltr'>sui</span> <span class='ocrx_word' id='word_1_73' title='bbox 642 1954 842 1994; x_wconf 88' lang='lat' dir='ltr'>amore</span> <span class='ocrx_word' id='word_1_74' title='bbox 864 1939 1234 2010; x_wconf 88' lang='lat' dir='ltr'>vanitateque</span> <span class='ocrx_word' id='word_1_75' title='bbox 1256 1940 1459 1993; x_wconf 92' lang='lat' dir='ltr'>ductus</span> <span class='ocrx_word' id='word_1_76' title='bbox 1485 1939 1559 1993; x_wconf 89' lang='lat' dir='ltr'>ad</span> <span class='ocrx_word' id='word_1_77' title='bbox 1586 1938 1767 1992; x_wconf 90' lang='lat' dir='ltr'>histo-</span> 
     </span>
    </p>
   </div>
   <div class='ocr_carea' id='block_1_14' title="bbox 157 2024 1763 2099">
    <p class='ocr_par' dir='ltr' id='par_1_14' title="bbox 157 2024 1763 2099">
     <span class='ocr_line' id='line_1_14' title="bbox 157 2024 1763 2099; baseline 0 -20"><span class='ocrx_word' id='word_1_78' title='bbox 157 2024 305 2080; x_wconf 89' lang='lat' dir='ltr'>riam</span> <span class='ocrx_word' id='word_1_79' title='bbox 332 2024 697 2080; x_wconf 80' lang='lat' dir='ltr'>scribendam</span> <span class='ocrx_word' id='word_1_80' title='bbox 729 2026 981 2081; x_wconf 88' lang='lat' dir='ltr'>accessit.</span> <span class='ocrx_word' id='word_1_81' title='bbox 1016 2027 1127 2081; x_wconf 91' lang='lat' dir='ltr'>Nec</span> <span class='ocrx_word' id='word_1_82' title='bbox 1160 2026 1319 2081; x_wconf 89' lang='lat' dir='ltr'>libris</span> <span class='ocrx_word' id='word_1_83' title='bbox 1362 2028 1535 2099; x_wconf 87' lang='lat' dir='ltr'>plane</span> <span class='ocrx_word' id='word_1_84' title='bbox 1560 2025 1763 2093; x_wconf 87' lang='lat' dir='ltr'>caruit,</span> 
     </span>
    </p>
   </div>
   <div class='ocr_carea' id='block_1_15' title="bbox 161 2113 1767 2187">
    <p class='ocr_par' dir='ltr' id='par_1_15' title="bbox 161 2113 1767 2187">
     <span class='ocr_line' id='line_1_15' title="bbox 161 2113 1767 2187; baseline -0.001 -20"><span class='ocrx_word' id='word_1_85' title='bbox 161 2113 365 2185; x_wconf 88' lang='lat' dir='ltr'>quibus</span> <span class='ocrx_word' id='word_1_86' title='bbox 389 2113 620 2185; x_wconf 86' lang='lat' dir='ltr'>adjutus</span> <span class='ocrx_word' id='word_1_87' title='bbox 646 2114 960 2171; x_wconf 89' lang='lat' dir='ltr'>chronicon</span> <span class='ocrx_word' id='word_1_88' title='bbox 993 2115 1214 2182; x_wconf 87' lang='lat' dir='ltr'>ederet,</span> <span class='ocrx_word' id='word_1_89' title='bbox 1248 2115 1462 2187; x_wconf 88' lang='lat' dir='ltr'>quippe</span> <span class='ocrx_word' id='word_1_90' title='bbox 1494 2114 1591 2186; x_wconf 90' lang='lat' dir='ltr'>qui</span> <span class='ocrx_word' id='word_1_91' title='bbox 1629 2113 1767 2168; x_wconf 87' lang='lat' dir='ltr'>Vitis</span> 
     </span>
    </p>
   </div>
   <div class='ocr_carea' id='block_1_16' title="bbox 159 2200 1766 2272">
    <p class='ocr_par' dir='ltr' id='par_1_16' title="bbox 159 2200 1766 2272">
     <span class='ocr_line' id='line_1_16' title="bbox 159 2200 1766 2272; baseline 0.001 -16"><span class='ocrx_word' id='word_1_92' title='bbox 159 2200 216 2256; x_wconf 93' lang='grc'>8.</span> <span class='ocrx_word' id='word_1_93' title='bbox 250 2202 557 2272; x_wconf 89' lang='lat' dir='ltr'>Pigmenii,</span> <span class='ocrx_word' id='word_1_94' title='bbox 584 2202 642 2257; x_wconf 94' lang='lat' dir='ltr'>S.</span> <span class='ocrx_word' id='word_1_95' title='bbox 673 2203 901 2258; x_wconf 82' lang='lat' dir='ltr'>Martini</span> <span class='ocrx_word' id='word_1_96' title='bbox 928 2206 987 2258; x_wconf 93' lang='lat' dir='ltr'>et</span> <span class='ocrx_word' id='word_1_97' title='bbox 1016 2203 1197 2259; x_wconf 86' lang='lat' dir='ltr'>sancti</span> <span class='ocrx_word' id='word_1_98' title='bbox 1224 2204 1474 2270; x_wconf 87' lang='lat' dir='ltr'>Barbati,</span> <span class='ocrx_word' id='word_1_99' title='bbox 1501 2204 1766 2257; x_wconf 88' lang='lat' dir='ltr'>Transla-</span> 
     </span>
    </p>
   </div>
   <div class='ocr_carea' id='block_1_17' title="bbox 159 2291 1765 2365">
    <p class='ocr_par' dir='ltr' id='par_1_17' title="bbox 159 2291 1765 2365">
     <span class='ocr_line' id='line_1_17' title="bbox 159 2291 1765 2365; baseline 0.001 -21"><span class='ocrx_word' id='word_1_100' title='bbox 159 2291 316 2346; x_wconf 87' lang='lat' dir='ltr'>tione</span> <span class='ocrx_word' id='word_1_101' title='bbox 331 2291 390 2346; x_wconf 94' lang='grc'>8.</span> <span class='ocrx_word' id='word_1_102' title='bbox 409 2292 819 2348; x_wconf 68' lang='lat' dir='ltr'>Bartholomazi</span> <span class='ocrx_word' id='word_1_103' title='bbox 835 2294 907 2349; x_wconf 85' lang='lat' dir='ltr'>ab</span> <span class='ocrx_word' id='word_1_104' title='bbox 929 2292 1115 2347; x_wconf 90' lang='lat' dir='ltr'>insula</span> <span class='ocrx_word' id='word_1_105' title='bbox 1138 2293 1328 2365; x_wconf 90' lang='lat' dir='ltr'>Lipari</span> <span class='ocrx_word' id='word_1_106' title='bbox 1349 2295 1765 2359; x_wconf 88' lang='lat' dir='ltr'>Beneventum,</span> 
     </span>
    </p>
   </div>
   <div class='ocr_carea' id='block_1_18' title="bbox 161 2380 1764 2452">
    <p class='ocr_par' dir='ltr' id='par_1_18' title="bbox 161 2380 1764 2452">
     <span class='ocr_line' id='line_1_18' title="bbox 161 2380 1764 2452; baseline 0 -19"><span class='ocrx_word' id='word_1_107' title='bbox 161 2380 327 2434; x_wconf 70' lang='lat' dir='ltr'>Beda:</span> <span class='ocrx_word' id='word_1_108' title='bbox 360 2380 666 2449; x_wconf 87' lang='lat' dir='ltr'>Chronico,</span> <span class='ocrx_word' id='word_1_109' title='bbox 688 2381 1007 2436; x_wconf 86' lang='lat' dir='ltr'>Annalibus</span> <span class='ocrx_word' id='word_1_110' title='bbox 1029 2380 1764 2452; x_wconf 88' lang='lat' dir='ltr'>Laurissensibusintegris,</span> 
     </span>
    </p>
   </div>
   <div class='ocr_carea' id='block_1_19' title="bbox 161 2466 1768 2542">
    <p class='ocr_par' dir='ltr' id='par_1_19' title="bbox 161 2466 1768 2542">
     <span class='ocr_line' id='line_1_19' title="bbox 161 2466 1768 2542; baseline -0.001 -19"><span class='ocrx_word' id='word_1_111' title='bbox 161 2466 475 2539; x_wconf 79' lang='lat' dir='ltr'>Eginhardi</span> <span class='ocrx_word' id='word_1_112' title='bbox 506 2469 633 2523; x_wconf 87' lang='lat' dir='ltr'>Vita</span> <span class='ocrx_word' id='word_1_113' title='bbox 652 2468 839 2524; x_wconf 87' lang='lat' dir='ltr'>Caroli</span> <span class='ocrx_word' id='word_1_114' title='bbox 860 2470 1071 2542; x_wconf 83' lang='lat' dir='ltr'>Magni,</span> <span class='ocrx_word' id='word_1_115' title='bbox 1095 2471 1275 2525; x_wconf 87' lang='lat' dir='ltr'>Gestis</span> <span class='ocrx_word' id='word_1_116' title='bbox 1297 2471 1638 2542; x_wconf 82' lang='lat' dir='ltr'>pontificum</span> <span class='ocrx_word' id='word_1_117' title='bbox 1660 2470 1768 2523; x_wconf 83' lang='lat' dir='ltr'>Ro-</span> 
     </span>
    </p>
   </div>
   <div class='ocr_carea' id='block_1_20' title="bbox 161 2556 1768 2629">
    <p class='ocr_par' dir='ltr' id='par_1_20' title="bbox 161 2556 1768 2629">
     <span class='ocr_line' id='line_1_20' title="bbox 161 2556 1768 2629; baseline -0.001 -16"><span class='ocrx_word' id='word_1_118' title='bbox 161 2573 471 2613; x_wconf 88' lang='lat' dir='ltr'>manorum</span> <span class='ocrx_word' id='word_1_119' title='bbox 486 2558 527 2628; x_wconf 84' lang='lat' dir='ltr'>(l</span> <span class='ocrx_word' id='word_1_120' title='bbox 538 2557 779 2628; x_wconf 81' lang='lat' dir='ltr'>),edictis</span> <span class='ocrx_word' id='word_1_121' title='bbox 789 2575 996 2628; x_wconf 84' lang='lat' dir='ltr'>regum</span> <span class='ocrx_word' id='word_1_122' title='bbox 1012 2556 1768 2629; x_wconf 85' lang='lat' dir='ltr'>Langobardorum,chartis</span> 
     </span>
    </p>
   </div>
   <div class='ocr_carea' id='block_1_21' title="bbox 163 2644 1768 2713">
    <p class='ocr_par' dir='ltr' id='par_1_21' title="bbox 163 2644 1768 2713">
     <span class='ocr_line' id='line_1_21' title="bbox 163 2644 1768 2713; baseline 0 -13"><span class='ocrx_word' id='word_1_123' title='bbox 163 2645 375 2701; x_wconf 89' lang='lat' dir='ltr'>archivi</span> <span class='ocrx_word' id='word_1_124' title='bbox 401 2644 581 2700; x_wconf 84' lang='lat' dir='ltr'>sancti</span> <span class='ocrx_word' id='word_1_125' title='bbox 606 2646 947 2713; x_wconf 65' lang='lat' dir='ltr'>Andrem,et</span> <span class='ocrx_word' id='word_1_126' title='bbox 962 2646 1180 2702; x_wconf 88' lang='lat' dir='ltr'>notitiis</span> <span class='ocrx_word' id='word_1_127' title='bbox 1209 2647 1282 2701; x_wconf 91' lang='lat' dir='ltr'>ad</span> <span class='ocrx_word' id='word_1_128' title='bbox 1310 2646 1611 2701; x_wconf 86' lang='lat' dir='ltr'>historiam</span> <span class='ocrx_word' id='word_1_129' title='bbox 1634 2662 1768 2700; x_wconf 91' lang='lat' dir='ltr'>cum</span> 
     </span>
    </p>
   </div>
   <div class='ocr_carea' id='block_1_22' title="bbox 163 2733 1772 2791">
    <p class='ocr_par' dir='ltr' id='par_1_22' title="bbox 163 2733 1772 2791">
     <span class='ocr_line' id='line_1_22' title="bbox 163 2733 1772 2791; baseline 0.001 -3"><span class='ocrx_word' id='word_1_130' title='bbox 163 2733 651 2789; x_wconf 81' lang='lat' dir='ltr'>monasteriorum</span> <span class='ocrx_word' id='word_1_131' title='bbox 674 2734 735 2789; x_wconf 87' lang='lat' dir='ltr'>in</span> <span class='ocrx_word' id='word_1_132' title='bbox 752 2738 952 2791; x_wconf 88' lang='lat' dir='ltr'>monte</span> <span class='ocrx_word' id='word_1_133' title='bbox 971 2735 1203 2791; x_wconf 85' lang='lat' dir='ltr'>Soracte</span> <span class='ocrx_word' id='word_1_134' title='bbox 1223 2735 1466 2791; x_wconf 91' lang='lat' dir='ltr'>sitorum</span> <span class='ocrx_word' id='word_1_135' title='bbox 1484 2739 1607 2790; x_wconf 91' lang='lat' dir='ltr'>tum</span> <span class='ocrx_word' id='word_1_136' title='bbox 1629 2736 1772 2790; x_wconf 90' lang='lat' dir='ltr'>Lan-</span> 
     </span>
    </p>
   </div>
   <div class='ocr_carea' id='block_1_23' title="bbox 1862 1575 3475 1655">
    <p class='ocr_par' dir='ltr' id='par_1_23' title="bbox 1862 1575 3475 1655">
     <span class='ocr_line' id='line_1_23' title="bbox 1862 1575 3475 1655; baseline -0.004 -17"><span class='ocrx_word' id='word_1_137' title='bbox 1862 1582 2351 1655; x_wconf 90' lang='lat' dir='ltr'>ignoramus,non</span> <span class='ocrx_word' id='word_1_138' title='bbox 2368 1582 2489 1636; x_wconf 86' lang='lat' dir='ltr'>sine</span> <span class='ocrx_word' id='word_1_139' title='bbox 2510 1597 2725 1651; x_wconf 82' lang='lat' dir='ltr'>magna</span> <span class='ocrx_word' id='word_1_140' title='bbox 2736 1578 3062 1634; x_wconf 83' lang='lat' dir='ltr'>diffidentia</span> <span class='ocrx_word' id='word_1_141' title='bbox 3082 1575 3475 1634; x_wconf 87' lang='lat' dir='ltr'>adhibendam</span> 
     </span>
    </p>
   </div>
   <div class='ocr_carea' id='block_1_24' title="bbox 1864 1665 3472 1743">
    <p class='ocr_par' dir='ltr' id='par_1_24' title="bbox 1864 1665 3472 1743">
     <span class='ocr_line' id='line_1_24' title="bbox 1864 1665 3472 1743; baseline -0.004 -17"><span class='ocrx_word' id='word_1_142' title='bbox 1864 1689 2006 1740; x_wconf 88' lang='lat' dir='ltr'>esse,</span> <span class='ocrx_word' id='word_1_143' title='bbox 2030 1688 2134 1743; x_wconf 91' lang='lat' dir='ltr'>per</span> <span class='ocrx_word' id='word_1_144' title='bbox 2162 1688 2220 1725; x_wconf 91' lang='lat' dir='ltr'>se</span> <span class='ocrx_word' id='word_1_145' title='bbox 2252 1674 2430 1743; x_wconf 88' lang='lat' dir='ltr'>patet.</span> <span class='ocrx_word' id='word_1_146' title='bbox 2458 1671 2537 1723; x_wconf 93' lang='lat' dir='ltr'>Ac</span> <span class='ocrx_word' id='word_1_147' title='bbox 2567 1670 2644 1724; x_wconf 90' lang='lat' dir='ltr'>sic</span> <span class='ocrx_word' id='word_1_148' title='bbox 2670 1685 2899 1741; x_wconf 92' lang='lat' dir='ltr'>quoque</span> <span class='ocrx_word' id='word_1_149' title='bbox 2928 1668 3120 1741; x_wconf 89' lang='lat' dir='ltr'>aliqua</span> <span class='ocrx_word' id='word_1_150' title='bbox 3148 1667 3263 1722; x_wconf 83' lang='lat' dir='ltr'>ﬁde</span> <span class='ocrx_word' id='word_1_151' title='bbox 3294 1665 3472 1737; x_wconf 86' lang='lat' dir='ltr'>digna</span> 
     </span>
    </p>
   </div>
   <div class='ocr_carea' id='block_1_25' title="bbox 1865 1752 3478 1833">
    <p class='ocr_par' dir='ltr' id='par_1_25' title="bbox 1865 1752 3478 1833">
     <span class='ocr_line' id='line_1_25' title="bbox 1865 1752 3478 1833; baseline -0.004 -19"><span class='ocrx_word' id='word_1_152' title='bbox 1865 1762 1923 1814; x_wconf 93' lang='lat' dir='ltr'>et</span> <span class='ocrx_word' id='word_1_153' title='bbox 1948 1777 2074 1833; x_wconf 84' lang='lat' dir='ltr'>quae</span> <span class='ocrx_word' id='word_1_154' title='bbox 2090 1776 2301 1815; x_wconf 90' lang='lat' dir='ltr'>novam</span> <span class='ocrx_word' id='word_1_155' title='bbox 2331 1758 2586 1813; x_wconf 61' lang='lat' dir='ltr'>historia;</span> <span class='ocrx_word' id='word_1_156' title='bbox 2606 1759 2796 1813; x_wconf 88' lang='lat' dir='ltr'>lucem</span> <span class='ocrx_word' id='word_1_157' title='bbox 2813 1752 3118 1812; x_wconf 81' lang='lat' dir='ltr'>aﬂ&#39;undant</span> <span class='ocrx_word' id='word_1_158' title='bbox 3136 1753 3400 1829; x_wconf 86' lang='lat' dir='ltr'>reperiri,</span> <span class='ocrx_word' id='word_1_159' title='bbox 3418 1752 3478 1808; x_wconf 92' lang='lat' dir='ltr'>in</span> 
     </span>
    </p>
   </div>
   <div class='ocr_carea' id='block_1_26' title="bbox 1862 1842 3482 1919">
    <p class='ocr_par' dir='ltr' id='par_1_26' title="bbox 1862 1842 3482 1919">
     <span class='ocr_line' id='line_1_26' title="bbox 1862 1842 3482 1919; baseline -0.003 -17"><span class='ocrx_word' id='word_1_160' title='bbox 1862 1846 2102 1904; x_wconf 87' lang='lat' dir='ltr'>historia</span> <span class='ocrx_word' id='word_1_161' title='bbox 2155 1848 2405 1903; x_wconf 84' lang='lat' dir='ltr'>Ratchisi</span> <span class='ocrx_word' id='word_1_162' title='bbox 2460 1850 2519 1902; x_wconf 91' lang='lat' dir='ltr'>et</span> <span class='ocrx_word' id='word_1_163' title='bbox 2575 1846 2802 1914; x_wconf 82' lang='lat' dir='ltr'>Tassite,</span> <span class='ocrx_word' id='word_1_164' title='bbox 2835 1846 3084 1901; x_wconf 91' lang='lat' dir='ltr'>Alberici</span> <span class='ocrx_word' id='word_1_165' title='bbox 3123 1842 3396 1919; x_wconf 90' lang='lat' dir='ltr'>principis</span> <span class='ocrx_word' id='word_1_166' title='bbox 3422 1844 3482 1897; x_wconf 87' lang='lat' dir='ltr'>et</span> 
     </span>
    </p>
   </div>
   <div class='ocr_carea' id='block_1_27' title="bbox 1863 1933 3476 2006">
    <p class='ocr_par' dir='ltr' id='par_1_27' title="bbox 1863 1933 3476 2006">
     <span class='ocr_line' id='line_1_27' title="bbox 1863 1933 3476 2006; baseline -0.004 -12"><span class='ocrx_word' id='word_1_167' title='bbox 1863 1955 2060 1995; x_wconf 88' lang='lat' dir='ltr'>rerum</span> <span class='ocrx_word' id='word_1_168' title='bbox 2095 1938 2491 1992; x_wconf 82' lang='lat' dir='ltr'>Romanarum</span> <span class='ocrx_word' id='word_1_169' title='bbox 2520 1935 2709 1990; x_wconf 72' lang='lat' dir='ltr'>saeculi</span> <span class='ocrx_word' id='word_1_170' title='bbox 2734 1935 2966 2003; x_wconf 87' lang='lat' dir='ltr'>decimi,</span> <span class='ocrx_word' id='word_1_171' title='bbox 2989 1935 3242 2006; x_wconf 75' lang='lat' dir='ltr'>ingenue</span> <span class='ocrx_word' id='word_1_172' title='bbox 3269 1933 3476 2000; x_wconf 87' lang='lat' dir='ltr'>fateor,</span> 
     </span>
    </p>
   </div>
   <div class='ocr_carea' id='block_1_28' title="bbox 1866 2019 3478 2099">
    <p class='ocr_par' dir='ltr' id='par_1_28' title="bbox 1866 2019 3478 2099">
     <span class='ocr_line' id='line_1_28' title="bbox 1866 2019 3478 2099; baseline -0.004 -16"><span class='ocrx_word' id='word_1_173' title='bbox 1866 2031 2037 2099; x_wconf 86' lang='lat' dir='ltr'>atque</span> <span class='ocrx_word' id='word_1_174' title='bbox 2070 2026 2323 2099; x_wconf 90' lang='lat' dir='ltr'>primum</span> <span class='ocrx_word' id='word_1_175' title='bbox 2355 2025 2562 2081; x_wconf 63' lang='lat' dir='ltr'>fabula:</span> <span class='ocrx_word' id='word_1_176' title='bbox 2596 2024 2666 2078; x_wconf 91' lang='lat' dir='ltr'>de</span> <span class='ocrx_word' id='word_1_177' title='bbox 2729 2024 2915 2079; x_wconf 91' lang='lat' dir='ltr'>Caroli</span> <span class='ocrx_word' id='word_1_178' title='bbox 2959 2023 3148 2096; x_wconf 83' lang='lat' dir='ltr'>Magni</span> <span class='ocrx_word' id='word_1_179' title='bbox 3179 2022 3386 2078; x_wconf 89' lang='lat' dir='ltr'>itinere</span> <span class='ocrx_word' id='word_1_180' title='bbox 3417 2019 3478 2076; x_wconf 89' lang='lat' dir='ltr'>in</span> 
     </span>
    </p>
   </div>
   <div class='ocr_carea' id='block_1_29' title="bbox 1864 2109 3477 2184">
    <p class='ocr_par' dir='ltr' id='par_1_29' title="bbox 1864 2109 3477 2184">
     <span class='ocr_line' id='line_1_29' title="bbox 1864 2109 3477 2184; baseline -0.005 -13"><span class='ocrx_word' id='word_1_181' title='bbox 1864 2120 2079 2172; x_wconf 89' lang='lat' dir='ltr'>terram</span> <span class='ocrx_word' id='word_1_182' title='bbox 2105 2117 2363 2169; x_wconf 88' lang='lat' dir='ltr'>sanctam</span> <span class='ocrx_word' id='word_1_183' title='bbox 2391 2113 2699 2184; x_wconf 89' lang='lat' dir='ltr'>vestigium</span> <span class='ocrx_word' id='word_1_184' title='bbox 2723 2112 2816 2166; x_wconf 88' lang='lat' dir='ltr'>hic</span> <span class='ocrx_word' id='word_1_185' title='bbox 2830 2111 3130 2178; x_wconf 90' lang='lat' dir='ltr'>haberi,in</span> <span class='ocrx_word' id='word_1_186' title='bbox 3156 2109 3477 2166; x_wconf 81' lang='lat' dir='ltr'>Annalibus</span> 
     </span>
    </p>
   </div>
   <div class='ocr_carea' id='block_1_30' title="bbox 1867 2199 3476 2275">
    <p class='ocr_par' dir='ltr' id='par_1_30' title="bbox 1867 2199 3476 2275">
     <span class='ocr_line' id='line_1_30' title="bbox 1867 2199 3476 2275; baseline -0.004 -16"><span class='ocrx_word' id='word_1_187' title='bbox 1867 2203 2076 2260; x_wconf 88' lang='lat' dir='ltr'>nostris</span> <span class='ocrx_word' id='word_1_188' title='bbox 2101 2204 2169 2275; x_wconf 83' lang='lat'>(2)</span> <span class='ocrx_word' id='word_1_189' title='bbox 2194 2201 2462 2257; x_wconf 89' lang='lat' dir='ltr'>indicavi.</span> <span class='ocrx_word' id='word_1_190' title='bbox 2491 2201 2664 2274; x_wconf 89' lang='lat' dir='ltr'>Opus,</span> <span class='ocrx_word' id='word_1_191' title='bbox 2698 2199 2863 2255; x_wconf 89' lang='lat' dir='ltr'>initio</span> <span class='ocrx_word' id='word_1_192' title='bbox 2890 2216 3185 2267; x_wconf 90' lang='lat' dir='ltr'>mancum,</span> <span class='ocrx_word' id='word_1_193' title='bbox 3218 2199 3334 2254; x_wconf 84' lang='lat' dir='ltr'>ﬁne</span> <span class='ocrx_word' id='word_1_194' title='bbox 3383 2214 3476 2254; x_wconf 88' lang='lat' dir='ltr'>ca-</span> 
     </span>
    </p>
   </div>
   <div class='ocr_carea' id='block_1_31' title="bbox 1865 2288 3481 2363">
    <p class='ocr_par' dir='ltr' id='par_1_31' title="bbox 1865 2288 3481 2363">
     <span class='ocr_line' id='line_1_31' title="bbox 1865 2288 3481 2363; baseline -0.003 -15"><span class='ocrx_word' id='word_1_195' title='bbox 1865 2297 1976 2360; x_wconf 87' lang='lat' dir='ltr'>ret,</span> <span class='ocrx_word' id='word_1_196' title='bbox 2002 2310 2132 2347; x_wconf 90' lang='lat' dir='ltr'>cum</span> <span class='ocrx_word' id='word_1_197' title='bbox 2161 2290 2581 2347; x_wconf 90' lang='lat' dir='ltr'>membranain</span> <span class='ocrx_word' id='word_1_198' title='bbox 2605 2288 2801 2344; x_wconf 88' lang='lat' dir='ltr'>codice</span> <span class='ocrx_word' id='word_1_199' title='bbox 2822 2292 2895 2355; x_wconf 86' lang='lat'>(3)</span> <span class='ocrx_word' id='word_1_200' title='bbox 2923 2291 3271 2361; x_wconf 91' lang='lat' dir='ltr'>superesset;</span> <span class='ocrx_word' id='word_1_201' title='bbox 3305 2304 3481 2363; x_wconf 90' lang='lat' dir='ltr'>quem</span> 
     </span>
    </p>
   </div>
   <div class='ocr_carea' id='block_1_32' title="bbox 1870 2376 3484 2454">
    <p class='ocr_par' dir='ltr' id='par_1_32' title="bbox 1870 2376 3484 2454">
     <span class='ocr_line' id='line_1_32' title="bbox 1870 2376 3484 2454; baseline -0.005 -16"><span class='ocrx_word' id='word_1_202' title='bbox 1870 2383 2296 2454; x_wconf 87' lang='lat' dir='ltr'>autographum</span> <span class='ocrx_word' id='word_1_203' title='bbox 2328 2397 2449 2435; x_wconf 88' lang='lat' dir='ltr'>esse</span> <span class='ocrx_word' id='word_1_204' title='bbox 2480 2378 2764 2451; x_wconf 89' lang='lat' dir='ltr'>scriptura</span> <span class='ocrx_word' id='word_1_205' title='bbox 2816 2376 2966 2432; x_wconf 92' lang='lat' dir='ltr'>circa</span> <span class='ocrx_word' id='word_1_206' title='bbox 2997 2395 3217 2433; x_wconf 90' lang='lat' dir='ltr'>annum</span> <span class='ocrx_word' id='word_1_207' title='bbox 3252 2376 3484 2432; x_wconf 89' lang='lat' dir='ltr'>millesi-</span> 
     </span>
    </p>
   </div>
   <div class='ocr_carea' id='block_1_33' title="bbox 1872 2464 3487 2538">
    <p class='ocr_par' dir='ltr' id='par_1_33' title="bbox 1872 2464 3487 2538">
     <span class='ocr_line' id='line_1_33' title="bbox 1872 2464 3487 2538; baseline -0.003 -12"><span class='ocrx_word' id='word_1_208' title='bbox 1872 2488 2037 2526; x_wconf 92' lang='lat' dir='ltr'>mum</span> <span class='ocrx_word' id='word_1_209' title='bbox 2055 2473 2286 2525; x_wconf 83' lang='lat' dir='ltr'>exarata</span> <span class='ocrx_word' id='word_1_210' title='bbox 2302 2470 2555 2524; x_wconf 90' lang='lat' dir='ltr'>docet.ln</span> <span class='ocrx_word' id='word_1_211' title='bbox 2578 2467 2802 2523; x_wconf 89' lang='lat' dir='ltr'>edendo</span> <span class='ocrx_word' id='word_1_212' title='bbox 2818 2467 2966 2522; x_wconf 90' lang='lat' dir='ltr'>libro</span> <span class='ocrx_word' id='word_1_213' title='bbox 2990 2466 3246 2538; x_wconf 88' lang='lat' dir='ltr'>capitum</span> <span class='ocrx_word' id='word_1_214' title='bbox 3263 2464 3487 2521; x_wconf 88' lang='lat' dir='ltr'>divisio-</span> 
     </span>
    </p>
   </div>
   <div class='ocr_carea' id='block_1_34' title="bbox 1874 2555 3489 2625">
    <p class='ocr_par' dir='ltr' id='par_1_34' title="bbox 1874 2555 3489 2625">
     <span class='ocr_line' id='line_1_34' title="bbox 1874 2555 3489 2625; baseline -0.004 -10"><span class='ocrx_word' id='word_1_215' title='bbox 1874 2577 2013 2615; x_wconf 91' lang='lat' dir='ltr'>nem</span> <span class='ocrx_word' id='word_1_216' title='bbox 2038 2557 2281 2625; x_wconf 87' lang='lat' dir='ltr'>institui,</span> <span class='ocrx_word' id='word_1_217' title='bbox 2300 2558 2581 2613; x_wconf 91' lang='lat' dir='ltr'>nonnulla</span> <span class='ocrx_word' id='word_1_218' title='bbox 2602 2556 2675 2611; x_wconf 89' lang='lat' dir='ltr'>ad</span> <span class='ocrx_word' id='word_1_219' title='bbox 2700 2556 2939 2612; x_wconf 86' lang='lat' dir='ltr'>verbum</span> <span class='ocrx_word' id='word_1_220' title='bbox 2967 2572 3035 2610; x_wconf 83' lang='lat' dir='ltr'>ex</span> <span class='ocrx_word' id='word_1_221' title='bbox 3049 2555 3198 2611; x_wconf 87' lang='lat' dir='ltr'>Beda</span> <span class='ocrx_word' id='word_1_222' title='bbox 3221 2557 3280 2610; x_wconf 91' lang='lat' dir='ltr'>et</span> <span class='ocrx_word' id='word_1_223' title='bbox 3294 2555 3489 2610; x_wconf 86' lang='lat' dir='ltr'>Anna-</span> 
     </span>
    </p>
   </div>
   <div class='ocr_carea' id='block_1_35' title="bbox 1873 2643 3476 2717">
    <p class='ocr_par' dir='ltr' id='par_1_35' title="bbox 1873 2643 3476 2717">
     <span class='ocr_line' id='line_1_35' title="bbox 1873 2643 3476 2717; baseline -0.003 -13"><span class='ocrx_word' id='word_1_224' title='bbox 1873 2648 2022 2704; x_wconf 89' lang='lat' dir='ltr'>libus</span> <span class='ocrx_word' id='word_1_225' title='bbox 2051 2647 2504 2702; x_wconf 89' lang='lat' dir='ltr'>Laurissensibus</span> <span class='ocrx_word' id='word_1_226' title='bbox 2533 2644 2881 2717; x_wconf 87' lang='lat' dir='ltr'>transcripta</span> <span class='ocrx_word' id='word_1_227' title='bbox 2901 2644 3112 2701; x_wconf 90' lang='lat' dir='ltr'>iterum</span> <span class='ocrx_word' id='word_1_228' title='bbox 3138 2643 3476 2700; x_wconf 85' lang='lat' dir='ltr'>cxcudenda</span> 
     </span>
    </p>
   </div>
   <div class='ocr_carea' id='block_1_36' title="bbox 1875 2734 3008 2808">
    <p class='ocr_par' dir='ltr' id='par_1_36' title="bbox 1875 2734 3008 2808">
     <span class='ocr_line' id='line_1_36' title="bbox 1875 2734 3008 2808; baseline -0.002 -16"><span class='ocrx_word' id='word_1_229' title='bbox 1875 2736 2081 2804; x_wconf 90' lang='lat' dir='ltr'>vetavi,</span> <span class='ocrx_word' id='word_1_230' title='bbox 2108 2737 2333 2808; x_wconf 87' lang='lat' dir='ltr'>reliqua</span> <span class='ocrx_word' id='word_1_231' title='bbox 2349 2735 2423 2791; x_wconf 90' lang='lat' dir='ltr'>ad</span> <span class='ocrx_word' id='word_1_232' title='bbox 2450 2735 2705 2790; x_wconf 85' lang='lat' dir='ltr'>litteram</span> <span class='ocrx_word' id='word_1_233' title='bbox 2737 2734 3008 2807; x_wconf 88' lang='lat' dir='ltr'>expressi.</span> 
     </span>
    </p>
   </div>
   <div class='ocr_carea' id='block_1_37' title="bbox 163 2822 3489 2897">
    <p class='ocr_par' dir='ltr' id='par_1_37' title="bbox 163 2822 3489 2897">
     <span class='ocr_line' id='line_1_37' title="bbox 163 2822 3489 2897; baseline -0 -18"><span class='ocrx_word' id='word_1_234' title='bbox 163 2823 555 2895; x_wconf 81' lang='lat' dir='ltr'>gobardorum</span> <span class='ocrx_word' id='word_1_235' title='bbox 587 2828 647 2878; x_wconf 91' lang='lat' dir='ltr'>et</span> <span class='ocrx_word' id='word_1_236' title='bbox 671 2824 1067 2897; x_wconf 84' lang='lat' dir='ltr'>Romanorum</span> <span class='ocrx_word' id='word_1_237' title='bbox 1095 2826 1459 2893; x_wconf 84' lang='lat' dir='ltr'>facientibus,</span> <span class='ocrx_word' id='word_1_238' title='bbox 1495 2841 1637 2897; x_wconf 85' lang='lat' dir='ltr'>Opus</span> <span class='ocrx_word' id='word_1_239' title='bbox 1668 2840 1768 2895; x_wconf 81' lang='lat' dir='ltr'>ag-</span> <span class='ocrx_word' id='word_1_240' title='bbox 1802 2827 1853 2887; x_wconf 90' lang='lat' dir='ltr'>B</span> <span class='ocrx_word' id='word_1_241' title='bbox 1950 2826 2231 2882; x_wconf 88' lang='lat' dir='ltr'>Chronico</span> <span class='ocrx_word' id='word_1_242' title='bbox 2250 2826 2599 2897; x_wconf 85' lang='lat' dir='ltr'>subjungere</span> <span class='ocrx_word' id='word_1_243' title='bbox 2613 2824 3074 2897; x_wconf 88' lang='lat' dir='ltr'>placetlibellum</span> <span class='ocrx_word' id='word_1_244' title='bbox 3093 2822 3489 2895; x_wconf 84' lang='lat' dir='ltr'>deimperato-</span> 
     </span>
    </p>
   </div>
   <div class='ocr_carea' id='block_1_38' title="bbox 164 2892 1771 2986">
    <p class='ocr_par' dir='ltr' id='par_1_38' title="bbox 164 2892 1771 2986">
     <span class='ocr_line' id='line_1_38' title="bbox 164 2892 1771 2986; baseline -0.001 -19"><span class='ocrx_word' id='word_1_245' title='bbox 164 2892 396 2985; x_wconf 66' lang='lat' dir='ltr'>gressus</span> <span class='ocrx_word' id='word_1_246' title='bbox 415 2915 520 2967; x_wconf 90' lang='lat' dir='ltr'>est.</span> <span class='ocrx_word' id='word_1_247' title='bbox 546 2912 661 2967; x_wconf 90' lang='lat' dir='ltr'>Sed</span> <span class='ocrx_word' id='word_1_248' title='bbox 686 2912 920 2983; x_wconf 88' lang='lat' dir='ltr'>optimis</span> <span class='ocrx_word' id='word_1_249' title='bbox 940 2892 1195 2969; x_wconf 86' lang='lat' dir='ltr'>fontibus</span> <span class='ocrx_word' id='word_1_250' title='bbox 1216 2913 1462 2986; x_wconf 90' lang='lat' dir='ltr'>pessime</span> <span class='ocrx_word' id='word_1_251' title='bbox 1491 2892 1680 2981; x_wconf 77' lang='lat' dir='ltr'>usum,</span> <span class='ocrx_word' id='word_1_252' title='bbox 1704 2892 1771 2966; x_wconf 79' lang='lat' dir='ltr'>li-</span> 
     </span>
    </p>
   </div>
   <div class='ocr_carea' id='block_1_39' title="bbox 165 3000 1773 3074">
    <p class='ocr_par' dir='ltr' id='par_1_39' title="bbox 165 3000 1773 3074">
     <span class='ocr_line' id='line_1_39' title="bbox 165 3000 1773 3074; baseline 0.001 -18"><span class='ocrx_word' id='word_1_253' title='bbox 165 3002 274 3056; x_wconf 88' lang='lat' dir='ltr'>ber</span> <span class='ocrx_word' id='word_1_254' title='bbox 303 3000 424 3072; x_wconf 81' lang='lat' dir='ltr'>ipse</span> <span class='ocrx_word' id='word_1_255' title='bbox 479 3000 688 3072; x_wconf 87' lang='lat' dir='ltr'>arguit.</span> <span class='ocrx_word' id='word_1_256' title='bbox 722 3001 866 3056; x_wconf 88' lang='lat' dir='ltr'>Nam</span> <span class='ocrx_word' id='word_1_257' title='bbox 920 3004 980 3056; x_wconf 90' lang='lat' dir='ltr'>et</span> <span class='ocrx_word' id='word_1_258' title='bbox 1008 3002 1308 3057; x_wconf 89' lang='lat' dir='ltr'>sententiis</span> <span class='ocrx_word' id='word_1_259' title='bbox 1337 3002 1622 3074; x_wconf 88' lang='lat' dir='ltr'>plurimis,</span> <span class='ocrx_word' id='word_1_260' title='bbox 1655 3002 1773 3056; x_wconf 91' lang='lat' dir='ltr'>imo</span> 
     </span>
    </p>
   </div>
   <div class='ocr_carea' id='block_1_40' title="bbox 166 3089 1777 3162">
    <p class='ocr_par' dir='ltr' id='par_1_40' title="bbox 166 3089 1777 3162">
     <span class='ocr_line' id='line_1_40' title="bbox 166 3089 1777 3162; baseline 0.001 -18"><span class='ocrx_word' id='word_1_261' title='bbox 166 3089 396 3161; x_wconf 89' lang='lat' dir='ltr'>paginis</span> <span class='ocrx_word' id='word_1_262' title='bbox 450 3089 691 3162; x_wconf 87' lang='lat' dir='ltr'>integris</span> <span class='ocrx_word' id='word_1_263' title='bbox 745 3090 1044 3145; x_wconf 87' lang='lat' dir='ltr'>annalium</span> <span class='ocrx_word' id='word_1_264' title='bbox 1097 3090 1343 3160; x_wconf 88' lang='lat' dir='ltr'>omissis,</span> <span class='ocrx_word' id='word_1_265' title='bbox 1374 3091 1456 3146; x_wconf 91' lang='lat' dir='ltr'>nil</span> <span class='ocrx_word' id='word_1_266' title='bbox 1505 3090 1777 3146; x_wconf 68' lang='lat' dir='ltr'>haesitans</span> 
     </span>
    </p>
   </div>
   <div class='ocr_carea' id='block_1_41' title="bbox 167 3179 1776 3252">
    <p class='ocr_par' dir='ltr' id='par_1_41' title="bbox 167 3179 1776 3252">
     <span class='ocr_line' id='line_1_41' title="bbox 167 3179 1776 3252; baseline 0.001 -19"><span class='ocrx_word' id='word_1_267' title='bbox 167 3195 443 3250; x_wconf 86' lang='lat' dir='ltr'>suprema</span> <span class='ocrx_word' id='word_1_268' title='bbox 468 3179 852 3234; x_wconf 89' lang='lat' dir='ltr'>anterioribus</span> <span class='ocrx_word' id='word_1_269' title='bbox 874 3197 938 3235; x_wconf 91' lang='lat' dir='ltr'>ac</span> <span class='ocrx_word' id='word_1_270' title='bbox 960 3180 1007 3235; x_wconf 89' lang='lat' dir='ltr'>si</span> <span class='ocrx_word' id='word_1_271' title='bbox 1039 3181 1245 3235; x_wconf 89' lang='lat' dir='ltr'>eadem</span> <span class='ocrx_word' id='word_1_272' title='bbox 1272 3184 1464 3236; x_wconf 90' lang='lat' dir='ltr'>essent</span> <span class='ocrx_word' id='word_1_273' title='bbox 1489 3180 1776 3252; x_wconf 84' lang='lat' dir='ltr'>adjungit,</span> 
     </span>
    </p>
   </div>
   <div class='ocr_carea' id='block_1_42' title="bbox 167 3268 1782 3341">
    <p class='ocr_par' dir='ltr' id='par_1_42' title="bbox 167 3268 1782 3341">
     <span class='ocr_line' id='line_1_42' title="bbox 167 3268 1782 3341; baseline 0 -18"><span class='ocrx_word' id='word_1_274' title='bbox 167 3272 229 3323; x_wconf 88' lang='lat' dir='ltr'>et</span> <span class='ocrx_word' id='word_1_275' title='bbox 248 3268 401 3322; x_wconf 90' lang='lat' dir='ltr'>viros</span> <span class='ocrx_word' id='word_1_276' title='bbox 417 3283 523 3338; x_wconf 89' lang='lat' dir='ltr'>per</span> <span class='ocrx_word' id='word_1_277' title='bbox 543 3269 879 3323; x_wconf 68' lang='lat' dir='ltr'>saeculorum</span> <span class='ocrx_word' id='word_1_278' title='bbox 902 3272 1263 3323; x_wconf 87' lang='lat' dir='ltr'>terrarumve</span> <span class='ocrx_word' id='word_1_279' title='bbox 1290 3268 1576 3323; x_wconf 90' lang='lat' dir='ltr'>immensa</span> <span class='ocrx_word' id='word_1_280' title='bbox 1596 3269 1782 3341; x_wconf 91' lang='lat' dir='ltr'>spatia</span> 
     </span>
    </p>
   </div>
   <div class='ocr_carea' id='block_1_43' title="bbox 170 3356 1779 3423">
    <p class='ocr_par' dir='ltr' id='par_1_43' title="bbox 170 3356 1779 3423">
     <span class='ocr_line' id='line_1_43' title="bbox 170 3356 1779 3423; baseline 0 -12"><span class='ocrx_word' id='word_1_281' title='bbox 170 3357 244 3411; x_wconf 84' lang='lat' dir='ltr'>ab</span> <span class='ocrx_word' id='word_1_282' title='bbox 261 3356 507 3410; x_wconf 88' lang='lat' dir='ltr'>invicem</span> <span class='ocrx_word' id='word_1_283' title='bbox 525 3356 819 3423; x_wconf 86' lang='lat' dir='ltr'>discretos,</span> <span class='ocrx_word' id='word_1_284' title='bbox 837 3358 1057 3411; x_wconf 84' lang='lat' dir='ltr'>Narseti</span> <span class='ocrx_word' id='word_1_285' title='bbox 1080 3358 1440 3423; x_wconf 82' lang='lat' dir='ltr'>Rotharium,</span> <span class='ocrx_word' id='word_1_286' title='bbox 1456 3358 1779 3412; x_wconf 81' lang='lat' dir='ltr'>Romualdo</span> 
     </span>
    </p>
   </div>
   <div class='ocr_carea' id='block_1_44' title="bbox 172 3444 1782 3516">
    <p class='ocr_par' dir='ltr' id='par_1_44' title="bbox 172 3444 1782 3516">
     <span class='ocr_line' id='line_1_44' title="bbox 172 3444 1782 3516; baseline -0.001 -16"><span class='ocrx_word' id='word_1_287' title='bbox 172 3444 481 3501; x_wconf 90' lang='lat' dir='ltr'>Sicardum</span> <span class='ocrx_word' id='word_1_288' title='bbox 511 3445 567 3499; x_wconf 93' lang='lat' dir='ltr'>et</span> <span class='ocrx_word' id='word_1_289' title='bbox 598 3444 983 3515; x_wconf 86' lang='lat' dir='ltr'>Sykinolfum,</span> <span class='ocrx_word' id='word_1_290' title='bbox 1019 3445 1221 3500; x_wconf 82' lang='lat' dir='ltr'>Carolo</span> <span class='ocrx_word' id='word_1_291' title='bbox 1253 3446 1458 3516; x_wconf 85' lang='lat' dir='ltr'>Magno</span> <span class='ocrx_word' id='word_1_292' title='bbox 1489 3447 1782 3499; x_wconf 89' lang='lat' dir='ltr'>Aaronem</span> 
     </span>
    </p>
   </div>
   <div class='ocr_carea' id='block_1_45' title="bbox 166 3532 1786 3606">
    <p class='ocr_par' dir='ltr' id='par_1_45' title="bbox 166 3532 1786 3606">
     <span class='ocr_line' id='line_1_45' title="bbox 166 3532 1786 3606; baseline -0.002 -17"><span class='ocrx_word' id='word_1_293' title='bbox 166 3532 489 3589; x_wconf 80' lang='lat' dir='ltr'>Niciforum</span> <span class='ocrx_word' id='word_1_294' title='bbox 508 3536 563 3587; x_wconf 87' lang='lat' dir='ltr'>ct</span> <span class='ocrx_word' id='word_1_295' title='bbox 583 3532 913 3588; x_wconf 86' lang='lat' dir='ltr'>Michaelem</span> <span class='ocrx_word' id='word_1_296' title='bbox 932 3535 1271 3606; x_wconf 88' lang='lat' dir='ltr'>congregat,</span> <span class='ocrx_word' id='word_1_297' title='bbox 1293 3537 1349 3587; x_wconf 89' lang='lat' dir='ltr'>et</span> <span class='ocrx_word' id='word_1_298' title='bbox 1366 3533 1587 3587; x_wconf 80' lang='lat' dir='ltr'>fabulas</span> <span class='ocrx_word' id='word_1_299' title='bbox 1610 3532 1786 3603; x_wconf 88' lang='lat' dir='ltr'>pluri-</span> 
     </span>
    </p>
   </div>
   <div class='ocr_carea' id='block_1_46' title="bbox 170 3619 1785 3685">
    <p class='ocr_par' dir='ltr' id='par_1_46' title="bbox 170 3619 1785 3685">
     <span class='ocr_line' id='line_1_46' title="bbox 170 3619 1785 3685; baseline -0.001 -8"><span class='ocrx_word' id='word_1_300' title='bbox 170 3639 302 3677; x_wconf 90' lang='lat' dir='ltr'>mas</span> <span class='ocrx_word' id='word_1_301' title='bbox 342 3619 535 3676; x_wconf 87' lang='lat' dir='ltr'>tradit.</span> <span class='ocrx_word' id='word_1_302' title='bbox 571 3621 828 3685; x_wconf 88' lang='lat' dir='ltr'>Quarum</span> <span class='ocrx_word' id='word_1_303' title='bbox 880 3623 1039 3677; x_wconf 87' lang='lat' dir='ltr'>nulla</span> <span class='ocrx_word' id='word_1_304' title='bbox 1069 3622 1191 3676; x_wconf 84' lang='lat' dir='ltr'>fere</span> <span class='ocrx_word' id='word_1_305' title='bbox 1224 3624 1346 3676; x_wconf 90' lang='lat' dir='ltr'>tam</span> <span class='ocrx_word' id='word_1_306' title='bbox 1393 3621 1695 3676; x_wconf 87' lang='lat' dir='ltr'>ridiculam</span> <span class='ocrx_word' id='word_1_307' title='bbox 1727 3638 1785 3675; x_wconf 92' lang='lat' dir='ltr'>se</span> 
     </span>
    </p>
   </div>
   <div class='ocr_carea' id='block_1_47' title="bbox 166 3710 1786 3784">
    <p class='ocr_par' dir='ltr' id='par_1_47' title="bbox 166 3710 1786 3784">
     <span class='ocr_line' id='line_1_47' title="bbox 166 3710 1786 3784; baseline 0 -19"><span class='ocrx_word' id='word_1_308' title='bbox 166 3710 416 3784; x_wconf 60' lang='lat' dir='ltr'>praebet,</span> <span class='ocrx_word' id='word_1_309' title='bbox 444 3726 619 3781; x_wconf 90' lang='lat' dir='ltr'>quam</span> <span class='ocrx_word' id='word_1_310' title='bbox 647 3710 803 3783; x_wconf 90' lang='lat' dir='ltr'>quod</span> <span class='ocrx_word' id='word_1_311' title='bbox 846 3711 1232 3781; x_wconf 85' lang='lat' dir='ltr'>imperatores</span> <span class='ocrx_word' id='word_1_312' title='bbox 1258 3713 1315 3764; x_wconf 91' lang='lat' dir='ltr'>et</span> <span class='ocrx_word' id='word_1_313' title='bbox 1345 3727 1515 3781; x_wconf 88' lang='lat' dir='ltr'>rcges</span> <span class='ocrx_word' id='word_1_314' title='bbox 1555 3710 1786 3781; x_wconf 90' lang='lat' dir='ltr'>privile-</span> 
     </span>
    </p>
   </div>
   <div class='ocr_carea' id='block_1_48' title="bbox 170 3798 1787 3871">
    <p class='ocr_par' dir='ltr' id='par_1_48' title="bbox 170 3798 1787 3871">
     <span class='ocr_line' id='line_1_48' title="bbox 170 3798 1787 3871; baseline 0.001 -19"><span class='ocrx_word' id='word_1_315' title='bbox 170 3798 407 3871; x_wconf 85' lang='lat' dir='ltr'>giorum</span> <span class='ocrx_word' id='word_1_316' title='bbox 432 3798 783 3854; x_wconf 85' lang='lat' dir='ltr'>monasterio</span> <span class='ocrx_word' id='word_1_317' title='bbox 815 3799 995 3853; x_wconf 88' lang='lat' dir='ltr'>sancti</span> <span class='ocrx_word' id='word_1_318' title='bbox 1010 3799 1258 3855; x_wconf 45' lang='lat' dir='ltr'>Andreae.</span> <span class='ocrx_word' id='word_1_319' title='bbox 1279 3799 1787 3854; x_wconf 90' lang='lat' dir='ltr'>concedendorum</span> 
     </span>
    </p>
   </div>
   <div class='ocr_carea' id='block_1_49' title="bbox 169 3886 1787 3959">
    <p class='ocr_par' dir='ltr' id='par_1_49' title="bbox 169 3886 1787 3959">
     <span class='ocr_line' id='line_1_49' title="bbox 169 3886 1787 3959; baseline 0.001 -17"><span class='ocrx_word' id='word_1_320' title='bbox 169 3891 233 3942; x_wconf 88' lang='lat' dir='ltr'>et</span> <span class='ocrx_word' id='word_1_321' title='bbox 247 3886 448 3942; x_wconf 86' lang='lat' dir='ltr'>edictis</span> <span class='ocrx_word' id='word_1_322' title='bbox 466 3887 914 3959; x_wconf 85' lang='lat' dir='ltr'>Langobardicis</span> <span class='ocrx_word' id='word_1_323' title='bbox 926 3887 1367 3943; x_wconf 91' lang='lat' dir='ltr'>inserendorum</span> <span class='ocrx_word' id='word_1_324' title='bbox 1381 3904 1551 3943; x_wconf 88' lang='lat' dir='ltr'>causa</span> <span class='ocrx_word' id='word_1_325' title='bbox 1566 3888 1787 3943; x_wconf 87' lang='lat' dir='ltr'>Italiam</span> 
     </span>
    </p>
   </div>
   <div class='ocr_carea' id='block_1_50' title="bbox 1876 2912 3488 2988">
    <p class='ocr_par' dir='ltr' id='par_1_50' title="bbox 1876 2912 3488 2988">
     <span class='ocr_line' id='line_1_50' title="bbox 1876 2912 3488 2988; baseline -0.002 -17"><span class='ocrx_word' id='word_1_326' title='bbox 1876 2913 1962 2971; x_wconf 90' lang='lat' dir='ltr'>ria</span> <span class='ocrx_word' id='word_1_327' title='bbox 1980 2918 2263 2988; x_wconf 88' lang='lat' dir='ltr'>potestate</span> <span class='ocrx_word' id='word_1_328' title='bbox 2283 2914 2341 2969; x_wconf 94' lang='lat' dir='ltr'>in</span> <span class='ocrx_word' id='word_1_329' title='bbox 2366 2914 2536 2981; x_wconf 89' lang='lat' dir='ltr'>Urbe,</span> <span class='ocrx_word' id='word_1_330' title='bbox 2553 2931 2587 2968; x_wconf 91' lang='lat' dir='ltr'>a</span> <span class='ocrx_word' id='word_1_331' title='bbox 2610 2913 2796 2969; x_wconf 88' lang='lat' dir='ltr'>Flacio</span> <span class='ocrx_word' id='word_1_332' title='bbox 2829 2931 2897 2969; x_wconf 85' lang='lat' dir='ltr'>ex</span> <span class='ocrx_word' id='word_1_333' title='bbox 2914 2913 3108 2969; x_wconf 92' lang='lat' dir='ltr'>codice</span> <span class='ocrx_word' id='word_1_334' title='bbox 3128 2914 3366 2986; x_wconf 88' lang='lat' dir='ltr'>antiquo</span> <span class='ocrx_word' id='word_1_335' title='bbox 3388 2912 3488 2969; x_wconf 90' lang='lat' dir='ltr'>ubi</span> 
     </span>
    </p>
   </div>
   <div class='ocr_carea' id='block_1_51' title="bbox 1876 3000 3491 3078">
    <p class='ocr_par' dir='ltr' id='par_1_51' title="bbox 1876 3000 3491 3078">
     <span class='ocr_line' id='line_1_51' title="bbox 1876 3000 3491 3078; baseline -0.002 -19"><span class='ocrx_word' id='word_1_336' title='bbox 1876 3008 2006 3078; x_wconf 89' lang='lat' dir='ltr'>post</span> <span class='ocrx_word' id='word_1_337' title='bbox 2026 3003 2364 3077; x_wconf 84' lang='lat' dir='ltr'>EutrOpium</span> <span class='ocrx_word' id='word_1_338' title='bbox 2380 3003 2495 3058; x_wconf 89' lang='lat' dir='ltr'>sive</span> <span class='ocrx_word' id='word_1_339' title='bbox 2515 3002 2823 3058; x_wconf 88' lang='lat' dir='ltr'>Historiam</span> <span class='ocrx_word' id='word_1_340' title='bbox 2842 3003 3158 3058; x_wconf 90' lang='lat' dir='ltr'>miscellam</span> <span class='ocrx_word' id='word_1_341' title='bbox 3170 3000 3491 3058; x_wconf 90' lang='lat' dir='ltr'>habebatur</span> 
     </span>
    </p>
   </div>
   <div class='ocr_carea' id='block_1_52' title="bbox 1879 3092 3490 3163">
    <p class='ocr_par' dir='ltr' id='par_1_52' title="bbox 1879 3092 3490 3163">
     <span class='ocr_line' id='line_1_52' title="bbox 1879 3092 3490 3163; baseline -0.001 -15"><span class='ocrx_word' id='word_1_342' title='bbox 1879 3093 2100 3150; x_wconf 89' lang='lat' dir='ltr'>editum</span> <span class='ocrx_word' id='word_1_343' title='bbox 2129 3096 2231 3161; x_wconf 82' lang='grc'>(4),</span> <span class='ocrx_word' id='word_1_344' title='bbox 2263 3093 2423 3163; x_wconf 73' lang='lat' dir='ltr'>cuius</span> <span class='ocrx_word' id='word_1_345' title='bbox 2477 3096 2775 3149; x_wconf 85' lang='lat' dir='ltr'>auctorem</span> <span class='ocrx_word' id='word_1_346' title='bbox 2822 3092 3197 3148; x_wconf 89' lang='lat' dir='ltr'>Benedictum</span> <span class='ocrx_word' id='word_1_347' title='bbox 3226 3094 3490 3148; x_wconf 89' lang='lat' dir='ltr'>nostrum</span> 
     </span>
    </p>
   </div>
   <div class='ocr_carea' id='block_1_53' title="bbox 1879 3181 3492 3255">
    <p class='ocr_par' dir='ltr' id='par_1_53' title="bbox 1879 3181 3492 3255">
     <span class='ocr_line' id='line_1_53' title="bbox 1879 3181 3492 3255; baseline -0.002 -17"><span class='ocrx_word' id='word_1_348' title='bbox 1879 3200 2001 3238; x_wconf 90' lang='lat' dir='ltr'>esse</span> <span class='ocrx_word' id='word_1_349' title='bbox 2033 3182 2308 3255; x_wconf 88' lang='lat' dir='ltr'>suspicor.</span> <span class='ocrx_word' id='word_1_350' title='bbox 2344 3181 2602 3236; x_wconf 91' lang='lat' dir='ltr'>Suadent</span> <span class='ocrx_word' id='word_1_351' title='bbox 2644 3181 2704 3236; x_wconf 94' lang='lat' dir='ltr'>id</span> <span class='ocrx_word' id='word_1_352' title='bbox 2746 3183 2976 3253; x_wconf 89' lang='lat' dir='ltr'>tempus</span> <span class='ocrx_word' id='word_1_353' title='bbox 3031 3183 3326 3254; x_wconf 88' lang='lat' dir='ltr'>locusque,</span> <span class='ocrx_word' id='word_1_354' title='bbox 3359 3196 3492 3235; x_wconf 89' lang='lat' dir='ltr'>cum</span> 
     </span>
    </p>
   </div>
   <div class='ocr_carea' id='block_1_54' title="bbox 1879 3269 3489 3330">
    <p class='ocr_par' dir='ltr' id='par_1_54' title="bbox 1879 3269 3489 3330">
     <span class='ocr_line' id='line_1_54' title="bbox 1879 3269 3489 3330; baseline -0.002 -1"><span class='ocrx_word' id='word_1_355' title='bbox 1879 3276 2079 3330; x_wconf 86' lang='lat' dir='ltr'>auctor</span> <span class='ocrx_word' id='word_1_356' title='bbox 2104 3273 2254 3327; x_wconf 89' lang='lat' dir='ltr'>circa</span> <span class='ocrx_word' id='word_1_357' title='bbox 2274 3288 2496 3327; x_wconf 90' lang='lat' dir='ltr'>annum</span> <span class='ocrx_word' id='word_1_358' title='bbox 2517 3269 2893 3326; x_wconf 89' lang='lat' dir='ltr'>millesimum</span> <span class='ocrx_word' id='word_1_359' title='bbox 2914 3272 3114 3327; x_wconf 65' lang='lat' dir='ltr'>Romae</span> <span class='ocrx_word' id='word_1_360' title='bbox 3142 3273 3241 3326; x_wconf 90' lang='lat' dir='ltr'>aut</span> <span class='ocrx_word' id='word_1_361' title='bbox 3263 3270 3324 3325; x_wconf 90' lang='lat' dir='ltr'>in</span> <span class='ocrx_word' id='word_1_362' title='bbox 3355 3269 3489 3329; x_wconf 81' lang='lat' dir='ltr'>vici-</span> 
     </span>
    </p>
   </div>
   <div class='ocr_carea' id='block_1_55' title="bbox 1880 3359 3491 3434">
    <p class='ocr_par' dir='ltr' id='par_1_55' title="bbox 1880 3359 3491 3434">
     <span class='ocr_line' id='line_1_55' title="bbox 1880 3359 3491 3434; baseline -0.002 -16"><span class='ocrx_word' id='word_1_363' title='bbox 1880 3362 1979 3419; x_wconf 87' lang='lat' dir='ltr'>nia</span> <span class='ocrx_word' id='word_1_364' title='bbox 2024 3360 2315 3434; x_wconf 86' lang='lat' dir='ltr'>scripserit</span> <span class='ocrx_word' id='word_1_365' title='bbox 2337 3361 2447 3432; x_wconf 86' lang='lat'>(5);</span> <span class='ocrx_word' id='word_1_366' title='bbox 2508 3359 2728 3416; x_wconf 91' lang='lat' dir='ltr'>mentio</span> <span class='ocrx_word' id='word_1_367' title='bbox 2776 3359 2987 3432; x_wconf 84' lang='lat' dir='ltr'>injecta</span> <span class='ocrx_word' id='word_1_368' title='bbox 3034 3361 3105 3417; x_wconf 89' lang='lat' dir='ltr'>de</span> <span class='ocrx_word' id='word_1_369' title='bbox 3136 3360 3491 3417; x_wconf 85' lang='lat' dir='ltr'>monasterio</span> 
     </span>
    </p>
   </div>
   <div class='ocr_carea' id='block_1_56' title="bbox 1881 3434 3491 3521">
    <p class='ocr_par' dir='ltr' id='par_1_56' title="bbox 1881 3434 3491 3521">
     <span class='ocr_line' id='line_1_56' title="bbox 1881 3434 3491 3521; baseline 0 -17"><span class='ocrx_word' id='word_1_370' title='bbox 1881 3434 2061 3505; x_wconf 72' lang='lat' dir='ltr'>sancti</span> <span class='ocrx_word' id='word_1_371' title='bbox 2093 3450 2363 3517; x_wconf 81' lang='lat' dir='ltr'>Andreae,</span> <span class='ocrx_word' id='word_1_372' title='bbox 2388 3449 2688 3505; x_wconf 84' lang='lat' dir='ltr'>sententiae</span> <span class='ocrx_word' id='word_1_373' title='bbox 2716 3448 2960 3521; x_wconf 64' lang='lat' dir='ltr'>integra;</span> <span class='ocrx_word' id='word_1_374' title='bbox 3001 3467 3069 3505; x_wconf 86' lang='lat' dir='ltr'>ex</span> <span class='ocrx_word' id='word_1_375' title='bbox 3097 3449 3369 3506; x_wconf 89' lang='lat' dir='ltr'>chronico</span> <span class='ocrx_word' id='word_1_376' title='bbox 3401 3465 3491 3505; x_wconf 90' lang='lat' dir='ltr'>re-</span> 
     </span>
    </p>
   </div>
   <div class='ocr_carea' id='block_1_57' title="bbox 1882 3536 3492 3610">
    <p class='ocr_par' dir='ltr' id='par_1_57' title="bbox 1882 3536 3492 3610">
     <span class='ocr_line' id='line_1_57' title="bbox 1882 3536 3492 3610; baseline 0 -19"><span class='ocrx_word' id='word_1_377' title='bbox 1882 3538 2077 3609; x_wconf 70' lang='lat' dir='ltr'>petita:</span> <span class='ocrx_word' id='word_1_378' title='bbox 2106 3537 2201 3607; x_wconf 86' lang='lat'>(6),</span> <span class='ocrx_word' id='word_1_379' title='bbox 2224 3538 2416 3592; x_wconf 85' lang='lat' dir='ltr'>fabula</span> <span class='ocrx_word' id='word_1_380' title='bbox 2446 3538 2516 3592; x_wconf 90' lang='lat' dir='ltr'>de</span> <span class='ocrx_word' id='word_1_381' title='bbox 2546 3536 2831 3592; x_wconf 66' lang='lat' dir='ltr'>Zachariae</span> <span class='ocrx_word' id='word_1_382' title='bbox 2859 3554 3022 3610; x_wconf 67' lang='lat' dir='ltr'>papae</span> <span class='ocrx_word' id='word_1_383' title='bbox 3044 3538 3404 3610; x_wconf 87' lang='lat' dir='ltr'>profectione</span> <span class='ocrx_word' id='word_1_384' title='bbox 3430 3537 3492 3591; x_wconf 92' lang='lat' dir='ltr'>in</span> 
     </span>
    </p>
   </div>
   <div class='ocr_carea' id='block_1_58' title="bbox 1886 3624 3495 3697">
    <p class='ocr_par' dir='ltr' id='par_1_58' title="bbox 1886 3624 3495 3697">
     <span class='ocr_line' id='line_1_58' title="bbox 1886 3624 3495 3697; baseline 0 -18"><span class='ocrx_word' id='word_1_385' title='bbox 1886 3624 2273 3691; x_wconf 89' lang='lat' dir='ltr'>Franciam,et</span> <span class='ocrx_word' id='word_1_386' title='bbox 2292 3624 2507 3678; x_wconf 90' lang='lat' dir='ltr'>inculta</span> <span class='ocrx_word' id='word_1_387' title='bbox 2531 3624 2820 3680; x_wconf 90' lang='lat' dir='ltr'>scribendi</span> <span class='ocrx_word' id='word_1_388' title='bbox 2841 3626 3011 3689; x_wconf 86' lang='lat' dir='ltr'>ratio,</span> <span class='ocrx_word' id='word_1_389' title='bbox 3030 3643 3206 3697; x_wconf 91' lang='lat' dir='ltr'>quam</span> <span class='ocrx_word' id='word_1_390' title='bbox 3232 3630 3430 3681; x_wconf 89' lang='lat' dir='ltr'>tamen</span> <span class='ocrx_word' id='word_1_391' title='bbox 3461 3641 3495 3679; x_wconf 94' lang='lat' dir='ltr'>a</span> 
     </span>
    </p>
   </div>
   <div class='ocr_carea' id='block_1_59' title="bbox 1885 3714 3492 3786">
    <p class='ocr_par' dir='ltr' id='par_1_59' title="bbox 1885 3714 3492 3786">
     <span class='ocr_line' id='line_1_59' title="bbox 1885 3714 3492 3786; baseline -0.001 -17"><span class='ocrx_word' id='word_1_392' title='bbox 1885 3714 2072 3770; x_wconf 90' lang='lat' dir='ltr'>Flacio</span> <span class='ocrx_word' id='word_1_393' title='bbox 2109 3714 2277 3768; x_wconf 90' lang='lat' dir='ltr'>valde</span> <span class='ocrx_word' id='word_1_394' title='bbox 2304 3714 2548 3786; x_wconf 90' lang='lat' dir='ltr'>politam</span> <span class='ocrx_word' id='word_1_395' title='bbox 2593 3716 2650 3767; x_wconf 90' lang='lat' dir='ltr'>et</span> <span class='ocrx_word' id='word_1_396' title='bbox 2680 3714 3053 3769; x_wconf 88' lang='lat' dir='ltr'>emendatam</span> <span class='ocrx_word' id='word_1_397' title='bbox 3084 3730 3205 3769; x_wconf 88' lang='lat' dir='ltr'>esse</span> <span class='ocrx_word' id='word_1_398' title='bbox 3235 3715 3492 3770; x_wconf 89' lang='lat' dir='ltr'>credam.</span> 
     </span>
    </p>
   </div>
   <div class='ocr_carea' id='block_1_60' title="bbox 1889 3794 3494 3876">
    <p class='ocr_par' dir='ltr' id='par_1_60' title="bbox 1889 3794 3494 3876">
     <span class='ocr_line' id='line_1_60' title="bbox 1889 3794 3494 3876; baseline -0.002 -16"><span class='ocrx_word' id='word_1_399' title='bbox 1889 3805 2025 3868; x_wconf 64' lang='lat' dir='ltr'>Quae</span> <span class='ocrx_word' id='word_1_400' title='bbox 2058 3804 2103 3860; x_wconf 89' lang='lat' dir='ltr'>si</span> <span class='ocrx_word' id='word_1_401' title='bbox 2132 3804 2214 3859; x_wconf 90' lang='lat' dir='ltr'>ita</span> <span class='ocrx_word' id='word_1_402' title='bbox 2233 3805 2387 3872; x_wconf 91' lang='lat' dir='ltr'>sunt,</span> <span class='ocrx_word' id='word_1_403' title='bbox 2413 3794 2557 3857; x_wconf 86' lang='lat' dir='ltr'>fides</span> <span class='ocrx_word' id='word_1_404' title='bbox 2584 3801 2777 3857; x_wconf 89' lang='lat' dir='ltr'>libello</span> <span class='ocrx_word' id='word_1_405' title='bbox 2812 3802 3019 3858; x_wconf 89' lang='lat' dir='ltr'>eadem</span> <span class='ocrx_word' id='word_1_406' title='bbox 3051 3820 3180 3876; x_wconf 70' lang='lat' dir='ltr'>qua:</span> <span class='ocrx_word' id='word_1_407' title='bbox 3211 3801 3494 3858; x_wconf 85' lang='lat' dir='ltr'>Chronico</span> 
     </span>
    </p>
   </div>
   <div class='ocr_carea' id='block_1_61' title="bbox 1886 3890 3496 3965">
    <p class='ocr_par' dir='ltr' id='par_1_61' title="bbox 1886 3890 3496 3965">
     <span class='ocr_line' id='line_1_61' title="bbox 1886 3890 3496 3965; baseline -0.001 -16"><span class='ocrx_word' id='word_1_408' title='bbox 1886 3893 2157 3949; x_wconf 87' lang='lat' dir='ltr'>habenda</span> <span class='ocrx_word' id='word_1_409' title='bbox 2173 3891 2387 3960; x_wconf 85' lang='lat' dir='ltr'>erit,ita</span> <span class='ocrx_word' id='word_1_410' title='bbox 2408 3895 2467 3947; x_wconf 91' lang='lat' dir='ltr'>ut</span> <span class='ocrx_word' id='word_1_411' title='bbox 2485 3891 2628 3948; x_wconf 91' lang='lat' dir='ltr'>nulli</span> <span class='ocrx_word' id='word_1_412' title='bbox 2650 3890 3093 3960; x_wconf 74' lang='lat' dir='ltr'>sententiae,nisi</span> <span class='ocrx_word' id='word_1_413' title='bbox 3110 3909 3173 3948; x_wconf 91' lang='lat' dir='ltr'>re</span> <span class='ocrx_word' id='word_1_414' title='bbox 3194 3892 3343 3948; x_wconf 88' lang='lat' dir='ltr'>bene</span> <span class='ocrx_word' id='word_1_415' title='bbox 3365 3908 3496 3965; x_wconf 89' lang='lat' dir='ltr'>per-</span> 
     </span>
    </p>
   </div>
   <div class='ocr_carea' id='block_1_62' title="bbox 170 3975 3496 4055">
    <p class='ocr_par' dir='ltr' id='par_1_62' title="bbox 170 3975 3496 4055">
     <span class='ocr_line' id='line_1_62' title="bbox 170 3975 3496 4055; baseline 0.001 -23"><span class='ocrx_word' id='word_1_416' title='bbox 170 3992 327 4049; x_wconf 72' lang='lat' dir='ltr'>saepe</span> <span class='ocrx_word' id='word_1_417' title='bbox 348 3975 507 4031; x_wconf 90' lang='lat' dir='ltr'>adire</span> <span class='ocrx_word' id='word_1_418' title='bbox 528 3975 938 4033; x_wconf 86' lang='lat' dir='ltr'>facit.Accedit</span> <span class='ocrx_word' id='word_1_419' title='bbox 959 3976 1136 4048; x_wconf 91' lang='lat' dir='ltr'>quod,</span> <span class='ocrx_word' id='word_1_420' title='bbox 1154 3976 1441 4032; x_wconf 89' lang='lat' dir='ltr'>sermonis</span> <span class='ocrx_word' id='word_1_421' title='bbox 1469 3976 1652 4031; x_wconf 89' lang='lat' dir='ltr'>Latini</span> <span class='ocrx_word' id='word_1_422' title='bbox 1683 3995 1790 4032; x_wconf 92' lang='lat' dir='ltr'>usu</span> <span class='ocrx_word' id='word_1_423' title='bbox 1888 4000 2067 4055; x_wconf 89' lang='lat' dir='ltr'>pensa</span> <span class='ocrx_word' id='word_1_424' title='bbox 2084 3981 2446 4054; x_wconf 89' lang='lat' dir='ltr'>etprimariis</span> <span class='ocrx_word' id='word_1_425' title='bbox 2461 3980 2787 4036; x_wconf 89' lang='lat' dir='ltr'>fontibusin</span> <span class='ocrx_word' id='word_1_426' title='bbox 2807 3997 2934 4036; x_wconf 92' lang='lat' dir='ltr'>rem</span> <span class='ocrx_word' id='word_1_427' title='bbox 2956 3979 3190 4049; x_wconf 87' lang='lat' dir='ltr'>vocatis,</span> <span class='ocrx_word' id='word_1_428' title='bbox 3211 3980 3496 4037; x_wconf 89' lang='lat' dir='ltr'>innitaris.</span> 
     </span>
    </p>
   </div>
   <div class='ocr_carea' id='block_1_63' title="bbox 172 4064 1790 4137">
    <p class='ocr_par' dir='ltr' id='par_1_63' title="bbox 172 4064 1790 4137">
     <span class='ocr_line' id='line_1_63' title="bbox 172 4064 1790 4137; baseline 0 -17"><span class='ocrx_word' id='word_1_429' title='bbox 172 4064 502 4131; x_wconf 89' lang='lat' dir='ltr'>destitutus,</span> <span class='ocrx_word' id='word_1_430' title='bbox 537 4081 645 4119; x_wconf 88' lang='lat' dir='ltr'>nec</span> <span class='ocrx_word' id='word_1_431' title='bbox 671 4065 819 4119; x_wconf 91' lang='lat' dir='ltr'>lecta</span> <span class='ocrx_word' id='word_1_432' title='bbox 848 4064 1175 4137; x_wconf 82' lang='lat' dir='ltr'>intelligere</span> <span class='ocrx_word' id='word_1_433' title='bbox 1207 4082 1313 4120; x_wconf 92' lang='lat' dir='ltr'>nec</span> <span class='ocrx_word' id='word_1_434' title='bbox 1344 4065 1639 4120; x_wconf 90' lang='lat' dir='ltr'>intellecta</span> <span class='ocrx_word' id='word_1_435' title='bbox 1658 4066 1790 4120; x_wconf 91' lang='lat' dir='ltr'>scri-</span> 
     </span>
    </p>
   </div>
   <div class='ocr_carea' id='block_1_64' title="bbox 1890 4069 3503 4142">
    <p class='ocr_par' dir='ltr' id='par_1_64' title="bbox 1890 4069 3503 4142">
     <span class='ocr_line' id='line_1_64' title="bbox 1890 4069 3503 4142; baseline -0.001 -17"><span class='ocrx_word' id='word_1_436' title='bbox 1890 4070 2124 4141; x_wconf 85' lang='lat' dir='ltr'>Scripsit</span> <span class='ocrx_word' id='word_1_437' title='bbox 2148 4074 2348 4125; x_wconf 90' lang='lat' dir='ltr'>auctor</span> <span class='ocrx_word' id='word_1_438' title='bbox 2358 4086 2463 4142; x_wconf 90' lang='lat' dir='ltr'>pro</span> <span class='ocrx_word' id='word_1_439' title='bbox 2488 4071 2650 4141; x_wconf 89' lang='lat' dir='ltr'>parte</span> <span class='ocrx_word' id='word_1_440' title='bbox 2678 4071 2735 4123; x_wconf 90' lang='lat' dir='ltr'>et</span> <span class='ocrx_word' id='word_1_441' title='bbox 2758 4069 2815 4124; x_wconf 93' lang='lat' dir='ltr'>in</span> <span class='ocrx_word' id='word_1_442' title='bbox 2843 4086 3006 4125; x_wconf 87' lang='lat' dir='ltr'>usum</span> <span class='ocrx_word' id='word_1_443' title='bbox 3037 4069 3422 4142; x_wconf 89' lang='lat' dir='ltr'>imperatoris,</span> <span class='ocrx_word' id='word_1_444' title='bbox 3439 4072 3503 4124; x_wconf 89' lang='lat' dir='ltr'>ut</span> 
     </span>
    </p>
   </div>
   <div class='ocr_carea' id='block_1_65' title="bbox 168 4150 3500 4232">
    <p class='ocr_par' dir='ltr' id='par_1_65' title="bbox 168 4150 3500 4232">
     <span class='ocr_line' id='line_1_65' title="bbox 168 4150 3500 4232; baseline 0.002 -22"><span class='ocrx_word' id='word_1_445' title='bbox 168 4154 314 4210; x_wconf 83' lang='lat' dir='ltr'>bere</span> <span class='ocrx_word' id='word_1_446' title='bbox 341 4153 604 4221; x_wconf 90' lang='lat' dir='ltr'>callebat,</span> <span class='ocrx_word' id='word_1_447' title='bbox 634 4170 702 4208; x_wconf 91' lang='lat' dir='ltr'>eo</span> <span class='ocrx_word' id='word_1_448' title='bbox 757 4156 911 4208; x_wconf 88' lang='lat' dir='ltr'>certe</span> <span class='ocrx_word' id='word_1_449' title='bbox 956 4155 1099 4225; x_wconf 86' lang='lat' dir='ltr'>style</span> <span class='ocrx_word' id='word_1_450' title='bbox 1150 4172 1301 4223; x_wconf 90' lang='lat' dir='ltr'>usus,</span> <span class='ocrx_word' id='word_1_451' title='bbox 1335 4171 1516 4227; x_wconf 89' lang='lat' dir='ltr'>quem</span> <span class='ocrx_word' id='word_1_452' title='bbox 1546 4171 1788 4209; x_wconf 70' lang='lat' dir='ltr'>summae</span> <span class='ocrx_word' id='word_1_453' title='bbox 1821 4150 1868 4211; x_wconf 86' lang='lat' dir='ltr'>C</span> <span class='ocrx_word' id='word_1_454' title='bbox 1890 4159 2127 4214; x_wconf 87' lang='lat' dir='ltr'>credere</span> <span class='ocrx_word' id='word_1_455' title='bbox 2149 4160 2236 4213; x_wconf 89' lang='lat' dir='ltr'>fas</span> <span class='ocrx_word' id='word_1_456' title='bbox 2256 4161 2361 4223; x_wconf 84' lang='lat' dir='ltr'>est,</span> <span class='ocrx_word' id='word_1_457' title='bbox 2382 4158 2605 4214; x_wconf 89' lang='lat' dir='ltr'>Ottonis</span> <span class='ocrx_word' id='word_1_458' title='bbox 2628 4159 2723 4226; x_wconf 90' lang='lat' dir='ltr'>IlI,</span> <span class='ocrx_word' id='word_1_459' title='bbox 2742 4156 2988 4232; x_wconf 87' lang='lat' dir='ltr'>ideoque</span> <span class='ocrx_word' id='word_1_460' title='bbox 3010 4158 3162 4215; x_wconf 84' lang='lat' dir='ltr'>intra</span> <span class='ocrx_word' id='word_1_461' title='bbox 3183 4176 3366 4216; x_wconf 86' lang='lat' dir='ltr'>annos</span> <span class='ocrx_word' id='word_1_462' title='bbox 3394 4160 3500 4215; x_wconf 88' lang='lat'>998</span> 
     </span>
    </p>
   </div>
   <div class='ocr_carea' id='block_1_66' title="bbox 170 4241 2137 4316">
    <p class='ocr_par' dir='ltr' id='par_1_66' title="bbox 170 4241 2137 4316">
     <span class='ocr_line' id='line_1_66' title="bbox 170 4241 2137 4316; baseline 0.002 -18"><span class='ocrx_word' id='word_1_463' title='bbox 170 4243 579 4298; x_wconf 85' lang='lat' dir='ltr'>Romanorum</span> <span class='ocrx_word' id='word_1_464' title='bbox 609 4241 733 4313; x_wconf 88' lang='lat' dir='ltr'>ejus</span> <span class='ocrx_word' id='word_1_465' title='bbox 758 4242 867 4298; x_wconf 65' lang='lat' dir='ltr'>aevi</span> <span class='ocrx_word' id='word_1_466' title='bbox 894 4242 1187 4298; x_wconf 85' lang='lat' dir='ltr'>barbarici</span> <span class='ocrx_word' id='word_1_467' title='bbox 1207 4243 1441 4315; x_wconf 85' lang='lat' dir='ltr'>signum</span> <span class='ocrx_word' id='word_1_468' title='bbox 1473 4247 1701 4316; x_wconf 88' lang='lat' dir='ltr'>stupeas</span> <span class='ocrx_word' id='word_1_469' title='bbox 1732 4247 1791 4299; x_wconf 91' lang='lat' dir='ltr'>et</span> <span class='ocrx_word' id='word_1_470' title='bbox 1891 4251 1948 4303; x_wconf 89' lang='lat' dir='ltr'>et</span> <span class='ocrx_word' id='word_1_471' title='bbox 1981 4249 2137 4303; x_wconf 84' lang='grc'>1001.</span> 
     </span>
    </p>
   </div>
   <div class='ocr_carea' id='block_1_67' title="bbox 170 4330 1784 4403">
    <p class='ocr_par' dir='ltr' id='par_1_67' title="bbox 170 4330 1784 4403">
     <span class='ocr_line' id='line_1_67' title="bbox 170 4330 1784 4403; baseline -0.001 -14"><span class='ocrx_word' id='word_1_472' title='bbox 170 4334 497 4389; x_wconf 88' lang='lat' dir='ltr'>horrescas.</span> <span class='ocrx_word' id='word_1_473' title='bbox 521 4331 818 4403; x_wconf 86' lang='lat' dir='ltr'>Ejusmodi</span> <span class='ocrx_word' id='word_1_474' title='bbox 839 4330 1025 4387; x_wconf 87' lang='lat' dir='ltr'>virum</span> <span class='ocrx_word' id='word_1_475' title='bbox 1040 4331 1293 4387; x_wconf 69' lang='lat' dir='ltr'>historias</span> <span class='ocrx_word' id='word_1_476' title='bbox 1312 4331 1630 4389; x_wconf 67' lang='lat' dir='ltr'>scribenda:</span> <span class='ocrx_word' id='word_1_477' title='bbox 1658 4333 1784 4388; x_wconf 91' lang='lat' dir='ltr'>nul-</span> 
     </span>
    </p>
   </div>
   <div class='ocr_carea' id='block_1_68' title="bbox 830 4472 1503 4563">
    <p class='ocr_par' dir='ltr' id='par_1_68' title="bbox 830 4472 1503 4563">
     <span class='ocr_line' id='line_1_68' title="bbox 830 4472 1503 4563; baseline 0.003 -2"><span class='ocrx_word' id='word_1_478' title='bbox 830 4472 1503 4563; x_wconf 83' lang='lat' dir='ltr'>CHBONICON</span> 
     </span>
    </p>
   </div>
   <div class='ocr_carea' id='block_1_69' title="bbox 1605 4470 2851 4565">
    <p class='ocr_par' dir='ltr' id='par_1_69' title="bbox 1605 4470 2851 4565">
     <span class='ocr_line' id='line_1_69' title="bbox 1605 4470 2851 4565; baseline 0.001 -3"><span class='ocrx_word' id='word_1_479' title='bbox 1605 4474 1838 4562; x_wconf 94' lang='lat' dir='ltr'>BEN</span> <span class='ocrx_word' id='word_1_480' title='bbox 1846 4473 2217 4562; x_wconf 90' lang='lat' dir='ltr'>EDICTI</span> <span class='ocrx_word' id='word_1_481' title='bbox 2318 4470 2851 4565; x_wconf 86' lang='lat' dir='ltr'>MONACHI</span> 
     </span>
    </p>
   </div>
   <div class='ocr_carea' id='block_1_70' title="bbox 251 4722 1791 4796">
    <p class='ocr_par' dir='ltr' id='par_1_70' title="bbox 251 4722 1791 4796">
     <span class='ocr_line' id='line_1_70' title="bbox 251 4722 1791 4796; baseline 0 -18"><span class='ocrx_word' id='word_1_482' title='bbox 251 4728 302 4778; x_wconf 82' lang='lat' dir='ltr'>l.</span> <span class='ocrx_word' id='word_1_483' title='bbox 324 4722 625 4779; x_wconf 90' lang='lat' dir='ltr'>Pimenius</span> <span class='ocrx_word' id='word_1_484' title='bbox 649 4723 726 4796; x_wconf 87' lang='lat'>(7)</span> <span class='ocrx_word' id='word_1_485' title='bbox 750 4723 1032 4794; x_wconf 89' lang='lat' dir='ltr'>presbiter</span> <span class='ocrx_word' id='word_1_486' title='bbox 1049 4739 1188 4779; x_wconf 87' lang='lat' dir='ltr'>voce</span> <span class='ocrx_word' id='word_1_487' title='bbox 1210 4723 1364 4778; x_wconf 89' lang='lat' dir='ltr'>clara</span> <span class='ocrx_word' id='word_1_488' title='bbox 1380 4722 1552 4778; x_wconf 84' lang='lat' dir='ltr'>dixit:</span> <span class='ocrx_word' id='word_1_489' title='bbox 1588 4746 1615 4776; x_wconf 81' lang='grc' dir='ltr'>α</span> <span class='ocrx_word' id='word_1_490' title='bbox 1646 4725 1791 4781; x_wconf 91' lang='lat' dir='ltr'>Deus</span> 
     </span>
    </p>
   </div>
   <div class='ocr_carea' id='block_1_71' title="bbox 177 4811 1794 4886">
    <p class='ocr_par' dir='ltr' id='par_1_71' title="bbox 177 4811 1794 4886">
     <span class='ocr_line' id='line_1_71' title="bbox 177 4811 1794 4886; baseline 0.001 -19"><span class='ocrx_word' id='word_1_491' title='bbox 177 4812 578 4883; x_wconf 89' lang='lat' dir='ltr'>omnipotens,</span> <span class='ocrx_word' id='word_1_492' title='bbox 596 4812 890 4886; x_wconf 88' lang='lat' dir='ltr'>quomodo</span> <span class='ocrx_word' id='word_1_493' title='bbox 903 4815 960 4867; x_wconf 91' lang='lat' dir='ltr'>te</span> <span class='ocrx_word' id='word_1_494' title='bbox 980 4829 1096 4867; x_wconf 91' lang='lat' dir='ltr'>non</span> <span class='ocrx_word' id='word_1_495' title='bbox 1114 4811 1304 4880; x_wconf 90' lang='lat' dir='ltr'>video,</span> <span class='ocrx_word' id='word_1_496' title='bbox 1318 4828 1423 4867; x_wconf 91' lang='lat' dir='ltr'>nec</span> <span class='ocrx_word' id='word_1_497' title='bbox 1439 4812 1517 4867; x_wconf 91' lang='lat' dir='ltr'>sic</span> <span class='ocrx_word' id='word_1_498' title='bbox 1536 4815 1592 4867; x_wconf 91' lang='lat' dir='ltr'>te</span> <span class='ocrx_word' id='word_1_499' title='bbox 1610 4812 1794 4868; x_wconf 90' lang='lat' dir='ltr'>audis-</span> 
     </span>
    </p>
   </div>
   <div class='ocr_carea' id='block_1_72' title="bbox 1893 4720 3511 4799">
    <p class='ocr_par' dir='ltr' id='par_1_72' title="bbox 1893 4720 3511 4799">
     <span class='ocr_line' id='line_1_72' title="bbox 1893 4720 3511 4799; baseline 0.002 -18"><span class='ocrx_word' id='word_1_500' title='bbox 1893 4726 2000 4791; x_wconf 84' lang='lat' dir='ltr'>set,</span> <span class='ocrx_word' id='word_1_501' title='bbox 2026 4724 2083 4778; x_wconf 87' lang='lat' dir='ltr'>et</span> <span class='ocrx_word' id='word_1_502' title='bbox 2099 4721 2273 4778; x_wconf 89' lang='lat' dir='ltr'>verba</span> <span class='ocrx_word' id='word_1_503' title='bbox 2294 4720 2546 4777; x_wconf 82' lang='lat' dir='ltr'>maxime</span> <span class='ocrx_word' id='word_1_504' title='bbox 2568 4721 2629 4777; x_wconf 90' lang='lat' dir='ltr'>in</span> <span class='ocrx_word' id='word_1_505' title='bbox 2658 4723 2842 4778; x_wconf 91' lang='lat' dir='ltr'>Deum</span> <span class='ocrx_word' id='word_1_506' title='bbox 2864 4740 2975 4798; x_wconf 88' lang='lat' dir='ltr'>que</span> <span class='ocrx_word' id='word_1_507' title='bbox 2997 4727 3060 4780; x_wconf 87' lang='lat' dir='ltr'>tu</span> <span class='ocrx_word' id='word_1_508' title='bbox 3077 4724 3399 4799; x_wconf 86' lang='lat' dir='ltr'>abnegasti,</span> <span class='ocrx_word' id='word_1_509' title='bbox 3419 4728 3511 4784; x_wconf 85' lang='lat' dir='ltr'>Ju—</span> 
     </span>
    </p>
   </div>
   <div class='ocr_carea' id='block_1_73' title="bbox 1894 4810 3509 4888">
    <p class='ocr_par' dir='ltr' id='par_1_73' title="bbox 1894 4810 3509 4888">
     <span class='ocr_line' id='line_1_73' title="bbox 1894 4810 3509 4888; baseline 0.002 -22"><span class='ocrx_word' id='word_1_510' title='bbox 1894 4812 2047 4867; x_wconf 90' lang='lat' dir='ltr'>liane</span> <span class='ocrx_word' id='word_1_511' title='bbox 2079 4810 2356 4883; x_wconf 85' lang='lat' dir='ltr'>sacrilege</span> <span class='ocrx_word' id='word_1_512' title='bbox 2376 4813 2432 4866; x_wconf 90' lang='lat' dir='ltr'>et</span> <span class='ocrx_word' id='word_1_513' title='bbox 2451 4810 2812 4884; x_wconf 88' lang='lat' dir='ltr'>impiissime.</span> <span class='ocrx_word' id='word_1_514' title='bbox 2838 4834 2865 4862; x_wconf 88' lang='lat'>»</span> <span class='ocrx_word' id='word_1_515' title='bbox 2898 4813 3145 4885; x_wconf 88' lang='lat' dir='ltr'>Etjussit</span> <span class='ocrx_word' id='word_1_516' title='bbox 3159 4814 3509 4888; x_wconf 66' lang='lat' dir='ltr'>praecipitari</span> 
     </span>
    </p>
   </div>
   <div class='ocr_carea' id='block_1_74' title="bbox 1746 4938 1969 4995">
    <p class='ocr_par' dir='ltr' id='par_1_74' title="bbox 1746 4938 1969 4995">
     <span class='ocr_line' id='line_1_74' title="bbox 1746 4938 1969 4995; baseline 0 -2"><span class='ocrx_word' id='word_1_517' title='bbox 1746 4938 1969 4995; x_wconf 63' lang='lat' dir='ltr'>NOTIE.</span> 
     </span>
    </p>
   </div>
   <div class='ocr_carea' id='block_1_75' title="bbox 282 5035 1441 5109">
    <p class='ocr_par' dir='ltr' id='par_1_75' title="bbox 282 5035 1441 5109">
     <span class='ocr_line' id='line_1_75' title="bbox 282 5035 1441 5109; baseline 0.004 -21"><span class='ocrx_word' id='word_1_518' title='bbox 282 5036 334 5109; x_wconf 82' lang='grc' dir='ltr'>Ι)</span> <span class='ocrx_word' id='word_1_519' title='bbox 354 5035 641 5109; x_wconf 51' lang='lat' dir='ltr'>Libellum</span> <span class='ocrx_word' id='word_1_520' title='bbox 668 5035 1054 5109; x_wconf 90' lang='lat' dir='ltr'>episcopalem</span> <span class='ocrx_word' id='word_1_521' title='bbox 1084 5039 1250 5091; x_wconf 91' lang='lat' dir='ltr'>vocat</span> <span class='ocrx_word' id='word_1_522' title='bbox 1269 5055 1318 5092; x_wconf 91' lang='lat' dir='ltr'>c.</span> <span class='ocrx_word' id='word_1_523' title='bbox 1355 5040 1441 5093; x_wconf 89' lang='lat'>39.</span> 
     </span>
    </p>
   </div>
   <div class='ocr_carea' id='block_1_76' title="bbox 278 5107 1017 5175">
    <p class='ocr_par' dir='ltr' id='par_1_76' title="bbox 278 5107 1017 5175">
     <span class='ocr_line' id='line_1_76' title="bbox 278 5107 1017 5175; baseline 0.004 -14"><span class='ocrx_word' id='word_1_524' title='bbox 278 5107 329 5175; x_wconf 82' lang='lat'>2)</span> <span class='ocrx_word' id='word_1_525' title='bbox 352 5107 517 5162; x_wconf 91' lang='lat' dir='ltr'>Tom.</span> <span class='ocrx_word' id='word_1_526' title='bbox 551 5107 614 5174; x_wconf 86' lang='lat' dir='ltr'>V,</span> <span class='ocrx_word' id='word_1_527' title='bbox 648 5107 718 5175; x_wconf 49' lang='lat' dir='ltr'>pi</span> <span class='ocrx_word' id='word_1_528' title='bbox 739 5107 877 5175; x_wconf 26' lang='lat'>148,‘</span> <span class='ocrx_word' id='word_1_529' title='bbox 898 5110 1017 5163; x_wconf 69' lang='grc'>140.</span> 
     </span>
    </p>
   </div>
   <div class='ocr_carea' id='block_1_77' title="bbox 257 5123 1460 5252">
    <p class='ocr_par' dir='ltr' id='par_1_77' title="bbox 257 5123 1460 5252">
     <span class='ocr_line' id='line_1_77' title="bbox 257 5123 1017 5178; baseline 0.004 -17"><span class='ocrx_word' id='word_1_530' title='bbox 257 5123 313 5178; x_wconf 58' lang='grc'>[2</span> <span class='ocrx_word' id='word_1_531' title='bbox 353 5123 517 5162; x_wconf 70' lang='lat' dir='ltr'>‘l&#39;om.</span> <span class='ocrx_word' id='word_1_532' title='bbox 558 5123 614 5174; x_wconf 79' lang='grc' dir='ltr'>ν,</span> <span class='ocrx_word' id='word_1_533' title='bbox 693 5148 705 5161; x_wconf 94' lang='grc'>.</span> <span class='ocrx_word' id='word_1_534' title='bbox 739 5123 859 5175; x_wconf 73' lang='lat' dir='ltr'>ms,</span> <span class='ocrx_word' id='word_1_535' title='bbox 898 5123 1017 5163; x_wconf 62' lang='grc' dir='ltr'>ιω.</span> 
     </span>
     <span class='ocr_line' id='line_1_78' title="bbox 257 5123 1460 5252; baseline 0.002 -21"><span class='ocrx_word' id='word_1_536' title='bbox 257 5123 329 5252; x_wconf 48' lang='lat'>[3;</span> <span class='ocrx_word' id='word_1_537' title='bbox 356 5179 418 5252; x_wconf 70' lang='lat' dir='ltr'>in</span> <span class='ocrx_word' id='word_1_538' title='bbox 447 5123 887 5252; x_wconf 54' lang='lat' dir='ltr'>bibl._(ﬁiisiana</span> <span class='ocrx_word' id='word_1_539' title='bbox 911 5179 1135 5252; x_wconf 87' lang='lat' dir='ltr'>signato</span> <span class='ocrx_word' id='word_1_540' title='bbox 1168 5182 1228 5236; x_wconf 85' lang='lat' dir='ltr'>F.</span> <span class='ocrx_word' id='word_1_541' title='bbox 1261 5181 1348 5235; x_wconf 89' lang='lat' dir='ltr'>IV.</span> <span class='ocrx_word' id='word_1_542' title='bbox 1372 5184 1460 5237; x_wconf 80' lang='grc'>75.</span> 
     </span>
    </p>
   </div>
   <div class='ocr_carea' id='block_1_78' title="bbox 254 5248 1780 5325">
    <p class='ocr_par' dir='ltr' id='par_1_78' title="bbox 254 5248 1780 5325">
     <span class='ocr_line' id='line_1_79' title="bbox 254 5248 1780 5325; baseline 0.001 -21"><span class='ocrx_word' id='word_1_543' title='bbox 254 5248 336 5325; x_wconf 55' lang='grc' dir='ltr'>(ᾧ)</span> <span class='ocrx_word' id='word_1_544' title='bbox 360 5250 425 5325; x_wconf 74' lang='lat' dir='ltr'>In</span> <span class='ocrx_word' id='word_1_545' title='bbox 451 5249 725 5325; x_wconf 84' lang='lat' dir='ltr'>Catalogo</span> <span class='ocrx_word' id='word_1_546' title='bbox 741 5248 985 5325; x_wconf 70' lang='lat' dir='ltr'>testium</span> <span class='ocrx_word' id='word_1_547' title='bbox 1002 5252 1275 5325; x_wconf 80' lang='lat' dir='ltr'>veritatis,</span> <span class='ocrx_word' id='word_1_548' title='bbox 1290 5270 1349 5325; x_wconf 91' lang='lat' dir='ltr'>p.</span> <span class='ocrx_word' id='word_1_549' title='bbox 1375 5253 1492 5325; x_wconf 9' lang='lat'>158,,</span> <span class='ocrx_word' id='word_1_550' title='bbox 1515 5253 1574 5306; x_wconf 91' lang='lat' dir='ltr'>et</span> <span class='ocrx_word' id='word_1_551' title='bbox 1593 5268 1627 5306; x_wconf 92' lang='lat' dir='ltr'>a</span> <span class='ocrx_word' id='word_1_552' title='bbox 1652 5250 1780 5306; x_wconf 92' lang='lat' dir='ltr'>Gol-</span> 
     </span>
    </p>
   </div>
   <div class='ocr_carea' id='block_1_79' title="bbox 183 5318 1637 5395">
    <p class='ocr_par' dir='ltr' id='par_1_79' title="bbox 183 5318 1637 5395">
     <span class='ocr_line' id='line_1_80' title="bbox 183 5318 1637 5395; baseline 0.003 -21"><span class='ocrx_word' id='word_1_553' title='bbox 183 5318 431 5395; x_wconf 63' lang='lat' dir='ltr'>dastoin</span> <span class='ocrx_word' id='word_1_554' title='bbox 455 5318 1048 5395; x_wconf 72' lang='lat' dir='ltr'>monarchialmperii</span> <span class='ocrx_word' id='word_1_555' title='bbox 1077 5327 1224 5381; x_wconf 93' lang='lat' dir='ltr'>tom.</span> <span class='ocrx_word' id='word_1_556' title='bbox 1253 5318 1637 5395; x_wconf 44' lang='lat' dir='ltr'>I’repetitum.</span> 
     </span>
    </p>
   </div>
   <div class='ocr_carea' id='block_1_80' title="bbox 256 5391 1782 5477">
    <p class='ocr_par' dir='ltr' id='par_1_80' title="bbox 256 5391 1782 5477">
     <span class='ocr_line' id='line_1_81' title="bbox 256 5391 1782 5477; baseline 0.002 -32"><span class='ocrx_word' id='word_1_557' title='bbox 256 5391 671 5477; x_wconf 42' lang='lat' dir='ltr'>(4-)AE2xIQ‘ttonis</span> <span class='ocrx_word' id='word_1_558' title='bbox 692 5391 1101 5477; x_wconf 32' lang='lat' dir='ltr'>lllvdvip‘lomate</span> <span class='ocrx_word' id='word_1_559' title='bbox 1123 5391 1386 5477; x_wconf 54' lang='lat' dir='ltr'>Monum;</span> <span class='ocrx_word' id='word_1_560' title='bbox 1399 5394 1617 5477; x_wconf 79' lang='lat' dir='ltr'>Legum</span> <span class='ocrx_word' id='word_1_561' title='bbox 1636 5398 1782 5477; x_wconf 72' lang='lat' dir='ltr'>tom.</span> 
     </span>
    </p>
   </div>
   <div class='ocr_carea' id='block_1_81' title="bbox 185 5462 1787 5537">
    <p class='ocr_par' dir='ltr' id='par_1_81' title="bbox 185 5462 1787 5537">
     <span class='ocr_line' id='line_1_82' title="bbox 185 5462 1787 5537; baseline 0.002 -21"><span class='ocrx_word' id='word_1_562' title='bbox 185 5462 259 5537; x_wconf 74' lang='lat' dir='ltr'>II,</span> <span class='ocrx_word' id='word_1_563' title='bbox 309 5464 406 5518; x_wconf 81' lang='lat'>162</span> <span class='ocrx_word' id='word_1_564' title='bbox 434 5462 667 5535; x_wconf 83' lang='lat' dir='ltr'>(Patrol.</span> <span class='ocrx_word' id='word_1_565' title='bbox 701 5462 1214 5537; x_wconf 12' lang='lat' dir='ltr'>CXXXVIII),icujus</span> <span class='ocrx_word' id='word_1_566' title='bbox 1247 5462 1599 5537; x_wconf 77' lang='lat' dir='ltr'>sententiam</span> <span class='ocrx_word' id='word_1_567' title='bbox 1633 5464 1787 5537; x_wconf 74' lang='lat' dir='ltr'>infra</span> 
     </span>
    </p>
   </div>
   <div class='ocr_carea' id='block_1_82' title="bbox 190 5507 1791 5605">
    <p class='ocr_par' dir='ltr' id='par_1_82' title="bbox 190 5507 1791 5605">
     <span class='ocr_line' id='line_1_83' title="bbox 190 5507 1791 5605; baseline 0.001 -17"><span class='ocrx_word' id='word_1_568' title='bbox 190 5507 533 5591; x_wconf 66' lang='lat' dir='ltr'>adnotatam</span> <span class='ocrx_word' id='word_1_569' title='bbox 548 5549 669 5605; x_wconf 65' lang='lat' dir='ltr'>prae</span> <span class='ocrx_word' id='word_1_570' title='bbox 688 5536 866 5591; x_wconf 91' lang='lat' dir='ltr'>oculis</span> <span class='ocrx_word' id='word_1_571' title='bbox 876 5507 1409 5604; x_wconf 37' lang='lat' dir='ltr'>hab/ditibuodnon</span> <span class='ocrx_word' id='word_1_572' title='bbox 1430 5535 1791 5591; x_wconf 88' lang='lat' dir='ltr'>animadver-</span> 
     </span>
    </p>
   </div>
   <div class='ocr_carea' id='block_1_83' title="bbox 191 5605 1793 5679">
    <p class='ocr_par' dir='ltr' id='par_1_83' title="bbox 191 5605 1793 5679">
     <span class='ocr_line' id='line_1_84' title="bbox 191 5605 1793 5679; baseline 0.001 -18"><span class='ocrx_word' id='word_1_573' title='bbox 191 5606 380 5664; x_wconf 87' lang='lat' dir='ltr'>tentes</span> <span class='ocrx_word' id='word_1_574' title='bbox 414 5605 669 5663; x_wconf 85' lang='lat' dir='ltr'>editores</span> <span class='ocrx_word' id='word_1_575' title='bbox 696 5607 1036 5679; x_wconf 85' lang='lat' dir='ltr'>anteriores,</span> <span class='ocrx_word' id='word_1_576' title='bbox 1063 5613 1361 5669; x_wconf 81' lang='lat' dir='ltr'>auctorem</span> <span class='ocrx_word' id='word_1_577' title='bbox 1388 5605 1543 5665; x_wconf 82' lang='lat' dir='ltr'>circa.</span> <span class='ocrx_word' id='word_1_578' title='bbox 1569 5622 1793 5669; x_wconf 80' lang='lat' dir='ltr'>annum</span> 
     </span>
    </p>
   </div>
   <div class='ocr_carea' id='block_1_84' title="bbox 703 5707 1230 5767">
    <p class='ocr_par' dir='ltr' id='par_1_84' title="bbox 703 5707 1230 5767">
     <span class='ocr_line' id='line_1_85' title="bbox 703 5707 1230 5767; baseline 0.006 -3"><span class='ocrx_word' id='word_1_579' title='bbox 703 5707 939 5767; x_wconf 69' lang='lat' dir='ltr'>Parnon.</span> <span class='ocrx_word' id='word_1_580' title='bbox 974 5707 1230 5767; x_wconf 81' lang='lat' dir='ltr'>CXXXIX.</span> 
     </span>
    </p>
   </div>
   <div class='ocr_carea' id='block_1_85' title="bbox 1885 5035 3499 5108">
    <p class='ocr_par' dir='ltr' id='par_1_85' title="bbox 1885 5035 3499 5108">
     <span class='ocr_line' id='line_1_86' title="bbox 1885 5035 3499 5108; baseline 0.001 -14"><span class='ocrx_word' id='word_1_581' title='bbox 1885 5039 1988 5094; x_wconf 86' lang='lat'>900</span> <span class='ocrx_word' id='word_1_582' title='bbox 2020 5035 2305 5108; x_wconf 90' lang='lat' dir='ltr'>scripsisse</span> <span class='ocrx_word' id='word_1_583' title='bbox 2332 5036 2462 5104; x_wconf 88' lang='lat' dir='ltr'>rati,</span> <span class='ocrx_word' id='word_1_584' title='bbox 2487 5035 2827 5108; x_wconf 87' lang='lat' dir='ltr'>Eutropium</span> <span class='ocrx_word' id='word_1_585' title='bbox 2857 5035 3304 5108; x_wconf 84' lang='lat' dir='ltr'>Langobardum</span> <span class='ocrx_word' id='word_1_586' title='bbox 3324 5053 3499 5095; x_wconf 83' lang='lat' dir='ltr'>voca-</span> 
     </span>
    </p>
   </div>
   <div class='ocr_carea' id='block_1_86' title="bbox 1883 5054 3496 5181">
    <p class='ocr_par' dir='ltr' id='par_1_86' title="bbox 1883 5054 3496 5181">
     <span class='ocr_line' id='line_1_87' title="bbox 1885 5054 3496 5162; baseline 0.001 -68"><span class='ocrx_word' id='word_1_587' title='bbox 1885 5054 1988 5094; x_wconf 67' lang='lat' dir='ltr'>suo</span> <span class='ocrx_word' id='word_1_588' title='bbox 2020 5054 2305 5108; x_wconf 81' lang='lat' dir='ltr'>SCI‘lpSlsse</span> <span class='ocrx_word' id='word_1_589' title='bbox 2332 5054 2462 5104; x_wconf 85' lang='lat' dir='ltr'>rau,</span> <span class='ocrx_word' id='word_1_590' title='bbox 2489 5054 2827 5162; x_wconf 71' lang='lat' dir='ltr'>nutropium</span> <span class='ocrx_word' id='word_1_591' title='bbox 2857 5054 3304 5107; x_wconf 72' lang='lat' dir='ltr'>Langonaraum</span> <span class='ocrx_word' id='word_1_592' title='bbox 3324 5054 3496 5095; x_wconf 88' lang='lat' dir='ltr'>voca-</span> 
     </span>
     <span class='ocr_line' id='line_1_88' title="bbox 1883 5107 3496 5181; baseline 0.002 -18"><span class='ocrx_word' id='word_1_593' title='bbox 1883 5112 2109 5177; x_wconf 89' lang='lat' dir='ltr'>verunt,</span> <span class='ocrx_word' id='word_1_594' title='bbox 2134 5108 2292 5181; x_wconf 86' lang='lat' dir='ltr'>quod</span> <span class='ocrx_word' id='word_1_595' title='bbox 2310 5108 2538 5181; x_wconf 84' lang='lat' dir='ltr'>libellus</span> <span class='ocrx_word' id='word_1_596' title='bbox 2561 5124 2666 5180; x_wconf 89' lang='lat' dir='ltr'>pos</span> <span class='ocrx_word' id='word_1_597' title='bbox 2719 5107 2987 5181; x_wconf 77' lang='lat' dir='ltr'>Eutropii</span> <span class='ocrx_word' id='word_1_598' title='bbox 3005 5123 3146 5181; x_wconf 83' lang='lat' dir='ltr'>opus</span> <span class='ocrx_word' id='word_1_599' title='bbox 3177 5108 3496 5181; x_wconf 80' lang='lat' dir='ltr'>legeretur.</span> 
     </span>
    </p>
   </div>
   <div class='ocr_carea' id='block_1_87' title="bbox 1883 5178 3497 5238">
    <p class='ocr_par' dir='ltr' id='par_1_87' title="bbox 1883 5178 3497 5238">
     <span class='ocr_line' id='line_1_89' title="bbox 1883 5178 3497 5238; baseline 0.001 -2"><span class='ocrx_word' id='word_1_600' title='bbox 1883 5178 2219 5236; x_wconf 74' lang='lat' dir='ltr'>Muratorius</span> <span class='ocrx_word' id='word_1_601' title='bbox 2247 5179 2307 5234; x_wconf 91' lang='lat' dir='ltr'>in</span> <span class='ocrx_word' id='word_1_602' title='bbox 2336 5178 2652 5234; x_wconf 80' lang='lat' dir='ltr'>Annalibus</span> <span class='ocrx_word' id='word_1_603' title='bbox 2683 5179 2757 5233; x_wconf 91' lang='lat' dir='ltr'>ad</span> <span class='ocrx_word' id='word_1_604' title='bbox 2803 5178 2903 5232; x_wconf 77' lang='lat' dir='ltr'>an.</span> <span class='ocrx_word' id='word_1_605' title='bbox 2929 5178 3314 5236; x_wconf 29' lang='lat' dir='ltr'>964’auctoris</span> <span class='ocrx_word' id='word_1_606' title='bbox 3352 5184 3497 5238; x_wconf 70' lang='lat' dir='ltr'>teta-</span> 
     </span>
    </p>
   </div>
   <div class='ocr_carea' id='block_1_88' title="bbox 1886 5248 3497 5376">
    <p class='ocr_par' dir='ltr' id='par_1_88' title="bbox 1886 5248 3497 5376">
     <span class='ocr_line' id='line_1_90' title="bbox 1886 5248 3497 5376; baseline 0.001 -71"><span class='ocrx_word' id='word_1_607' title='bbox 1886 5255 2006 5306; x_wconf 90' lang='lat' dir='ltr'>tem</span> <span class='ocrx_word' id='word_1_608' title='bbox 2038 5250 2331 5376; x_wconf 47' lang='lat' dir='ltr'>giigriavit,</span> <span class='ocrx_word' id='word_1_609' title='bbox 2350 5250 2678 5321; x_wconf 88' lang='lat' dir='ltr'>diplomatis</span> <span class='ocrx_word' id='word_1_610' title='bbox 2694 5252 2892 5304; x_wconf 88' lang='lat' dir='ltr'>tamen</span> <span class='ocrx_word' id='word_1_611' title='bbox 2915 5248 3241 5308; x_wconf 83' lang='lat' dir='ltr'>Ottonianis</span> <span class='ocrx_word' id='word_1_612' title='bbox 3261 5252 3452 5309; x_wconf 80' lang='lat' dir='ltr'>ration</span> <span class='ocrx_word' id='word_1_613' title='bbox 3466 5269 3497 5307; x_wconf 80' lang='grc' dir='ltr'>θ</span> 
     </span>
     <span class='ocr_line' id='line_1_91' title="bbox 1888 5338 2255 5376; baseline -0.003 0"><span class='ocrx_word' id='word_1_614' title='bbox 1888 5340 2007 5376; x_wconf 91' lang='lat' dir='ltr'>non</span> <span class='ocrx_word' id='word_1_615' title='bbox 2080 5338 2114 5376; x_wconf 90' lang='lat' dir='ltr'>a</span> <span class='ocrx_word' id='word_1_616' title='bbox 2157 5339 2172 5375; x_wconf 86' lang='lat'>1</span> <span class='ocrx_word' id='word_1_617' title='bbox 2201 5339 2255 5376; x_wconf 91' lang='lat' dir='ltr'>a.</span> 
     </span>
    </p>
   </div>
   <div class='ocr_carea' id='block_1_89' title="bbox 1888 5322 2255 5378">
    <p class='ocr_par' dir='ltr' id='par_1_89' title="bbox 1888 5322 2255 5378">
     <span class='ocr_line' id='line_1_92' title="bbox 1888 5322 2255 5378; baseline -0.008 0"><span class='ocrx_word' id='word_1_618' title='bbox 1888 5340 2007 5378; x_wconf 90' lang='lat' dir='ltr'>non</span> <span class='ocrx_word' id='word_1_619' title='bbox 2038 5322 2255 5376; x_wconf 90' lang='lat' dir='ltr'>habita.</span> 
     </span>
    </p>
   </div>
   <div class='ocr_carea' id='block_1_90' title="bbox 1962 5391 2636 5467">
    <p class='ocr_par' dir='ltr' id='par_1_90' title="bbox 1962 5391 2636 5467">
     <span class='ocr_line' id='line_1_93' title="bbox 1962 5391 2636 5467; baseline -0.003 -20"><span class='ocrx_word' id='word_1_620' title='bbox 1962 5391 2038 5467; x_wconf 81' lang='grc' dir='ltr'>(ϐ)</span> <span class='ocrx_word' id='word_1_621' title='bbox 2063 5392 2209 5467; x_wconf 70' lang='lat' dir='ltr'>_V_/&#39;ide</span> <span class='ocrx_word' id='word_1_622' title='bbox 2240 5392 2393 5446; x_wconf 87' lang='lat' dir='ltr'>infra</span> <span class='ocrx_word' id='word_1_623' title='bbox 2412 5394 2528 5467; x_wconf 75' lang='lat' dir='ltr'>col.</span> <span class='ocrx_word' id='word_1_624' title='bbox 2549 5394 2636 5447; x_wconf 83' lang='lat'>52.</span> 
     </span>
    </p>
   </div>
   <div class='ocr_carea' id='block_1_91' title="bbox 1961 5461 3516 5538">
    <p class='ocr_par' dir='ltr' id='par_1_91' title="bbox 1961 5461 3516 5538">
     <span class='ocr_line' id='line_1_94' title="bbox 1961 5461 3516 5538; baseline -0.001 -17"><span class='ocrx_word' id='word_1_625' title='bbox 1961 5461 2303 5538; x_wconf 50' lang='grc' dir='ltr'>(η-Ηῳε-θχ</span> <span class='ocrx_word' id='word_1_626' title='bbox 2334 5462 2475 5538; x_wconf 81' lang='lat' dir='ltr'>actis</span> <span class='ocrx_word' id='word_1_627' title='bbox 2522 5461 2701 5518; x_wconf 88' lang='lat' dir='ltr'>sancti</span> <span class='ocrx_word' id='word_1_628' title='bbox 2741 5467 3024 5538; x_wconf 82' lang='lat' dir='ltr'>excerpta</span> <span class='ocrx_word' id='word_1_629' title='bbox 3075 5468 3229 5525; x_wconf 87' lang='lat' dir='ltr'>sunt.</span> <span class='ocrx_word' id='word_1_630' title='bbox 3260 5464 3343 5522; x_wconf 89' lang='lat' dir='ltr'>Cl.</span> <span class='ocrx_word' id='word_1_631' title='bbox 3374 5464 3516 5521; x_wconf 87' lang='lat' dir='ltr'>Acta</span> 
     </span>
    </p>
   </div>
   <div class='ocr_carea' id='block_1_92' title="bbox 1891 5533 2497 5607">
    <p class='ocr_par' dir='ltr' id='par_1_92' title="bbox 1891 5533 2497 5607">
     <span class='ocr_line' id='line_1_95' title="bbox 1891 5533 2497 5607; baseline -0.003 -16"><span class='ocrx_word' id='word_1_632' title='bbox 1891 5533 1991 5592; x_wconf 90' lang='lat' dir='ltr'>SS.</span> <span class='ocrx_word' id='word_1_633' title='bbox 2019 5533 2128 5592; x_wconf 81' lang='lat' dir='ltr'>Mai</span> <span class='ocrx_word' id='word_1_634' title='bbox 2155 5535 2247 5607; x_wconf 88' lang='lat' dir='ltr'><strong>III,</strong></span> <span class='ocrx_word' id='word_1_635' title='bbox 2280 5549 2338 5606; x_wconf 92' lang='lat' dir='ltr'>p.</span> <span class='ocrx_word' id='word_1_636' title='bbox 2366 5535 2497 5593; x_wconf 78' lang='grc'>482.</span> 
     </span>
    </p>
   </div>
   <div class='ocr_carea' id='block_1_93' title="bbox 3144 5712 3171 5764">
    <p class='ocr_par' dir='ltr' id='par_1_93' title="bbox 3144 5712 3171 5764">
     <span class='ocr_line' id='line_1_96' title="bbox 3144 5712 3171 5764; baseline 0 0"><span class='ocrx_word' id='word_1_637' title='bbox 3144 5712 3171 5764; x_wconf 81' lang='grc'><strong>1</strong></span> 
     </span>
    </p>
   </div>
  </div>
