3882 6230
477 363 535 424 ll
1561 370 1922 430 BENEDICTI
1959 375 2017 433 S.
2045 373 2347 434 ANDREE
2375 381 2688 440 MONACHI
3717 397 3779 454 12

467 503 575 559 per
602 489 862 545 medium
893 491 1086 562 pontis
1110 492 1403 565 lapideum
1432 495 1492 551 in
1526 497 1764 554 fluvium
1793 516 1925 556 cum
1957 518 2075 557 uno
2098 508 2152 567 Α
2177 508 2533 575 catecumba,
2567 510 2660 564 ubi
2680 511 2988 580 jacuerunt
3016 530 3257 588 corporr
3279 521 3614 574 sanctorum
3645 536 3782 593 apo-

469 579 732 646 puerulo,
757 578 854 650 qui
876 579 1141 634 manibus
1168 581 1281 635 suis
1297 584 1541 639 traebat.
1568 586 1634 639 Et
1653 605 1769 642 non
1791 592 1920 659 post
1936 592 2080 644 mul-

472 665 561 718 tos
571 665 679 719 boc
695 668 955 738 tempore
969 667 1622 740 iuterea(8)irruentibus
1635 674 1785 730 intra
1799 677 2078 749 Galeas(9)

470 751 751 821 barbaris,
782 754 1037 808 Julianus
1093 755 1468 828 impiissimus
1526 777 1685 816 cesar
1734 768 1923 818 cetum
1965 765 2077 836 (l0)

470 837 530 892 in
556 856 736 894 unum
758 843 1072 896 exercitum
1095 845 1246 916 apud
1269 846 1635 918 Vangionum
1649 851 1956 919 civitatem,
1976 852 2078 906 do-

469 927 728 983 nativum
755 930 924 1002 coepit
951 947 1193 1003 erogare
1228 934 1529 990 militibus.
1559 939 1632 992 Ut
1657 943 1742 992 est
1771 944 2082 995 consuetu-

469 1014 638 1084 dinis,
661 1017 896 1089 singulis
925 1019 1335 1090 recitabantur,
1371 1025 1554 1080 donec
1603 1043 1635 1081 a
1683 1028 1959 1082 Martinus
1988 1029 2076 1083 in-

467 1109 670 1164 ventus
699 1110 810 1173 (11)
837 1112 949 1176 est;
985 1125 1159 1181 quem
1193 1114 1516 1184 presentari
1543 1115 1648 1170 sibi
1674 1117 1862 1188 jussit.
1893 1118 2076 1182 Quem

467 1193 756 1266 aloquitur
781 1196 1012 1253 dicens:
1053 1220 1081 1248 «
1108 1199 1404 1272 Numquid
1433 1207 1490 1257 et
1518 1207 1684 1274 pater
1715 1209 1844 1260 tuus
1893 1209 1950 1259 et
1980 1223 2077 1261 vos

466 1280 908 1354 inscriptionem
926 1286 1080 1340 inter
1093 1289 1338 1344 scolares
1351 1291 1507 1352 aulas
1526 1293 1630 1352 sub
1648 1309 1784 1364 rege
1804 1295 2078 1352 Constan-

466 1369 548 1425 tio
580 1372 880 1428 militasti?
911 1393 939 1422 »
975 1374 1076 1428 Cui
1100 1375 1184 1429 vir
1210 1377 1445 1433 Domini
1475 1380 1748 1435 Martinus
1780 1382 2077 1453 respondit

467 1459 663 1515 dicens
695 1477 708 1516 :
741 1483 771 1510 «
797 1461 1002 1516 Christi
1034 1463 1193 1518 enim
1218 1482 1346 1520 sum
1379 1467 1578 1537 miles;
1625 1469 1768 1523 mihi
1815 1486 2074 1540 pugnare

465 1565 584 1603 non
599 1549 752 1604 licet.
771 1568 804 1601 ι»
825 1549 911 1604 Ab
929 1550 1036 1604 hac
1051 1567 1249 1606 vocem
1263 1553 1525 1609 tirannus
1543 1556 2070 1612 infremuitdicens:

465 1659 494 1686 «
518 1637 643 1691 Non
663 1637 958 1709 religionis
976 1642 1164 1710 gratia
1177 1641 1501 1698 detractare
1523 1644 1755 1699 militia!
1787 1667 1813 1693 ››
1841 1647 2074 1702 Retrudi

465 1742 604 1797 ergo
632 1743 766 1780 eum
797 1727 857 1780 in
887 1728 1144 1783 custodia
1164 1730 1424 1800 jubetur.
1455 1733 1612 1787 Tunc
1638 1734 1983 1805 consignans
2011 1755 2070 1791 se

2181 597 2459 651 stolorum
2480 599 2628 652 Petri
2644 603 2701 652 et
2713 601 2891 668 Pauli;
2913 602 2970 655 in
2985 619 3098 673 quo
3117 605 3240 658 loco
3264 607 3583 676 platomam
3599 617 3620 650 ²
3639 609 3776 681 ipsa,

2181 683 2278 738 ubi
2291 685 2599 755 jacuerunt
2619 705 2862 759 corpora
2892 695 3106 759 sancta,
3141 694 3392 748 versibus
3415 697 3772 751 adhornavit.

2181 773 2397 828 Eodem
2419 793 2551 830 vero
2570 794 2722 831 anno
2747 782 2874 848 post
2890 782 3105 835 Axente
3131 787 3317 836 morte
3333 785 3631 839 Mediolani
3650 788 3775 840 Am-

2181 861 2370 917 brosio
2401 864 2669 935 episcopo
2701 867 3032 934 constituto,
3062 870 3253 923 omnis
3284 889 3317 924 a
3347 872 3524 926 [idem
3559 878 3772 929 rectam

2179 949 2339 1004 Italia
2395 954 2768 1007 convertitur.
2802 955 3018 1010 lllarius
3049 957 3154 1027 (18)
3187 959 3489 1031 episcopus
3540 961 3775 1017 Pictavis

2179 1041 2454 1107 moritur;
2483 1041 2752 1096 Martinus
2769 1044 3063 1114 episcopus
3085 1047 3368 1101 successit.
3393 1050 3472 1102 De
3505 1067 3618 1120 quo
3645 1068 3776 1123 apo-

2157 1130 2353 1182 .stolus
2384 1128 2575 1184 dicens
2608 1148 2620 1184 :
2653 1154 2680 1180 ‹‹
2715 1133 2861 1186 Deus
2887 1137 3010 1187 erat
3039 1135 3096 1188 in
3117 1134 3340 1191 Christo
3373 1139 3656 1194 mundum
3685 1158 3773 1195 re-

2176 1217 2485 1272 concilians
2501 1219 2605 1272 sibi
2624 1218 2849 1292 (IICor.
2871 1239 2920 1288 v,
2960 1225 3078 1292 l9);
3115 1244 3140 1270 ››
3177 1223 3247 1277 de
3275 1242 3387 1295 quo
3424 1243 3560 1280 voce
3593 1227 3772 1283 domi-

2116 1347 2128 1357 .
2175 1305 2568 1377 nicaloquitur
2592 1326 2604 1362 :
2629 1333 2654 1356 ‹‹
2683 1311 2798 1381 Ego
2817 1310 2861 1364 si
2875 1313 3151 1366 exaltatus
3167 1313 3350 1382 fuero,
3371 1316 3569 1370 omnia
3589 1320 3772 1372 traam

2174 1410 2209 1447 a
2238 1411 2332 1447 me
2359 1394 2544 1465 ipsum
2578 1397 2756 1466 (Joaa.
2791 1415 2890 1466 xu,
2921 1402 3026 1459 32).
3065 1423 3091 1447 ››
3136 1403 3412 1456 Damasus
3457 1421 3607 1476 papa
3637 1422 3770 1461 con-

2176 1483 2377 1536 struxit
2407 1486 2657 1538 aecclesia
2689 1487 2866 1540 sancti
2923 1488 3175 1542 Silvestri
3211 1489 3267 1544 in
3299 1494 3506 1546 monte‘
3552 1492 3772 1564 Serapti

2174 1587 2303 1624 cum
2323 1573 2481 1626 omni
2499 1574 2782 1639 studio,et
2806 1576 3086 1648 quidquid
3117 1579 3286 1632 rebus
3309 1580 3626 1649 acjacentia
3652 1583 3772 1653 ejus

2173 1659 2458 1714 abstracta
2485 1661 2690 1728 fuerat,
2729 1680 2830 1734 per
2867 1665 3237 1736 perceptione
3271 1669 3588 1722 constituit.
3617 1670 3772 1725 Hanc

2173 1751 2374 1801 orante
2398 1748 2456 1802 in
2475 1749 2702 1804 basilica
2725 1753 3170 1806 consecrationis
3195 1755 3504 1810 beatissimi
3521 1757 3770 1813 Silvestri

461 1814 735 1870 Martinus
755 1816 885 1870 etin
902 1817 1141 1872 nomine
1160 1819 1535 1875 DominiJesu
1548 1821 1713 1892 signo
1733 1824 1932 1890 crucis,
1953 1842 2070 1880 non
2091 1828 2142 1886 B
2171 1835 2442 1908 episcopi,
2460 1843 2515 1890 et
2535 1840 2748 1909 gratias
2784 1841 2993 1910 agebat
3022 1842 3293 1910 Domino,
3318 1845 3510 1900 dicens
3545 1863 3557 1900 :

463 1904 688 1976 clippeo
713 1908 1010 1976 protectus
1035 1923 1068 1960 a
1090 1907 1201 1977 (12)
1229 1908 1418 1978 galea,
1448 1909 1657 1964 ostium
1689 1927 1870 1966 cuneo
1897 1929 2072 1984 pene-

462 1993 627 2046 trabo
655 1992 770 2066 (l3)
789 2009 1044 2048 securus.
1070 1995 1310 2050 Postera
1331 2000 1525 2050 autem
1551 1997 1671 2052 dies
1693 1999 1882 2054 hostes
1913 2003 2072 2073 lega-

460 2081 550 2136 tos
570 2081 642 2136 de
657 2098 861 2154 pacem
895 2082 1175 2138 miserunt
1192 2101 1294 2138 sua
1315 2085 1513 2140 omnia
1541 2086 1670 2156 (14).
1695 2087 1816 2152 Quo
1843 2089 1927 2143 vir
1956 2091 2068 2145 Do-

459 2169 602 2224 mini
631 2169 702 2224 de
727 2172 1126 2243 persecutione
1159 2172 1372 2228 tiranni
1405 2175 1690 2230 liberavit.
1721 2176 1841 2240 Quo
1869 2178 2068 2233 Romae

456 2274 718 2314 reversus
765 2264 850 2314 est
881 2264 1176 2331 angustus.
1221 2261 1406 2317 Tanta
1429 2271 1446 2305 ι
1481 2263 1734 2336 denique
1793 2267 2067 2338 nequitiae

457 2349 818 2420 temporibus
839 2348 952 2402 suis
978 2348 1185 2416 extitit,
1217 2353 1499 2421 quantum
1532 2367 1769 2406 narrare
1800 2369 1917 2406 non
1943 2369 2069 2424 pos-

457 2453 608 2492 sum.
629 2437 811 2508 Coapit
830 2437 1098 2492 aecclesia:
1122 2441 1454 2493 sanctorum
1473 2439 1760 2506 claudere,
1775 2443 1834 2494 et
1851 2443 2069 2512 templa

455 2523 749 2580 idolorum
779 2525 1126 2596 patefacere,
1147 2529 1204 2580 et
1229 2527 1400 2581 rebus
1429 2528 1816 2583 mcelesiarum
1848 2529 1906 2583 in
1931 2530 2065 2585 ﬁsco

457 2611 711 2668 daretur.
733 2614 812 2668 De
842 2630 956 2686 qua
975 2631 1036 2668 re
1051 2614 1288 2670 consilio
1311 2615 1462 2670 facto
1489 2633 1620 2670 cum
1643 2617 2068 2688 apparitoribus

455 2701 589 2769 suis,
606 2702 676 2756 de
698 2701 952 2756 ascclesia
971 2703 1150 2756 sancti
1184 2703 1439 2757 Silvestri
1461 2703 1518 2758 in
1538 2707 1738 2759 monte
1756 2704 1969 2776 Sirapti
2008 2710 2065 2760 et

455 2790 528 2846 de
557 2790 915 2862 appendiciis
947 2791 1083 2858 suis,
1121 2791 1277 2863 quod
1331 2792 1577 2846 extruxit
1608 2810 1641 2846 a
1672 2793 2064 2849 fundamentis

454 2879 722 2934 (ecclesia:
753 2879 941 2951 hujus,
957 2882 1015 2934 et
1034 2897 1125 2934 res
1147 2880 1322 2951 ipsius
1353 2881 1620 2935 mcclesim
1644 2881 1702 2936 in
1734 2883 1869 2937 ﬁsco
1898 2883 2062 2940 dare-

453 2971 567 3036 tur,
603 2971 661 3022 et
690 2968 853 3040 quasi
891 2985 995 3040 per
1023 2967 1264 3023 hodium
1295 2969 1653 3024 Constantini
1686 2971 1930 3044 principi
1961 2989 2059 3045 pa-

453 3057 607 3111 trata
624 3055 1046 3111 dextrueretur.
1069 3057 1290 3111 Eodem
1307 3074 1446 3112 vero
1460 3061 1724 3129 tempore
1739 3064 1946 3114 nutum
1962 3061 2061 3116 Dei

453 3144 843 3214 omnipotenti
858 3145 1333 3200 surrexitbellum
1353 3147 1656 3201 Persarum
1673 3148 1942 3202 adversus
1959 3148 2062 3203 im-
2080 3147 2128 3207 C

452 3234 738 3306 piissimus
755 3233 1076 3305 imperator
1086 3234 1271 3288 Julian
1281 3251 1360 3301 us;
1387 3236 1704 3290 ambulavit
1721 3237 1779 3290 in
1804 3238 2055 3292 Persida.

454 3323 563 3388 Qui
593 3340 726 3379 cum
750 3323 1120 3390 ambulasset,
1146 3326 1363 3394 quanta
1394 3324 1613 3378 malitia
1652 3325 1925 3380 insercuit
1947 3327 2056 3398 (15)

450 3411 512 3467 in
523 3413 694 3468 beato
707 3411 907 3466 Basilis
925 3411 1406 3484 archiepisc0pus,
1421 3413 1596 3468 modo
1615 3416 1928 3468 taceamus.
1953 3415 2057 3480 Qui

449 3517 583 3556 cum
605 3501 954 3556 ambulasset
973 3517 1150 3571 usque
1170 3500 1388 3554 ibidem
1404 3502 1778 3574 pervenisset,
1799 3519 2056 3575 pugnam

451 3589 720 3646 conflicta
739 3588 985 3644 Romani
1010 3605 1140 3644 cum
1161 3589 1418 3658 Persida,
1436 3589 1614 3644 victus
1640 3591 2054 3645 teneturJulia-

449 3695 559 3734 nus
584 3677 1302 3750 impiissimusimperator,
1335 3683 1394 3732 et
1425 3678 1600 3732 nimis
1625 3679 1849 3733 atlictus
1874 3681 2054 3734 aPer-

449 3769 557 3838 sis;
589 3767 792 3842 quibus
813 3767 932 3839 ipse
956 3767 1212 3821 Julianus
1243 3766 1550 3821 decoratus
1579 3771 1664 3821 est
1694 3768 1766 3822 ab
1797 3771 2054 3823 extremo

448 3857 662 3914 vertice
692 3873 870 3928 usque
901 3855 974 3910 ad
1022 3855 1267 3926 ungulas
1297 3854 1536 3924 pedum.
1569 3855 1639 3909 Et
1685 3855 1906 3910 corium
1935 3857 2058 3927 ejus

449 3945 634 4001 dictus
653 3945 953 4001 coccinum
975 3942 1191 3997 ibidem
1212 3942 1374 3998 omni
1402 3947 1665 4014 tempore
1688 3945 1840 4016 regis
1858 3946 2054 3998 Persa-

448 4051 579 4090 rum
596 4035 734 4090 dum
749 4049 951 4106 pacem
963 4031 1204 4087 haberet
1215 4048 1388 4103 super
1400 4032 1620 4088 corium
1633 4033 1841 4088 Juliani
1860 4034 2056 4088 seden-

447 4127 570 4180 tem
601 4126 659 4178 et
679 4121 1251 4196 congratulabantur.
1283 4121 1565 4192 Regnavit
1580 4126 1775 4177 autem
1800 4122 2054 4178 Julianus

449 4211 589 4268 anni
619 4217 653 4268 2
682 4215 740 4266 et
768 4227 968 4266 mense
1005 4212 1056 4266 8.

519 4305 574 4358 2.
628 4299 903 4356 Johianus
964 4298 1116 4354 facto
1187 4297 1658 4354 christianissimo
1712 4299 2048 4370 imperator,

445 4394 644 4464 aperte
675 4391 810 4445 sunt
861 4387 1153 4453 aacclesiae,
1207 4389 1266 4441 et
1307 4387 1479 4459 coepit
1508 4387 1709 4458 religio
1741 4387 2051 4443 christiana

2169 1961 2365 2016 Grates
2392 1961 2496 2016 tibi
2527 1963 2736 2017 rell'ero
2764 1981 2893 2035 spes
2925 1966 3038 2020 vita
3068 1967 3380 2034 bonorum,

2169 2049 2276 2113 Qui
2308 2051 2449 2106 mihi
2481 2052 2650 2106 ritem
2683 2053 2908 2108 donasti
2941 2072 3174 2109 noscere
3201 2061 3399 2110 sancta

2168 2138 2352 2202 Quem
2383 2139 2594 2211 impius
2616 2146 2941 2212 apostatam
2969 2143 3225 2198 Julianus
3257 2144 3537 2200 destruxit

2167 2228 2245 2280 Ac
2265 2244 2536 2298 superare
2565 2231 2748 2283 malos
2778 2230 2940 2300 regni
2967 2232 3205 2286 caelestis
3231 2249 3450 2288 amore.

2168 2315 2275 2370 Fac
2302 2333 2442 2388 rogo
2471 2335 2670 2389 queso,
2703 2319 2870 2384 Deus,
2891 2318 3012 2373 sine
3036 2336 3130 2373 me
3155 2323 3446 2392 complere
3469 2322 3660 2390 beata,

2168 2405 2235 2458 Et
2265 2409 2361 2460 tua
2391 2423 2501 2476 que
2523 2406 2690 2476 cupio
2722 2406 2810 2460 fac
2841 2407 3053 2476 gaudia
3084 2425 3320 2463 cernere
3352 2415 3570 2478 sancta,

2168 2493 2544 2565 Omnipoiens
2575 2495 2868 2561 Dominus,
2893 2496 2986 2566 qui
3002 2500 3226 2551 constat
3247 2498 3516 2554 machina
3537 2501 3769 2570 mundi,

2166 2580 2272 2645 Qui
2298 2583 2500 2636 caalum
2523 2585 2852 2655 terramque
2884 2585 3055 2655 regis,
3089 2585 3330 2640 fulmina
3361 2587 3559 2655 mittis,

2165 2669 2269 2733 Qui
2301 2670 2420 2724 sine
2448 2673 2604 2725 nulla
2634 2671 2829 2742 vigent
2859 2674 3062 2726 cmlum
3094 2676 3310 2728 terram
3339 2679 3550 2743 creata,

2161 2758 2235 2812 Te
2268 2759 2470 2812 cmlum
2505 2760 2688 2826 tellus,
2713 2761 2905 2814 laudet
2935 2764 2990 2814 te
3023 2764 3227 2830 potens
3259 2762 3317 2816 in
3343 2779 3478 2830 evo;

2163 2847 2362 2901 Omnis
2379 2851 2433 2902 te
2456 2848 2757 2902 benedicat
2787 2849 2984 2916 homo,
3000 2850 3214 2914 laudet,
3242 2854 3497 2905 versetur
3515 2852 3765 2910 honore.

2161 2937 2419 3008 Namque
2450 2936 2560 2990 tuis
2597 2937 2835 3008 pedibus
2864 2937 3007 3009 lapis
3039 2941 3122 2991 est
3155 2940 3309 2992 lacus
3335 2939 3428 2993 ille
3462 2941 3765 3010 probatus,

2159 3026 2345 3095 Atque
2367 3026 2566 3078 Petrus
2579 3027 2676 3079 tua
2693 3025 2927 3090 dextera
2943 3027 3136 3080 levans
3155 3027 3353 3081 statuit
3366 3045 3536 3100 super
3557 3030 3764 3085 undas.

2161 3113 2227 3166 Et
2247 3113 2538 3167 Israhelite
2565 3114 2882 3184 quondam,
2908 3118 2962 3168 te
2994 3115 3185 3180 duces,
3214 3133 3464 3186 superno

2158 3202 2406 3272 Vestigio
2436 3202 2581 3256 sicco
2613 3207 2963 3274 paragerunt
2995 3219 3292 3257 marmora
3333 3205 3441 3275 (19)
3474 3207 3691 3262 Rubra.

2159 3289 2245 3344 Sit
2271 3289 2370 3344 tibi
2398 3307 2528 3344 cum
2557 3291 2785 3344 Patrem
2828 3290 2996 3344 simul
3027 3293 3086 3344 et
3116 3307 3247 3344 cum
3279 3291 3535 3348 Flamine
3559 3298 3768 3351 sancto

2157 3379 2365 3444 Gloria,
2393 3383 2700 3449 magestas,
2727 3378 2904 3430 virtus
2936 3395 3040 3450 per
3055 3381 3207 3433 secla
3237 3396 3474 3451 conpar.

2158 3503 2280 3566 Quo
2300 3518 2489 3556 versos
2517 3500 2841 3571 composuit
2869 3501 2925 3554 in
2955 3502 3148 3572 lapide
3192 3520 3225 3556 a
3254 3520 3496 3576 corpore
3530 3511 3760 3563 sancto.

2157 3590 2462 3661 Coeperunt
2477 3589 2638 3644 multi
2661 3588 2880 3643 nobiles
2904 3589 3150 3644 Romani
3165 3592 3416 3646 mundus
3429 3592 3771 3666 relinquere

2157 3680 2228 3733 ad
2253 3647 2504 3733 eundem
2529 3678 2752 3749 profata
2777 3677 3033 3732 aecclesia
3059 3679 3219 3750 quasi
3247 3679 3474 3735 cebium
3495 3647 3621 3747 (20;
3849 3647 3852 3732 (

2156 3772 2258 3822 ctze
2281 3767 2727 3822 conversationis
2751 3766 2922 3820 vitam
2945 3768 3418 3822 ducere.lnterea
3442 3786 3631 3840 neque
3653 3772 3774 3828 hoc
3835 3767 3849 3833 ’Ῑ

2154 3854 2353 3908 sileam
2387 3855 2456 3908 de
2489 3853 2657 3923 hujus
2687 3854 3001 3925 apostolica
3029 3855 3215 3925 gloria
3247 3857 3772 3926 pretermittenda.
3845 3921 3848 3936 ι

2156 3942 2440 4006 Quoniam
2471 3941 2705 4014 quidem
2738 3959 3074 4014 quanquam
3116 3960 3319 3998 omnes
3350 3947 3594 4016 apostoli
3624 3951 3774 4003 ante

2154 4032 2304 4084 secla
2324 4031 2486 4084 electi
2509 4047 2543 4084 a
2565 4030 2813 4085 Domino
2843 4048 2961 4084 esse
2988 4032 3318 4099 credantur,
3339 4033 3582 4090 docente
3614 4037 3776 4107 Apo-

2154 4121 2299 4174 stolo
2324 4136 2337 4174 :
2375 4141 2402 4168 «
2429 4119 2725 4190 Quielegit
2747 4136 2852 4173 nos
2871 4123 3006 4174 ante
3029 4121 3235 4174 mundi
3257 4123 3778 4192 constitutione,ut

2153 4225 2404 4264 essemus
2417 4207 3025 4262 sanctietimmaculati
3038 4209 3095 4262 in
3110 4214 3422 4281 conspectu
3434 4211 3481 4281 ej
3493 4211 3778 4284 us(Ephes

2150 4313 2191 4365 ι,
2213 4299 2287 4365 4);
2306 4317 2334 4348 δ)
2367 4297 2702 4366 redemptor
2733 4299 2789 4349 et
2813 4298 3062 4350 salvator
3089 4299 3285 4352 noster
3311 4297 3583 4352 dominus
3603 4301 3778 4356 Jesus

2152 4387 2403 4441 Christus
2425 4389 2738 4456 antequam
2752 4385 2822 4439 de
2840 4385 3102 4440 interitus
3139 4385 3350 4440 Satane
3370 4387 3775 4461 triumphans,

441 4480 714 4554 gaudere.
759 4477 1040 4550 Regnavit
1076 4475 1196 4547 ipse
1243 4475 1519 4530 Johianus
1567 4493 1794 4532 menses
1849 4480 1900 4531 8.
1936 4466 2121 4532 Da-D
2150 4476 3782 4547 victorexultans,penetraretregnapolorum,sanctahu-

441 4585 643 4625 maxus
674 4568 784 4640 (16)
823 4567 1008 4621 Rome
1061 4563 1366 4638 episcopus
1411 4563 1548 4620 fecit
1583 4565 1896 4638 basylicam
1943 4567 2046 4638 jux

435 4659 734 4714 theutrum
755 4654 869 4726 (17)
894 4655 1092 4709 sancto
1125 4652 1454 4722 Laurentio,
1486 4656 1545 4708 et
1582 4653 1696 4710 alia
1713 4654 1953 4711 basilica
1979 4656 2040 4711 in

2141 4565 2234 4638 jus
2247 4564 2701 4635 aecclesia,quam
2716 4563 2968 4635 pretioso
2981 4581 3082 4618 suo
3094 4564 3407 4636 sanguines
3418 4565 3780 4637 hacquisivit

2145 4671 2250 4728 per
2276 4655 2476 4711 beatos
2505 4653 2816 4724 apostolos,
2848 4655 2906 4708 et
2936 4652 3279 4725 apostolicos
3310 4653 3458 4710 viros
3491 4654 3780 4710 Silvester

1748 4775 1996 4831 VARLE
2025 4774 2401 4832 LECTIONES
2417 4814 2432 4829 .

497 4918 517 4954 1
547 4907 822 4981 augustas
843 4903 1007 4960 tanta
1033 4917 1082 4960 ο.
1139 4911 1162 4946 ³
1191 4899 1510 4976 platoniam
1537 4900 1700 4960 Gesta
1718 4910 1877 4976 pont.
1905 4903 2066 4964 Rom.

1979 5026 2180 5082 ΝΟΤΕ
2192 5070 2206 5084 .

489 5153 570 5236 (8)
593 5151 871 5236 Interea...
901 5166 997 5206 sua
1036 5151 1220 5206 omnia
1257 5165 1325 5205 ex
1373 5148 1606 5222 Sulpicii
1633 5149 1763 5204 Vita
1786 5147 1844 5203 S.
1879 5149 2031 5205 Mar-

391 5222 617 5293 ‘tini,’c.
650 5225 701 5280 3.

504 5292 661 5370 9)Ιᾴ
678 5298 763 5350 est
792 5292 1018 5370 Gallias.

501 5365 586 5429 10)
613 5365 810 5422 Coacta
841 5365 996 5438 Sulp.

469 5435 666 5506 (⁷11)Ιί1
695 5441 781 5493 est
809 5437 881 5492 ad
905 5435 1216 5493 Martinam
1239 5441 1481 5491 ventum.

492 5443 548 5494 11
602 5439 666 5492 Id
695 5441 781 5493 est
809 5439 881 5492 ad
905 5439 1216 5493 Martinam
1239 5441 1481 5491 ventum.

492 5439 667 5586 mild
698 5512 782 5565 est
811 5517 930 5565 aut.
1051 5581 1066 5586 _
1126 5585 1132 5586 ί
1196 5581 1204 5586 Δ
1325 5576 1406 5586 η
1455 5578 1468 5586 _
1519 5574 1581 5586 Η
1720 5575 1735 5586 ‘
1909 5573 1920 5585 .

492 5509 572 5581 l2)
604 5509 667 5565 Id
698 5512 782 5565 est
811 5517 930 5565 aut.
1519 5575 1530 5586 ⁸
1571 5574 1581 5586 ο
1909 5573 1920 5585 .

457 5509 564 5664 (Ψ)
584 5583 670 5637 Ita
691 5598 804 5664 pro
815 5581 1155 5654 penetrabat.
1178 5578 1349 5650 Apud
1374 5576 1692 5648 Sulpicium
1720 5575 1812 5630 has
1843 5590 1873 5630 c
1905 5589 2029 5645 ipse

385 5652 653 5714 Martinus
675 5652 837 5710 dicit}

2229 5149 2307 5218 14)
2343 5147 2569 5204 Scilicet
2598 5163 2801 5218 seseque
2828 5144 3102 5204 dedentes.

2231 5220 2316 5285 15)
2341 5220 2404 5274 Id
2434 5221 2539 5285 est,
2572 5220 2820 5272 exercuit.

2202 5288 2310 5416 (1ἷῆ
2328 5291 2442 5416 RE:
2494 5289 2668 5356 Bedo,
2701 5289 2799 5362 qui
2841 5294 3069 5364 partem
3135 5288 3382 5364 sumpsit
3437 5307 3507 5346 ex
3565 5291 3777 5354 Gestis

2202 5379 2248 5416 ιο
2283 5404 2296 5416 .
2378 5378 2497 5416 om.

2175 5365 2296 5416 ont.
2328 5365 2497 5418 Rom.

2133 5378 2296 5432 poni.
2331 5378 2497 5418 nom.

2205 5435 2310 5504 (17)
2341 5435 2403 5488 Id
2429 5437 2532 5500 est,
2553 5434 2718 5504 juxta
2747 5435 3037 5492 theatrum.

2230 5507 2316 5572 18)
2346 5505 2639 5560 Hilaricus.

2229 5577 2314 5632 19)
2343 5577 2412 5632 Jd
2443 5580 2531 5632 est
2559 5578 2756 5631 maria.

2203 5647 2312 5721 (20)
2341 5649 2406 5704 Id
2427 5651 2516 5704 est
2537 5647 2738 5704 studio.
