3882 6230
399 388 465 445 I5

1489 361 1850 421 BENEDICI'I
1867 359 1938 420 ὃ.
1961 357 2266 422 AW
2296 356 2604 412 MONACHI

3650 357 3725 410 16

396 510 538 584 ejus.
568 503 675 580 Qui
703 500 1023 558 Gothorum
1059 497 1325 568 tempore
1354 490 1578 550 Alarico
1609 506 1708 544 rex
1737 489 1843 544 hec
1876 485 2005 544 acta
2025 487 2083 548 Α
2113 485 2331 584 cunctas
2359 481 2612 584 incelesie
2649 481 2802 584 infra
2827 481 3153 584 Romanam
3191 479 3440 584 bur-bam
3471 478 3730 584 donaria

400 599 554 656 sunt.

473 689 525 742 8.
547 683 671 748 Quo
703 679 936 735 mortuo
957 673 1201 741 Alarico,
1221 671 1490 728 successit
1513 669 1572 724 in
1595 682 1844 741 regnum
1861 663 2010 720 Toti-

401 777 523 831 lam
535 769 910 842 impiissimus
926 782 1024 820 rex
1044 761 1454 819 Gothorum.ln
1469 756 1834 828 temporibus
1849 768 2012 812 nam-

405 877 518 936 que
531 860 653 932 ejus
666 858 849 913 multa
871 852 1124 926 nequitie
1142 851 1201 906 in
1220 865 1406 921 regno
1423 847 1580 904 Italie
1598 845 1724 936 etin
1748 845 2009 936 Romane

407 931 617 1007 finibus
628 945 1042 1018 subjugantum
1059 939 1295 1003 εει.οιιο
1314 937 1374 992 in
1397 938 1592 992 sancto
1607 935 1705 989 Dei
1721 931 2010 988 confesso-

407 1055 500 1096 res
514 1034 808 1097 extorti,et
827 1029 1132 1092 verberati,
1178 1030 1236 1082 et
1278 1024 1612 1095 afﬂicti,pro
1637 1022 1858 1078 Christo
1887 1021 2010 1074 tru-

410 1125 782 1196 cidati,atque
795 1121 986 1194 plures
997 1116 1229 1173 ecclesie
1240 1113 1496 1170 inltalico
1509 1127 1690 1183 regno
1705 1110 2010 1177 destructe,

413 1219 586 1288 atque
601 1211 918 1267 civitatibus
937 1225 970 1263 a
995 1204 1309 1278 ferro,igne
1332 1200 1852 1270 exuste.sunt.Nam
1869 1213 2020 1288 pon-

413 1285 511 1360 tes
529 1300 691 1358 ﬂubii
739 1296 1037 1372 Tyberinis
1066 1295 1152 1348 vie
1213 1291 1448 1358 Salarie,
1485 1289 1583 1363 qui
1607 1288 1766 1360 prius
1815 1285 2022 1340 Albula

418 1392 739 1453 dicebatur,
790 1386 888 1461 qui
909 1383 1225 1458 Tyberinus
1254 1399 1374 1448 rex,
1405 1380 1556 1436 ﬁlius
1593 1376 1758 1448 Capis
1787 1374 1958 1448 regis,
1990 1390 2024 1428 ει

421 1499 535 1557 quo
562 1477 807 1534 ﬂubium
839 1475 1160 1548 appellatus
1187 1475 1272 1526 est
1298 1467 1550 1541 Tyberis,
1579 1471 1636 1557 et
1656 1468 1866 1557 pontes
1895 1480 2027 1557 con:

421 1550 1118 1627 structusafundamentis
1130 1576 1296 1616 ruere
1309 1550 2028 1613 fecit.Iustinianuslustini

427 1675 602 1716 uxore
625 1671 806 1727 nepos
843 1653 1070 1717 Narsus,
1105 1649 1287 1702 Rome
1311 1645 1580 1720 patricius
1611 1644 1875 1698 avocatus
1923 1641 2028 1704 est,

429 1751 488 1804 et
518 1747 592 1802 ab
623 1742 784 1800 omni
821 1740 1035 1814 populo
1061 1739 1322 1793 Romano
1363 1735 1646 1798 helectus;
1697 1731 1884 1784 ferme
1911 1729 2036 1784 erat

2111 574 2294 630 multa
2327 570 2706 637 constituit,et
2733 572 3080 625 conventum
3106 569 3321 623 factum
3349 585 3480 623 cum
3510 569 3732 624 Betha-

2109 661 2197 718 rio
2229 677 2388 732 rege,
2418 660 2488 714 de
2519 659 2902 732 Pentapolim,
2935 661 2993 712 et
3021 657 3091 712 de
3118 657 3312 714 Tuscie
3341 657 3576 724 finibus,
3605 673 3728 727 quo

2109 751 2288 810 modo
2322 749 2726 804 Constantinus
2747 751 2940 804 sancte
2971 748 3230 802 Romane
3253 747 3489 802 ecclesie
3505 745 3731 802 consti-

2111 837 2241 904 tuit,
2261 836 2337 890 sic
2359 852 2489 890 eam
2509 835 2871 890 immobilem
2890 835 3330 906 permanere.Et
3343 826 3731 906 accepto'bre-

2111 925 2288 980 viario
2319 942 2353 980 a
2371 923 2646 980 Rothario
2666 940 2869 995 regem
2889 923 2948 978 in
2975 922 3212 978 ecclesia
3228 922 3380 980 beati
3403 921 3555 978 Petri
3579 937 3730 994 apo-

2112 1011 3737 1085 stoli,aTicinecivitatisLangobardiperrexerunt;factum

2115 1103 2355 1174 est:regn
2363 1101 2622 1156 umltalie
2637 1101 3738 1171 babitatioLangobardorum.Undeac-

2119 1190 2270 1261 cepit
2301 1207 2395 1244 eas
2411 1191 2655 1244 Narsum
2677 1188 3096 1246 monasterium
3127 1187 3382 1260 Seraptis
3403 1188 3638 1258 montis,
3676 1192 3740 1243 et

2124 1277 2366 1336 donaria
2407 1278 2576 1334 simul
2625 1282 2682 1333 et
2711 1279 2881 1333 rebus
2913 1277 3079 1350 eique
3111 1277 3516 1345 constituit,"et
3543 1277 3736 1334 factus

2127 1369 2212 1422 est
2242 1384 2348 1438 pax
2372 1366 2521 1422 inter
2553 1367 2958 1437 Langobardos
2990 1369 3046 1421 et
3077 1367 3736 1438 Romanos,verumpta-

2129 1473 2265 1511 men
2287 1474 2403 1511 non
2435 1457 2687 1512 multum
2713 1459 2960 1526 tempus.
2993 1457 3200 1510 Postea
3215 1455 3400 1510 Roma
3419 1471 3526 1526 per
3548 1454 3735 1526 patri-

2129 1546 2248 1600 cius
2301 1545 2792 1616 principabantur.
2842 1543 3098 1598 Tiberius
3152 1543 3268 1614 (29)
3323 1544 3738 1600 Constantinus

2130 1633 2474 1707 principem.
2520 1633 2846 1705 Gregorius,
2907 1631 3362 1703 apochrisarium
3392 1636 3587 1688 sancte
3621 1633 3740 1687 Ro-

2133 1739 2308 1778 mane
2350 1722 2600 1776 mcclesie
2649 1721 2709 1775 in
2739 1719 3295 1792 ConstantinOpolim
3351 1720 3576 1786 missus,
3608 1723 3743 1791 post

432 1833 744 1902 dissimilis,
775 1808 1157 1904 peritissimus
1186 1828 1312 1881 erat
1349 1824 1408 1877 in
1441 1824 1720 1876 mentem.
1771 1818 1888 1873 Vox
1917 1811 2106 1888 ejusB
2135 1813 2428 1868 Romanus
2454 1811 2628 1866 libros
2659 1809 3014 1904 expositione
3046 1809 3102 1866 in
3129 1809 3234 1864 Job
3271 1809 3559 1904 condidit;
3590 1808 3745 1904 Euti-

431 1921 732 1989 melliﬂua,
788 1921 1061 1990 rectoque
1093 1915 1166 1970 ad
1203 1909 1663 1983 investigandum
1707 1908 2035 1962 Romanum

434 2009 926 2087 imperium.Tunc
952 2000 1435 2060 surrexeruntviri
1457 1997 1713 2054 scelerati
1737 1996 1807 2050 de
1827 1995 2036 2050 Roma-

434 2085 783 2166 nisifinibus,
815 2112 946 2151 cum
977 2092 1144 2148 Gothi
1176 2091 1504 2146 laborantes
1534 2090 1591 2140 et
1617 2086 1850 2156 negotio
1888 2085 2038 2137 trac-

434 2195 624 2249 tantes
655 2189 726 2244 de
753 2183 1018 2242 lnteritus
1039 2179 1198 2236 Narsi
1226 2176 1473 2250 patricii,
1508 2173 1753 2247 qualiter
1777 2172 2042 2244 expulsus

437 2285 497 2337 et
526 2281 741 2354 ejectus
763 2294 797 2331 a
832 2275 1096 2330 Romano
1117 2267 1450 2340 imperium.

509 2351 788 2428 Eli—Mortuo
833 2363 1032 2420 bidem
1080 2357 1422 2422 Iustiniano,
1455 2351 1722 2408 successit
1767 2351 1826 2405 in
1864 2364 2046 2421 regno

436 2459 686 2518 Justinus
711 2454 928 2510 minor.
953 2451 1162 2504 Narsus
1179 2443 1488 2517 patricium
1533 2440 1802 2507 Totilum,
1835 2438 2045 2492 Gotho-

437 2565 571 2606 rum
589 2560 793 2616 regem
827 2583 841 2609 ,
871 2537 1032 2595 Italia
1056 2534 1426 2608 superaverat
1447 2534 1504 2586 et
1525 2529 1749 2584 occidit.
1793 2529 2050 2582 Postmo-

442 2638 582 2694 dum
618 2629 786 2688 Gothi
817 2643 1020 2700 regem
1043 2641 1161 2680 non
1192 2621 1518 2678 habuerunt
1543 2618 1600 2672 in
1632 2617 1812 2671 Italia.

510 2723 768 2797 Sequitur
813 2717 1053 2772 narratio
1075 2713 1138 2766 de
1175 2710 1425 2766 Narsidis
1455 2710 1576 2762 rixa
1606 2724 1726 2761 cum
1766 2705 2046 2770 Romanis,

443 2815 509 2870 de
545 2794 837 2881 (Su/ﬁcia
866 2827 894 2855 ››
920 2801 1444 2874 AugustaJoannes
1466 2797 1570 2868 (24)
1613 2795 1909 2866 cpiscopus
1941 2794 2051 2881 Ro-

449 2918 624 2960 mane
643 2880 893 2955 ascclesie
925 2891 1206 2965 pontifex,
1231 2886 1470 2942 ecclesia
1491 2884 1887 2956 apostolorum
1917 2880 2053 2936 Phi-

447 2989 609 3066 lyppi
637 2991 696 3044 et
737 2982 954 3051 Jacobi,
981 2996 1158 3054 quam
1201 2975 1589 3066 prodecessor
1615 2972 1740 3066 ejus
1792 2969 2059 3066 Pelagius

2137 1902 2290 1958 cium
2321 1900 2578 1972 ejusdem
2625 1899 2823 1953 hurbis
2871 1898 3168 1970 episcopus
3197 1900 3462 1964 errasset,
3491 1896 3742 1969 Tyberio

2138 1993 2468 2062 presentem
2507 1986 2754 2042 correxit
2777 1994 2874 2040 etc.
2904 2003 2970 2041 ea:
3000 1985 3170 2042 Beda.

2213 2081 2301 2136 lO.
2326 2078 2448 2132 Mox
2499 2076 2736 2130 etl‘eram
2765 2075 3276 2145 Langobardorum
3328 2091 3496 2146 gens,
3547 2073 3619 2128 de
3643 2089 3748 2129 va-

2143 2167 2280 2241 gina
2326 2183 2425 2221 sue
2479 2164 2849 2220 habitationis
2905 2165 3128 2229 educta,
3182 2164 3242 2220 in
3271 2168 3473 2219 nostra
3523 2163 3748 2218 cervice

2147 2259 2397 2312 crassata
2446 2257 2557 2310 est.
2613 2257 2799 2325 Atque
2840 2269 3120 2308 umanum
3150 2269 3332 2324 genus
3363 2252 3520 2324 quod
3549 2252 3608 2306 in
3636 2252 3752 2306 hac

2147 2350 2302 2400 terra
2354 2361 2455 2416 pre
2499 2342 2864 2398 multitudine
2897 2342 3079 2398 nimia
3116 2343 3278 2414 quasi
3326 2341 3503 2413 spisse
3541 2343 3755 2414 segetis

2146 2451 2311 2490 more
2360 2435 2718 2488 surrexeerat
2761 2431 3006 2486 succisus
3034 2431 3205 2488 aruit.
3230 2431 3374 2487 Nam
3405 2431 3755 2502 depopulata

2148 2525 2380 2590 hurbes,
2413 2539 2608 2578 eversa
2660 2525 2866 2587 castra,
2925 2524 3291 2576 concremate
3340 2519 3614 2575 tecelesie.
3641 2521 3756 2575 De-

2150 2616 2361 2669 structe
2384 2611 2879 2666 suntmonasteria
2904 2610 3158 2666 virorum
3179 2613 3352 2681 atque
3378 2609 3756 2677 feminarum,

2154 2703 2409 2758 desolata
2429 2701 2502 2755 ab
2530 2700 2802 2755 omnibus
2822 2699 3220 2771 predia,atque
3245 2699 3317 2753 ab
3349 2698 3510 2753 omni
3534 2699 3758 2753 cultore

2155 2791 2428 2846 destituta
2470 2790 2530 2844 in
2561 2788 2867 2843 solitudine
2918 2791 3082 2842 vacat
3128 2791 3302 2842 terra.
3336 2787 3528 2842 Nullus
3557 2787 3617 2840 in
3645 2787 3758 2841 hac

2159 2895 2443 2953 possessor
2492 2877 2754 2943 inabitat,
2785 2876 3114 2930 medactum
3139 2884 3183 2918 ιο
3221 2878 3304 2930 est
3337 2874 3760 2930 monasterium

2163 2971 2391 3024 montes
2419 2966 2674 3038 Seraptis
2699 2965 2756 3020 in
2775 2965 3102 3032 solitudine,
3123 2969 3181 3019 et
3199 2964 3540 3035 cunctaejus
3561 2964 3767 3034 predia

452 3055 686 3154 ceperat
732 3074 866 3132 fecit
898 3077 954 3129 et
982 3067 1280 3133 dedicavit,
1330 3079 1502 3154 quea
1557 3062 1818 3154 fidelibus
1847 3058 2064 3154 populi
2094 3143 2132 3154 Α
2165 3061 2474 3154 destructa.
2509 3058 2942 3154 occupaverunt
2959 3056 3415 3154 bestieloca,que
3437 3055 3594 3154 prius
3611 3057 3764 3154 mu]:

455 3192 490 3227 «
513 3143 709 3226 sancti
745 3161 1001 3237 Apostoli
1033 3181 1060 3208 »
1096 3156 1368 3214 vocitant.
1421 3153 1504 3207 De
1557 3151 1790 3208 Albuino
1833 3147 2066 3204 Narside
2087 3143 2135 3202 C
2166 3147 2350 3204 titudo
2401 3145 2709 3201 hominum
2742 3145 2994 3212 tenebat,
3049 3147 3107 3199 et
3137 3144 3290 3216 quod
3320 3144 3379 3198 in
3411 3144 3532 3198 aliis
3561 3143 3769 3199 mundi

447 3263 515 3317 in
545 3257 768 3312 Italiam
823 3253 988 3308 accito
1039 3265 1103 3303 ex
1143 3245 1308 3300 Beda?
1377 3240 1640 3298 Chronico
1651 3257 1682 3308 .;
1737 3239 2063 3310 pergitque:

456 3349 667 3404 Narsus
694 3357 829 3398 vero
843 3337 1112 3414 patricius
1124 3330 1457 3390 fecitamica
1481 3345 1653 3384 causa
1681 3344 1814 3382 cum
1843 3327 2066 3396 Lango-

459 3436 696 3502 bardos,
721 3413 1066 3500 etceperunt
1095 3423 1248 3478 inter
1278 3439 1337 3476 se
1367 3421 1604 3492 pactum
1633 3418 1691 3472 et
1719 3413 2069 3471 convenien-

461 3525 546 3582 tia
568 3524 640 3580 de
669 3535 852 3594 regno
873 3513 1314 3572 Italico.Mortuo
1337 3505 1710 3565 idemAlbuin
1737 3521 1839 3559 rex
1856 3505 2074 3594 Lange:-

2169 3237 2428 3309 partibus
2453 3233 2900 3306 agaturjgnoro.
2916 3233 3220 3288 Rotharius
3238 3249 3338 3287 rex
3367 3231 3774 3302 Langobardo-

2170 3342 2324 3390 rum,
2356 3323 2638 3378 lubricum
2690 3322 2804 3378 suis
2834 3321 3112 3392 corporis,
3149 3324 3206 3376 et
3235 3321 3484 3376 multum
3509 3319 3772 3375 vinolen-

2172 3418 2321 3479 tum,
2353 3411 2490 3467 fecit
2528 3413 2813 3482 synodum
2845 3427 2978 3464 cum
3008 3418 3053 3451 ιι
3085 3409 3360 3481 episcopi,
3389 3412 3450 3464 et
3470 3408 3632 3463 dictis
3664 3407 3779 3480 (30)

2175 3503 2398 3573 legibus
2419 3499 2934 3570 Langobardorum
2947 3497 3292 3569 composuit,
3319 3496 3614 3569 quomodo
3629 3499 3780 3552 Lan-

461 3585 804 3678 bardorum,
849 3604 1118 3663 successit
1159 3598 1468 3658 Rotharius
1497 3598 1601 3664 (25)
1635 3611 1756 3660 rex,
1797 3592 1896 3664 qui
1939 3589 2074 3645 facti
2175 3589 2568 3663 gobardorum
2591 3587 2649 3642 in
2670 3587 2830 3642 Italia
2857 3602 2987 3642 cum
3018 3587 3146 3659 lege
3176 3586 3410 3653 viveret,
3441 3585 3554 3641 Sed
3575 3601 3780 3640 eorum

467 3705 599 3759 sunt
627 3673 836 3756 Narsus
857 3700 916 3751 et
945 3691 1254 3750 Rotbarius
1280 3686 1443 3760 quasi
1465 3682 1759 3756 germanis
1784 3681 1842 3736 in
1866 3695 2074 3750 regno,
2175 3677 2361 3750 prisco
2383 3679 2649 3748 tempore
2678 3675 3014 3746 gentilitatis
3031 3692 3151 3732 non
3178 3675 3600 3745 deserunt,quo
3633 3673 3788 3729 Lan-

469 3794 526 3848 et
545 3790 816 3846 emerunt
840 3785 952 3856 (26)
982 3779 1244 3843 consilio,
1281 3771 1576 3846 quomodo
1608 3786 1790 3840 regno
1821 3768 2015 3822 Italico
2047 3783 2080 3820 a
2181 3765 2422 3839 gobardi
2435 3780 2708 3819 moresuo
2721 3763 3287 3836 immolabantcaput
3303 3762 3718 3834 caprediabolo
3734 3763 3796 3818 in

469 3877 674 3937 Iustini
695 3885 717 3918 ο
739 3853 1003 3944 principe
1033 3870 1092 3921 et
1122 3864 1244 3934 ejus
1273 3858 1688 3917 successoribus
1705 3857 1926 3930 eripere
1952 3871 2080 3926 pos-
2184 3857 2507 3927 pugnantes
2532 3853 2640 3908 hoc
2667 3853 2718 3908 ei
2744 3857 3038 3910 currentes
3085 3870 3189 3926 per
3233 3853 3560 3918 circuitum,
3595 3854 3652 3906 et
3677 3868 3800 3907 car—

473 3941 772 4028 set.Quem
795 3956 914 4030 (2³7)
943 3952 1248 4008 Rotharius
1268 3967 1388 4012 rex,
1410 3947 1498 4002 vir
1557 3944 2084 4010 excellentissimus,
2188 3943 2348 3998 mine
2378 3942 2656 3998 nefandos
2681 3943 3111 4000 decantaret.Et
3133 3941 3232 4015 qui
3247 3943 3360 3997 hoc
3383 3959 3502 3997 non
3523 3941 3798 4012 hacquie-

475 4047 928 4123 belligerrimus,
961 4044 1146 4097 factus
1176 4044 1260 4095 est
1277 4037 1566 4102 robustus,
1599 4035 1787 4088 nullus
1813 4033 1866 4088 ei
1894 4031 2092 4087 similis
2192 4035 2394 4100 sceret,
2425 4033 2546 4086 sine
2571 4031 2741 4086 dubio
2773 4031 3268 4104 interrogationis,
3303 4029 3490 4102 capite
3522 4029 3802 4102 puniren-

483 4141 598 4198 suis
625 4119 1028 4208 temporibus.
1062 4132 1270 4186 Narsus
1301 4126 1463 4183 dedit
1505 4124 1558 4179 ei
1587 4121 1822 4179 consilio
1857 4122 1927 4176 de
1958 4137 2092 4193 por-
2195 4125 2306 4176 tur.
2343 4121 2646 4175 Rotharius
2667 4138 2767 4176 rex
2787 4121 3304 4192 Langobardorum
3325 4119 3553 4184 obiit,et
3571 4119 3803 4191 apposi-

483 4233 616 4286 tora
639 4243 751 4300 que
770 4207 987 4279 suntin
1008 4235 1191 4292 regno
1216 4216 1398 4282 Italie,
1422 4216 1486 4268 ut
1511 4229 1714 4268 omnes
1730 4227 1824 4266 eas
1847 4211 2099 4266 destrue—
2199 4213 2288 4264 tus
2311 4214 2392 4263 est
2409 4227 2441 4263 a
2456 4209 2854 4281 Langobardis
2875 4209 3064 4281 gentis
3089 4225 3188 4264 sue
3220 4209 3489 4263 Ravenne
3519 4207 3788 4262 civitatis.

485 4321 580 4374 ret
612 4335 628 4386 ;
655 4295 720 4370 et
751 4330 866 4386 quo
897 4327 1028 4368 eam
1061 4308 1176 4383 (28)
1208 4305 1288 4360 ita
1311 4306 1530 4359 factum
1561 4303 1667 4368 est,
1696 4304 1753 4355 et
1773 4299 2097 4354 absolutum
2199 4298 2430 4371 Sergius
2460 4300 2566 4369 (31)
2599 4315 2751 4371 papa
2779 4298 2841 4352 in
2881 4297 3131 4353 sacrario
3177 4297 3328 4352 beati
3376 4295 3530 4350 Petri
3557 4297 3810 4366 apostoli

487 4411 574 4462 est
589 4384 788 4474 regno
800 4401 995 4456 Italico
1019 4397 1209 4469 ajugo
1239 4387 1972 4460 Constantinopolitane,ab
2001 4386 2096 4440 illo
2119 4473 2145 4474 7
2203 4403 2371 4459 capsa
2397 4391 2675 4460 argentea
2707 4404 2818 4458 que
2845 4387 2902 4442 in
2935 4387 3152 4457 angulo
3180 4384 3580 4441 obscurissime
3603 4384 3810 4440 diutis-

489 4494 583 4550 d-ie
613 4473 885 4562 deinceps
924 4485 1172 4559 amplius
1208 4480 1457 4538 Romani
1489 4477 1750 4534 dationes
1787 4477 2097 4532 Grecorum
2117 4473 2170 4534 D
2201 4476 2344 4531 sime
2366 4477 2647 4547 jacuerat,
2677 4479 2737 4531 et
2783 4476 2844 4530 in
2892 4493 2961 4532 ea
2989 4491 3222 4530 crucem
3252 4473 3493 4530 diversis
3519 4473 3813 4545 lapidibus

488 4561 967 4656 principeminon
999 4574 1377 4654 solverentur.
1413 4571 1621 4623 Narsus
1643 4582 1780 4620 vero
1829 4563 2099 4636 patricius
2199 4565 2501 4635 adornata,
2532 4565 2780 4621 Domino
2798 4561 3541 4635 revelantem,repperit.De
3561 4577 3678 4632 qua
3693 4564 3814 4616 tra-

486 4651 893 4730 iecitaacclesia
913 4683 1045 4722 cum
1061 4651 1482 4720 monasterium
1497 4654 2096 4726 beatiPauliapostOIi,
2199 4654 2302 4709 ctis
2331 4659 2579 4727 quatuor
2608 4654 2849 4726 petallis,
2883 4653 3088 4726 quibus
3116 4669 3350 4725 gemma
3381 4651 3442 4706 in
3454 4651 3607 4705 cluse
3642 4657 3816 4706 erant

491 4760 589 4834 qui
621 4758 828 4816 dicitur
847 4756 1120 4828 aquuas
1137 4746 1635 4820 Salvias,reliquize
1650 4743 2098 4800 beatiAnastasii
2199 4743 2346 4798 mire
2377 4743 2814 4815 magnitudinis,
2845 4743 3119 4815 portione
3147 4740 3293 4812 ligni
3322 4737 3819 4795 salutiferidomi-

485 4827 758 4922 martyris
784 4827 1052 4914 adductae
1101 4841 1468 4896 venerantur.
1494 4834 1825 4892 Construxit
1852 4836 2097 4906 pontem
2199 4832 2325 4887 nice
2353 4833 2535 4888 crucis
2582 4831 2822 4886 interius
2844 4833 3098 4903 reposita
3121 4829 3389 4902 inspexit.
3415 4827 3536 4892 Que
3569 4844 3638 4882 ex
3670 4829 3824 4883 tem-

487 4915 980 5010 ﬂubiiTyberinus
995 4924 1752 5004 meliusquereformavitab
1771 4939 1930 4995 yma.
1951 4923 2097 4978 Nam
2200 4939 2340 4996 pore
2369 4923 2466 4978 illo
2503 4921 2670 4977 annis
2693 4921 2964 4978 omnibus
2993 4921 3054 4977 in
3083 4919 3321 4976 basilica
3350 4915 3674 4974 Salvatoris
3703 4934 3823 4990 que

1804 5045 2036 5100 VARIE
2087 5041 2488 5100 LECTIONES.

558 5194 581 5228 ο
602 5181 882 5259 justinian
909 5195 1044 5236 corr.
1069 5174 1289 5250 justini.
1344 5183 1388 5218 ιο
1417 5175 1454 5229 i.
1485 5191 1530 5230 ε.
1557 5173 1880 5230 redactum.
1939 5177 1982 5212 ιι
2016 5168 2338 5241 synodum.
2369 5167 2516 5224 Cum
2552 5164 2672 5221 cod.

2041 5287 2266 5344 NOTAE.

2274 5408 2382 5481 (28)
2421 5407 2487 5481 Id
2513 5409 2598 5464 est
2627 5407 2900 5481 quoniam.

2273 5479 2376 5553 [29)
2410 5479 2548 5544 Quze
2579 5479 2917 5606 sequuntur,
2947 5495 3018 5535 ex
3045 5479 3220 5535 Beda.

2273 5554 2376 5606 [30)
2406 5553 2470 5606 Id
2499 5555 2584 5606 est
2611 5569 2638 5606 e
2676 5553 2811 5606 ictis.

2269 5554 2376 5624 (30)
2406 5553 2470 5624 Id
2499 5555 2584 5608 est
2611 5553 2811 5608 edictis.

2272 5621 2380 5696 (3i)
2413 5623 2703 5697 Sergius...
2734 5622 2902 5678 redire
2927 5622 3058 5695 fecit
3086 5639 3157 5681 ex
3183 5621 3358 5701 Beda.

571 5429 666 5496 24)
695 5427 1032 5490 ιῙοΙιαηηεευ.
1062 5421 1325 5481 dedicavit
1347 5436 1418 5476 ex
1437 5416 1611 5474 Beda.

573 5505 660 5560 25)
695 5499 946 5558 Minime.

572 5571 664 5629 26)
692 5573 757 5628 Id
785 5573 872 5627 est
902 5571 1174 5625 inierunt.

573 5506 638 5560 25
695 5506 946 5558 Minime.

572 5576 640 5629 26
692 5573 757 5628 Id
785 5573 872 5627 est
902 5571 1040 5625 inier

571 5506 664 5719 27}
695 5643 760 5700 Id
787 5645 875 5700 est
904 5639 1044 5710 Qui.

546 5429 571 5718 ἓ
