3882 6230
377 549 444 608 19
1465 542 1830 601 BENEDICI‘I
1861 542 1919 600 S.
1951 541 2254 601 ANDREJE
2283 541 2594 600 MONACHI
3608 550 3679 608 20

379 672 537 740 riosa
565 666 708 724 huhi
735 664 894 739 prius
907 665 1272 738 Langobardi
1294 668 1367 723 ad
1393 667 1625 724 arbores
1642 667 1984 735 adorabant,
2002 671 2058 732 Α
2081 667 2393 739 migravit.
2429 667 2835 738 Regnaverunt
2865 667 2968 723 ﬁlii
2998 669 3122 741 ejus
3144 685 3248 742 pro
3281 686 3372 738 eo,
3423 670 3580 728 Arud
3623 677 3683 731 et

383 761 446 816 in
479 773 660 814 onore
693 755 874 811 sancti
905 755 1132 823 Felicis;
1181 761 1240 811 et
1283 756 1546 813 hibidem
1598 773 1806 829 corpus
1834 756 1988 812 beati

389 847 592 904 Felicis
627 844 908 916 deposuit,
937 847 994 898 et
1023 843 1116 899 alii
1147 845 1327 900 sancti
1361 847 1570 917 plures,
1601 849 1657 900 et
1679 845 1987 918 depincxit,

386 939 446 991 et
481 933 794 1001 deauravit,
811 933 969 1004 cujus
999 933 1282 988 memoria
1309 951 1484 1007 usque
1503 933 1632 989 odie
1655 936 1762 987 est.
1784 934 1993 989 Genuit

391 1027 588 1080 autem
619 1023 804 1078 isdem
837 1023 1120 1076 Bomuald
1171 1023 1316 1077 filios
1346 1023 1416 1078 de
1445 1023 1823 1078 Theuderada
1853 1027 1989 1092 tres,

391 1127 639 1185 quarum
699 1110 920 1182 primus
967 1109 1246 1164 vocitatur
1289 1111 1562 1176 Aroaldo,
1610 1111 1860 1166 secundo
1889 1112 1997 1166 Ma-

395 1200 618 1268 roaldo,
635 1198 840 1253 tertius
873 1198 1156 1270 Sycardus
1175 1215 1188 1266 ;
1210 1199 1282 1253 ad
1299 1198 1531 1254 ultimus
1545 1198 1995 1254 Sikinolfus.Res

394 1292 557 1362 gesta
582 1305 694 1360 que
717 1303 913 1354 narro,
937 1286 1296 1357 temporibus
1326 1287 1636 1354 Bomuald,
1668 1305 1782 1359 quo
1809 1291 1994 1342 trans-

394 1379 625 1452 portato
651 1393 859 1449 corpus
884 1375 1124 1448 apostoli
1139 1376 1319 1430 sancti
1335 1376 1721 1431 Bartholomei
1752 1377 1821 1430 de
1838 1376 2000 1431 India

397 1465 690 1540 superiore
729 1482 764 1519 a
798 1464 1077 1536 Limparis
1101 1465 1210 1536 (40)
1256 1465 1443 1519 insula
1477 1465 1755 1536 pervenit.
1803 1465 2000 1537 Ibique

400 1555 732 1627 aliquantos
762 1569 947 1608 annos
975 1553 1312 1624 permansit.
1346 1552 1452 1617 Qui
1473 1557 1614 1607 nutu
1646 1553 1745 1608 Dei
1766 1552 2002 1608 veniens

398 1646 804 1715 Agarenorum
819 1650 863 1683 ιδ
875 1643 1168 1712 gens,tota
1189 1641 1377 1696 insula
1394 1641 1527 1713 igne
1544 1641 1850 1712 gladioque
1873 1657 2005 1695 con-

401 1735 634 1805 sumpta
658 1748 692 1786 a
710 1730 1106 1786 fundamentis
1132 1747 1432 1785 murorum
1456 1731 1577 1799 ejus
1598 1729 2006 1800 diruta,sicque

399 1820 666 1894 pervenit
691 1819 765 1874 ad
797 1819 1031 1873 lucellos
1075 1827 1120 1860 1°
1158 1818 1298 1873 hubi
1329 1818 1688 1873 beatissimus
1717 1818 2008 1890 apostolus

403 1911 612 1966 inerat.
647 1908 768 1972 Quo
801 1907 1124 1962 confractus
1152 1907 1406 1974 lucellos,
1444 1923 1570 1961 ossa
1588 1907 1848 1976 ejusdem
1865 1922 2004 1976 apo-

2092 756 2382 811 Maroaldo
2409 755 2680 812 fratribus
2701 757 2832 828 (41),
2861 758 3160 828 prudentis
3190 758 3488 832 principis;
3521 778 3682 836 sepa-

2092 843 2202 900 rati
2232 861 2265 898 a
2296 843 2490 899 fratris
2519 844 2625 912 sui,
2655 844 2712 900 in
2736 845 2989 900 civitates
3019 847 3360 902 Novecertus
3386 850 3500 920 {42)
3523 850 3682 906 babi-

2097 933 2279 988 bitare
2333 937 2655 1004 coeperunt,
2702 935 2983 1006 Sycardus
3011 939 3067 991 et
3107 936 3434 1008 Sykinolfus
3456 953 3600 1008 puer
3625 941 3683 996 in

2094 1022 2344 1076 hurbem
2386 1021 2696 1076 Beneventi
2737 1024 3096 1094 reliquerunt
3135 1023 3268 1096 (43),
3313 1028 3371 1080 et
3398 1027 3580 1082 factus
3606 1031 3689 1085 est

2092 1111 2272 1165 robor
2302 1126 2505 1166 eorum
2531 1109 2591 1164 in
2623 1113 2744 1165 tota
2771 1112 2976 1182 Apulie
3006 1111 3233 1167 ﬁnibus.
3268 1113 3688 1187 Radelgisi,pa-

2095 1199 2306 1253 trueles
2336 1215 2561 1264 eorum,
2583 1199 2884 1255 consilium
2896 1201 3244 1272 perpetravit
3261 1218 3392 1256 cum
3410 1203 3692 1260 habitato-

2097 1287 2254 1342 ribus
2279 1287 2503 1342 civitate
2533 1288 2895 1356 Novecertus,
2923 1290 3072 1344 clam
3125 1291 3532 1362 operabantur.
3589 1293 3689 1348 Ve-

2099 1377 2294 1432 niente
2308 1376 2401 1432 die
2414 1377 2652 1450 pascalis
2672 1379 3333 1450 epyphaniorum,noctu
3350 1381 3409 1434 in
3426 1381 3692 1438 ecclesias

2097 1466 2269 1536 hujus
2296 1465 2537 1520 civitatis
2567 1467 2992 1522 trucidaverunt
3020 1468 3292 1539 principis
3327 1469 3561 1524 summi.
3595 1470 3696 1542 Sy-

2101 1555 2304 1609 cardus
2331 1555 2618 1628 princeps,
2645 1557 2841 1612 audita
2864 1561 3050 1612 morte
3077 1556 3239 1612 fratri
3259 1558 3698 1620 sui,recordatus

2102 1643 2312 1697 virtute
2345 1647 2577 1715 patrum
2608 1661 2869 1711 suorum,
2900 1647 2958 1700 et
2975 1645 3488 1716 Langobardorum
3511 1647 3698 1718 gentis

2105 1748 2228 1796 sue,
2265 1731 2506 1786 ostiliter
2549 1736 2949 1804 congregatus.
3003 1751 3037 1788 a
3089 1734 3430 1789 Novecertus
3475 1734 3700 1790 civitate

2105 1818 2389 1890 pervenit.
2426 1819 2634 1873 Civitas
2659 1820 3003 1873 Novecertus
3033 1837 3249 1891 magna
3273 1826 3330 1875 et
3361 1821 3700 1878 fortitudine

2107 1907 2280 1962 nimis
2293 1925 2306 1975 ;
2321 1911 2618 1976 coeperunt
2631 1907 2990 1977 Langobardi
3007 1907 3268 1964 obsidere
3289 1908 3701 1981 civitates,igne

403 1998 554 2068 stoli,
587 2001 649 2051 ut
677 1995 954 2066 scriptum
981 1997 1098 2050 est:
1141 2015 1172 2047 (ι
1219 1995 1497 2050 Dominus
1527 1995 1772 2049 custodit
1809 1993 2009 2049 omnia
2026 1993 2078 2052 B
2104 1997 2299 2069 gladio
2321 1997 2677 2051 devastantes
2693 1998 2905 2069 oppida
2923 2001 3402 2065 eorum,etcastre
3417 1998 3702 2055 destructo

409 2103 534 2142 ossa
583 2101 830 2152 eorum;
865 2100 1012 2138 unus
1044 2100 1111 2138 ex
1159 2083 1238 2138 eis
1285 2100 1403 2137 non
1452 2087 1781 2138 conteretur
1826 2081 2003 2154 (Ρεαι.

403 2191 592 2241 χχχιιι,
624 2173 732 2244 21).
766 2194 793 2221 ››
816 2171 1094 2228 Dominus
1114 2175 1307 2226 autem
1330 2189 1388 2226 in
1406 2171 1528 2242 ipsa
1545 2174 1712 2226 nocte
1744 2170 2010 2243 apparuit

406 2263 667 2321 custodes
683 2262 945 2333 ejusdem
963 2261 1444 2333 apostoli,dicens:
1455 2260 1872 2329 «Vade,collige
1884 2275 2012 2314 ossa

407 2352 672 2427 apostoli.
707 2373 735 2399 »
763 2349 870 2415 Qui
892 2349 1120 2404 duriose
1141 2350 1504 2404 turbulenter
1525 2348 1665 2402 dixit
1693 2366 1706 2403 :
1737 2369 1768 2400 α
1791 2346 1874 2402 Ειι
1893 2346 2008 2402 me!

406 2445 654 2516 quantos
683 2455 867 2494 annos
896 2439 956 2494 in
993 2437 1221 2493 servitio
1274 2439 1394 2510 ejus
1443 2437 2014 2511 perduravit,quanta

407 2528 728 2587 accidentia
742 2528 886 2583 mihi
913 2528 1291 2583 evenit.Modo
1315 2527 1505 2582 diruta
1529 2531 1660 2582 sunt
1672 2526 1868 2581 omnia
1887 2541 2034 2592 ossa

409 2621 552 2692 ejus,
584 2635 718 2673 cum
757 2617 879 2673 aliis
909 2616 1128 2672 ossibus
1153 2616 1420 2671 miscuis:
1459 2616 1752 2688 quomodo
1779 2629 2012 2687 possum

409 2707 555 2764 meis
599 2706 820 2762 ossibus
865 2706 1222 2778 agnoscere?
1268 2728 1296 2754 »
1334 2704 1453 2769 Que
1485 2705 1626 2760 dixit
1655 2704 1767 2758 eis:
1818 2722 1850 2755 α
1874 2701 2012 2756 Vide

410 2797 628 2854 ossibus
657 2796 935 2851 ﬂammeo
968 2795 1258 2850 radiantes
1286 2793 1439 2849 inter
1464 2793 1586 2848 aliis
1614 2811 1628 2859 ;
1659 2792 1778 2864 ipse
1808 2791 2012 2862 collige

411 2884 742 2957 diligenter.
774 2906 800 2932 »
823 2885 892 2938 Et
916 2899 1030 2956 quo
1063 2883 1143 2938 ita
1162 2883 1379 2938 factum
1409 2886 1522 2950 est;
1555 2882 1791 2937 collecta
1821 2883 1904 2936 est
1921 2896 2010 2934 re-

411 2973 586 3046 liquie
617 2972 859 3045 apostoli
885 2971 946 3026 in
975 2971 1219 3027 sindone
1235 2971 1470 3026 munda.
1501 2970 1749 3042 Agareni
1768 2973 1852 3024 est
1873 2985 2010 3023 con-

411 3061 651 3118 suetudo
697 3060 903 3132 Apulie
962 3060 1341 3132 depopulare;
1393 3077 1504 3132 que
1530 3060 1688 3114 fama
1717 3057 1872 3125 exiit,
1901 3058 2013 3112 Bo-

410 3151 609 3208 muald
639 3149 917 3206 exercitus
955 3149 1178 3216 direxit,
1219 3152 1281 3203 ut
1314 3149 1626 3204 custodiret
1671 3150 1909 3220 portora
1957 3149 2014 3201 et

413 3239 591 3296 maris
643 3237 864 3296 limitis.
910 3238 1114 3310 Sicque
1163 3242 1549 3312 pervenerunt
1591 3235 2016 3308 Langobardia

413 3331 729 3402 Lympares
758 3329 942 3384 insula
965 3311 1308 3396 dosolatam,
1331 3331 1389 3382 et
1419 3327 1687 3383 viderunt
1711 3325 2015 3381 hominem
2037 3311 2084 3371 C

415 3418 540 3488 Dei,
571 3420 630 3474 et
660 3417 961 3473 dixerunt:
993 3439 1019 3466 «
1064 3417 1233 3488 cuius
1271 3416 1480 3472 merita
1504 3416 1597 3471 hic
1622 3413 1955 3469 veneratis?
1987 3435 2015 3462 »

423 3509 493 3563 Et
523 3507 663 3563 dixit
687 3507 806 3561 eis:
841 3529 868 3556 ‹‹
913 3506 1132 3578 Corpus
1153 3505 1468 3562 beatissimi
1516 3503 1760 3576 apostoli
1781 3502 2019 3556 Bartho-

420 3597 598 3654 lomei
630 3596 704 3651 ab
730 3596 1008 3668 Agarenis
1033 3595 1336 3651 disfractus
1356 3613 1370 3664 ;
1393 3593 1571 3650 modo
1599 3595 1714 3649 Deo
1748 3591 1895 3645 mire
1914 3591 2025 3645 col-

416 3688 596 3744 lectus
619 3685 692 3741 ab
723 3701 812 3740 eo.
838 3687 1051 3740 Iterum
1083 3687 1317 3740 veniunt
1331 3680 1622 3755 Aggareni
1646 3679 1867 3748 ;nescio
1886 3677 2024 3750 quid

415 3777 625 3833 faciam
651 3774 666 3829 l
721 3795 750 3824 »
784 3775 857 3829 Ut
886 3774 1216 3840 audierunt,
1250 3775 1498 3827 letantes
1525 3768 1708 3824 nimia
1735 3783 2020 3840 appreen-

415 3866 629 3922 derunt
661 3871 705 3906 ιτ
756 3861 1109 3934 Largobardi
1143 3861 1441 3917 hominem
1474 3875 1608 3914 cum
1631 3855 2021 3912 venerabilem

417 3969 627 4026 corpus
650 3950 892 4025 apostoli
923 3951 980 4006 in
995 3967 1141 4007 nave
1164 3952 1448 4022 suscepta,
1472 3946 1702 4019 navigio
1722 3949 2018 4019 ceperunt.

419 4045 490 4098 Et
517 4057 649 4097 ecce
677 4041 879 4096 classes
906 4039 1200 4112 navigium
1223 4037 1473 4093 nimium
1491 4039 1893 4108 Agarenorum
1924 4052 2023 4107 ap-

420 4129 784 4206 proximavit.
804 4129 1074 4185 Videntes
1093 4127 1489 4200 Langobardis
1509 4141 1638 4197 spes
1659 4141 1862 4181 eorum
1879 4128 2028 4180 esset

423 4221 636 4287 ablata,
667 4218 837 4293 proni
861 4219 1069 4274 devota
1100 4219 1235 4272 ante
1266 4232 1472 4287 corpus
1490 4213 1736 4286 apostoli
1762 4214 2024 4287 projece-

421 4311 560 4364 runt
579 4325 638 4364 se
661 4324 793 4364 cum
808 4306 1101 4380 lacrymis,
1129 4308 1189 4360 et
1208 4304 1501 4359 dixerunt:
1531 4304 1771 4358 «Sancte
1795 4304 2026 4360 Bartho-

422 4401 614 4456 lomee
644 4399 926 4472 apostole,
960 4395 1004 4450 si
1036 4395 1110 4448 de
1139 4392 1406 4466 periculis
1447 4392 1569 4448 istis
1599 4391 1825 4448 liberati
1846 4393 2022 4450 fueri-

420 4504 550 4544 mus
584 4491 644 4544 et
670 4487 732 4542 in
763 4502 903 4558 pace
935 4481 1165 4548 reversi,
1200 4481 1259 4535 in
1285 4485 1383 4536 tuo
1429 4481 1665 4538 nomine
1704 4484 1882 4538 altare
1923 4499 2022 4539 au-

421 4594 591 4634 reum
617 4577 675 4630 et
703 4576 1072 4646 argenteum,
1100 4569 1256 4624 infra
1297 4571 1554 4626 aacclesia
1580 4574 1774 4627 sancte
1799 4572 1901 4628 Dei
1930 4589 2025 4645 ge-

422 4665 643 4721 nitricis
665 4662 838 4718 Marie
867 4664 1185 4732 patremus.
1220 4679 1248 4707 »
1273 4659 1351 4713 Ex
1379 4676 1490 4732 quo
1519 4660 1668 4716 dicto
1689 4661 1747 4716 in
1765 4662 2024 4718 oratione

420 4755 702 4817 levantes,
735 4753 927 4804 tantos
957 4764 1120 4802 error
1158 4747 1466 4804 tenebrosa
1509 4750 1712 4818 incest,
1745 4753 1808 4806 ut
1848 4767 2024 4807 nemo

423 4845 576 4898 inter
599 4835 1009 4908 Langobardos
1021 4837 1379 4907 etAgarenos
1397 4854 1628 4894 cernere
1641 4858 1758 4895 non
1777 4843 2023 4912 poterat.

425 4932 632 5003 Sicque
675 4925 994 5000 gaudentes
1034 4925 1100 4979 in'
1143 4926 1448 4984 Beneventi
1493 4929 1736 4984 hurbem
1783 4929 2027 5003 ingressi

424 5022 590 5086 sunt;
625 5016 697 5072 de
727 5015 996 5070 thesauro
1020 5031 1129 5086 que
1146 5023 1438 5090 coeperunt
1453 5019 1735 5075 Romuald
1754 5021 2028 5094 principis

426 5099 719 5162 deferunt.
755 5103 926 5176 Cujus
954 5105 1165 5161 merita
1201 5106 1374 5179 ipsius
1414 5110 1658 5181 apostoli
1695 5126 1936 5181 corpore
1969 5115 2028 5166 et

423 5197 599 5268 signis
635 5194 888 5266 usquein
911 5194 1084 5250 finem
1104 5197 1278 5251 secuti
1301 5197 1560 5254 hibidem
1590 5202 1914 5270 permanet.

496 5286 581 5340 14.
595 5285 905 5340 Transacto
921 5301 1171 5359 namque
1193 5286 1743 5358 tempore,glorioso
1759 5289 2028 5358 princeps

2107 2089 2260 2140 sunt.
2291 2085 2618 2140 Munierunt
2647 2085 2899 2140 civitates
2923 2103 3064 2158 gyro
3108 2104 3213 2159 per
3251 2086 3510 2154 circuitu,
3537 2086 3616 2142 ita
3638 2090 3707 2142 ut

2108 2192 2227 2230 non
2241 2174 3294 2246 possitbabitatorcivitatesNovecertis
3303 2194 3406 2248 pre
3419 2177 3704 2248 impetum

2109 2264 2419 2318 bellatores
2445 2280 2651 2318 manus
2681 2264 2923 2335 erigere.
2965 2266 3031 2320 Et
3059 2270 3466 2336 pugnaverunt
3489 2267 3710 2338 Lango-

2111 2351 2277 2406 bardi
2304 2351 2572 2406 adversus
2597 2369 2692 2407 eos
2731 2353 2929 2408 multis
2956 2353 3175 2408 diebus.
3209 2355 3278 2408 Et
3306 2353 3568 2408 fecerunt
3587 2370 3708 2410 ma-

2113 2439 2308 2494 chinas
2331 2455 2346 2506 ;
2377 2443 2434 2494 et
2463 2440 2620 2494 misit
2647 2440 2930 2512 Sycardus
2961 2457 3226 2512 princeps
3247 2443 3468 2513 legatos
3488 2443 3560 2498 ad
3577 2443 3709 2498 hurb

2109 2527 2245 2583 bem
2275 2528 2581 2583 Beneventi
2606 2528 2678 2582 ad
2703 2529 3031 2600 Sykinolfus
3046 2546 3208 2601 puer,
3222 2546 3501 2602 germano
3517 2532 3712 2601 suo,ut

2111 2615 2336 2670 veniret
2367 2616 2440 2670 ad
2494 2634 2574 2670 se.
2609 2617 2675 2670 Et
2716 2616 2888 2671 exivit
2929 2617 3260 2688 Sykinolfus
3285 2618 3552 2692 princeps
3577 2635 3712 2675 cum

2115 2703 2510 2767 multitudine,
2555 2708 2614 2758 et
2664 2704 2942 2776 percussit
2971 2705 3226 2761 civitates
3249 2707 3620 2775 Novecertus;
3651 2710 3717 2762 et

2115 2792 2422 2848 trucidavit
2451 2793 2683 2847 multos.
2701 2793 2768 2846 Et
2788 2795 3354 2867 comprehenderunt
3377 2795 3718 2862 civitates,et

2114 2881 2510 2938 conbuserunt
2535 2897 2630 2935 eas
2655 2881 2792 2953 igne
2823 2898 2952 2937 cum
2983 2884 3226 2956 populos
3245 2886 3304 2938 et
3319 2883 3626 2952 mulieres;
3656 2887 3720 2938 et

2117 2987 2234 3026 non
2266 2972 2673 3025 remanserunt
2716 2987 2783 3024 ex
2813 2987 2908 3026 eas
2944 2989 3120 3045 usque
3147 2989 3310 3028 unus.
3348 2973 3416 3026 Et
3439 2972 3718 3028 subvertit

2115 3075 2334 3126 muros,
2357 3061 2416 3113 et
2451 3057 2678 3113 mceniaa
2705 3057 2949 3115 civitatis
2975 3061 3268 3132 dissipavit
3291 3079 3325 3116 a
3351 3062 3472 3117 solo
3513 3061 3722 3116 funda-

2116 3147 2348 3206 mentis.
2379 3147 2660 3219 Sycardus
2682 3165 2940 3204 reversus
2971 3154 3057 3204 est
3081 3150 3140 3204 in
3162 3151 3418 3206 civitates
3436 3151 3713 3206 Lavellus.

2124 3235 2446 3309 Sycinolfus
2477 3236 2762 3308 ingressus
2788 3243 2872 3294 est
2919 3239 2977 3293 in
3007 3239 3253 3294 hurbem
3299 3238 3630 3306 Beneventi,
3658 3240 3721 3294 et

2121 3329 2419 3398 cmperunt
2450 3325 2714 3397 judicare
2750 3329 2996 3398 populo;
3047 3330 3106 3382 et
3135 3327 3448 3382 trucidaret
3485 3326 3718 3399 impios.

2120 3418 2256 3471 Erat
2275 3415 2433 3470 enim
2453 3415 2751 3470 consilium
2766 3416 3066 3488 Radelgysi
3082 3434 3292 3472 vanum
3309 3420 3368 3471 et
3376 3415 3720 3487 pessimum,

2125 3506 2182 3558 et
2208 3503 2363 3558 misit
2391 3504 2612 3574 legatos
2641 3503 2715 3557 ad
2735 3504 2983 3558 hurbem
3025 3505 3326 3560 Salernam
3363 3505 3438 3559 ad
3462 3505 3573 3560 Leo
3592 3505 3722 3576 epi-

2125 3609 2349 3666 scapus,
2380 3596 2445 3647 ut
2468 3591 2769 3647 intimaret
2798 3609 2832 3647 a
2865 3593 3115 3665 Sycardo
3144 3594 3426 3666 principe,
3457 3597 3520 3647 ut
3548 3593 3724 3665 Syki-

2127 3683 2321 3739 nolfus
2347 3698 2493 3754 puer
2525 3681 2911 3738 transmittere
2937 3699 2971 3737 a
2991 3682 3229 3739 Salerna
3257 3683 3473 3751 civitas,
3493 3685 3556 3737 ut
3581 3683 3728 3739 artis

2124 3773 2452 3828 litterarum
2483 3770 2878 3826 instrueretur.
2915 3772 2990 3828 Ex
3035 3789 3148 3846 quo
3180 3773 3262 3828 ita
3285 3775 3584 3844 peractum
3611 3775 3726 3840 est,

2121 3861 2313 3933 sicque
2338 3859 2539 3932 petitio
2569 3875 2770 3915 eorum
2791 3861 3170 3933 adimpletum
3199 3865 3304 3916 est.
3329 3860 3732 3934 Regnavitﬁé)

2123 3950 2283 4006 idem
2311 3947 2624 4004 Sikinolfus
2648 3949 2706 4004 in
2729 3949 2972 4005 hurbem
2996 3950 3318 4005 Salernem.
3335 3949 3736 4006 Beneventani

2126 4037 2454 4094 unianimes
2501 4041 2752 4094 tractans
2801 4039 2872 4094 de
2914 4039 3150 4093 interitu
3182 4037 3419 4110 Sycardi
3451 4037 3732 4110 principi,

2125 4127 2405 4184 miserunt
2433 4127 2666 4182 nuntius
2695 4127 2768 4182 ad
2789 4127 2902 4182 Leo
2923 4127 3224 4199 episcopus
3245 4125 3738 4194 Salernitanos,ut

2127 4216 2448 4288 Sycinolfus
2475 4217 2670 4272 oculos
2700 4217 2823 4286 ejus
2847 4229 3049 4270 eruere
3071 4233 3084 4282 ;
3103 4219 3165 4270 ut
3185 4215 3538 4288 principatus
3550 4215 3738 4270 Bene-

2128 4306 2304 4375 venti,
2337 4306 2396 4361 in
2418 4323 2478 4362 se
2507 4305 2642 4378 ipsis
2679 4304 2908 4360 exibere
2953 4301 3244 4372 virtutem,
3271 4303 3573 4360 Salernam
3593 4305 3740 4360 hur-

2125 4397 2262 4452 bem
2287 4395 2346 4452 in
2377 4411 2478 4450 sua
2497 4393 2799 4466 potestatis
2824 4393 3138 4466 percipere.
3156 4393 3279 4458 Quo
3303 4394 3414 4449 Leo
3428 4392 3743 4466 episcopus

2127 4504 2246 4542 non
2281 4483 2608 4557 hacquievit
2659 4483 2896 4539 consilio
2951 4498 3177 4539 eorum.
3205 4485 3362 4538 Tunc
3399 4481 3744 4538 unianimes

2128 4572 2515 4630 Beneventani
2536 4574 2916 4643 perrexerunt
2945 4587 2980 4625 a
3010 4571 3272 4626 Labellus
3313 4569 3544 4637 civitas;
3577 4570 3745 4642 paci-

2125 4664 2230 4718 ﬁce
2261 4663 2434 4717 verba
2457 4660 2693 4733 Sycardi
2721 4659 2969 4732 principi
2996 4675 3238 4716 narrare
3260 4661 3577 4729 caaperunt.
3604 4657 3742 4722 Quo

2126 4751 2391 4824 princeps
2420 4747 2672 4820 benigne
2698 4747 2942 4818 suscepit
2964 4763 3168 4802 eorum
3195 4747 3389 4812 verba,
3408 4744 3744 4802 honoriﬁce

2129 4837 2473 4910 composuit.
2504 4839 2660 4892 Tunc
2691 4854 2836 4892 unus
2876 4854 2941 4892 ex
2985 4836 3122 4906 ipsis
3162 4834 3423 4906 gladium
3461 4833 3743 4904 arripuit,

2128 4944 2508 5004 percussoque
2551 4926 2832 4997 principe,
2905 4927 3096 4979 totum
3137 4939 3344 4994 corpus
3398 4923 3522 4994 ejus
3571 4923 3745 4978 ferro

2127 5024 2350 5076 vastare
2383 5018 2700 5088 caaperunt.
2735 5014 3049 5068 Combusta
3077 5011 3323 5066 hurbem
3379 5012 3672 5074 Labellus,
3709 5028 3749 5067 a

2131 5109 2537 5163 Beneventana
2564 5103 2811 5157 hurbem
2842 5099 3088 5172 regressi
3115 5104 3267 5156 sunt.
3299 5100 3370 5155 Et
3386 5101 3752 5172 juraverunt

2127 5197 2283 5252 inter
2312 5211 2394 5266 se,
2414 5197 2482 5248 ut
2510 5191 2662 5246 ultra
2691 5207 2810 5246 non
2835 5187 3265 5262 acquiescerent
3283 5188 3560 5262 principis
3573 5188 3751 5262 Syki-

2131 5284 2346 5339 nolfus.
2389 5282 2458 5336 Et
2496 5279 2740 5336 surrexis
2792 5278 3123 5351 Sykinolfus
3156 5279 3443 5352 princeps,
3481 5280 3539 5333 et
3560 5277 3748 5334 huni-

1739 5409 1968 5464 vitam:
2001 5398 2400 5466 LECTIONES.

486 5533 532 5571 ιι
563 5541 871 5600 agarorum
899 5544 946 5586 ε.
999 5535 1043 5571 ιο
1073 5529 1110 5584 ἰ.
1133 5545 1184 5588 e.
1209 5526 1468 5584 locellos.
1531 5533 1575 5567 ιτ
1607 5495 2246 5598 nimiappreenderunt.

478 5697 593 5812 (40)
621 5744 684 5800 Id
724 5701 910 5798 estad
937 5741 1200 5812 Liparim.

497 5816 585 5888 41)
613 5811 1173 5888 ﬁrimoalldus’filius
1199 5811 1516 5866 Romoaldo
1548 5813 1830 5868 successit.

497 5818 585 5888 41)
614 5818 870 5869 Grimoal

471 5818 582 5960 ξω)
610 5883 870 5942 Nocere?

1960 5643 2180 5700 ΝΟΤΑΞ.

2185 5742 2294 5814 (43)
2327 5739 2579 5814 Fabula»:
2609 5735 2693 5790 Cf.
2727 5733 3224 5814 Erchempertum.

2187 5807 2300 5886 (44)
2328 5812 2391 5867 Id
2417 5811 2503 5865 est
2530 5808 2679 5863 Dum
2707 5807 2968 5876 regnavit.
