3882 6230
132 513 193 565 21
1598 496 1762 560 CHRC

1864 502 2016 559 CON.
3388 502 3462 559 22

136 628 318 686 versis
356 628 455 703 qui
488 647 546 685 se
569 628 980 700 conjuncxerat
1006 625 1280 681 fratribus
1309 625 1440 693 suis,
1464 625 1521 680 et
1550 623 1754 697 prelia-
1772 630 1828 689 Α
1857 640 2020 696 ribus
2068 640 2189 711 ejus
2228 642 2355 696 om,
2386 642 2489 708 est,
2526 640 2744 711 quanta
2781 652 3081 710 nunquam
3138 639 3310 693 antea
3360 639 3461 693 aut

140 721 361 776 bantur
388 718 574 790 prelia
604 734 840 788 magna,
866 719 924 770 et
955 714 1214 770 dilatavit
1241 714 1509 769 virtutem
1544 715 1753 786 populo

143 826 247 863 suo
272 807 680 878 Langobardo,
705 808 762 859 et
793 803 981 859 induit
1000 820 1055 856 se
1082 803 1319 857 loricam
1350 804 1503 856 velut
1528 802 1748 872 gigans,

140 902 201 952 et
232 897 551 968 precincxit
580 913 639 950 se
673 911 837 949 arma
873 892 1096 959 bellica,
1140 895 1197 945 et
1225 891 1567 962 praeparavit
1589 908 1647 944 se
1678 891 1747 945 ad

142 988 391 1042 bellum.
416 987 484 1040 Et
500 985 733 1040 veniens
753 1000 785 1038 a
811 981 1119 1036 Beneventi
1142 980 1420 1043 hurbem;
1448 984 1584 1034 tunc
1612 980 1752 1034 infe-

137 1076 281 1129 lices
300 1073 688 1130 Beneventani
708 1070 991 1128 miserunt
1012 1070 1245 1124 nuntius
1274 1087 1306 1123 a
1333 1068 1650 1140 Sycinolfns
1672 1068 1752 1122 di-

139 1169 345 1219 centes
378 1181 391 1217 :
425 1182 458 1215 α
487 1162 573 1216 Hii
603 1161 699 1233 qui
725 1164 858 1215 sunt
877 1158 1215 1221 homicidas,
1234 1159 1496 1212 manibus
1518 1157 1627 1211 tuis
1649 1157 1748 1211 da-

142 1271 318 1322 mus;
350 1255 568 1307 terram
598 1250 756 1304 enim
788 1247 1057 1322 potestati
1088 1251 1183 1301 tue
1216 1247 1306 1301 es!
1339 1265 1369 1299 ››
1402 1246 1748 1317 Sykinolfus,

150 1342 426 1415 princeps
452 1340 843 1404 Salernitano,
876 1338 1011 1393 fecit
1031 1337 1283 1390 vindicta
1305 1336 1374 1389 de
1405 1336 1582 1390 fratre
1613 1352 1749 1402 suo;

145 1430 419 1486 trucidati
450 1433 509 1482 et
532 1427 791 1499 suspensi
823 1427 894 1481 de
924 1424 1312 1481 Beneventani
1337 1441 1581 1479 numero
1612 1439 1751 1495 qua-

156 1519 431 1592 draginta
461 1535 575 1574 sex.
611 1517 867 1572 Victores
912 1533 946 1571 a
984 1515 1285 1570 Salernam
1331 1514 1575 1568 hurbem
1622 1529 1753 1583 per-

147 1608 318 1663 rexit.
336 1609 406 1661 Et
422 1607 636 1661 factum
657 1605 981 1660 estirritum
1008 1620 1285 1675 magnum
1301 1603 1451 1657 inter
1472 1604 1757 1657 Beneven-

152 1701 247 1751 tos
269 1699 328 1750 et
347 1696 472 1765 ejus
487 1693 873 1760 succedentia,
898 1696 955 1746 et
971 1693 1213 1747 Salernu
1230 1696 1287 1746 et
1302 1691 1423 1761 ejus
1450 1691 1754 1745 succeden-

152 1785 255 1852 tia,
292 1788 351 1839 et
381 1783 576 1839 divisio
608 1799 786 1854 usque
812 1783 871 1836 in
903 1784 1233 1853 presentem
1278 1781 1431 1834 diem
1463 1780 1569 1849 (an.
1604 1783 1750 1847 712).

232 1877 317 1927 15.
355 1871 729 1942 Liuprandus,
744 1886 843 1924 rex
861 1869 1395 1939 Langobardorum,
1414 1868 1549 1922 fecit
1562 1883 1758 1938 pugna

1855 734 2055 804 postea
2083 729 2315 783 naribus
2341 730 2461 800 ejus
2491 728 2748 782 adhibita
2768 744 2885 781 non
2918 725 3026 780 fuit
3050 743 3064 793 ;
3092 743 3209 781 non
3225 727 3452 780 tantum

1852 820 2084 890 regibus
2115 821 2170 871 et
2198 817 2420 889 regina,
2452 817 2551 871 sed
2571 816 2745 870 etiam
2768 832 2802 869 a
2820 815 3035 869 cunctis
3059 814 3453 885 Langobardis

1853 907 2222 978 sequentibus
2242 922 2320 959 se.
2360 908 2643 960 lntrantes
2685 904 2745 959 in
2775 904 3029 959 (ecclesia
3049 904 3217 976 juxta
3245 918 3453 973 corpus

1853 995 2188 1050 sanctissimi
2205 994 2641 1064 Nonnosi,cujus
2654 993 2914 1064 superius
2927 992 3277 1047 memoriam
3294 990 3449 1057 fecit,

1852 1101 1969 1139 non
1988 1085 2159 1154 longe
2181 1100 2213 1137 a
2236 1100 2440 1154 corpus
2464 1083 2615 1137 beati
2639 1081 2910 1148 Silvestri,
2939 1084 3063 1135 erat
3083 1098 3231 1135 unus
3262 1096 3328 1134 ex
3358 1096 3456 1150 pa-

1855 1172 2119 1227 rasitibus
2145 1171 2256 1225 suis
2287 1171 2699 1241 Langobardis,
2733 1171 2803 1225 de
2841 1169 3184 1241 genealogia
3226 1169 3453 1238 Lango-

1848 1260 2029 1317 bardo
2057 1260 2127 1314 de
2155 1260 2460 1314 Beneventi
2492 1260 2758 1325 hurbem,
2792 1258 2887 1330 qui
2916 1274 3019 1329 per
3048 1256 3396 1312 hereditaria
3422 1273 3457 1311 a

1853 1348 2126 1403 demonio
2156 1352 2288 1402 sunt
2327 1348 2532 1414 vexati,
2580 1351 2818 1418 propter
2845 1346 3313 1401 maledictionem
3344 1360 3455 1415 que

1854 1436 2216 1491 beatissimus
2259 1436 2533 1490 Barbatus
2561 1437 2860 1505 episcopus
2888 1434 3186 1505 imposuit,
3217 1436 3457 1504 propter

1855 1525 2157 1579 Theodora
2189 1524 2377 1579 uxoris
2405 1524 2690 1579 Bomuald
2716 1522 2981 1594 principi,
3010 1522 3169 1587 cuius
3198 1520 3457 1593 superius

1857 1612 2203 1667 memoriam
2218 1612 2478 1666 fecimus.
2506 1611 2627 1676 Quo
2649 1613 2861 1667 demon
2883 1627 2988 1683 per
3007 1611 3111 1665 hos
3129 1609 3303 1682 ipsius
3315 1608 3459 1663 Lan-

1858 1702 2115 1772 gobardo
2142 1702 2392 1755 clamare
2415 1701 2599 1772 cepit:
2626 1700 2715 1754 «0
2736 1700 3024 1766 Nonnose,
3045 1698 3182 1771 quid
3212 1713 3307 1753 me
3334 1712 3461 1769 per-

1857 1790 2091 1844 turbas?
2114 1789 2287 1843 modo
2321 1807 2439 1845 non
2466 1806 2605 1843 exeo
2635 1788 2943 1860 hinc,quia
2976 1804 3081 1859 per
3109 1784 3460 1841 hereditaria

1860 1878 2047 1948 gentis
2080 1878 2181 1931 iste
2200 1878 2589 1931 succedemus.
2611 1876 2655 1931 O
2687 1876 2954 1931 Silvester
2975 1875 3263 1945 episcope,
3280 1873 3460 1927 virtus

153 1978 288 2016 cum
323 1962 640 2015 Avarorum
669 1976 811 2029 ἔθυε
836 1959 895 2013 in
926 1957 1221 2030 Αίῖυίίθὲίθ
1248 1958 1525 2029 Partibus:
1545 1960 1602 2010 et
1627 1973 1759 2011 0011-
1778 1963 1829 2021 Β
1858 1969 1958 2020 tua
1987 1983 2081 2020 me
2114 1966 2462 2031 incendent;
2494 1968 2551 2018 et
2574 1964 2621 2018 si
2652 1964 2861 2018 dehinc
2890 1981 2985 2019 me
3024 1963 3200 2032 ejicis,
3221 1979 3254 2016 a
3274 1963 3458 2016 Bene-

155 2048 401 2105 culcavit
428 2048 747 2120 Aquilegia,
768 2051 825 2102 et
846 2047 1097 2113 Benetia,
1128 2062 1352 2101 necnon
1383 2044 1647 2099 Sardinia
1672 2044 1756 2097 in-

155 2140 302 2204 sula,
327 2141 385 2192 et
410 2137 657 2203 Corsica,
680 2140 737 2191 et
758 2136 1052 2207 ampliavit
1080 2152 1327 2206 regnum
1358 2134 1761 2203 Langobardo-

157 2243 314 2282 rum.
349 2226 472 2290 Quo
490 2242 587 2280 rex
612 2226 795 2280 factus
818 2225 903 2278 vir
927 2222 1431 2278 christianissimus
1462 2226 1632 2293 atque
1666 2239 1757 2276 ca-

159 2315 681 2386 tholicus,synodus
699 2312 1465 2376 factuscanonicorum,cum
1482 2310 1763 2381 episcopis

157 2408 217 2459 et
249 2403 472 2457 clericis
502 2403 675 2457 ﬁdem
725 2406 919 2457 sancte
948 2400 1257 2455 Trinitatis.
1291 2401 1357 2453 Et
1390 2416 1488 2454 rex
1538 2401 1759 2469 Lango-

159 2493 481 2548 bardorum
523 2508 635 2565 que
667 2495 839 2546 antea
868 2490 1141 2561 disposita
1176 2506 1294 2545 non
1337 2492 1487 2554 sunt,
1522 2488 1761 2542 miriﬁce

157 2582 507 2654 composuit.
540 2580 821 2651 Regnavit
848 2579 1075 2633 hisdem
1106 2595 1203 2632 rex
1237 2577 1552 2632 honorifice
1580 2594 1765 2632 annos

156 2672 371 2744 plures,
399 2674 459 2725 et
488 2670 750 2741 quietum
782 2671 868 2723 est
894 2683 1143 2738 regnum
1175 2665 1687 2737 Langobardorum
1706 2670 1765 2721 et

154 2761 578 2815 Romanorum.

237 2851 330 2903 16.
367 2848 500 2917 (An.
558 2848 707 2916 743.)
750 2844 957 2899 Genuit
998 2846 1192 2899 autem
1233 2843 1415 2898 isdem
1476 2859 1573 2897 rex
1620 2843 1765 2898 ﬁlios

161 2937 307 2992 duos
330 2936 480 3006 (45);
514 2936 735 3008 primus
764 2934 1008 2999 Rachisi,
1033 2934 1315 2987 secundus
1328 2934 1636 3005 Astulphus
1666 2949 1765 2987 vo-

158 3024 396 3080 citatur.
423 3024 742 3079 Constituto
791 3021 1013 3076 Rachisi
1062 3038 1095 3076 a
1126 3024 1287 3094 patre
1327 3038 1427 3076 suo
1473 3038 1675 3091 regno,
1709 3024 1767 3075 et

159 3113 347 3167 factus
367 3114 452 3166 est
473 3128 573 3165 rex
605 3110 797 3164 Italico
829 3110 1115 3163 viventem
1146 3109 1294 3179 patri
1326 3110 1465 3179 ejus.
1501 3108 1767 3180 Obiitque

163 3200 529 3273 Liuprandus
581 3216 677 3253 rex
710 3200 820 3270 (an.
866 3200 990 3265 744,
1030 3198 1225 3269 Sept),
1272 3198 1492 3269 accepit
1542 3197 1764 3253 Bachisi

1859 2054 2013 2108 venti
2038 2054 2283 2107 hurbem
2310 2052 2607 2123 regrediar
2636 2068 2669 2106 a
2700 2052 3183 2121 consanguinium
3216 2049 3394 2103 istius.
3426 2067 3460 2100 ι

1861 2143 1984 2207 Quo
2009 2142 2159 2195 dicto
2183 2142 2395 2194 demoo
2417 2140 2765 2211 discerpens,
2780 2139 2975 2193 exiens
2994 2138 3066 2191 ab
3095 2152 3163 2190 eo
3184 2153 3197 2203 ;
3222 2138 3461 2207 propter

1858 2233 1969 2285 hoc
1981 2229 2164 2284 vocati
2184 2232 2316 2283 sunt
2336 2229 2509 2299 ipsius
2522 2226 2858 2299 genealogie
2888 2224 3251 2295 Langobardi
3278 2225 3459 2278 Bene-

1863 2319 2019 2373 venti
2049 2340 2076 2368 «
2110 2316 2702 2387 tempta-demonium
2740 2336 2766 2361 »
2799 2330 2978 2385 usque
3020 2313 3078 2367 in
3129 2315 3461 2383 presentem

1865 2408 2041 2462 diem.
2064 2406 2169 2470 Qui
2200 2408 2365 2460 tanta
2394 2403 2605 2476 gaudia
2634 2404 2692 2457 in
2722 2402 2947 2457 Bachisi
2976 2418 3073 2455 rex
3102 2405 3161 2455 et
3185 2401 3307 2471 ejus
3328 2416 3464 2455 con-

1855 2497 1977 2568 jux,
2013 2499 2069 2549 et
2100 2495 2332 2549 cunctos
2359 2492 2693 2564 sequacibus
2713 2490 2826 2545 suis
2850 2489 3462 2561 Langobardisinerat,

1865 2587 1928 2639 ut
1957 2583 2316 2638 ferocitatem
2351 2581 2449 2653 qui
2480 2580 2698 2635 dudum
2728 2580 2989 2645 abuerat,
3020 2577 3079 2632 in
3114 2576 3463 2632 umilitatem

1864 2672 2047 2745 gratio
2081 2673 2212 2724 sunt
2229 2668 2503 2725 conversi.
2523 2666 3054 2732 Quantaslacrimas
3084 2669 3142 2720 et
3173 2665 3467 2721 orationes

1867 2760 2228 2832 Langobardi
2256 2758 2437 2812 exorti
2463 2761 2616 2824 sunt,
2636 2760 2693 2812 et
2723 2772 2968 2811 munera
2996 2755 3214 2809 ibidem
3241 2755 3466 2826 optule-

1864 2852 2019 2915 runt,
2050 2864 2287 2902 narrare
2305 2849 2546 2917 longum
2567 2848 2670 2901 est.
2700 2843 2924 2899 Rachisi
2951 2861 3049 2898 rex
3070 2845 3128 2897 et
3153 2842 3345 2897 Tassia
3373 2858 3467 2897 re-

1866 2939 2023 3012 gina,
2049 2955 2190 2992 uxor
2219 2939 2360 3008 ejus,
2379 2953 2481 3008 per
2501 2938 2837 3007 preceptum
2864 2934 3194 2989 donationis
3212 2933 3273 2988 in
3291 2948 3465 2989 vene-

1866 3028 2064 3083 rabilis
2094 3026 2515 3082 monasterium
2548 3024 2731 3080 sancti
2762 3024 3013 3079 Silvestri
3053 3027 3113 3079 et
3152 3022 3467 3079 beatissimi

1866 3118 2120 3173 Nonnosi
2151 3120 2309 3172 curte
2339 3132 2540 3182 unam,
2577 3116 3014 3185 nuncupantem
3056 3111 3373 3167 Ustriciano
3406 3111 3469 3166 in

1865 3206 2156 3261 territorio
2188 3205 2491 3278 Spolitino,
2526 3204 2585 3257 in
2628 3219 2779 3275 pago
2816 3203 2977 3274 cujus
3010 3202 3354 3256 vocabulum
3384 3202 3473 3255 est

165 3305 405 3345 1130mm
434 3289 505 3343 de
534 3289 779 3342 hurbem
801 3288 1005 3354 Roma,
1037 3287 1274 3341 nomine
1290 3288 1572 3353 T833i3,3t
1591 3286 1835 3358 (λίπα-Ο
1867 3295 2081 3363 Pinnis,
2114 3312 2245 3348 cum
2277 3292 2513 3347 ecclesia
2538 3292 2597 3346 in
2631 3308 2811 3347 onore
2833 3290 3018 3346 sancti
3044 3289 3294 3345 Silvestri
3318 3288 3472 3343 infra

165 3378 255 3451 pit
281 3379 377 3432 lex
408 3379 649 3449 paterna
692 3376 1207 3446 Langobardorum
1251 3376 1669 3446 morgyncaph,
1710 3378 1768 3429 et

168 3465 527 3536 mithio,que
556 3464 615 3517 in
647 3464 761 3519 suis
791 3463 1013 3535 legibus
1044 3463 1280 3517 affixum
1303 3467 1407 3529 est,
1432 3480 1550 3518 non
1581 3463 1765 3517 adim-

164 3554 364 3628 plevit.
395 3552 549 3607 Fecit
591 3556 785 3606 autem
825 3552 1167 3607 donationes
1213 3551 1429 3605 cartule
1484 3538 1775 3619 Romane;

165 3642 433 3713 sicutipsi
450 3641 697 3695 Romani
710 3640 1271 3712 petierunt.Propter
1286 3641 1395 3694 hoc
1409 3639 1770 3711 Langobardi

164 3729 377 3786 irritati
414 3729 683 3784 adversus
738 3729 960 3782 Bachisi
1010 3744 1129 3796 rex,
1176 3732 1233 3782 et
1280 3730 1592 3783 tractantes
1640 3746 1772 3783 cum

165 3821 479 3891 Astulphus
508 3820 581 3874 de
630 3836 811 3890 regno
853 3820 993 3890 ejus.
1030 3818 1286 3873 Perrexit
1334 3819 1555 3874 Rachisi
1612 3836 1709 3874 rex
1743 3835 1776 3873 a

171 3909 479 3967 Pinnensis
494 3909 635 3963 urbe
656 3911 996 3962 vetustatem
1014 3910 1378 3978 consumpta,
1395 3910 1633 3980 eratque
1656 3908 1772 3964 bibi

169 4000 484 4057 abitatores
514 3996 896 4069 Langobardo
919 3996 1157 4051 nomine
1188 3997 1365 4067 Lupo,
1390 4014 1501 4068 que
1528 3998 1649 4051 sine
1679 3998 1777 4052 he-

168 4088 402 4145 redibus
429 4089 690 4140 mortuus
726 4086 934 4139 fuerat.
969 4087 1064 4139 Est
1104 4088 1297 4139 autem
1345 4085 1686 4139 constitutus
1714 4086 1773 4141 in

170 4176 396 4247 legibus
430 4173 965 4245 Langobardorum,
997 4177 1061 4228 ut
1092 4175 1503 4245 Langobardus
1533 4174 1631 4246 qui
1652 4175 1773 4230 sine

169 4264 434 4319 hceredes
464 4266 734 4317 mortuus
753 4263 947 4329 fuerit,
963 4262 1134 4317 curtis
1154 4263 1315 4335 regia
1336 4264 1618 4317 succedat.
1636 4264 1772 4317 Suc-

172 4352 345 4409 cessit
367 4351 593 4406 Rachisi
619 4368 717 4405 rex
754 4368 958 4406 omnes
982 4352 1280 4406 facultates
1320 4352 1541 4423 Luponi
1571 4352 1630 4405 in
1676 4369 1774 4407 sue

172 4441 335 4513 regie
366 4440 682 4510 potestatis.
700 4441 937 4494 Precata
954 4442 1040 4493 est
1061 4440 1250 4494 Tassia
1275 4441 1477 4512 regina
1497 4458 1530 4495 a
1553 4440 1776 4496 Rachisi

172 4547 296 4595 rex,
323 4528 448 4582 viro
480 4545 602 4594 suo,
633 4531 746 4582 uta
778 4530 1003 4582 montes
1026 4528 1281 4599 Syraptis
1302 4546 1335 4582 a
1361 4529 1775 4584 monasterium

1866 3387 1990 3458 ipsa
2014 3389 2171 3440 curte
2193 3386 2519 3438 constructa
2539 3384 2644 3448 est,
2660 3384 2718 3435 et
2730 3381 3000 3436 omnibus
3016 3378 3469 3450 adjacentiis,vel

1867 3473 2219 3546 appendiciis
2230 3471 2487 3526 hibidem
2501 3469 3033 3541 pertinentibus,vel
3044 3467 3470 3540 aspicientibus,

1869 3561 2033 3617 sicuti
2050 3559 2269 3630 Luponi
2287 3558 2444 3613 ducis
2465 3558 2733 3611 manibus
2744 3557 2860 3611 suis
2886 3556 3165 3612 detenuit.
3180 3555 3385 3610 Mansit
3409 3555 3469 3608 in

1872 3668 1940 3707 eo
1960 3653 2190 3704 montes
2213 3664 2311 3702 rex
2342 3646 2463 3701 die's
2483 3649 2597 3700 tres
2617 3646 2829 3716 gratias
2852 3661 3031 3715 agens
3044 3645 3191 3711 Deo;
3221 3660 3255 3697 a
3284 3641 3472 3713 Spoli-

1877 3745 2011 3795 tana
2034 3739 2239 3793 urbem
2268 3753 2560 3807 regressus
2590 3738 2692 3787 est.
2731 3732 3095 3803 Langobardi
3140 3732 3335 3787 furore
3378 3746 3472 3784 ac-

1875 3826 2218 3894 censi,sicuti
2239 3824 2590 3882 consuetudo
2624 3822 2811 3895 gentis
2837 3836 3062 3888 eorum,
3085 3819 3296 3875 fronite
3327 3834 3474 3873 uno-

1876 3934 1986 3991 que
2010 3917 2207 3972 animo
2220 3915 2497 3985 Astulpho
2516 3913 2831 3985 petierunt,
2860 3913 2923 3965 ut
2937 3910 3277 3981 frangerent
3303 3909 3480 3963 dona-

1876 4008 2062 4061 tiones
2079 4006 2296 4060 carlule
2318 4020 2428 4075 que
2463 4000 2687 4056 Rachisi
2721 4017 2819 4055 rex
2852 4000 3069 4054 fecerat
3095 3998 3203 4070 (46)
3226 3997 3308 4051 uti
3333 3998 3477 4051 Lan-

1876 4095 2267 4167 gobardorum
2302 4091 2571 4159 deinceps
2600 4106 2718 4143 non
2742 4091 2908 4145 esset.
2938 4088 3003 4140 Et
3019 4086 3312 4157 petierunt
3332 4086 3480 4139 Lan-

1875 4182 2119 4255 gobardi
2145 4181 2443 4251 Astulplio,
2484 4183 2546 4232 ut
2582 4177 2968 4233 conveniente
2998 4192 3130 4230 cum
3175 4172 3475 4245 episcopis,

1876 4272 2179 4327 abbatibus
2205 4268 2511 4340 prepositis
2536 4264 3120 4337 synodocbiorum,et
3144 4280 3277 4318 cum
3290 4266 3478 4318 custo-

1876 4361 2044 4415 dibus
2074 4358 2465 4422 ccclcsiarum,
2496 4356 2553 4410 in
2577 4355 2776 4409 edictis
2805 4353 3028 4424 legibus
3058 4351 3479 4424 afﬂigerentur.

1879 4449 1999 4513 Que
2024 4448 2353 4519 jurejurans
2394 4443 2707 4515 spopondit
2735 4442 3065 4513 Astulphus,
3112 4445 3259 4495 esset
3296 4440 3481 4495 factu-

1879 4554 2031 4603 rum,
2066 4536 2108 4589 si
2144 4532 2507 4605 Langobardi
2537 4549 2784 4603 regnum
2809 4530 2889 4585 eis
2918 4530 3253 4585 concedere.

174 4616 333 4673 beati
364 4616 631 4688 Sylvestri
664 4616 735 4670 ab
758 4616 1049 4671 orationes
1062 4633 1301 4688 pergere
1325 4634 1456 4672 cum
1476 4618 1622 4689 ipso;
1647 4618 1782 4690 quia
1802 4630 1855 4688 D
1957 4628 2043 4680 17.
2062 4626 2379 4679 Coronatus
2395 4625 2479 4677 est
2504 4620 2728 4676 hisdem
2750 4620 3057 4689 Astulphus
3083 4618 3142 4672 in
3163 4617 3485 4674 Mediolana

175 4707 942 4764 consuetudoRomanorum
958 4708 1787 4781 est,sepiusvenire.Acquievit
1885 4716 2129 4772 hurbem
2160 4720 2270 4777 (an.
2306 4714 2433 4767 749.
2467 4709 2652 4782 Jun.),
2686 4708 2837 4763 infra
2865 4706 3102 4762 ecclesia
3126 4706 3307 4761 sancti
3346 4709 3484 4761 Am-

178 4815 275 4853 rex
300 4796 500 4867 petitio
525 4795 828 4863 uxorisne,
862 4796 1098 4849 veniens
1134 4813 1265 4849 cum
1307 4798 1584 4853 comitatu
1622 4817 1725 4855 suo
1753 4820 1786 4857 a
1885 4801 2635 4872 brosiiepisc0pi,etelectus
2649 4796 2918 4853 estrexin
2936 4794 3489 4865 menseJunius(4-7),

178 4889 528 4957 Seraptenas
558 4890 804 4939 montes.
842 4886 1101 4958 Cumque
1132 4893 1472 4958 properaret
1499 4889 1573 4943 ad
1593 4892 1783 4946 locum

176 4976 319 5033 hubi
351 4976 655 5030 diciturAd
669 4992 889 5043 arcum,
909 4979 1070 5032 tanta
1089 4978 1338 5050 denique
1366 4979 1671 5049 ﬂagrantia
1685 4998 1788 5036 na-

1888 4890 2202 4949 indictione
2257 4893 2408 4945 1018.
2453 4889 2637 4943 Tanta
2679 4887 2929 4959 denique
2977 4884 3234 4956 nequitia
3283 4881 3493 4937 exarsit

1890 4983 2003 5037 suis
2050 4979 2431 5052 temporibus,
2479 4981 2695 5051 quanta
2750 4990 3049 5046 nunquam
3086 4972 3201 5027 suis
3240 4974 3496 5027 anteces-

1506 5100 1733 5157 VARIzE
1765 5102 2055 5159 LECTION
2063 5100 2161 5156 ES.

256 5206 301 5242 ιδ
332 5198 373 5253 Χ
402 5196 596 5253 codex:
629 5196 903 5269 legendum
934 5199 999 5252 II.

1727 5300 1950 5359 NOTIE.

260 5398 377 5542 245g
402 5396 658 5465 Minime;
691 5396 763 5479 cf.
800 5396 1122 5478 PauliHist.
1158 5397 1335 5469 Lang.
1368 5414 1443 5455 v1.
1471 5401 1559 5454 56.

283 5472 352 5525 46
406 5469 732 5542 Narrationi
761 5468 1054 5523 Benedicti
1085 5468 1559 5542 suffragaturlex.

406 5468 732 5524 Narrationi
761 5467 1054 5523 Benedicti
1085 5467 1533 5539 suffragaturlex
1556 5470 1797 5538 Aistulfi,

191 5540 487 5612 hucuSque
504 5541 721 5613 ignota,
746 5556 925 5613 quam
942 5556 1007 5593 ex
1026 5540 1220 5613 codice
1238 5541 1559 5594 edictorum
1585 5543 1804 5613 Lango-

197 5611 512 5669 bardorum
544 5611 847 5667 Parisiensi
874 5628 933 5663 n.
967 5613 1108 5665 4613
1139 5612 1231 5665 hic
1259 5611 1798 5682 proponerejuvat:

197 5705 227 5738 «
242 5683 436 5739 Primo
461 5684 724 5740 omnium
738 5687 1069 5755 statuerunt
1086 5682 1156 5736 de
1175 5682 1664 5755 donationesillas
1675 5701 1802 5755 quae

1902 5418 2079 5472 quam
2112 5419 2145 5455 a
2174 5397 2603 5472 RachisAistolf
2623 5398 2805 5472 factus
2834 5396 3235 5472 est_rex,_stare
3256 5395 3503 5467 nullate-

1902 5467 2009 5526 nus
2040 5473 2313 5535 debeant,
2338 5470 2445 5525 nisi
2470 5467 2544 5525 ab
2566 5470 2697 5541 [σοιί.
2717 5487 2853 5525 nam
2876 5469 2940 5541 si]
2969 5467 3287 5541 Ahistolfus
3301 5479 3506 5539 regem

1904 5544 1955 5597 ei
1985 5543 2163 5598 dinuo
2200 5544 2331 5607 [cod.
2367 5538 2581 5607 divino]
2612 5541 2702 5596 cui
2730 5538 2939 5597 datum
2962 5542 3048 5593 est
3076 5538 3249 5596 fuerit
3280 5538 3509 5594 conces-

1906 5631 2030 5668 sum
2041 5656 2052 5666 .
2088 5636 2114 5662 ))

1976 5688 2086 5755 (47)
2116 5687 2200 5757 Ita
2248 5686 2531 5757 epocham
2573 5685 2792 5742 Aistulfl
2842 5682 3298 5757 determinatam
3335 5679 3508 5739 habe-

198 5758 346 5811 facte
376 5760 553 5833 sunta
574 5757 929 5829 Rachisrege
953 5756 1011 5810 et
1032 5753 1225 5833 Tassia
1249 5754 1492 5833 conjuge
1516 5753 1711 5833 ipsius,
1743 5759 1806 5833 ut
1905 5753 2063 5825 mus;
2098 5756 2171 5810 cf.
2209 5753 2464 5811 Brunetti
2496 5757 2635 5813 Cod.
2669 5758 2808 5833 dipl.
2840 5755 3001 5811 Tosc.
3033 5772 3075 5826 1,
3104 5756 3229 5812 387.

202 5845 406 5884 omnes
428 5830 549 5885 illas
581 5827 881 5903 preceptas
908 5844 1049 5902 quas
1078 5829 1275 5899 postea
1306 5827 1453 5882 facte
1481 5829 1613 5883 sunt
1646 5828 1803 5898 post-
