3882 6230
367 499 435 556 23
1469 489 1831 547 BENEDICI‘I
1861 489 1923 547 S.
1942 487 2245 547 ANDBEIE
2271 488 2581 545 MONACHI
3613 498 3699 553 24.

370 616 601 677 scribus
620 616 920 689 repertum
951 631 1073 672 non
1100 616 1205 669 est.
1230 611 1383 670 Fecit
1405 613 1690 686 synodum
1718 629 1853 669 cum
1872 611 1978 668 Va-
1997 613 2061 679 Α,
2085 611 2384 679 concessit,
2409 615 2468 666 et
2505 609 2703 667 omnia
2732 612 3057 684 adjacentia
3080 612 3231 670 illius
3251 614 3415 670 sicuti
3443 632 3478 671 a
3504 615 3699 689 priori.

370 706 549 765 larius
568 705 1034 776 archiepiscopus
1054 704 1342 759 Ravennae
1365 701 1605 756 civitatis
1630 706 1687 756 et
1714 719 1845 757 cum
1875 702 1979 757 Co-

374 796 582 852 naldus
610 792 1071 867 archiepisc0pus
1098 791 1413 847 Mediolane
1450 789 1710 858 civitatis,
1744 794 1801 844 et
1847 808 1980 845 cum

368 882 692 956 jacentiis"
717 881 1020 956 episcopis,
1051 878 1697 959 abbatibus,judicibus,
1717 879 1981 934 ﬁdelibus

377 971 775 1044 Langobardis
791 970 852 1026 in
867 986 1050 1042 regno
1063 970 1219 1024 ltalie
1231 966 1977 1041 permanentibus,fecitque

378 1059 628 1133 capitula
647 1057 815 1115 sicuti
845 1057 1211 1130 Langobardi
1232 1055 1449 1128 precati
1479 1061 1646 1123 sunt;
1679 1060 1737 1111 et
1764 1056 1824 1111 in
1856 1056 1976 1111 edi-

375 1149 487 1205 ctis
506 1148 669 1221 afﬁgi
698 1147 974 1220 precepit.
996 1146 1152 1202 Tunc
1184 1150 1553 1202 surrexerunt
1599 1146 1705 1201 viri
1731 1144 1978 1201 Romani

376 1237 659 1299 scelerati,
680 1239 739 1292 et
764 1235 1181 1291 intimaverunt
1203 1236 1427 1290 Astulfu
1455 1234 1600 1305 regi,
1623 1237 1686 1289 ut
1714 1234 1978 1289 venirent

377 1330 437 1383 et
456 1325 823 1399 possiderunt
843 1324 1041 1380 Tuscie
1079 1323 1289 1380 ﬁnibus
1335 1327 1392 1379 et
1431 1325 1757 1379 Romanum
1792 1323 1976 1396 impe-

372 1417 531 1472 rium
558 1417 925 1488 usurparent.
960 1414 1284 1468 Exaltatum
1315 1416 1400 1468 est
1442 1430 1541 1469 cor
1588 1413 1709 1483 ejus
1761 1430 1878 1468 non
1917 1413 1979 1467 in

372 1506 517 1573 Deo,
550 1520 663 1565 nec.
676 1504 737 1561 in
763 1519 946 1560 onore
968 1502 1358 1571 ecclesiarum,
1384 1503 1483 1557 sed
1499 1502 1558 1556 in
1589 1502 1763 1567 bella,
1798 1500 1857 1556 in
1883 1518 1975 1557 ra-

371 1593 533 1667 pina,
567 1596 628 1649 et
658 1592 829 1665 igne,
849 1596 909 1648 et
936 1592 1153 1665 gladio.
1194 1593 1501 1648 Venientes
1538 1590 1601 1645 in
1631 1589 1977 1660 Spolitinam

374 1682 606 1749 urbem,
624 1680 783 1736 misit
812 1680 1096 1737 Robertus
1121 1697 1318 1736 comes
1345 1678 1541 1751 palatii
1580 1694 1612 1731 a
1634 1676 1974 1745 Savinensis,

373 1778 439 1827 ut
462 1770 638 1829 via‘et
661 1773 874 1842 portua
912 1768 1247 1831 custodiret,
1279 1784 1385 1823 nec
1416 1765 1689 1822 Romanis
1713 1765 1823 1820 iter
1850 1782 1972 1820 car-

368 1862 556 1931 peret.
583 1858 732 1914 Misit
759 1857 1098 1914 Grimualdu
1123 1874 1161 1913 a
1184 1856 1649 1922 Centucellensis,
1685 1858 1747 1909 ut
1787 1857 1973 1910 custo-

2084 705 2347 773 tempore
2360 700 2734 756 constitutum
2750 710 2854 769 est,
2866 702 2997 773 jure
3015 702 3249 758 afﬁxum
3264 706 3348 758 est
3364 704 3685 761 constituit.

2081 790 2256 843 Datos
2286 790 2505 859 legatos
2538 788 2772 861 Pipinus
2812 792 2869 843 et
2912 789 3300 864 Carlomagno
3346 810 3379 847 a
3410 793 3691 849 Zacharia

2079 894 2252 949 papa,
2270 878 2494 933 Astult‘u
2517 878 2687 949 regis,
2711 878 2771 933 in
2793 878 2985 934 Ticine
3000 880 3241 937 civitatis
3260 886 3537 955 repertas,
3559 901 3686 939 om-

2080 966 2289 1037 niaque
2316 970 2375 1021 et
2398 966 2643 1039 qualiter
2662 971 2895 1037 peracta
2916 973 3047 1023 sunt
3082 969 3470 1026 innotescunt.
3493 973 3684 1028 Astul-

2078 1056 2226 1126 phus
2253 1071 2353 1110 rex
2378 1056 2891 1127 Langobardorum
2914 1057 3613 1130 nequissimus,nefandus
3623 1063 3687 1116 et

2079 1143 2316 1199 callidus
2331 1144 2505 1198 verba
2524 1145 2842 1201 honoriﬁce
2863 1148 3207 1217 composuit,
3230 1152 3288 1203 et
3303 1151 3504 1206 omnia
3538 1152 3684 1206 Pen-

2079 1232 2600 1304 tapolimetTuscie
2628 1234 2834 1289 ﬁnibus
2851 1238 2908 1290 et
2920 1236 3193 1308 quicquid
3212 1240 3453 1293 asancte
3473 1239 3684 1295 Roma.-

2080 1338 2153 1375 ne
2184 1320 2417 1376 ecclesie
2447 1321 2672 1376 videtur
2699 1322 2779 1377 illi
2809 1324 3080 1378 restituit.
3106 1325 3219 1381 Sed
3249 1328 3449 1381 tamen
3481 1344 3515 1382 a
3544 1343 3683 1382 con-

2080 1410 2323 1465 suetudo
2355 1426 2557 1464 eorum
2590 1411 2848 1481 maligna
2892 1429 3013 1468 non
3057 1414 3507 1470 declinaverunt.
3531 1415 3678 1471 Inito

2079 1497 2312 1553 consilio
2332 1515 2464 1553 cum
2478 1498 2758 1571 episcOpis
2772 1503 2829 1553 et
2845 1502 3026 1556 Deum
3051 1502 3320 1558 timentes
3334 1504 3488 1574 quod
3501 1520 3679 1574 agere

2079 1587 2328 1643 debeant
2367 1588 2436 1641 de
2482 1590 2911 1657 persecutiones
2957 1590 3493 1662 Langobardorum,
3525 1592 3570 1646 si
3601 1591 3678 1647 ad

2077 1676 2388 1730 Grecorum
2418 1693 2632 1746 genere
2663 1694 2914 1748 regnum
2945 1679 3205 1734 Italicum
3251 1684 3308 1735 et
3344 1682 3678 1736 Romanum

2076 1765 2389 1837 imperium
2410 1765 2823 1832 devolberet,et
2837 1767 2882 1821 si
2903 1784 2937 1822 a
2959 1768 3188 1823 Francis
3209 1769 3266 1823 in
3292 1770 3455 1824 Italia
3477 1769 3677 1841 ingre-

2076 1853 2136 1908 di
2164 1853 2420 1908 deberet.
2456 1853 2567 1907 Sed
2597 1855 2803 1910 melius
2834 1858 2919 1910 est
2949 1874 2983 1911 a
3009 1857 3174 1913 nobis
3209 1874 3243 1912 a
3288 1857 3516 1912 Francis
3559 1874 3675 1929 que

373 1947 525 2004 diret
550 1947 645 2002 vie
678 1947 893 2004 ﬁnibus
916 1946 1167 2001 Romani
1197 1950 1255 2000 et
1282 1948 1493 2016 portua
1519 1944 1713 1999 maris.
1733 1944 1975 1999 Nuntius
1993 1945 2045 2004 B
2074 1958 2110 1997 a
2137 1941 2326 1996 Grecis
2358 1941 2618 1997 dominio
2651 1942 2884 1999 illorum
2913 1946 3034 2014 subj
3046 1949 3254 1999 aceret.
3283 1964 3317 1998 ι

368 2035 529 2091 misit
544 2053 579 2091 a
599 2034 908 2090 Terracina
925 2035 1152 2100 urbem,
1170 2037 1232 2087 ut
1257 2032 1570 2087 custodiret
1593 2032 1682 2087 via
1708 2031 1886 2087 maris
1913 2034 1973 2088 et

363 2123 554 2190 terris,
580 2126 641 2178 ut
663 2139 768 2178 nec
790 2138 980 2178 venun
990 2122 1156 2177 daret
1181 2120 1350 2176 alicui
1370 2119 1832 2187 Bomanis,nulla
1842 2137 1970 2176 rem

363 2210 787 2284 pereipereLEt.
801 2208 1326 2265 ascenditAstulfus
1348 2225 1444 2263 rex
1467 2209 1527 2264 in
1551 2226 1757 2281 campo
1775 2208 1972 2264 Tibur-

363 2299 495 2357 tino
513 2316 646 2356 cum
677 2316 772 2355 sex
810 2298 973 2354 milia
1004 2298 1546 2369 Langobardorum,
1579 2301 1637 2352 et
1667 2297 1849 2351 factus
1886 2300 1971 2353 est

361 2405 542 2461 pavor
572 2404 822 2459 magnus
860 2387 921 2441 in
949 2385 1244 2441 Romanis.
1278 2387 1559 2441 Fecerunt
1604 2385 1970 2457 pactuatione

362 2493 499 2535 cum
525 2475 826 2532 Tiburtina
854 2475 1083 2541 urbem,
1115 2478 1174 2530 et
1204 2491 1335 2529 cum
1362 2474 1667 2530 Pristinem
1698 2475 1966 2547 hurbem,

364 2582 479 2623 nec
502 2563 752 2621 Romani
776 2579 883 2619 nec
916 2561 1265 2636 colloquium
1298 2579 1403 2618 nec
1429 2562 1709 2618 amicitias
1736 2579 1868 2616 cum
1898 2579 1966 2619 eo

362 2654 675 2717 habentur.
700 2652 1089 2709 Incenderunt
1104 2652 1468 2722 Langobardi
1480 2651 1731 2706 ecclesiae
1751 2654 1970 2707 sancta-

363 2760 521 2812 rum,
535 2742 675 2801 hubi
698 2758 947 2814 corpora
966 2758 1166 2797 eorum
1189 2740 1574 2813 quiescebant.
1600 2744 1737 2812 lgne
1754 2740 1969 2812 gladio-

366 2850 487 2907 que
510 2834 799 2889 vastantes
819 2833 945 2887 tota
969 2829 1188 2893 Tuscia,
1219 2830 1416 2886 civitas
1446 2830 1730 2902 Nepesina
1775 2830 1836 2884 in
1865 2846 1967 2885 suo

366 2921 630 2980 dominio
648 2920 939 2992 perduran
948 2922 1065 2989 tes;
1100 2923 1344 2991 quantas
1357 2937 1511 2974 nunc
1534 2918 1743 2974 exarsit
1767 2921 1969 2975 contra

361 3013 680 3077 Romanos,
696 3025 802 3082 per
816 3009 1077 3082 singulos
1092 3025 1209 3065 non
1232 3024 1466 3079 possum
1474 3026 1537 3063 us
1556 3023 1852 3063 enarrare.
1867 3007 1967 3063 Ca-

362 3103 484 3157 stra
502 3100 898 3156 Romanorum
929 3099 1218 3155 destructe
1234 3102 1389 3166 sunt,
1416 3098 1771 3154 monasteria
1790 3099 1848 3151 et
1870 3113 1967 3167 op-

360 3189 502 3262 pida
530 3190 840 3256 vastantes,
879 3189 1038 3243 nulla
1080 3204 1242 3260 spem
1274 3186 1670 3259 recuperanda
1710 3184 1967 3241 invenire

2151 2032 2236 2085 18.
2256 2031 2539 2085 Robertus
2556 2048 2749 2086 comes
2761 2032 2954 2104 palatii
2976 2034 3354 2105 Langobardo
3376 2032 3675 2090 Savinensi

2073 2118 2286 2187 exiens,
2320 2134 2461 2190 ergo
2510 2120 2821 2189 pugnantis
2864 2124 3067 2176 contra
3119 2122 3429 2179 Romanos.
3464 2122 3675 2194 Sicque

2071 2208 2228 2262 venit
2254 2225 2289 2262 a
2309 2206 2521 2262 Lubria
2549 2208 2821 2276 civitates,
2854 2226 2965 2281 que
3000 2226 3195 2281 pugna
3227 2210 3494 2265 conflicta
3537 2228 3671 2266 cum

2072 2298 2365 2351 Romanos
2387 2296 2718 2351 ceciderunt
2736 2297 2807 2352 de
2835 2298 3126 2353 Romanos
3144 2299 3343 2370 vulgos
3367 2301 3426 2353 et
3450 2299 3674 2354 nobiles

2070 2387 2283 2457 plures.
2318 2385 2599 2441 Robertus
2626 2387 3005 2457 Langobardo
3058 2389 3400 2442 constitutus
3445 2391 3570 2443 erat
3607 2388 3673 2445 in

2071 2489 2298 2545 campo,
2329 2476 2388 2527 et
2416 2474 2626 2529 abebat
2653 2476 2944 2530 roborem.
2977 2476 3099 2540 Quo
3131 2478 3321 2548 presul
3348 2476 3407 2530 in
3433 2476 3675 2532 ecclesia

2068 2562 2224 2618 beati
2243 2563 2397 2617 Petri
2425 2563 2686 2634 apostoli,
2711 2565 2935 2620 locutus
2955 2570 3038 2620 est
3058 2568 3271 2638 populo
3300 2566 3521 2623 dicens:
3537 2588 3565 2615 «
3588 2567 3672 2621 De

2069 2653 2192 2706 celo
2215 2654 2409 2706 autem
2434 2651 2789 2722 adjutorium
2810 2654 2883 2707 sit
2906 2654 3230 2722 vobiscum;
3261 2654 3452 2726 eligite
3476 2671 3574 2710 vos
3595 2654 3677 2710 ad

2069 2756 2269 2813 pugna
2287 2756 2419 2793 cum
2440 2740 2859 2812 Langobardis;
2890 2742 3067 2796 nolite
3094 2743 3381 2798 metuere!
3412 2762 3444 2795 »
3474 2744 3543 2797 Et
3564 2744 3672 2797 ha-

2070 2828 2305 2884 bierunt
2333 2828 2583 2883 Romani
2616 2832 2820 2883 contra
2860 2830 3141 2885 Robertus
3172 2831 3569 2902 Langobardo.
3602 2832 3673 2886 Et

2068 2934 2199 2973 ecce
2229 2917 2510 2972 exercitus
2539 2917 3052 2988 Langobardorum
3078 2919 3395 2973 transiebat
3422 2918 3672 2975 ﬂubium

2068 3006 2295 3062 Lubrie.
2328 3006 2575 3059 Romani
2607 3009 3019 3077 persequentes
3048 3010 3249 3062 contra
3289 3007 3462 3079 ipsos,
3493 3009 3669 3063 truci-

2068 3095 2187 3152 dati
2200 3098 2258 3150 et
2268 3094 2461 3166 gladio
2474 3094 2761 3150 interfecti
2775 3096 2846 3150 de
2861 3096 3221 3168 Langobardi
3231 3096 3355 3152 fere
3364 3097 3668 3166 ducentos,

2069 3188 2127 3241 et
2137 3185 2419 3240 Robertus
2432 3200 2627 3239 comes
2640 3185 2835 3256 palatii
2848 3185 3163 3240 trucidatus
3179 3190 3287 3253 est;
3310 3188 3369 3240 et
3394 3187 3670 3243 Romanis

363 3280 696 3353 potuerunt.
712 3278 849 3333 Erat
866 3276 1128 3349 pontifex
1144 3276 1205 3331 in
1227 3277 1431 3332 urbem
1448 3276 1712 3331 Romana
1723 3275 1967 3345 Stepha-
1987 3270 2035 3329 C
2069 3273 2279 3331 reversi
2308 3276 2442 3327 sunt
2465 3272 2723 3329 victores.
2757 3276 2890 3329 Post
2933 3275 3039 3329 hec
3087 3274 3475 3330 sanctissimus
3518 3290 3673 3346 papa

359 3365 727 3424 nusnomine
745 3364 1095 3437 (t8),viditse
1108 3364 1168 3420 in
1179 3367 1341 3420 tanta
1354 3364 1707 3419 desolatione
1726 3363 1963 3434 positus,

361 3454 503 3512 dixit
523 3472 537 3511 :
566 3476 594 3507 α
617 3455 763 3513 Eum
781 3470 895 3521 me,
913 3452 1055 3526 quid
1073 3452 1285 3508 faciam
1299 3452 1326 3507 ‘2
1347 3453 1547 3525 Regno
1561 3451 1752 3507 Italico
1771 3452 1965 3507 amul-

358 3544 433 3603 tis
472 3542 743 3615 gentibus
790 3542 1130 3613 depressus;
1188 3540 1345 3613 prius
1393 3558 1428 3595 a
1465 3540 1656 3607 Medis,
1688 3542 1747 3595 et
1776 3540 1965 3608 Lanis,

356 3632 735 3706 postmodum
751 3648 789 3688 a
806 3630 1000 3699 Gallis,
1014 3629 1220 3686 tertius
1240 3648 1274 3685 a
1290 3630 1479 3698 Gothi,
1492 3632 1727 3701 quartus
1758 3645 1791 3682 a
1820 3629 1965 3683 Lan-

358 3720 653 3794 gobardis.
690 3718 799 3785 Qui
823 3719 883 3774 in
911 3719 1074 3775 Italia
1104 3718 1384 3790 possessio
1414 3717 1565 3771 facta
1586 3720 1691 3784 est,
1717 3716 1967 3788 denique

358 3809 707 3867 alaeharias
723 3824 976 3879 magnus
1002 3808 1197 3878 presul
1218 3804 1593 3860 antecessoris
1619 3804 1782 3871 meis,
1806 3805 1963 3876 cujus

354 3898 481 3955 Deo
493 3901 732 3955 auctore
752 3894 1010 3951 deservio
1026 3911 1051 3962 ;_
1065 3893 1165 3964 qui
1188 3892 1386 3947 multis
1409 3892 1834 3948 calamitatibus
1866 3893 1964 3949 de-

356 4002 608 4059 pressus,
642 4001 679 4040 a
718 3982 991 4039 nefandis
1037 3980 1433 4054 Langobardis
1481 3984 1695 4037 vastata
1738 3984 1963 4053 urbem,

358 4075 659 4130 destructa
681 4070 886 4127 Tuscia
916 4071 1130 4128 ﬁnibus
1162 4071 1516 4127 monasteria
1560 4071 1813 4128 virorum
1857 4073 1967 4129 hac

357 4162 708 4236 puellarum,
737 4160 989 4217 basilica
1039 4164 1369 4216 sanctorum
1399 4165 1762 4217 concremata
1793 4165 1962 4232 sunt;

361 4250 461 4324 qni
480 4249 726 4309 inexilio
752 4249 1051 4322 deputavit
1071 4266 1131 4306 se
1156 4249 1342 4323 ipsum
1365 4253 1602 4322 propter
1626 4268 1768 4323 opus
1783 4253 1962 4306 eccle-

358 4339 1049 4412 siarum.Dei.APipinus
1088 4340 1340 4413 quedam
1380 4342 1735 4397 Francorum
1771 4340 1831 4395 hi
1863 4340 1963 4411 qui

359 4428 602 4485 aneia
628 4428 910 4501 pervenit.
941 4430 1363 4488 Gaudebundus
1388 4449 1487 4487 rex
1518 4432 1753 4503 Pipinus
1777 4433 1835 4485 et
1857 4430 1963 4484 ho-

360 4515 601 4573 noriﬁce
621 4516 876 4590 suscipit,
903 4511 1157 4576 invitatis
1180 4520 1238 4575 in
1252 4520 1431 4588 Italia,
1457 4523 1518 4575 ut
1529 4520 1716 4592 gentis
1738 4520 1962 4589 Lango-

2070 3362 2395 3433 Stephanus
2418 3360 2510 3416 via
2530 3361 2810 3418 directum
2830 3380 2935 3436 pro
2955 3364 3166 3435 populo
3183 3365 3444 3419 Romano
3461 3366 3519 3418 et
3534 3379 3670 3419 san-

2070 3455 2157 3506 cte
2174 3450 2433 3521 ejusdem
2459 3451 2696 3505 ecclesie
2721 3452 3076 3519 defensione,
3115 3453 3307 3523 sicque
3337 3452 3398 3506 in
3430 3452 3672 3510 Francia

2066 3538 2350 3612 pervenit,
2363 3537 2422 3592 in
2456 3537 2833 3610 Aquisgranis
2854 3539 3088 3611 palatio,
3111 3538 3185 3592 ad
3229 3538 3582 3608 adjutorium
3611 3545 3672 3596 et

2067 3627 2343 3684 solacium
2376 3629 2672 3699 querendo
2706 3644 2811 3699 pro
2836 3626 3072 3697 justitiis
3120 3627 3300 3681 sancti
3344 3628 3518 3683 Petri.
3562 3629 3671 3693 Qui

2068 3716 2301 3789 Pipinus
2321 3734 2419 3771 rex
2435 3717 2752 3772 honoriﬁce
2774 3714 3019 3785 suscepit
3036 3714 3409 3784 apostolicus;
3442 3715 3515 3770 ad
3537 3733 3670 3772 san-

2069 3812 2228 3864 ctum
2254 3805 2571 3863 Dionisium
2593 3804 2810 3861 ibidem
2825 3802 3489 3876 perrexerunt.Dixitque
3514 3805 3670 3876 Pipi-

2069 3914 2176 3953 nus
2194 3895 2265 3951 ad
2282 3895 2627 3967 apostolicus
2643 3911 2660 3946 :
2685 3916 2711 3942 ‹‹
2730 3893 3029 3947 Zacharias
3044 3892 3390 3948 antecessori
3411 3896 3511 3948 tuo
3534 3893 3670 3949 inti-

2070 3985 2249 4042 mavit
2261 3983 2375 4055 (49)
2391 3982 2535 4038 mihi
2558 3998 2663 4052 per
2680 3981 2883 4035 missos
2899 3996 3080 4043 meos,
3100 3981 3429 4052 Burgardus
3449 3982 3669 4052 episco-

2066 4092 2194 4147 pus,
2223 4077 2283 4128 et
2306 4071 2579 4127 Folradus
2598 4070 2990 4142 cappellanus,
3009 4069 3080 4125 de
3102 4070 3331 4141 regibus
3350 4069 3411 4126 in
3428 4071 3670 4128 Francia

2067 4163 2166 4235 qui
2187 4162 2248 4217 in
2272 4160 2383 4215 illis
2402 4162 2518 4213 tem
2528 4158 2763 4229 poribus
2780 4174 2896 4212 non
2913 4158 3193 4214 habentes
3204 4161 3461 4230 regalem
3482 4164 3670 4231 potes-

2069 4255 2270 4317 tatem,
2283 4249 2329 4303 si
2353 4249 2502 4303 bene
2522 4247 2719 4302 fuisset
2741 4251 2839 4303 aut
2860 4264 2978 4303 non
2991 4249 3017 4303 ?
3035 4248 3332 4304 Zacharias
3344 4265 3494 4320 papa
3505 4267 3670 4305 man-

2067 4338 2223 4395 davit
2248 4353 2345 4393 me
2375 4336 2600 4409 Pipino,
2636 4337 2845 4393 melius
2870 4337 3011 4393 mihi
3043 4341 3191 4393 esset
3222 4355 3423 4409 regem
3452 4340 3664 4406 vocari,

2067 4428 2164 4499 qui
2189 4429 2536 4499 potestatem
2564 4426 2782 4493 aberet,
2808 4444 2981 4499 quem
3013 4427 3175 4482 illum
3208 4427 3305 4496 qui
3336 4426 3457 4482 sine
3481 4428 3666 4499 regali

2066 4517 2350 4589 potestate
2380 4515 2672 4582 manebat,
2697 4518 2759 4570 ut
2783 4532 2900 4570 non
2931 4515 3371 4571 conturbaretur
3391 4517 3667 4587 ordo,per

359 4606 793 4665 bardorumsub
808 4625 913 4664 suo
928 4609 1188 4666 dominio
1203 4607 1712 4672 constitueret.Qui
1729 4605 1964 4676 Pipinus
1983 4596 2037 4656 D
2066 4604 2470 4659 auctoritatem
2509 4603 2902 4676 apostolicam.
2938 4606 3054 4659 lme
3091 4613 3137 4646 20
3166 4603 3399 4674 Pipinus
3431 4603 3545 4676 (50)
3575 4621 3664 4660 se-

358 4712 497 4755 cum.
516 4695 899 4770 Carlomagno
914 4698 1156 4771 regebat
1170 4699 1525 4755 Francorum
1544 4712 1717 4767 gens;
1741 4709 1855 4765 quo
1874 4709 1963 4747 or-

358 4783 494 4845 dine
509 4787 568 4843 et
583 4785 811 4858 origine
822 4787 1018 4842 subtus
1037 4788 1217 4859 hujus.
1232 4787 1379 4842 serie
1402 4784 1680 4839 dicamus.
1710 4782 1849 4837 Orta
1879 4784 1964 4835 est

356 4873 601 4933 intentio
653 4876 807 4933 inter
855 4877 1092 4948 Pipinus
1130 4880 1189 4931 et
1237 4876 1621 4943 Carlomagno
1665 4872 1737 4926 de
1777 4886 1959 4941 regno

355 4963 729 5034 Francorum;
753 4965 853 5037 qui
863 4965 1165 5021 Zacharias
1176 4979 1328 5035 papa
1347 4979 1382 5015 a
1397 4960 1560 5015 Cario
1569 4975 1782 5030 magno
1794 4975 1961 5031 roga-

2066 4691 2321 4748 cundum
2350 4708 2514 4747 more
2534 4692 2885 4747 Francorum
2916 4693 3129 4747 electus
3157 4709 3286 4746 sum
3318 4709 3351 4747 a
3379 4708 3579 4761 regem
3606 4696 3667 4747 et

2064 4784 2267 4838 unctus
2298 4799 2401 4855 per
2429 4800 2637 4838 manus
2657 4786 2852 4837 sancte
2874 4782 3157 4838 memorie
3184 4781 3452 4837 Bonifatii
3488 4780 3668 4837 archi-

2062 4871 2399 4944 episcopi,et
2410 4874 2661 4927 elevatus
2673 4888 2797 4926 sum
2812 4889 2847 4927 a
2859 4871 3160 4926 Francisin
3172 4887 3354 4941 regno
3374 4870 3667 4926 Suesionis

2061 4960 2369 5016 civitatem.
2401 4960 2672 5015 lldericus
2687 4976 2823 5016 vero
2846 4960 3095 5028 Saxone,
3113 4958 3209 5029 qui
3232 4959 3371 5014 false
3389 4975 3493 5014 rex
3504 4974 3668 5016 voca-

352 5055 444 5107 tus
460 5057 564 5117 est,
594 5058 660 5109 ut
688 5054 758 5109 de
785 5052 1142 5110 monasterio
1174 5050 1357 5106 sancti
1389 5048 1638 5103 Silvestri
1670 5048 1728 5103 in
1758 5053 1959 5105 monte
2058 5049 2250 5116 batur,
2273 5052 2603 5104 tonsoratus
2636 5052 2792 5103 estet
2816 5048 2873 5103 in
2894 5046 3248 5103 monasterio
3286 5046 3508 5102 missus.
3535 5047 3665 5102 Car-

342 5141 576 5213 Syrapti
608 5159 715 5216 per
741 5144 1082 5213 perceptum
1130 5136 1485 5210 ponciﬁcalis
1508 5136 1638 5208 jure
1676 5140 1954 5210 perpetuo
2057 5140 2656 5210 lomagnusgermano
2670 5154 2802 5192 meo
2817 5136 3401 5209 postmortemGaroli
3415 5135 3666 5208 genitori

347 5231 780 5288 concederetur.
806 5228 929 5292 Quo
960 5224 1221 5298 pontifex
1240 5240 1497 5280 summus
1527 5226 1729 5282 libenti
1757 5226 1951 5284 animo
2057 5227 2243 5282 nostri
2263 5226 2557 5282 divisimus
2569 5242 2820 5299 regnum
2841 5227 3191 5283 Francorum
3214 5226 3365 5283 inter
3381 5242 3487 5281 nos
3506 5223 3566 5280 in
3586 5226 3663 5281 lo-

1668 5346 1896 5402 VARUE
1932 5345 2335 5404 LECTIONES.

414 5466 471 5505 ω.
490 5455 607 5516 ἴδε,
633 5447 1190 5520 circumiacentibus.
1248 5458 1296 5495 ²θ
1315 5450 1356 5506 i.
1378 5467 1423 5506 e.
1459 5449 1623 5512 inde.

1884 5573 2109 5632 NOTAE.

407 5707 524 5781 (48)
567 5703 711 5769 Qua:
739 5704 1054 5784 sequuntur
1084 5703 1337 5784 ct'._cun_1
1371 5703 1550 5784 ,Gestis
1599 5707 1948 5782 pontiﬁcum

337 5773 746 5840 Romanorum
773 5773 1059 5833 zachariae
1080 5778 1138 5832 et
1166 5775 1479 5847 Stephani!

2117 5709 2233 5778 (49)
2260 5711 2338 5764 Ex
2368 5708 2683 5763 Annalibus
2712 5703 3173 5778 Laurissensibus
3204 5720 3299 5759 an.
3334 5704 3425 5759 74.

2117 5712 2209 5778 (49
2260 5711 2338 5764 Ex
2368 5709 2683 5763 Annalibus
2718 5709 3087 5759 Laurissensil

2115 5709 2237 5856 (5οζ
2256 5782 2341 5837 Cf.
2374 5782 2523 5837 Ann.
2554 5776 2797 5836 Lauriss.
2832 5793 2927 5831 an.
2960 5780 3087 5831 750.
