3882 6230
173 524 243 577 25
1638 511 2053 571 CHRONICON.

3424 524 3495 579 26

173 656 311 695 cum
334 638 431 711 qui
466 637 679 694 dicitur
707 636 948 693 Pictavis
976 640 1107 702 (51).
1128 639 1345 693 Eodem
1377 650 1606 710 quoque
1636 651 1789 691 anno
1813 639 1867 699 Α
1896 635 2084 701 uncie;
2116 636 2363 692 fundum
2394 637 2633 695 Foliani.
2678 640 2737 693 et
2762 638 3007 693 fundum
3063 640 3312 696 Bassanu
3359 656 3493 701 eam

172 729 567 800 Carlomagno
615 743 898 798 germano
931 743 1062 781 meo
1093 726 1499 781 Alamanniam
1532 725 1786 779 vastavit.

167 817 330 871 Tune
359 818 464 888 (52)
517 816 906 886 Carlomagno
936 816 1227 869 confessus
1266 819 1351 868 est
1394 814 1536 868 mihi
1589 814 1789 884 Pipino

170 922 461 977 germano
489 922 615 970 suo,
634 905 790 976 quod
813 904 1077 957 voluisset
1100 905 1354 958 seculum
1369 903 1714 974 relinquere,
1733 906 1790 957 et

170 994 233 1049 in
262 995 480 1049 eodem
511 1010 664 1048 anno
688 994 907 1046 nullum
932 994 1389 1063 faceretpugna;
1423 993 1521 1045 sed
1553 992 1787 1045 honori-

168 1083 280 1137 fice
311 1083 517 1138 direxit
537 1099 669 1137 eum
694 1098 825 1136 cum
854 1081 1208 1135 muneribus.
1236 1102 1262 1129 n
1300 1082 1556 1152 Cumque
1584 1080 1790 1134 auditis

168 1172 283 1226 hee
334 1171 678 1242 apostolicus
735 1170 1096 1241 supradictus
1137 1170 1502 1223 confirmavit
1554 1168 1788 1239 Pipinus

170 1260 453 1315 unctione
484 1262 684 1314 sancta
715 1260 775 1314 in
826 1275 1046 1330 regem,
1080 1261 1293 1312 etcum
1324 1275 1392 1312 eo
1426 1257 1618 1311 uncxit
1648 1258 1790 1312 duos

170 1347 327 1403 ﬁlios
341 1350 391 1420 ej
400 1366 462 1403 us
476 1348 726 1403 domnus
739 1348 1009 1404 Carolum
1023 1350 1079 1402 et
1093 1348 1543 1417 Carlomagnum
1563 1344 1619 1399 in
1636 1346 1787 1416 regi-

170 1437 281 1491 bus
302 1447 347 1479 ει
372 1436 509 1509 (53).
528 1437 687 1491 Tunc
714 1438 821 1508 (54)
850 1437 1235 1508 Carlomagno
1263 1436 1507 1490 Romam
1536 1435 1787 1505 perrexit

173 1525 249 1580 ad
279 1524 487 1580 limina
508 1526 925 1596 apostolorum;
954 1529 1082 1597 post
1112 1526 1217 1579 hec
1239 1525 1311 1579 ad
1334 1527 1595 1578 montem
1615 1523 1785 1594 Syra-

172 1613 258 1684 pti
289 1614 708 1668 monasterium
760 1614 1068 1686 ingressus,
1100 1613 1294 1685 ibique
1348 1630 1406 1667 se
1442 1612 1697 1667 totondit
1728 1617 1785 1666 et

174 1704 503 1757 monachus
533 1701 764 1757 effectus
796 1706 901 1757 est.

252 1793 318 1845 t8
346 1795 389 1844 ‘.
423 1790 541 1855 Que
591 1794 648 1845 et
686 1794 902 1863 quanta
947 1791 1133 1862 gloria
1174 1791 1435 1846 hibidem
1467 1791 1781 1857 constituit,

172 1879 352 1934 modo
368 1880 687 1938 audiamus.
702 1879 911 1934 Videns
925 1879 1059 1952 quia
1079 1880 1395 1935 laboriosus
1408 1897 1467 1933 es
1482 1884 1540 1934 et
1556 1882 1783 1933 montes

1898 724 2134 779 ecclesia
2162 727 2343 780 sancti
2364 725 2668 791 Valentini,
2712 743 2843 781 cum
2874 727 3102 782 famulis
3148 732 3206 783 et
3235 728 3451 783 famule
3476 744 3493 795 ;

1894 813 2138 867 fundum
2161 814 2485 881 Aureliani;
2516 819 2572 868 et
2602 831 2695 869 sex
2717 816 2882 870 uncie
2899 816 3143 870 fundum
3158 817 3494 887 Celedrani;

1890 902 2135 956 fundum
2156 902 2528 970 Cecilianum,
2550 919 2681 956 cum
2700 903 2917 958 colonis
2932 907 2992 957 et
3019 905 3494 973 colone,fundum

1891 990 2177 1061 Lauriani,
2211 992 2453 1046 fundum
2479 992 2782 1061 Grazzano,
2810 991 3055 1047 fundum
3080 994 3333 1048 Mariano
3361 1008 3495 1049 cum

1890 1081 2121 1134 famulis
2164 1085 2221 1135 et
2250 1081 2492 1149 famule;
2526 1082 2773 1137 fundum
2804 1083 3088 1150 Foriano;
3133 1086 3191 1137 et
3220 1086 3496 1155 quattuor

1890 1170 2077 1235 uncie,
2096 1171 2340 1225 fundum
2355 1172 2829 1239 Terrentianello,
2848 1172 3094 1227 fundum
3107 1173 3489 1243 Marcelliano;

1890 1262 1947 1312 et
1972 1259 2218 1313 fundum
2237 1260 2495 1327 Pulbine,
2528 1261 2772 1315 fundum
2814 1261 3106 1329 Bersianu,
3147 1265 3205 1316 et
3245 1261 3492 1317 fundum

1888 1347 2408 1415 Grifiano,fundum
2426 1350 2819 1420 Belgarolum;
2849 1354 2906 1405 et
2935 1367 3029 1405 sex
3046 1350 3232 1417 uncie,
3245 1351 3492 1406 fundum

1889 1437 2111 1507 Oﬁani;
2146 1439 2203 1491 et
2226 1438 2471 1492 fundum
2484 1439 2736 1505 Maturis,
2762 1439 3009 1493 fundum
3035 1439 3324 1506 Patinara,
3357 1438 3489 1493 fun-

1887 1527 2024 1580 dum
2044 1527 2311 1581 Montone
2341 1543 2471 1580 cum
2501 1528 2728 1581 famulis
2753 1530 2811 1581 et
2838 1528 3163 1582 famulabus
3194 1526 3334 1596 suis;
3363 1528 3492 1582 fun~

1888 1615 2026 1668 dum
2048 1614 2315 1682 Salviani,
2338 1616 2581 1669 fundum
2601 1616 2990 1681 Cerbinarola,
3010 1616 3259 1671 fundum
3277 1616 3490 1671 Pattia-

1884 1703 1974 1769 lis,
2008 1707 2124 1757 tres
2162 1704 2327 1757 uncie
2385 1704 2763 1771 Casaventoli,
2826 1708 2952 1759 octo
3006 1704 3191 1771 uncie,
3241 1704 3488 1759 fundum

1886 1792 2143 1863 Antiqui,
2168 1793 2411 1847 fundum
2438 1792 2729 1861 Prisciani,
2754 1793 2999 1847 fundum
3031 1793 3486 1857 Quarazzanum,

1884 1880 2130 1935 fundum
2163 1881 2531 1948 Pontinianu,
2564 1882 2808 1935 fundum
2823 1881 3487 1949 Catonianum,fundum

169 1967 448 2023 fratribus
477 1968 837 2037 insudauter,
872 1968 1153 2023 edificavit
1180 1969 1252 2023 ad
1286 1968 1539 2023 radicem
1572 1968 1783 2022 montis
1806 1972 1857 2030 B
1890 1968 2493 2035 Ciminianu,fundum
2523 1970 3039 2035 Matitianum,octo
3056 1971 3222 2024 uncie
3240 1969 3487 2024 fundum

171 2054 232 2109 in
254 2056 384 2110 loco
410 2056 549 2111 hubi
575 2056 782 2111 dicitur
806 2074 840 2111 a
863 2056 1115 2111 Mariano
1142 2057 1272 2129 (55),
1306 2057 1362 2111 in
1393 2073 1572 2110 onore
1605 2056 1783 2109 sancti

170 2142 453 2216 Stephani
481 2146 770 2217 martyris,
796 2149 853 2199 et
882 2146 1100 2201 cunctis
1125 2145 1397 2200 fratribus
1439 2145 1663 2199 adhesit
1694 2161 1784 2198 ex-

168 2236 340 2303 cepto
362 2233 559 2299 abbas,
577 2236 634 2287 et
655 2233 965 2305 aliquantis
978 2234 1248 2289 fratribus
1266 2233 1322 2287 in
1349 2250 1479 2287 usus
1500 2236 1783 2287 monaste-

164 2322 235 2375 rii
248 2321 462 2392 prioris
484 2322 753 2394 reliquid.
772 2323 897 2377 Fuit
922 2327 1180 2377 moratus
1204 2323 1260 2376 in
1287 2322 1640 2377 monasterio
1656 2338 1783 2375 san-

163 2409 239 2463 cti
264 2409 544 2482 Stephani
560 2410 885 2482 aliquantos
899 2414 1153 2484 tempus,
1172 2428 1276 2465 nec
1298 2411 1567 2465 ferebant
1584 2410 1779 2464 animo

168 2500 299 2570 ejus
329 2500 387 2554 in
425 2500 551 2554 loco
584 2499 864 2570 ejusdem.
900 2498 1161 2564 Quadam
1199 2500 1291 2555 die
1322 2499 1432 2555 iter
1476 2516 1777 2572 peragens,

150 2604 277 2659 .per
311 2604 482 2659 agros
508 2589 767 2658 ejusdem
798 2588 1135 2644 monasterii
1168 2589 1238 2643 ad
1269 2588 1569 2643 ecclesiam
1599 2591 1777 2644 sancti

167 2677 420 2731 Andr-ea:
456 2676 723 2747 apostoli,
761 2678 924 2747 juxta
963 2679 1181 2732 ﬂumen
1213 2677 1285 2731 ad
1316 2678 1779 2748 investigandam

168 2782 265 2819 res
284 2764 672 2819 mcclesiarum
687 2764 796 2819 iter
817 2781 1101 2837 peragens
1122 2766 1319 2820 subtus
1338 2770 1564 2819 montes
1581 2767 1777 2822 Grifia-

166 2854 348 2921 nello,
364 2857 421 2907 et
434 2852 657 2907 invenit
668 2856 919 2908 castrum
932 2854 1234 2925 antiquum
1250 2855 1460 2925 Aquari
1470 2856 1692 2927 um,qui
1707 2856 1781 2911 ad

168 2941 397 2997 radices
408 2942 624 2997 montis
636 2942 965 2997 Griﬁanello
985 2946 1221 2997 emanat
1234 2959 1428 3014 aquas.
1451 2944 1556 3008 Qui
1570 2944 1780 3000 diutius

173 3030 622 3103 diligentissime
634 3030 1127 3104 prospexit,atque
1144 3036 1349 3087 cuncta
1362 3033 1779 3107 ediﬁcalia,que

167 3121 243 3176 ad
268 3138 409 3193 opus
440 3120 796 3176 monasterio
824 3122 1138 3195 conspexit,
1160 3120 1371 3177 iterum
1398 3123 1470 3177 ad
1494 3129 1781 3180 monaste-

166 3210 323 3265 rium
348 3213 432 3264 est
454 3225 734 3264 reversus.
758 3209 1006 3281 Reperto
1037 3211 1231 3282 itaque
1270 3210 1503 3266 consilio
1527 3229 1560 3267 a
1590 3213 1778 3267 fratri-

1888 2057 2114 2118 Paonis,
2146 2057 2390 2111 fundum
2406 2057 2898 2123 Terlata,fundum
2912 2057 3489 2124 Barbarica,fundum

1886 2146 2028 2199 Casa
2054 2144 2344 2211 Crisciani,
2369 2145 2615 2199 fundum
2648 2145 2985 2210 Vallescura,
3023 2144 3270 2198 fundum
3311 2144 3490 2215 Rupi-

1886 2235 2062 2298 liano,
2095 2233 2339 2288 fundum
2367 2233 2670 2299 Damiano,
2711 2232 2956 2287 fundum
2982 2232 3209 2300 Asterii,
3241 2232 3489 2287 fundum

1884 2320 2246 2388 Martuniani,
2262 2321 2503 2376 fundum
2530 2320 2768 2376 Seriano
2792 2338 2923 2376 cum
2945 2321 3250 2393 aquimolis
3279 2322 3492 2377 duoset

1883 2413 2026 2466 cella
2058 2411 2239 2466 sancti
2261 2410 2534 2477 Silvestri,
2554 2410 2801 2464 fundum
2819 2411 2999 2465 sancti
3031 2410 3317 2481 Prosperii
3356 2426 3493 2467 cum

1881 2501 2157 2555 vocabulo
2191 2499 2493 2566 Cacabelli,
2519 2499 2765 2554 fundum
2796 2498 3375 2565 Munitioni,fundum
3403 2500 3493 2555 Io-

1885 2589 2318 2655 niani,fundum
2343 2589 2637 2655 Proniani,
2669 2588 2915 2643 fundum
2937 2586 3216 2654 Mitiliani,
3245 2587 3491 2643 fundum

1882 2678 2167 2744 Rusciani,
2200 2677 2447 2732 fundum
2476 2678 2650 2748 Plaga
2675 2680 2923 2744 montes,
2936 2676 3183 2731 fundum
3209 2676 3489 2744 Polliano,

1882 2785 2014 2823 cum
2038 2768 2293 2822 cecclesia
2322 2770 2531 2821 sanctae
2557 2766 2727 2821 Mario
2755 2781 2887 2821 cum
2920 2766 3153 2821 famulis
3170 2770 3227 2820 et
3246 2766 3485 2830 famule,

1882 2859 2130 2913 fundum
2165 2855 2523 2923 Scatianum,
2543 2855 2790 2910 fundum
2814 2854 3339 2922 Cariano,fundum
3374 2854 3486 2909 Ma-

1882 2947 2082 3017 niano,
2122 2944 2369 3000 fundum
2385 2944 2591 3013 Occisi;
2627 2947 2685 2999 et
2710 2960 2807 2999 sex
2861 2943 3026 2999 uncie
3055 2943 3303 2999 fundum
3328 2942 3487 2997 Ruti-

1879 3036 2039 3090 liani.

1958 3128 2041 3179 l9.
2073 3126 2272 3179 Denuo
2294 3123 2706 3178 reclamatione
2729 3138 2763 3177 a
2783 3121 2984 3193 Pipino
2998 3137 3134 3193 rege
3154 3124 3211 3176 et
3229 3120 3358 3176 ﬁliis
3376 3120 3489 3176 suis

1881 3214 2116 3269 Carolus
2132 3216 2189 3268 et
2206 3212 2597 3283 Carlomagno
2617 3212 2687 3266 de
2699 3211 2950 3265 Astulfus
2965 3227 3063 3266 rex
3077 3209 3487 3282 Langobardo-

162 3299 275 3353 bus
296 3297 365 3352 de
383 3298 639 3353 Babiano
655 3300 1168 3370 eastro,quomodo
1198 3302 1295 3353 aut
1318 3301 1563 3372 qualiter
1580 3302 1778 3355 hedifi-
1799 3296 1848 3356 C
1880 3306 2371 3375 rum,quantaque
2388 3300 2677 3372 percussio
2696 3302 2921 3353 exercet
2940 3298 2999 3353 in
3013 3300 3209 3353 sancta
3226 3298 3487 3352 Romane

164 3386 422 3441 candum
440 3386 679 3441 domum
686 3387 851 3457 juxta
862 3388 1116 3441 castrum
1140 3390 1556 3443 monasterium
1573 3391 1776 3445 domni

162 3473 417 3546 principi
446 3475 837 3545 apostolorum
870 3475 1042 3541 Petri,
1077 3478 1134 3530 et
1160 3478 1339 3531 sancti
1368 3478 1684 3546 Benedicti,
1719 3484 1776 3535 et

162 3563 727 3618 commemoratione
757 3564 937 3618 sancti
961 3564 1205 3619 Andreae
1230 3566 1493 3635 apostoli,
1510 3583 1687 3638 usque
1715 3568 1772 3622 in

161 3656 496 3725 presentem
519 3651 695 3707 diem.
710 3653 864 3707 Emit
884 3657 1080 3711 autem
1102 3668 1305 3725 agrum
1324 3657 1772 3727 superscriptum

162 3741 250 3795 vir
268 3740 499 3795 Domini
522 3743 937 3813 Karlomagno,
963 3746 1184 3797 curtem
1206 3760 1380 3798 unam
1409 3761 1774 3817 nunccupan-

160 3832 290 3884 tem
311 3830 489 3885 sancti
502 3829 632 3897 Viti,
648 3846 779 3884 cum
807 3831 1017 3902 gualdo
1039 3833 1151 3904 (56)
1172 3832 1268 3904 qui
1288 3833 1495 3888 dicitur
1516 3834 1770 3905 Corgitu.

162 3919 310 3973 Item
326 3922 549 3974 curtem
564 3919 746 3975 sancti
765 3919 1044 3991 Gregorii,
1068 3937 1198 3974 cum
1212 3923 1428 3977 colonis
1441 3925 1498 3975 et
1523 3924 1772 3993 colones;

164 4006 311 4061 item
343 4012 567 4062 curtem
594 4008 949 4075 Petroniani,
984 4011 1042 4062 et
1068 4008 1345 4063 Asiniani.
1380 4012 1521 4064 Item
1553 4014 1776 4066 curtem

164 4094 350 4150 sancti
373 4094 600 4164 Heristi,
626 4100 684 4151 et
710 4096 832 4167 ejus
862 4096 1205 4168 adjacentia.
1223 4099 1365 4152 Item
1394 4099 1639 4153 fundum
1673 4100 1775 4155 Fa-

165 4184 348 4240 nianu
381 4185 545 4239 uncie
566 4201 693 4249 sex;
724 4188 911 4239 curtes
939 4186 1212 4253 Priscani,
1244 4188 1303 4240 in
1331 4205 1443 4259 quo
1475 4192 1560 4243 est
1589 4190 1779 4243 aaccle-

164 4273 251 4328 sia
297 4274 477 4329 sancti
511 4273 768 4341 Victoris,
802 4290 932 4328 cum
987 4275 1205 4330 colonis
1253 4280 1309 4330 et
1364 4279 1565 4332 colone
1596 4296 1609 4344 ;
1646 4295 1777 4333 cum

167 4362 419 4417 fundum
441 4362 813 4430 Flabianello,
847 4363 1091 4430 Robelli,
1127 4367 1185 4418 et
1210 4365 1453 4419 fundum
1484 4366 1776 4433 Corbiani;

169 4450 416 4505 fundum
439 4452 664 4523 Magere
690 4468 821 4505 cum
844 4452 1194 4523 appendiciis
1213 4453 1358 4519 suis;
1386 4454 1631 4510 fundum
1652 4455 1779 4511 Cot-

169 4541 432 4605 teanum,
461 4537 521 4592 in
575 4554 688 4611 quo
722 4542 808 4593 est
858 4540 1094 4595 ecclesia
1122 4541 1303 4595 sancti
1334 4542 1627 4597 Benedicti
1656 4544 1772 4598 sive

1878 3391 2131 3446 mcclesie
2169 3394 2226 3445 et
2252 3390 2310 3444 in
2328 3390 2541 3461 populo
2578 3389 2863 3443 Romano.
2898 3388 3132 3458 Pipinus
3167 3402 3265 3441 rex
3295 3387 3490 3442 audita

1875 3482 1982 3534 hee
2013 3480 2188 3534 verba
2212 3478 2558 3550 apostolicis,
2576 3477 2949 3532 contristatus
2970 3480 3055 3531 est
3066 3476 3489 3548 nimispropter

1876 3569 1989 3623 iter
2018 3567 2363 3640 apostolicis,
2393 3567 2619 3636 juratus
2648 3565 2876 3619 dicebat
2909 3583 2921 3619 :
2957 3586 2985 3613 ‹‹
3009 3565 3129 3635 Ego
3145 3582 3250 3636 per
3268 3567 3495 3619 memet‘

1876 3658 2065 3728 ipsum
2095 3670 2156 3709 vc
2167 3653 2284 3709 nio.
2312 3677 2339 3702 »
2356 3655 2580 3708 Bandus
2597 3653 2801 3707 missus
2824 3669 2890 3705 ex
2920 3668 3019 3707 ore
3034 3652 3206 3723 regis,
3226 3652 3285 3705 in
3309 3653 3485 3707 Fran-

1876 3764 2075 3802 corum
2111 3762 2273 3818 gens,
2297 3747 2355 3799 et
2388 3744 2447 3798 in
2481 3741 2750 3808 Saxonia,
2773 3742 2834 3795 in
2872 3739 3195 3811 Aquitaniis
3224 3740 3483 3812 partibus

1876 3836 2011 3891 etin
2046 3833 2371 3905 Bajuvaria,
2412 3833 2471 3887 et
2499 3828 2853 3903 Squasconia
2880 3826 3013 3901 (57),
3047 3827 3483 3898 etAlamannia,

1878 3928 1936 3980 et
1966 3924 2023 3977 in
2047 3925 2248 3978 cuncte
2264 3937 2516 3993 regnora
2537 3920 2585 3991 ej
2595 3920 2751 3986 us,ut
2761 3916 3256 3975 omneshostiliter
3274 3916 3488 3972 Kalen-

1882 4013 1983 4068 das
2001 4013 2191 4080 Maias,
2214 4012 2273 4065 iu
2301 4007 2816 4080 Langobardorum
2847 4023 2990 4081 gens
3026 4022 3197 4078 super
3235 4005 3487 4061 Astulfus

1883 4118 2001 4156 rex.
2037 4102 2461 4171 Carolomagno
2490 4099 3094 4170 monacho,germano
3110 4094 3297 4166 Pipini
3309 4095 3484 4168 regis,

1884 4192 2107 4262 expleto
2129 4192 2484 4245 monasterio
2498 4186 2937 4244 sanctiAndreaa
2958 4184 3199 4258 apostoli
3221 4187 3279 4239 et
3289 4185 3488 4241 omnia

1881 4296 1992 4352 que
2015 4279 2087 4333 ad
2118 4279 2290 4333 busus
2313 4275 2650 4334 monasterii
2670 4274 3156 4343 continet,videns
3171 4272 3284 4328 suis
3305 4275 3483 4329 mori-

1880 4370 1986 4424 bus
2016 4384 2146 4423 cum
2178 4368 2368 4439 gentis
2388 4369 2494 4422 hac
2529 4364 2800 4420 fratribus
2829 4363 2942 4418 suis
2975 4361 3343 4418 monasteriis
3365 4379 3484 4418 non

1882 4460 2072 4513 essent
2116 4458 2489 4529 conjunctum
2513 4465 2580 4522 ﬂ,
2605 4452 2837 4509 recessit
2855 4453 2969 4523 (58)
2988 4450 3123 4507 inde
3171 4449 3230 4506 in
3262 4449 3487 4506 Samnii

1882 4546 2198 4619 provincia,
2232 4546 2291 4601 in
2326 4545 2560 4601 Cassino
2583 4545 2832 4610 montes,
2864 4541 2923 4596 in
2938 4541 3290 4596 monasterio
3304 4541 3491 4596 sancti

170 4627 374 4701 quibus
396 4625 520 4681 aliis
543 4627 832 4681 vocabulis
853 4633 1269 4700 nunccupatur,
1303 4648 1432 4685 cum
1458 4631 1689 4687 famulis
1721 4636 1778 4688 et
1797 4639 1850 4697 D
1882 4635 2193 4702 Benedicti,
2209 4634 2441 4706 hibique
2464 4632 2803 4704 permansit.
2834 4629 3093 4686 Audiens
3116 4630 3223 4685 hoc
3236 4629 3493 4685 Astulfus

166 4717 385 4772 famule
408 4714 626 4770 ibidem
641 4714 1045 4784 residentibus,
1061 4718 1287 4785 casinis,
1307 4721 1512 4788 easale;
1529 4719 1775 4776 fundum

169 4804 434 4869 Clarano,
458 4805 640 4858 casale
660 4803 730 4858 de
752 4803 972 4873 Cerole,
989 4807 1171 4861 casale
1192 4806 1261 4861 de
1286 4807 1526 4862 Rufiano
1558 4826 1775 4880 grasso,

167 4909 299 4946 cum
322 4892 542 4946 colonis
564 4895 618 4946 et
640 4894 862 4961 colone;
889 4894 1134 4949 fundum
1154 4894 1775 4968 Carpiniauo,fundum

1883 4740 1982 4778 rex
2002 4723 2405 4795 Langobardo,
2448 4739 2560 4794 que
2601 4720 2837 4793 Pipinus
2873 4735 2976 4774 rex
2994 4718 3345 4774 Francorum
3374 4734 3485 4772 con

1877 4812 2207 4884 Trasalpine
2251 4812 2440 4885 gentis
2479 4827 2652 4883 super
2706 4827 2767 4865 se
2795 4808 3037 4864 veniret.
3073 4806 3195 4871 Que
3243 4805 3485 4860 festinus

1878 4902 2131 4957 Astulfus
2147 4918 2245 4956 rex
2257 4918 2291 4956 a
2304 4902 2722 4957 monasterium
2740 4896 2920 4956 sancti
2933 4894 3221 4953 Benedicti
3242 4892 3300 4948 in
3320 4906 3483 4946 mon.-

170 4980 510 5050 Cossanum,
525 4981 771 5037 fundum
782 4982 1089 5051 Torritula,
1108 4981 1348 5039 fundum
1367 4984 1772 5054 Sentiani,tres
1861 4998 1981 5049 tem
2018 4990 2235 5046 Cassini
2260 4988 2856 5064 pervenit,postulans
2879 4989 2937 5042 et
2963 4985 3279 5054 deprecans
3296 4978 3483 5036 adah~

1492 5124 1721 5181 νΑΗΙΑρ]
1765 5128 2163 5186 LEC’I‘IONES.

235 5255 280 5289 ﬂ
312 5262 516 5318 regem
540 5262 677 5301 corr.
715 5247 965 5319 regibus.
1030 5255 1075 5290 η
1107 5247 1446 5320 eonjunctus
1471 5265 1613 5305 corr.
1646 5250 2047 5322 conjunctum.

1711 5368 1937 5431 ΝΟΤιΕ.

231 5490 343 5560 (51)
365 5488 517 5560 Ann.
551 5487 795 5545 Lauriss.
821 5506 915 5546 an.
948 5489 1075 5545 ⁵742.

232 5558 348 5630 (52)
374 5558 545 5630 lbid.,
578 5576 674 5614 an.
692 5561 816 5615 745.

232 5629 353 5701 (53)
373 5629 541 5697 Ibid.,
564 5647 659 5687 an.
689 5634 813 5687 7:54.

236 5700 341 5768 (54)
364 5700 530 5769 lbid.,
564 5720 657 5759 an.
686 5705 813 5760 746.

232 5773 352 5848 (55)
378 5776 442 5830 1d
473 5778 556 5832 est
580 5775 674 5833 Ad
697 5774 1031 5836 Marianum.

1961 5495 2048 5559 56)
2085 5493 2147 5547 Id
2166 5494 2252 5547 est
2272 5490 2427 5553 silva,
2459 5488 2630 5543 wald.

1966 5563 2048 5703 57;
2084 5563 2144 5617 ld
2175 5566 2261 5618 est
2301 5561 2605 5619 Wascom'a.

1966 5636 2028 5689 58
2089 5634 2171 5688 Cf.
2204 5636 2353 5693 Ann.
2396 5632 2605 5690 Lauris:

1939 5621 2047 5701 εδδ)
2089 5634 2171 5688 cr.
2204 5636 2353 5693 Ann.
2396 5632 2638 5690 Lauriss.
2672 5648 2769 5689 an.
2801 5630 2928 5698 7&0,
2955 5631 3015 5684 et
3057 5621 3370 5701 Eginlmrdi

1867 5709 1988 5761 tam
2028 5704 2234 5775 Caroli,
2268 5723 2392 5779 cap.
2428 5711 2480 5761 2.
