3882 6230
351 516 421 572 27
1445 517 1804 574 BENEDICTI
1841 519 1900 576 S.
1928 519 2230 576 ANDREE
2265 521 2577 577 MONACHI
3594 520 3666 576 28

353 631 457 690 bas
475 633 648 706 huius
662 635 1024 701 monasterii,
1044 639 1103 692 et
1135 637 1291 692 dona
1315 638 1498 692 multa
1511 638 1875 708 promittens,
1897 642 1960 694 ut
1978 645 2033 703 Α
2068 656 2380 710 organum,
2413 639 2511 710 qui
2563 638 2621 692 in
2672 635 2910 692 Francia
2938 653 3116 710 usque
3164 636 3440 708 pervenit.
3474 637 3544 691 Et
3570 652 3670 691 rex

354 723 743 794 Carlomagno
776 727 1062 781 monacho
1081 743 1114 781 a
1144 725 1350 797 Pipino
1394 743 1530 798 rege
1560 743 1841 798 germano
1859 745 1960 782 suo

355 814 718 884 properaret,
750 813 824 868 ad
846 813 1173 886 dissipanda
1201 814 1438 869 consilia
1466 813 1740 885 Stephani
1794 831 1961 887 pape,

355 903 421 957 ut
457 901 688 956 Francis
711 901 770 956 in
811 903 973 958 Italia
1018 902 1245 975 ingredi
1281 920 1398 958 non
1439 903 1694 958 deberet.
1720 906 1968 974 Accepta

2066 727 2304 796 Pipinus
2332 727 2519 780 tenuit
2547 725 2822 797 placitum
2845 742 3013 780 suum
3063 725 3121 778 in
3151 725 3510 797 Compendio
3535 741 3670 780 cum

2067 815 2317 879 Francis,
2345 815 2536 884 ibique
2577 815 2788 868 Tassilo
2837 814 2997 868 venit
3037 815 3146 868 dux
3181 813 3580 883 Bajuariorum
3611 812 3672 867 in

2066 903 2316 956 basatico
2348 920 2407 956 se
2438 903 2859 957 commendans
2890 919 2992 972 per
3040 919 3266 968 manus,
3311 904 3677 956 sacramenta

358 987 761 1045 benedictione
792 990 984 1046 abbati
999 991 1082 1046 sui
1112 992 1220 1046 hac
1238 991 1742 1057 fratribus,libenti
1769 991 1964 1046 animo
2057 989 2270 1058 juravit
2290 990 2474 1043 multa
2495 989 3031 1056 etinnumerabilia,
3050 990 3316 1062 reliquias
3341 993 3673 1043 sanctorum

359 1076 632 1148 perrexit,
663 1077 854 1150 sicque
870 1078 929 1134 in
957 1079 1257 1135 Franciam
1281 1079 1582 1151 venit(59).
1605 1080 1812 1134 Omnia
1824 1096 1963 1152 qua-

362 1163 495 1219 liter
522 1180 628 1236 per
651 1165 918 1222 ordinem
947 1184 982 1222 a
1021 1167 1223 1239 Pipino
1264 1167 1550 1222 intimavit
1582 1168 1962 1238 Carlomagno

361 1253 672 1316 monacho,
721 1253 924 1326 Pipino
977 1272 1076 1311 rex
1106 1254 1290 1311 noluit
1317 1255 1717 1327 hacquiescere
1748 1255 1966 1311 consilii

357 1340 500 1412 ejus.
525 1340 758 1413 Pipinus
786 1342 898 1415 (60)
927 1359 1027 1398 rex
1057 1343 1399 1414 apostolicas
1425 1343 1764 1399 invitatione
1785 1343 1842 1398 in
1861 1346 1969 1399 lta-

363 1427 443 1487 lia
470 1428 580 1484 iter
601 1445 910 1502 peragens,
922 1431 1147 1502 justitia
1190 1432 1342 1487 beati
1367 1431 1519 1488 Petri
1551 1432 1794 1503 apostoli
1830 1449 1968 1504 que-

363 1515 570 1574 rendo.
601 1518 854 1573 Astulfus
889 1535 988 1574 rex
1007 1519 1522 1591 Langobardorum
1543 1520 1870 1590 supradicta
1884 1521 1974 1592 ju-

365 1603 520 1663 stitia
538 1607 809 1670 vetando,
834 1607 1015 1662 clusas
1046 1608 1559 1678 Langobardorum
1586 1609 1772 1680 petiit,
1803 1610 1976 1664 obbia

365 1691 550 1762 Pipini
583 1693 739 1766 regis
761 1697 820 1750 et
863 1695 1092 1751 Francis
1137 1695 1322 1763 venit;
1356 1701 1415 1751 et
1444 1695 1700 1750 inierunt
1757 1697 1974 1751 bellum

367 1778 600 1834 Francis
629 1797 760 1836 cum
813 1781 1194 1854 Langobardi.
1257 1784 1323 1837 Et
1395 1786 1548 1837 retro
1609 1770 1974 1856 Langobardi

366 1868 507 1940 fuga
529 1873 717 1942 capta,
743 1870 1049 1926 auxiliante
1069 1871 1319 1926 Domino
1342 1872 1626 1944 beateque
1643 1874 1810 1926 Petro
1841 1889 1975 1944 apo-

2064 1077 3024 1147 manusimponens,etﬁdelitatem
3041 1078 3304 1148 promisit
3316 1078 3672 1149 regiPipino,

2067 1168 2124 1219 et
2139 1165 2254 1220 ﬁlio
2275 1167 2398 1236 ejus
2421 1165 2624 1220 Carulo
2650 1170 2707 1220 et
2721 1166 3126 1236 Carlomagno,
3143 1166 3286 1220 sicut
3303 1167 3497 1222 bassus
3517 1168 3678 1220 recta

2068 1256 2264 1307 mente
2296 1257 2353 1307 et
2382 1254 2552 1308 ﬁrma
2582 1254 2884 1308 devotione
2916 1270 3020 1324 per
3038 1255 3281 1326 justitia,
3305 1253 3451 1308 sicut
3479 1255 3678 1308 bassus

2069 1340 2306 1396 domino
2338 1358 2439 1395 suo
2486 1345 2631 1396 esset
2661 1342 2916 1396 deberet.
2945 1341 3034 1396 Sic
3072 1342 3438 1396 conﬁrmavit
3481 1356 3680 1411 supra-

2071 1429 2253 1483 dictus
2271 1429 2503 1495 Tassilo,
2522 1445 2694 1499 supra
2714 1445 2920 1500 corpus
2951 1429 3130 1483 sancti
3163 1429 3420 1495 Dionisii,
3441 1429 3674 1494 Rustici,

2072 1520 2130 1571 et
2147 1517 2710 1582 Eleutherii,necnon
2733 1521 2790 1571 et
2810 1517 3296 1583 sanctiGcrmani,
3311 1521 3483 1588 atque
3496 1516 3681 1570 sancti

2071 1605 2318 1672 Martini,
2332 1608 2395 1658 ut
2416 1605 2683 1659 omnibus
2701 1605 2900 1659 diebus
2917 1606 3030 1660 vite
3048 1607 3170 1676 ejus
3188 1606 3265 1659 sic
3287 1607 3675 1659 conservaret.

2075 1693 2309 1764 Pipinus
2331 1693 2438 1761 (67)
2463 1709 2558 1746 rex
2585 1693 2642 1746 in
2675 1693 2921 1746 Saxonis
2953 1694 3090 1760 ibat,
3125 1696 3181 1746 et
3211 1694 3468 1747 ﬁrmatas
3499 1692 3680 1747 Saxo-

2075 1782 2173 1836 nia
2197 1781 2334 1845 ibat,
2354 1785 2410 1835 et
2427 1780 2668 1836 ﬁrmitas
2685 1784 2974 1836 Saxonum
2988 1797 3092 1853 per
3106 1781 3378 1836 virtutem
3393 1781 3674 1847 introivit,

2073 1870 2132 1924 in
2159 1871 2348 1923 locum
2369 1869 2468 1940 qui
2487 1869 2693 1923 dicitur
2719 1869 2963 1936 Simnia;
2988 1873 3045 1923 et
3073 1871 3256 1923 multa
3281 1873 3498 1940 strages
3523 1869 3676 1924 facte

365 1957 511 2012 stolo
550 1957 962 2026 intercedente,
991 1959 1229 2031 Pipinus
1259 1976 1356 2013 rex
1375 1975 1506 2014 cum
1543 1960 1776 2014 Francis
1793 1959 1972 2016 victor
1990 1963 2042 2022 B
2071 1960 2204 2012 sunt
2225 1958 2283 2011 in
2303 1959 2514 2028 popula
2531 1956 2841 2012 Saxonum.
2863 1959 2929 2011 Et
2957 1961 3089 2011 tunc
3109 1957 3344 2028 polliciti
3372 1961 3504 2011 sunt
3531 1973 3672 2012 con-

363 2044 904 2118 extitit.Eodemque
915 2063 1068 2102 anno
1093 2047 1416 2120 Stephanus
1429 2065 1578 2121 papa
1607 2049 1874 2103 reductus
1886 2051 1971 2102 est

362 2148 399 2186 a
423 2135 620 2187 sancta
648 2134 804 2200 sede,
820 2150 926 2205 per
953 2135 1157 2191 missos
1183 2135 1386 2190 domni
1409 2136 1560 2206 regis
1586 2137 1796 2208 Pipini,
1849 2137 1970 2191 Fol-

363 2220 574 2276 dradus
602 2221 901 2295 episcopus
941 2227 999 2278 et
1021 2225 1260 2296 reliquis
1288 2225 1388 2296 qui
1423 2241 1556 2280 cum
1587 2241 1655 2280 eo
1709 2229 1853 2280 erat.
1877 2227 1968 2279 In-

365 2309 518 2364 cluso
538 2326 672 2365 vero
700 2311 922 2366 Astulfo
955 2327 1094 2382 rege
1126 2313 1186 2366 in
1234 2313 1411 2384 Papia
1466 2312 1714 2376 civitate,
1751 2313 1975 2383 justitia

361 2397 542 2452 sancti
561 2398 714 2452 Petri
734 2399 1020 2469 pollicitus
1051 2404 1137 2453 est
1154 2399 1426 2455 faciendi.
1450 2401 1612 2455 Unde
1629 2417 1725 2454 rex
1744 2401 1974 2472 Pipinus

360 2484 587 2540 obsides
601 2484 989 2556 quadraginta
1013 2489 1288 2558 receptos
1319 2503 1447 2540 cum
1474 2492 1856 2555 sacramenta,
1883 2505 1971 2542 re-

361 2587 558 2626 versus
578 2570 734 2626 estin
761 2571 1018 2626 Francia.
1036 2572 1420 2646 Carlomagno
1447 2579 1642 2630 autem
1661 2577 1973 2630 monachus

363 2658 586 2714 Bienna
612 2657 902 2715 civitatem
935 2661 1235 2729 remansit,
1270 2679 1385 2717 una
1407 2679 1539 2716 cum
1573 2665 1739 2718 Berta
1756 2664 1975 2719 domna

360 2745 564 2818 regine
586 2746 699 2820 (6i)
712 2765 730 2814 ;
753 2747 1342 2821 inﬁrmuslanguebat
1364 2749 1486 2805 dies
1513 2752 1744 2819 multos,
1759 2754 1815 2806 et
1835 2752 1974 2807 hob—

363 2833 432 2889 iit
457 2834 515 2890 in
544 2849 706 2906 pace.
733 2836 880 2890 Dum
908 2839 1023 2903 (62)
1083 2837 1464 2910 prospexisset
1491 2839 1724 2910 Pipinus
1746 2857 1865 2907 rex,
1899 2839 1971 2896 ab

363 2921 618 2978 Astulfus
642 2923 1158 2997 Langobardorum
1185 2942 1344 2998 rege,
1391 2943 1460 2982 ea
1486 2945 1603 2983 non
1635 2931 1782 2982 esset
1811 2945 1968 2995 vera,

363 3026 476 3082 que
493 3013 665 3066 antea
678 3011 1023 3082 promiserat
1050 3013 1122 3068 de
1131 3013 1266 3084 justi
1274 3014 1364 3069 tiis
1380 3015 1558 3070 sancti
1580 3015 1970 3083 Petri,iterum

360 3113 495 3154 cum
526 3098 729 3154 missus
749 3099 1072 3172 apostolicis
1093 3100 1368 3174 Stephani
1386 3103 1495 3158 iter
1509 3121 1757 3176 pergens
1780 3103 1838 3158 in
1859 3106 1969 3158 Ita-

361 3185 462 3254 lia,
493 3187 670 3258 Papia
700 3188 945 3256 obsedit,
975 3189 1228 3245 Astulfus
1255 3207 1392 3262 rege
1451 3191 1970 3263 Langobardorum

2073 2048 2158 2098 tra
2189 2043 2459 2114 Pipinum
2490 2061 2692 2098 omnes
2721 2045 3044 2098 voluntates
3081 2046 3203 2114 ejus
3233 2044 3590 2111 faciendum,
3614 2047 3675 2098 et

2069 2133 2320 2186 honores
2350 2131 2410 2185 in
2441 2132 2648 2201 placito
2702 2148 2804 2185 suo
2863 2133 3358 2202 prmsentandum,
3399 2149 3579 2204 usque
3611 2131 3672 2186 in

2069 2236 2246 2291 equos
2281 2221 2554 2274 tricentos
2581 2236 2684 2291 per
2709 2219 2962 2290 singulos
3001 2237 3204 2275 annos.
3242 2221 3416 2275 Natus
3445 2220 3562 2292 (68)
3589 2223 3678 2274 est

2074 2307 2279 2378 Pipino
2312 2307 2436 2378 regi
2453 2307 2624 2377 ﬁlius,
2653 2307 2743 2361 cui
2767 2307 3127 2378 supradictus
3147 2325 3242 2362 rex
3265 2325 3482 2364 nomen
3506 2323 3676 2362 suum

2073 2395 2367 2466 imposuit,
2387 2399 2447 2450 ut
2469 2395 2702 2466 Pipinus
2724 2399 3024 2450 vocaretur
3043 2397 3186 2450 sicut
3215 2401 3380 2468 pater
3402 2398 3543 2468 ejus.
3569 2397 3679 2461 Qui

2072 2483 2206 2538 vixit
2234 2500 2417 2538 annos
2446 2484 2581 2549 duo,
2623 2487 2681 2536 et
2727 2483 2784 2537 in
2837 2485 3006 2539 tertio
3066 2485 3370 2539 defunctus
3429 2489 3534 2540 est.
3570 2487 3678 2540 Eo-

2073 2571 2205 2626 dem
2221 2572 2336 2644 (69)
2357 2588 2512 2627 anno
2535 2571 2767 2644 Pipinus
2790 2589 2889 2627 rex
2922 2574 3104 2628 Roma
3129 2573 3398 2646 perrexit.
3433 2575 3678 2645 Stepha-

2073 2679 2180 2716 nus
2197 2678 2346 2733 papa
2358 2665 2415 2715 et
2428 2661 2476 2732 ej
2488 2678 2551 2715 us
2581 2661 2734 2716 clero
2755 2662 3086 2733 cunctisque
3117 2679 3150 2716 a
3176 2663 3348 2716 sacris
3380 2662 3682 2717 ordinibus

2074 2753 2160 2804 est
2181 2751 2566 2815 concessus,et
2586 2751 2798 2819 populo
2826 2751 3086 2804 Romano
3102 2749 3159 2804 in
3183 2766 3482 2806 occursum
3503 2751 3678 2823 regis,

2073 2854 2206 2892 cum
2224 2837 2416 2907 ymnis
2429 2840 2486 2890 et
2506 2836 2766 2892 laudibus
2780 2837 2852 2891 ad
2865 2837 3164 2893 ecclesiam
3183 2839 3362 2892 sancti
3381 2838 3680 2910 Peregrini

2074 2926 2450 2980 advenerunt.
2486 2925 2920 2996 Contemplatus
2967 2930 3052 2979 est
3096 2943 3194 2980 rex
3226 2926 3430 2997 Pipino
3464 2928 3679 2998 populo

2073 3015 2359 3080 Romano,
2377 3016 2436 3068 et
2458 3013 2580 3084 ejus
2601 3017 2746 3080 acta,
2770 3014 3189 3085 gaudebundus
3219 3014 3480 3084 pervenit
3497 3015 3554 3068 in
3584 3031 3681 3069 ec-

2073 3101 2243 3156 clesia
2270 3103 2662 3171 apostolorum
2686 3101 2951 3172 principi.
2983 3101 3394 3174 Celebrataque
3419 3102 3542 3172 ejus
3573 3101 3682 3156 sol-

2073 3189 2474 3260 lempnitatem
2495 3193 3176 3262 myssarum,quantaque
3198 3189 3437 3261 largitus
3470 3193 3555 3243 est
3570 3191 3681 3245 ele-

360 3273 614 3343 inclusit,
644 3275 831 3348 magis
883 3276 1182 3349 magisque
1238 3278 1310 3333 de
1357 3279 1547 3350 justiis
1584 3279 1764 3334 sancti
1818 3278 2040 3345 Petric
2073 3277 2428 3334 mosinarum
2445 3277 3022 3349 pauperum,etdona
3041 3278 3679 3348 ecclesiarum,longum

363 3363 747 3431 conﬁrmavit,
766 3366 829 3419 ut
845 3365 1078 3420 stabiles
1088 3371 1630 3440 permaneret,quos
1646 3370 1818 3422 antea
1843 3383 1974 3438 pro-

361 3449 618 3519 miserat,
643 3455 702 3508 et
725 3451 958 3524 insuper
984 3454 1253 3510 Ravenna
1302 3472 1434 3510 cum
1483 3455 1876 3526 Pentapolim,
1911 3459 1972 3510 et

368 3555 607 3594 omnem
658 3543 990 3596 exarcatum
1037 3542 1396 3614 conquisivit,
1443 3547 1500 3598 et
1539 3545 1812 3614 precepto
1841 3559 1968 3597 san~

365 3629 458 3682 cto
489 3628 658 3682 Petro
684 3627 942 3683 tradidit.
965 3629 1034 3684 Ut
1065 3646 1168 3701 per
1183 3630 1386 3687 missos
1417 3630 1976 3703 apostolicis,mona-

363 3714 601 3770 sterium
628 3716 810 3770 sancti
837 3715 1068 3772 Andree
1099 3718 1340 3790 apostoli
1373 3719 1567 3772 nullus
1594 3717 1836 3772 auderet
1871 3715 1974 3771 ali-

359 3801 486 3876 quis
511 3802 880 3858 damnietatis
895 3803 1195 3876 adtingere
1217 3807 1316 3860 aut
1336 3805 1571 3862 violare.
1601 3806 1668 3858 Et
1697 3804 1809 3876 (63)
1837 3805 1976 3859 dum

363 3907 622 3948 reversus
632 3893 720 3946 est
734 3890 972 3964 Pipinus
990 3908 1109 3957 rex,
1131 3893 1401 3964 cupiebat
1417 3892 1775 3964 supradictus
1788 3894 1976 3948 Astul-

363 3979 478 4046 fus,
496 3977 781 4033 nefandus
792 3995 912 4046 rex,
925 3979 1157 4035 mentiri
1177 3997 1290 4053 que
1303 3983 1438 4035 ante
1465 3981 1754 4051 pollicitus
1765 3980 1974 4048 fuerat,

368 4065 598 4122 obsides
628 4065 882 4138 dulgere,
901 4072 1262 4124 sacramenta
1275 4084 1581 4138 rumpere;
1613 4068 1863 4140 quadam
1884 4068 1976 4124 die

365 4154 674 4210 venatione
700 4153 852 4224 fecit,
885 4172 1178 4229 percussus
1191 4156 1293 4213 Dei
1314 4155 1532 4228 judicio
1559 4155 1740 4210 vitam
1772 4155 1972 4213 ﬁnivit.

439 4243 528 4299 20.
558 4241 704 4298 Inito
728 4243 962 4300 consilio
987 4243 1381 4318 Langobardi,
1409 4244 1705 4314 quomodo
1747 4244 1977 4299 Francis

368 4356 540 4413 super
549 4356 611 4396 se
624 4344 933 4410 erueret,et
943 4343 1282 4399 levaverunt
1294 4339 1654 4396 Desiderium
1669 4339 1726 4393 in
1743 4356 1944 4410 regem
1961 4358 1976 4409 ;

373 4437 668 4511 quomodo
688 4441 746 4494 et
761 4439 1008 4512 qualiter
1038 4442 1242 4512 postea
1282 4437 1562 4492 dicamus.
1615 4437 1826 4492 Videns
1855 4437 1979 4492 Ste-

366 4535 593 4610 phanus
608 4551 758 4609 papa
785 4552 855 4591 ex
884 4535 1046 4592 omni
1101 4538 1265 4608 parte
1297 4533 1477 4588 victor
1515 4538 1685 4600 esset,
1712 4538 1769 4590 et
1799 4534 1984 4606 gloria

368 4631 662 4706 dignitatis
691 4633 919 4704 presule
943 4633 1049 4688 bac
1065 4631 1256 4704 gentis
1285 4631 1546 4686 Romane
1591 4630 1980 4704 triumphans,

369 4729 521 4802 cepit
545 4729 853 4786 hediﬁcare
874 4729 1118 4785 domum
1143 4726 1472 4792 ecclesiam,
1503 4727 1561 4782 in
1598 4744 1781 4784 onore
1801 4729 1981 4785 sancti

369 4826 624 4894 Dionisii,
656 4825 871 4882 Rustici
907 4829 967 4880 et
1019 4823 1390 4889 Heleutherii,
1444 4823 1503 4878 in
1531 4825 1718 4881 hurbe
1777 4827 1978 4896 Roma,

359 4924 526 4996 juxta
542 4925 635 4980 via
663 4921 1048 4988 Flamminea,
1077 4923 1136 4974 et
1187 4917 1342 4975 ereio
1367 4918 1503 4992 (64),
1540 4938 1659 4978 non
1705 4925 1877 4996 longe
1904 4925 1978 4980 ab

367 5019 582 5090 Agusto
605 5019 736 5091 (65),
758 5019 926 5090 juxta
971 5016 1192 5071 formas
1233 5017 1446 5090 species
1487 5019 1777 5088 decorata,
1830 5021 1976 5076 sicut

365 5112 429 5168 in
458 5112 698 5171 Francia
725 5111 968 5168 viderat.
997 5111 1265 5186 Misit(66)
1282 5113 1693 5172 Constantinus
1721 5117 1973 5190 impera-

363 5214 457 5268 tor
486 5211 558 5270 de
568 5207 1131 5283 Constantinopolim
1149 5210 1272 5285 regi
1287 5211 1488 5286 Pipino
1505 5231 1636 5272 cum
1659 5214 1784 5272 aliis
1793 5215 1962 5272 donis

2074 3370 2159 3422 est
2181 3383 2472 3421 enarrare.
2501 3365 2824 3420 Permansit
2855 3382 2952 3420 rex
2981 3367 3247 3438 Pipinum
3279 3384 3476 3421 mense
3496 3384 3679 3422 unum

2074 3456 2133 3510 in
2165 3456 2367 3510 urbem
2401 3456 2679 3518 Romam;
2715 3459 3096 3526 egrotareque
3127 3455 3277 3526 cepit
3301 3455 3683 3511 domnusSte-

2074 3545 2298 3616 phanus
2318 3559 2488 3614 papa,
2523 3543 2722 3597 dolore
2754 3542 2944 3597 cordis
2973 3546 3274 3615 metusque
3305 3543 3540 3614 Pipinus
3582 3561 3680 3599 rex

2076 3633 2146 3687 de
2169 3648 2308 3686 nece
2331 3629 2678 3704 apostolicis,
2703 3629 2793 3684 die
2817 3630 3222 3703 constitutique
3245 3631 3408 3686 obiit.
3427 3630 3686 3686 Conven-

2076 3723 2250 3792 toque
2263 3720 2414 3774 facto
2432 3718 2630 3790 populi
2644 3718 3255 3790 Romani,cumPipino
3275 3737 3372 3774 rex
3389 3719 3460 3774 de
3481 3721 3682 3790 Paulo,

2077 3807 2343 3880 germani
2362 3806 2638 3876 Stephani
2661 3811 2898 3878 pape,ut
2911 3808 3184 3862 cathedre
3205 3808 3515 3880 apostolice
3533 3825 3684 3880 prm-

2078 3899 2242 3950 esset.
2259 3895 2481 3949 Electus
2509 3898 2594 3949 est
2614 3911 2646 3950 a
2677 3896 2888 3967 populo
2914 3897 3176 3951 Romano
3205 3898 3378 3963 clero,
3399 3898 3457 3950 et
3477 3896 3683 3967 Pipino

2077 4001 2198 4052 rex,
2221 3987 2280 4038 et
2309 3985 2520 4055 populo
2552 3985 2928 4051 Francorum,
2963 3986 3175 4039 electus
3205 3989 3290 4038 est
3321 3985 3379 4038 in
3421 3985 3684 4039 sacratis-

2078 4072 2226 4128 sima
2247 4071 2445 4126 sedem
2461 4072 2616 4127 beati
2642 4072 2793 4126 Petri
2819 4072 3084 4144 apostoli.
3107 4073 3438 4144 Cunctaque
3462 4073 3583 4143 ejus
3604 4071 3684 4126 ci-

2079 4176 2174 4214 ves
2196 4161 2459 4215 Romana
2506 4164 2563 4214 et
2590 4160 2788 4215 Tuscie
2819 4160 3049 4227 ﬁnibus,
3075 4163 3132 4214 et
3165 4164 3370 4215 cuncta
3395 4163 3687 4232 Pentapo-

2081 4247 2202 4315 lim,
2235 4251 2294 4303 et
2321 4247 2640 4303 Cottiarum
2672 4252 2904 4303 montes
2964 4248 3021 4302 in
3055 4247 3294 4302 ecclesia
3349 4248 3500 4302 beati
3533 4249 3686 4302 Petri

2081 4335 2322 4406 apostoli
2343 4335 2658 4391 constituit.
2677 4336 2895 4390 Gratias
2916 4340 3154 4406 agentes
3178 4338 3292 4391 Deo
3323 4339 3379 4390 et
3401 4337 3687 4407 apostolo-

2081 4441 2210 4478 rum
2242 4424 2508 4496 principi,
2533 4441 2791 4480 reversus
2821 4427 2905 4478 est
2934 4424 2992 4478 in
3025 4425 3283 4480 Francia.

2151 4517 2238 4568 2i.
2260 4513 2414 4567 Tunc
2445 4513 2677 4584 Pipinus
2703 4529 2801 4568 rex
2830 4529 3073 4568 cernens
3098 4512 3450 4568 Guaifarium
3477 4515 3684 4569 ducem

2004 4613 2057 4676 D
2079 4601 2544 4674 Aquitaniorum,
2579 4604 2687 4655 etc.
2711 4600 3022 4672 Sequuntur
3053 4599 3294 4654 Annales
3322 4601 3687 4656 Laurissenses

2079 4705 2208 4745 ann.
2243 4693 2372 4752 760,
2399 4692 2524 4756 761,
2559 4691 2687 4756 762,
2719 4692 2846 4756 763,
2879 4706 3038 4760 usque
3071 4705 3084 4742 :
3124 4688 3546 4760 Pipinus........
3583 4707 3689 4761 per

2081 4777 2491 4850 Legemodicas
2520 4777 2582 4831 in
2615 4776 2855 4831 Francia
2895 4794 3154 4832 reversus
3187 4781 3290 4832 est.
3327 4779 3394 4832 Et
3423 4778 3574 4832 facta
3601 4783 3692 4834 est

2079 4883 2220 4938 gens
2251 4865 2460 4920 valida.
2497 4868 2610 4920 lter
2637 4869 2748 4937 (70)
2772 4864 3028 4936 perrexit
3057 4865 3218 4919 Italia
3249 4866 3320 4920 ad
3352 4868 3691 4923 conferendi

2082 4955 2276 5009 Italico
2306 4971 2519 5024 regno;
2577 4956 2700 5008 tota
2728 4952 2956 5023 hiemps
3010 4952 3070 5006 in
3123 4955 3477 5009 monasterio
3509 4957 3692 5011 sancti

2081 5043 2310 5097 Andree
2369 5041 2634 5114 apostoli,
2692 5045 2751 5095 et
2801 5041 2988 5095 sancti
3043 5039 3294 5096 Silvestri
3353 5044 3696 5099 confessoris

2085 5130 2312 5198 Christi,
2365 5134 2424 5186 et
2490 5129 2672 5184 sancti
2731 5127 3010 5200 Stephani
3069 5131 3338 5202 martyris
3391 5132 3688 5201 hiemavit,

2084 5234 2320 5274 necnon
2349 5220 2407 5274 et
2433 5215 2647 5272 Tusciae
2701 5215 2910 5272 ﬁnibus
2940 5215 3138 5271 omnia
3187 5235 3282 5274 res
3328 5221 3692 5290 monasterii,

1921 5313 2148 5374 NOTAE.

369 5401 888 5535 mgsegncragtam
904 5360 1184 5480 Stephani
1190 5425 1379 5482 papas,
1413 5426 1464 5466 c.
1486 5413 1576 5481 30,
1600 5413 1658 5466 et
1670 5411 1986 5466 Ann.Lau-

463 5550 553 5612 60)
592 5545 680 5602 Cf.
708 5545 860 5600 Ann.
893 5546 1130 5606 Lauriss.
1163 5567 1260 5607 an.
1294 5551 1422 5608 755.

464 5618 554 5694 βξ)
591 5615 963 5694 liertradane
975 5620 1196 5694 regina.

465 5685 550 5755 62)
593 5685 812 5760 Qum...
844 5685 1212 5760 tradz’diﬂAn.
1243 5693 1489 5749 Lauriss.
1527 5710 1624 5748 an.
1689 5695 1815 5750 756.

445 5757 554 5904 (Si)
577 5757 1348 5904 reservasse

467 5829 552 5904 64)
587 5829 634 5885 Ε
653 5829 899 5903 regione
933 5829 1132 5907 Campi
1159 5832 1384 5894 Martii?

2164 5412 2278 5487 (65)
2304 5411 2484 5487 I_d__e_st
2508 5411 2831 5467 mausoleum
2860 5414 3118 5487 Augusti.

2163 5481 2273 5552 (66)
2298 5481 2528 5538 Misit...
2551 5493 2878 5540 conservaret
2894 5481 2974 5541 ex'
2991 5489 3146 5543 Ann.
3177 5485 3418 5541 Lauriss.
3441 5503 3535 5541 an.
3568 5492 3698 5544 757.

2191 5554 2276 5622 67)
2306 5554 2602 5625 Pipinus”,
2630 5572 2819 5621 annos,
2852 5556 2955 5620 ib.,
2989 5574 3084 5611 an.
3109 5560 3234 5612 758.
3577 5577 3595 5586 κ

2191 5627 2278 5689 68)
2307 5625 2555 5682 Natus...
2587 5626 2892 5696 defunctus,
2924 5627 3027 5695 ib.,
3051 5645 3148 5684 an.
3179 5632 3304 5684 759.

2171 5696 2284 5770 (69)
2318 5696 2630 5770 Pippinum
2649 5697 2895 5752 Romam
2916 5716 3216 5770 nunquam
3235 5698 3438 5754 adiisse
3453 5703 3702 5758 constat.

2167 5767 2305 5840 (70).
2331 5767 2489 5840 Quae
2511 5771 2834 5840 sequuntur
2855 5786 2890 5824 a
2920 5767 3116 5826 nostro
3147 5770 3381 5826 inventa
3407 5787 3549 5839 esse,
3582 5789 3704 5828 non

2098 5837 2189 5892 est
2209 5837 2365 5910 quod
2395 5837 2640 5894 dubites.
