3882 6230
206 527 282 580 29
1659 519 2074 578 CHRONICON.
3457 526 3527 581 30

218 661 336 718 que
360 661 394 700 a
425 643 821 716 Carlomagno
841 658 1122 714 germano
1135 642 1487 712 suohempta
1500 639 1704 708 fuerat,
1728 658 1831 714 per
1848 645 1904 707 Α
1930 657 2084 710 rum,
2120 642 2506 715 patrocinium
2538 657 2741 699 secum
2756 641 2951 698 liberis
2980 641 3114 711 suis,
3139 643 3527 714 patrocinium

214 737 556 806 preceptum
584 731 669 786 sui
699 731 952 787 nominis
997 730 1308 786 constituit.
1334 731 1402 784 Et
1429 747 1562 785 crux
1596 729 1827 785 Domini

221 839 333 894 que
367 823 425 876 in
453 822 566 877 suis
612 819 920 875 cervicibus
965 819 1353 890 appendebat,
1387 819 1447 872 in
1486 819 1828 873 venerabilis

221 910 468 965 cenobio
493 909 792 975 concessit,
817 926 915 962 seu
943 906 1252 962 Beneventi
1267 907 1634 978 principatus,
1655 909 1713 960 et
1733 907 1829 961 Sa-

221 999 398 1066 lerni,
427 998 753 1069 Capuaque,
777 1000 834 1051 et
863 999 984 1051 tota
1017 996 1313 1065 Neapolim
1339 994 1567 1061 ﬁnibus,
1600 997 1658 1048 et
1678 995 1829 1066 quic-

226 1087 370 1160 quid
391 1085 703 1156 Campanie
734 1085 1068 1140 destitutum
1096 1089 1200 1150 est,
1244 1083 1302 1136 in
1335 1100 1434 1137 suo
1465 1087 1827 1138 sacramento

224 1175 544 1230 constituit.
577 1175 644 1227 Et
668 1176 873 1227 cuncta
903 1170 1264 1243 Pentapolim
1297 1175 1354 1224 et
1393 1170 1592 1226 omnia
1633 1171 1829 1226 Tuscie

227 1261 443 1317 ﬁnibus
467 1261 792 1332 apostolicis
824 1260 980 1315 Pauli
1009 1263 1065 1314 et
1090 1276 1189 1314 suo
1217 1260 1346 1329 jure
1378 1258 1672 1314 concessit.
1699 1260 1832 1314 Gra-

229 1352 484 1406 tulanter
512 1354 570 1405 et
599 1350 1014 1421 gaudebundus
1044 1348 1104 1403 in
1137 1348 1436 1402 Franciam
1464 1349 1639 1405 venit.
1675 1349 1830 1404 Tunc

229 1438 347 1510 (71)
375 1456 472 1493 rex
505 1437 909 1510 Pipinusabuit
930 1437 1203 1508 placitum
1230 1453 1396 1490 suum
1419 1436 1477 1490 in
1490 1436 1828 1506 Warmacia,

227 1529 287 1582 et
317 1527 540 1581 nullum
572 1527 682 1581 iter
712 1525 866 1580 aliud
896 1526 1052 1592 fecit,
1087 1525 1195 1579 nisi
1226 1524 1284 1578 in
1316 1523 1554 1578 Francia
1578 1525 1827 1593 resedit;

227 1631 403 1670 causa
431 1615 819 1686 pertractabat
850 1613 1185 1668 mitissimus
1205 1629 1302 1667 rex
1333 1613 1828 1681 interWafarium,

230 1707 292 1758 et
319 1703 679 1771 Tasilonem;
714 1703 848 1774 quia
860 1703 1046 1757 Tasilo
1069 1701 1528 1772 consanguineus
1549 1702 1670 1771 ejus
1686 1705 1827 1755 erat.

225 1792 387 1846 Tunc
416 1789 650 1861 Pipinus
673 1807 771 1844 rex
802 1790 1004 1844 missos
1029 1807 1160 1844 suos
1192 1789 1387 1860 dirigit
1418 1789 1491 1842 ad
1523 1788 1781 1858 Bajuaria
1799 1806 1832 1842 a

225 1879 432 1945 Tasilo,
475 1881 531 1932 et
571 1879 692 1932 haac
744 1878 917 1932 verba
972 1878 1214 1948 loquens
1245 1876 1367 1930 eis:
1398 1897 1426 1929 ς
1463 1876 1696 1946 Pipinus
1733 1893 1831 1930 rex

1930 730 2188 786 contulit.
2209 732 2376 786 Karol
2387 742 2449 786 us
2461 733 2654 785 autem
2669 747 2765 785 rex
2783 747 2886 802 per
2898 747 3251 787 consensum
3264 732 3528 787 omnium

1931 820 2284 874 Francorum
2306 837 2403 874 rex
2437 819 2830 873 constituitur.
2850 819 3312 891 Domnusitaque
3327 819 3529 874 Adria-

1929 925 2034 962 nus
2055 925 2204 979 papa
2221 907 2621 978 persecutione
2641 907 3158 978 Langobardorum
3172 925 3291 964 non
3310 908 3525 976 ferens,

1929 996 2134 1049 missos
2169 995 2369 1066 dirigit
2397 1012 2527 1050 cum
2545 995 2946 1051 benedictione
2966 995 3300 1068 apostolica.
3325 998 3528 1051 Petrus

1929 1100 2090 1139 mare
2123 1101 2302 1155 usque
2333 1084 2719 1151 Masilia,inde
2757 1087 3058 1139 terrenum
3077 1101 3256 1156 usque
3278 1085 3353 1138 ad
3366 1085 3528 1138 dom-

1929 1190 2082 1228 num-
2105 1173 2378 1227 Karolum
2409 1173 2686 1244 pervenit.
2719 1173 3020 1228 Invitando
3049 1172 3266 1227 scilicet
3295 1179 3355 1226 ut
3374 1172 3526 1226 Ann.

1931 1261 2253 1316 Lauriss.a.
2287 1263 2413 1328 773,
2442 1279 2603 1332 usque
2644 1261 2857 1332 pascha
2901 1261 3170 1316 similiter
3218 1260 3277 1315 in
3318 1260 3523 1316 Roma.

1932 1349 2270 1420 Susceptum
2293 1353 2379 1404 est
2409 1349 2602 1421 itaque
2627 1349 2879 1404 domnus
2910 1350 3144 1404 Carolus
3171 1365 3272 1403 rex
3287 1348 3528 1404 honori-

1932 1439 2037 1492 ﬁce
2063 1437 2135 1492 ab
2167 1437 2424 1492 Adriano
2457 1453 2626 1508 papa,
2650 1441 2754 1492 eta
2783 1441 2988 1493 cuncto
3008 1439 3270 1492 Romano
3290 1437 3527 1508 populo,

1933 1530 1990 1580 et
2010 1526 2069 1580 in
2105 1526 2349 1580 ecclesia
2369 1525 2521 1581 beati
2555 1525 2705 1579 Petri
2738 1526 2985 1596 apostoli
3017 1543 3052 1579 a
3079 1525 3247 1579 scolis
3267 1523 3532 1579 laudibus

1932 1619 2017 1669 est
2048 1616 2381 1669 honoratus.
2420 1614 2760 1684 Quantaque
2791 1614 3140 1685 pestilentie,
3175 1614 3538 1667 etlamenta-

1931 1703 2186 1757 tionibus
2200 1706 2258 1756 et
2275 1702 2687 1757 vastationibus
2701 1702 3092 1774 Langobardis
3107 1701 3536 1772 populoRoma-

1932 1807 2006 1845 no
2036 1792 2457 1860 proclamatum
2481 1793 2585 1856 est,
2611 1790 2734 1861 quis
2758 1790 2950 1860 potuit
2970 1805 3264 1844 enarrare.
3286 1789 3537 1859 Accepta

1930 1878 2126 1950 itaque
2155 1877 2564 1933 benedictione
2593 1895 2691 1932 rex
2721 1881 2779 1932 et
2803 1878 3162 1933 absolutione
3188 1876 3341 1932 beati
3380 1873 3535 1930 Petri

227 1967 583 2022 Francorum
612 1965 889 2020 misitnos
901 1965 975 2019 ad
1001 1968 1157 2031 te,ut
1179 1965 1603 2018 innotescamus
1618 1964 1832 2018 beneﬁ-
1853 1981 1902 2038 Β
1932 1966 2174 2036 apostoli
2207 1967 2422 2020 domno
2447 1966 2670 2030 Carolo,
2706 1966 2916 2020 iterum
2948 1983 2982 2020 a
2999 1966 3175 2036 Papia
3198 1964 3531 2019 venientem

228 2054 382 2109 cium
422 2058 480 2108 et
505 2055 813 2116 honorem,
844 2052 1091 2125 qualiter
1120 2052 1352 2123 Pipinus
1396 2069 1494 2105 rex
1539 2052 1833 2105 constituit

225 2143 349 2200 tibi.
385 2145 462 2197 Eo
493 2142 807 2214 quodesset
841 2158 1003 2196 meus
1028 2140 1830 2210 consanguineustotaBajua-

225 2230 318 2285 ria
348 2230 506 2285 dedit
534 2229 658 2292 tibi,
682 2234 739 2284 et
756 2229 1138 2300 jurejurando
1168 2229 1346 2282 ﬁdem
1372 2231 1532 2282 tuam
1551 2228 1832 2300 pollicitus

226 2335 290 2373 es
311 2317 675 2384 observandi.
696 2339 724 2365 ››
743 2318 908 2373 Modo
946 2316 1440 2372 commotus'facie
1463 2317 1614 2387 regis
1639 2315 1832 2371 videre

228 2407 436 2462 noluit.
469 2407 645 2468 Tunc,
678 2409 810 2471 etc.,
851 2413 910 2460 ut
958 2408 1014 2459 in
1055 2405 1208 2459 Ann.
1260 2404 1690 2460 Laurissensibus
1736 2421 1827 2458 an.

226 2497 356 2558 766,
389 2495 514 2557 767,
545 2496 673 2562 768,
725 2511 887 2565 usque
933 2493 1002 2547 ad
1060 2494 1261 2548 obitum
1310 2493 1548 2563 Pippini.
1591 2491 1830 2564 Hibique

229 2582 387 2638 diem
417 2581 624 2645 hobiit,
651 2581 835 2636 ﬁnivit
865 2582 1068 2636 octaba
1109 2584 1235 2636 Kal.
1279 2581 1545 2656 Qctuber.

299 2675 388 2728 22.
424 2673 682 2725 Domnus
713 2673 816 2740 (72)
841 2670 1034 2742 itaque
1061 2669 1345 2724 Adrianus
1367 2669 1599 2723 natione
1626 2670 1834 2724 Roma-

224 2778 336 2816 nus
359 2760 429 2814 de
442 2758 708 2831 regiones
721 2757 967 2824 Vialata,
990 2758 1129 2813 ordo
1143 2757 1334 2812 scrinii
1360 2761 1554 2812 sancte
1573 2758 1832 2812 Romane

224 2848 504 2914 mcclesie,
529 2848 741 2901 electus
757 2848 840 2899 est
859 2844 1138 2916 pontifex,
1168 2861 1201 2898 a
1217 2848 1420 2898 cuncto
1449 2845 1708 2899 Romano
1729 2861 1830 2915 po-

221 2937 385 3008 pulo,
412 2936 469 2989 in
492 2935 625 2989 sede
649 2934 756 2987 hac
779 2931 1092 2987 beatissimi
1119 2933 1513 3004 apostolorum
1532 2932 1826 3004 principis.

225 3024 467 3095 Oportet
479 3022 807 3094 horiginem
827 3020 1174 3074 Francorum
1194 3036 1291 3074 rex
1309 3036 1414 3091 per
1427 3021 1829 3092 genealogiam

221 3127 624 3183 nunccupare;
657 3107 904 3180 qualiter
932 3108 1005 3162 ad
1031 3107 1256 3179 apicem
1303 3107 1467 3178 regni
1503 3109 1828 3178 pervenerit

221 3200 468 3254 Karolus
498 3195 830 3252 mitissimus
860 3212 981 3258 rex,
1010 3195 1185 3250 modo
1230 3195 1506 3250 dicamus.
1540 3197 1688 3250 Gens
1719 3196 1827 3268 (73)

1929 2055 2118 2126 ipsam
2150 2053 2441 2108 civitatem
2475 2053 2632 2124 cepit
2663 2060 2759 2106 etc.
2786 2061 2844 2106 ut
2866 2055 3019 2106 Ann.
3051 2054 3286 2106 Lauriss.
3315 2070 3367 2106 a.
3401 2054 3528 2119 774,

1931 2148 2055 2209 775,
2104 2145 2227 2204 776,
2269 2145 2394 2208 780,
2446 2145 2570 2208 781,
2633 2141 2818 2197 multis
2871 2149 3045 2195 tamen
3100 2143 3325 2207 omissis,
3369 2157 3534 2211 usque

1929 2229 2257 2302 Aquitania.
2277 2230 2343 2283 Et
2357 2229 2492 2283 inde
2507 2229 2853 2284 revertendo
2873 2229 3089 2283 domno
3106 2228 3315 2282 Karolo
3331 2243 3532 2298 regem

1932 2319 1991 2373 in
2008 2317 2363 2373 monasterio
2382 2318 2563 2372 sancti
2581 2317 2812 2371 Andree
2829 2317 3071 2388 apostoli
3095 2333 3226 2371 cum
3242 2331 3419 2371 uxore
3431 2331 3533 2370 sua

1931 2406 2232 2478 Ildegarda
2246 2404 2471 2476 regine,
2487 2409 2544 2460 et
2557 2422 2689 2460 cum
2713 2405 2873 2459 omni
2894 2405 3172 2460 comitatu
3188 2420 3314 2470 suo,
3335 2402 3535 2458 omnia

1930 2495 2102 2550 rebus
2132 2493 2508 2548 ecclesiarum
2530 2493 2870 2548 manasterii
2887 2501 2954 2560 ’⁸,
2971 2509 3082 2564 que
3106 2510 3140 2546 a
3156 2493 3530 2546 Karolusma-

1932 2600 2046 2654 gno
2075 2583 2351 2654 patruelis
2379 2583 2500 2653 ejus
2530 2582 2588 2636 in
2619 2582 2915 2653 prefatum
2942 2579 3361 2636 monasterium
3402 2595 3535 2633 con-

1931 2672 2121 2738 cessit,
2139 2671 2635 2726 etmonasterium
2664 2670 2849 2726 sancti
2876 2669 3148 2734 Silvestri,
3178 2685 3308 2724 cum
3333 2670 3533 2723 monte

1933 2760 2247 2830 Syrapti,et
2259 2759 2680 2814 monasterium
2694 2759 2874 2813 sancti
2890 2757 3166 2829 Stephani
3180 2758 3238 2811 in
3255 2757 3530 2823 Mariano,

1932 2848 2266 2902 omniorum
2287 2848 2526 2919 praedia,
2547 2865 2652 2919 per
2667 2850 3002 2919 preceptum
3027 2845 3236 2916 regalis
3251 2861 3352 2899 sue
3371 2843 3531 2916 regie

1931 2935 2235 3008 potestatis
2264 2935 2568 3001 concessit,
2598 2938 2656 2989 et
2687 2936 2841 2990 dona
2872 2932 3231 3005 amplissima
3269 2931 3530 2986 hibidem

1931 3023 2248 3078 constituit.
2282 3025 2531 3093 Accepta
2552 3022 2957 3078 benedictione
2975 3039 3004 3075 a
3023 3019 3363 3076 venerabilis
3380 3021 3530 3087 loco,

1927 3112 2267 3168 Mediolanis
2295 3112 2590 3167 civitatem
2617 3111 2880 3183 pervenit
2908 3117 3080 3165 etc.ut
3109 3109 3262 3164 Ann.
3291 3108 3528 3164 Lauriss.

1928 3220 1979 3255 a.
2033 3204 2160 3266 781,
2209 3204 2334 3264 783,
2372 3204 2497 3262 786,
2544 3203 2669 3267 787,
2722 3202 2847 3268 788,
2898 3201 3023 3263 794,
3072 3198 3323 3270 plurimis
3353 3202 3531 3251 tamen

219 3287 672 3357 MeI‘Oingorum,
694 3285 764 3339 de
786 3301 900 3356 qua
918 3283 1118 3338 FranCi
1143 3300 1309 3355 reges
1329 3283 1433 3338 Sibi
1455 3300 1651 3338 creare
1677 3284 1826 3339 80ιὶῐὶ
1847 3304 1894 3362 C
1927 3290 2134 3344 omissis
2163 3306 2175 3342 :
2204 3305 2344 3342 anno
2375 3291 2477 3344 786
2505 3289 2822 3355 rationibus,
2847 3305 3011 3360 quare
3025 3286 3264 3341 Karolus
3284 3287 3387 3339 iter
3413 3283 3532 3338 Ita-

221 3379 414 3430 erant.
447 3373 572 3428 Fuit
598 3372 816 3446 primus
869 3372 1126 3444 Pipinus,
1167 3371 1265 3442 qui
1310 3372 1506 3442 genuit
1551 3372 1730 3425 ﬁlium
1760 3389 1826 3426 ex

219 3462 546 3520 concubina
576 3461 813 3516 nomine
838 3461 1070 3515 Carolus
1095 3478 1108 3527 ;
1135 3459 1224 3514 hic
1241 3459 1462 3532 primus
1485 3461 1725 3514 Karolus
1743 3463 1829 3514 est

221 3553 552 3608 advocatus.
589 3550 696 3614 Qui
727 3551 966 3604 Karolus
983 3547 1186 3620 genuit
1204 3548 1350 3602 ﬁlios
1372 3547 1533 3613 duos,
1557 3547 1827 3619 Pipinum

224 3643 285 3694 et
317 3639 766 3708 Karolomagno,
788 3635 885 3707 qui
913 3638 1037 3689 tota
1067 3636 1305 3690 Francia
1327 3635 1693 3689 dominatum
1724 3635 1829 3689 sibi

223 3727 586 3782 vindicantes
599 3724 898 3796 oppressit.
918 3725 1134 3778 Mortuo
1152 3723 1345 3795 itaque
1361 3724 1598 3778 Karolus
1610 3723 1830 3795 primus

227 3817 329 3890 qui
362 3816 550 3871 ofﬁcio
579 3817 805 3868 tantum
838 3829 968 3866 cum
994 3812 1228 3867 lldricus
1255 3812 1477 3866 Saxone
1508 3812 1835 3882 deponeba-

228 3911 344 3971 tur,
380 3902 612 3975 Pipinus
643 3904 702 3956 et
733 3902 1154 3972 Carolomagno
1169 3901 1462 3972 germanis
1482 3909 1549 3968 28,
1573 3901 1833 3956 ve‘luthe-

227 3991 504 4048 reditaria
534 3990 770 4046 Francia
793 3990 1164 4062 fungebatur.
1190 3990 1348 4044 Hunc
1381 3989 1611 4062 Pipinus
1627 3989 1832 4044 etKar-

222 4083 502 4152 lomagno
515 4095 742 4133 summa
754 4095 884 4132 cum
903 4095 970 4132 eo
985 4078 1560 4145 concordia,divisum
1581 4094 1827 4149 regnum

225 4169 581 4223 Francorum
607 4168 758 4222 inter
777 4184 858 4235 se,
886 4167 1307 4236 Carolomagno
1329 4168 1522 4220 sancte
1538 4181 1832 4221 conversa-

220 4257 398 4313 tionis
426 4256 690 4311 habitum
721 4254 976 4316 inbutus,
1024 4254 1256 4325 Pipinus
1297 4271 1399 4326 per
1425 4253 1829 4309 auctoritatem

219 4345 539 4418 apostolico
565 4346 891 4413 susceptum
920 4342 1195 4414 Stephani
1225 4359 1374 4414 pape
1418 4358 1518 4397 rex
1563 4342 1826 4397 efﬁcitur.

222 4432 330 4498 Qui
365 4432 599 4503 Pipinus
627 4431 826 4502 genuit
847 4431 992 4485 ﬁlios
1023 4431 1184 4498 duos,
1202 4431 1442 4486 Carolus
1455 4432 1512 4484 et
1535 4430 1826 4486 Carloma-

221 4538 362 4594 gno,
388 4521 485 4592 qui
513 4520 666 4574 uncti
699 4523 830 4574 sunt
876 4519 936 4574 in
986 4520 1223 4591 regibus
1257 4536 1390 4573 cum
1435 4519 1637 4588 Pipino
1664 4523 1830 4590 pater

1929 3377 2090 3431 ticum
2138 3393 2412 3446 aggressus
2460 3378 2546 3443 sit,
2580 3377 2729 3430 addit
2770 3395 2786 3429 :
2828 3375 3104 3446 placitum
3148 3372 3418 3429 habentis
3459 3372 3531 3427 de

1928 3463 2325 3520 convenentiis
2357 3481 2562 3519 eorum
2591 3463 2815 3534 legibus
2853 3463 3038 3530 Italic,
3071 3478 3182 3534 que
3203 3465 3537 3516 antecessor

1929 3568 2132 3607 eorum
2166 3551 2398 3622 regibus
2421 3549 2644 3606 dudum
2660 3554 2832 3606 antea
2848 3551 3080 3605 indictis
3098 3565 3301 3604 eorum
3317 3548 3532 3619 scripta

1931 3657 2048 3695 non
2083 3641 2271 3705 esset;
2307 3640 2462 3710 quod
2486 3639 2572 3693 ita
2599 3639 2816 3692 factum
2849 3641 2953 3692 est.
2987 3638 3152 3691 Anno
3177 3639 3284 3691 796
3313 3636 3528 3705 pergit:

1931 3729 2273 3783 Nuntiatum
2306 3726 2413 3799 (74)
2457 3726 2634 3781 etiam
2673 3725 2779 3780 sibi
2815 3724 3055 3780 Adriani
3099 3721 3388 3795 pontiﬁcis
3417 3722 3531 3777 Ro-

1932 3817 2093 3874 mani
2124 3817 2410 3883 hobitum,
2425 3832 2537 3888 que
2551 3815 2609 3869 in
2634 3813 2905 3870 amicitiis
2927 3811 3234 3885 precipuus
3257 3810 3530 3874 habebat,

1932 3908 2011 3962 sic
2032 3906 2189 3961 ﬂevit
2217 3905 2370 3959 haesi
2397 3905 2663 3971 fratrem,
2697 3905 2796 3958 aut
2822 3901 3195 3956 karissimum
3210 3899 3392 3953 ﬁlium
3407 3913 3532 3952 am-

1933 3994 2199 4048 misisset.
2217 3994 2349 4047 Erat
2370 3993 2528 4047 enim
2542 3993 2601 4047 in
2620 3990 2891 4046 amicitiis
2911 3989 3130 4061 optime
3151 3988 3530 4058 temperatus,

1932 4085 1996 4136 ut
2018 4099 2114 4136 eas
2141 4081 2336 4135 faciles
2349 4081 2727 4148 ammitteret,
2743 4083 2804 4134 et
2837 4076 3300 4134 constantissime
3317 4073 3530 4130 retine-

1930 4175 2037 4225 ret.
2071 4171 2183 4224 Leo
2198 4187 2331 4224 mox
2360 4169 2419 4223 in
2452 4171 2580 4224 loco
2613 4169 2738 4240 ejus
2769 4166 3073 4234 successit;
3111 4164 3266 4220 misit
3309 4164 3535 4234 legatos

1931 4276 2061 4314 cum
2093 4258 2434 4313 muneribus
2465 4258 2539 4312 ad
2562 4274 2792 4328 regem,
2823 4259 2882 4311 et
2901 4257 3088 4310 claves
3108 4254 3284 4308 etiam
3316 4251 3536 4307 confes-

1929 4346 2107 4402 sionis
2136 4345 2320 4401 sancti
2374 4345 2548 4412 Petri,
2601 4349 2659 4398 et
2709 4343 2982 4398 vexillum
3026 4343 3287 4396 Romane
3331 4337 3536 4394 hurbis

1931 4436 2124 4491 eidem
2176 4434 2399 4490 direxit.
2447 4435 2801 4489 Thesaurum
2847 4432 2962 4504 (75)
3003 4431 3324 4503 priscorum
3354 4429 3538 4482 multa

1931 4527 2259 4580 seculorum
2320 4523 2706 4597 prolixitatem
2764 4523 3090 4586 collectum,
3133 4519 3352 4575 domno
3409 4515 3536 4588 regi

223 4627 429 4666 eorum
453 4627 487 4663 a
520 4609 814 4681 Stephano
846 4624 1031 4679 papa;
1066 4612 1124 4662 et
1147 4610 1378 4662 mortuo
1416 4607 1571 4662 idem
1604 4607 1825 4679 Pipino,
1852 4627 1904 4687 D
1932 4615 2142 4669 Karolo
2175 4613 2248 4668 ad
2273 4613 2450 4684 Aquis
2477 4612 2757 4684 palatium
2791 4609 2982 4673 misit;
3006 4625 3119 4681 quo
3133 4610 3387 4678 accepta,
3410 4621 3539 4676 per-

221 4697 490 4754 successit
516 4697 776 4762 Karolus,
804 4697 1085 4768 gloriosus
1106 4695 1442 4750 mitissimus
1467 4699 1640 4767 atque
1668 4712 1826 4750 ama-

222 4787 354 4842 bilis
390 4804 509 4852 rex,
540 4788 711 4856 atque
744 4786 1153 4856 Karlomagno.
1216 4785 1339 4838 Non
1400 4788 1531 4854 post
1580 4787 1828 4839 multum

219 4879 451 4945 tempus
479 4874 750 4928 defuncto
778 4873 1163 4943 Carlomagno
1194 4889 1314 4938 rex,
1347 4887 1487 4926 uxor
1510 4873 1633 4943 ejus
1650 4877 1707 4926 et
1723 4873 1828 4927 ﬁlii

1931 4705 2058 4756 acta
2114 4702 2229 4755 Deo
2270 4699 2529 4771 largitori
2583 4699 2847 4754 omnium
2883 4699 3171 4753 bonorum
3215 4695 3534 4767 gratiarum

1930 4789 2178 4844 actione.
2197 4789 2355 4843 Idem
2380 4788 2463 4842 vir
2476 4787 2957 4860 prudentissimus
2979 4789 3150 4857 atque
3175 4782 3535 4853 largissimus

1929 4881 1987 4931 et
2016 4877 2116 4931 Dei
2148 4877 2513 4948 dispensator
2539 4893 2756 4946 magna
2786 4875 2923 4930 inde
2942 4877 3170 4944 partem
3190 4872 3436 4923 Romam
3459 4867 3533 4923 ad

220 4979 354 5017 cum
387 4961 726 5034 quibusdam
758 4961 854 5033 qui
881 4978 948 5015 ex
978 4961 1326 5014 omatibusu
1353 4961 1751 5016 consentaneis
1769 4962 1826 5015 in
1925 4965 2130 5018 limina
2145 4966 2564 5034 apostolorum,
2591 4963 2751 5018 misit
2767 4979 2872 5035 per
2885 4960 3247 5031 Agilbertum
3263 4954 3535 5009 dilectum

220 5050 382 5106 Italia
413 5050 549 5120 fuga
568 5049 766 5122 petiit;
799 5049 904 5104 sub
925 5049 1216 5104 Desiderio
1240 5065 1405 5121 reges
1425 5051 1828 5121 Langobardo-

1928 5053 2199 5107 abbatem
2230 5069 2422 5120 suum,
2440 5053 2617 5108 misit.
2643 5054 2820 5107 Porro
2838 5049 3126 5118 reliquam
3141 5047 3371 5116 partem
3391 5042 3538 5115 opti-

1537 5202 1767 5257 VARLE
1819 5201 2217 5258 LECTIONES.

288 5334 334 5368 ’³
363 5333 479 5384 aut.
511 5339 826 5396 germanus
847 5340 894 5384 ο.
951 5335 996 5369 ἰ
1023 5328 1061 5380 i.
1092 5341 1138 5383 θ.
1164 5326 1555 5398 optimatibus.
1607 5335 1653 5369 π
1681 5326 2037 5382 monasteria
2071 5343 2208 5382 corr.
2239 5322 2572 5382 monasterii
2599 5320 2778 5378 codex.

1763 5465 1986 5523 NOTAE.

295 5659 407 5731 (72)
441 5659 524 5731 Cf.
555 5660 742 5731 Vitam
768 5659 1026 5726 Adriani,
1060 5675 1231 5731 capp.
1263 5660 1312 5724 1,
1341 5660 1392 5712 3.

288 5585 404 5654 (71)
436 5587 654 5642 Tunc...
689 5587 1010 5651 Tasilonem,
1043 5604 1111 5642 ex
1131 5587 1282 5641 Ann.
1307 5586 1550 5641 Lauriss.
1574 5601 1668 5641 an.
1695 5587 1821 5640 764.

296 5586 372 5654 [71
436 5587 654 5642 Tunc...
689 5587 1010 5651 Tasilonem,
1043 5604 1111 5642 ex
1131 5587 1282 5641 Ann.
1307 5586 1503 5641 Lauris

296 5586 412 5801 (72%
441 5659 524 5712 Cf.
555 5660 742 5740 Vitam
768 5659 1026 5741 Adriani,
1060 5675 1232 5740 capp.
1263 5660 1312 5724 1,
1341 5660 1392 5712 3.

296 5731 387 5794 (73
443 5730 521 5784 Ex
549 5731 862 5802 Eginhardi
893 5731 1020 5786 Vita
1051 5730 1257 5798 Caroli,
1292 5745 1415 5800 cap.
1454 5732 1503 5785 1.

2005 5584 2112 5652 (74)
2147 5585 2224 5638 Ex
2256 5579 2584 5655 Eginhardi
2613 5580 2740 5636 Vita
2771 5579 3112 5650 Caroli,cap.
3150 5579 3234 5633 19.

1999 5657 2114 5730 (75)
2145 5659 2298 5712 Ann.
2311 5652 2581 5711 'Lauriss.
2611 5671 2704 5709 an.
