3882 6230
231 348 299 403 37
1695 332 2114 391 CHRONICON.
3479 353 3548 410 38

226 469 793 525 Romanorum.......
816 461 1151 517 trucidatos.
1168 462 1342 516 Erant
1354 460 1511 515 enim
1524 476 1836 516 numerum
1860 465 1916 523 Α
1946 461 2173 515 montes
2195 460 2491 517 Letiniano
2512 478 2612 518 seu
2632 464 2907 536 Bogiano,
2926 472 3345 528 monasterium
3360 475 3546 531 sancti

227 558 629 613 Romanorum
658 554 931 607 tricentos
949 548 1351 622 quiinterfecti
1368 551 1501 602 sunt
1526 549 1581 602 in
1608 564 1841 620 campo-

228 642 649 700 Lateranensis.
694 643 775 696 De
815 638 1132 709 majoribus
1169 640 1293 691 erat
1336 636 1495 690 enim
1534 652 1685 707 papa
1730 637 1839 691 Leo

225 738 465 806 quartus
486 730 687 786 omnia
718 726 1079 797 Pentapolim
1100 729 1272 797 atque
1300 724 1526 778 Tusscie
1555 724 1763 778 ﬁnibus
1782 724 1836 778 in

224 819 515 892 pontiﬁcis
542 815 860 873 constituit.

296 909 462 963 Anno
490 910 593 962 819
612 908 686 959 ita
700 904 856 957 habet
892 920 904 956 :
938 904 998 955 In
1031 917 1145 973 quo
1164 902 1347 955 multa
1378 901 1447 954 de
1473 904 1649 955 status
1667 901 1840 954 eccle-

224 996 443 1052 siarum
474 999 532 1051 et
564 991 1053 1049 monasteriorum
1084 992 1331 1043 tractata
1362 992 1533 1059 atque
1566 989 1835 1044 ordinata

224 1089 382 1139 sunt.
419 1082 660 1154 Legibus
692 1080 867 1135 etiam
897 1077 1146 1149 capitula
1174 1094 1285 1148 que
1308 1076 1527 1130 dudum
1559 1076 1617 1129 in
1638 1075 1837 1130 edictis

224 1172 440 1244 scripta
477 1173 607 1225 sunt
627 1168 785 1240 afﬁgi
812 1166 1088 1239 precepit.
1105 1165 1228 1229 Quo
1254 1166 1524 1235 perhacto
1545 1194 1614 1203 —
1636 1164 1835 1218 Ubelbi

223 1258 453 1314 comitis
479 1257 636 1313 Judit
665 1255 824 1311 duxit
854 1270 1052 1309 uxore.

301 1347 466 1402 Anno
494 1346 635 1400 824:
680 1345 743 1398 In
790 1342 950 1413 cujus
995 1342 1180 1412 (papae)
1226 1342 1420 1396 locum
1468 1342 1690 1396 duobus
1734 1355 1837 1411 per

220 1431 841 1504 contentionespopuli
858 1430 1100 1484 fuissent
1142 1430 1375 1495 helecti,
1428 1429 1714 1500 Eugenius
1741 1444 1833 1482 ar-

221 1520 601 1592 chipresbiter
643 1518 791 1572 tituli
816 1520 1011 1572 sancte
1043 1516 1251 1572 Savine
1276 1535 1288 1584 ;
1318 1517 1460 1571 alius
1490 1521 1688 1571 tamen
1722 1532 1833 1587 quo

221 1625 441 1663 nomen
480 1610 741 1679 superest
776 1606 928 1659 facta
983 1608 1068 1659 est
1109 1604 1314 1658 seditio
1348 1605 1607 1659 Romane
1657 1603 1833 1657 civilis

220 1696 380 1750 inter
410 1712 489 1762 se,
521 1695 781 1748 vincente
799 1695 963 1763 parte
993 1691 1275 1746 nobilium
1306 1695 1469 1761 parte
1491 1692 1835 1762 subrogatus

224 1787 398 1855 atque
430 1782 729 1836 ordinatus
759 1783 874 1835 est.

296 1869 489 1924 Annos
502 1872 602 1925 827
636 1875 687 1922 et
711 1871 816 1925 829
846 1870 921 1921 ita
929 1868 1117 1937 jungit
1153 1883 1165 1920 :
1200 1867 1442 1938 Legatus
1473 1868 1836 1937 imperatoris

224 1958 474 2013 Romam
524 1957 700 2024 venit,
744 1960 801 2011 et
847 1956 1198 2010 helectiones
1243 1955 1439 2026 populi
1477 1956 1657 2027 qualis
1689 1956 1837 2009 esset

226 2044 601 2100 examinavit.
634 2044 740 2098 Ubi
768 2046 826 2098 et
856 2044 1027 2098 missa
1057 2044 1239 2098 sancti
1269 2043 1513 2111 Martini,
1542 2046 1600 2096 et
1628 2042 1838 2097 festivi-

226 2138 411 2190 tatem
442 2134 596 2189 beati
624 2133 870 2187 Andreae
903 2133 1167 2202 apostoli,
1192 2148 1418 2186 necnon
1440 2135 1499 2185 et
1528 2131 1715 2202 ipsum
1746 2147 1833 2185 sa-

219 2239 387 2277 crum
416 2224 679 2277 sanctum
708 2220 1014 2275 dominicae
1046 2219 1355 2274 nativitatis
1382 2219 1536 2274 diem
1562 2235 1694 2273 cum
1716 2235 1837 2272 ma-

221 2325 341 2380 gna
375 2308 558 2363 letitia
588 2310 647 2361 et
676 2306 1051 2362 exsultatione
1077 2305 1405 2359 celebravit.

298 2397 487 2451 Mense
531 2394 841 2450 Februario
883 2397 1194 2450 conventus
1234 2392 1492 2448 hibidem
1540 2393 1744 2460 factus,
1774 2393 1833 2447 in

224 2484 392 2539 Italia
418 2484 712 2556 profoctus
742 2486 827 2537 est
852 2482 989 2555 (92).
1014 2481 1642 2553 Romaqueingressus,
1677 2481 1735 2534 in
1749 2498 1837 2535 ec-

219 2572 393 2627 clesia
411 2573 803 2644 apostolorum
818 2568 1093 2641 principis
1104 2568 1411 2623 missarum
1429 2568 1836 2639 solempnitate

217 2660 529 2727 celebrata,
560 2659 780 2729 Apuliae
811 2658 1020 2712 finibus
1036 2657 1337 2727 adgressus
1359 2659 1444 2711 est
1473 2656 1529 2709 in
1544 2656 1834 2710 civitatem

223 2748 351 2803 Bari
385 2766 399 2815 ;
432 2751 708 2820 quattuor
736 2750 922 2800 turres
972 2745 1244 2799 aediﬁcari
1284 2744 1473 2814 jussit.
1512 2744 1746 2807 Quanta
1775 2747 1836 2798 et

221 2837 417 2907 qualia
440 2852 613 2889 naves
640 2834 815 2889 maris
839 2832 1127 2887 Adriatice
1160 2836 1458 2903 portantes
1488 2849 1555 2887 ea
1575 2849 1703 2904 quae
1733 2849 1833 2886 ne-

219 2924 469 2979 cessaria
481 2926 630 2979 sunt.
659 2924 1010 2978 Francorum
1036 2921 1270 2975 scarain
1292 2922 1419 2975 Bari
1439 2921 1634 2975 civitas
1653 2923 1835 2975 custo-

223 3014 447 3069 dientes
478 3012 769 3067 Scalaoria
812 3012 923 3084 (93)
976 3010 1265 3066 inferioris
1305 3013 1363 3064 et
1402 3010 1732 3081 superioris,
1765 3011 1826 3063 et

1947 547 2203 603 Silvestri
2226 550 2283 604 in
2314 554 2515 606 monte
2545 551 2770 625 Syrapti
2799 571 2933 611 cum
2962 561 3379 617 monasterium
3410 580 3543 619 san-

1944 636 2016 689 cti
2048 638 2291 692 Andreae
2324 640 2589 710 apostoli,
2614 642 2688 696 ad
2719 641 3065 699 defensionis
3089 647 3201 701 suis
3220 651 3413 719 palatii
3438 652 3547 707 im-

1942 728 2178 794 perator
2201 725 2439 781 kamere
2469 744 2567 781 sue
2593 730 2891 784 concessit.
2926 732 2993 785 Et
3015 733 3295 789 monitate
3323 738 3545 807 legibus

1942 810 2177 882 insuper
2210 814 2511 887 descriptis
2538 824 2584 857 ⁸ο
2614 819 2978 873 monasteriis
3016 820 3072 875 in
3101 822 3299 877 edictis
3325 824 3544 896 legibus

1942 897 2457 971 Langobardorum
2489 903 2646 973 affigi
2674 907 2965 978 praecepit.
2997 909 3377 966 Preordinata
3403 928 3545 968 cun-

1940 990 2033 1041 cto
2060 1003 2242 1059 regno
2266 990 2427 1045 Italia
2450 1007 2485 1045 a
2515 991 2782 1047 Lothario
2806 994 2923 1049 ﬁlio
2953 1012 3076 1065 suo,
3109 998 3207 1070 qui
3250 1004 3544 1057 consortes

1941 1074 2056 1127 suis
2079 1076 2244 1146 regni
2267 1081 2410 1145 erat,
2440 1079 2760 1148 constituit;
2792 1081 3192 1139 benedictione
3222 1091 3456 1160 accepta
3477 1088 3539 1144 in

1940 1163 2184 1218 ecclesia
2235 1168 2627 1236 apostolorum
2667 1168 2940 1241 principis
2970 1172 3343 1230 absolutionis
3372 1192 3541 1249 apos-

1936 1249 2131 1312 tolico,
2158 1250 2217 1305 in
2247 1252 2484 1309 Francia
2508 1258 2593 1308 est
2620 1271 2897 1313 reversus.
2931 1259 2999 1314 Et
3028 1276 3146 1315 non
3176 1266 3308 1333 post
3329 1266 3541 1321 multos

1936 1336 2041 1391 hos
2065 1338 2189 1393 dies
2212 1340 2396 1396 hobiit
2425 1347 2542 1409 (an.
2577 1343 2724 1416 840).

2007 1429 2096 1481 25.
2126 1428 2289 1484 Unde
2339 1430 2516 1485 crevit
2554 1448 2758 1488 rumor
2783 1434 2936 1490 inter
2963 1437 3093 1492 ﬁliis
3121 1439 3296 1511 regis,
3329 1441 3538 1498 Lotha-

1936 1512 2073 1581 rius,
2097 1515 2351 1585 Pipinus,
2376 1518 2674 1578 Loduicus.
2699 1520 2953 1591 Carolus,
2972 1528 3031 1579 et
3061 1525 3445 1599 Carlomagno
3467 1530 3540 1586 de

1934 1606 2228 1657 consortes
2257 1622 2438 1676 regno
2450 1623 2535 1670 ra,
2577 1612 2636 1662 et
2663 1610 2979 1665 sortierunt
3005 1629 3251 1685 regnum
3280 1615 3433 1671 inter
3454 1634 3536 1673 se:

1934 1688 2261 1759 inciperunt
2292 1693 2545 1749 dividere
2577 1695 2651 1750 da
2680 1695 2874 1752 civitas
2900 1699 3094 1755 Faucis
3115 1701 3231 1774 (97)
3257 1704 3413 1775 quod
3452 1709 3540 1761 est

1855 1784 1907 1841 Β
1937 1776 2131 1831 vilicos
2153 1781 2265 1844 (98)
2290 1780 2443 1835 inter
2472 1799 2633 1837 mare
2657 1784 2965 1854 Adriatica,
3000 1791 3058 1843 et
3088 1805 3250 1845 mare
3275 1792 3534 1861 Terrina,

1937 1869 1995 1918 et
2020 1882 2198 1937 usque
2229 1867 2285 1921 in
2317 1870 2663 1940 Aquitania;
2693 1876 2752 1926 et
2781 1873 2990 1930 divisus
3020 1879 3104 1931 est
3131 1880 3409 1950 populum
3426 1882 3538 1936 Ita-

1936 1950 2045 2006 lico
2066 1954 2152 2007 vel
2174 1955 2435 2010 Romano
2458 1973 2492 2011 a
2518 1958 2870 2015 Francorum
2892 1961 3540 2037 imperium.Caeperunt

1936 2056 2194 2112 pugnare
2222 2041 2375 2097 inter
2407 2061 2466 2099 se
2496 2062 2661 2116 reges
2692 2048 3079 2120 Francorum;
3111 2054 3264 2108 unde
3293 2055 3429 2110 exiit
3450 2056 3536 2113 fa-

1936 2144 2035 2183 ma
2054 2128 2112 2183 in
2144 2129 2389 2198 Cordua,
2426 2136 2485 2187 et
2514 2133 2573 2187 in
2611 2134 2797 2189 Africa
2847 2140 2970 2191 tota
3012 2138 3342 2211 Cartagine,
3370 2158 3537 2216 cepe-

1936 2220 2072 2271 runt
2096 2233 2334 2289 reagere
2362 2218 2693 2276 Sarracenis
2721 2224 3021 2280 consilium
3048 2226 3329 2299 maligno,
3357 2234 3420 2286 ut
3448 2248 3537 2288 re-

1936 2320 2117 2375 gnum
2146 2310 2465 2378 usurparet,
2498 2311 2557 2363 et
2584 2311 2820 2366 ecclesia
2845 2313 3026 2368 sancti
3049 2316 3199 2370 Petri
3225 2319 3536 2390 expoliare.

1937 2393 2178 2447 Karolus
2204 2394 2317 2465 (99)
2345 2410 2463 2464 rex,
2499 2394 2647 2451 ﬁlius
2679 2397 2909 2453 Loduici
2941 2401 3025 2455 Pii
3052 2402 3206 2459 bone
3227 2407 3534 2478 memorie,

1934 2484 2175 2551 propter
2198 2482 2451 2552 quodam
2472 2483 2587 2537 suis
2614 2483 2904 2554 facinoris,
2932 2489 3089 2560 quod
3119 2508 3273 2547 nunc
3293 2500 3337 2535 ιι
3368 2511 3540 2567 super

1935 2571 2041 2635 est,
2065 2569 2393 2624 renuntiato
2424 2587 2606 2642 regno
2636 2572 2905 2629 fratribus
2930 2576 3063 2644 suis,
3095 2576 3155 2632 in
3186 2582 3538 2638 monasterio

1934 2657 2115 2710 sancti
2142 2657 2435 2713 Benedicti
2466 2659 2523 2713 in
2566 2663 2766 2714 monte
2798 2661 3033 2719 Cassino
3078 2670 3273 2723 sancte
3308 2684 3541 2726 conver-

1935 2743 2172 2799 sationis
2198 2745 2382 2799 abitus
2408 2747 2645 2819 accepit.
2678 2749 2861 2803 Tanta
2889 2750 3182 2808 humilitas
3212 2755 3270 2809 in
3301 2772 3369 2811 eo
3400 2773 3538 2813 con-

1934 2832 2099 2886 cessit
2118 2833 2419 2901 Dominus,
2448 2837 2505 2888 ut
2537 2836 2806 2892 omnibus
2833 2838 3104 2895 fratribus
3133 2842 3539 2912 pedibuslava-

1933 2924 2023 2974 ret
2053 2930 2119 2987 39,
2153 2925 2215 2975 ut
2244 2922 2395 2977 inter
2422 2939 2627 2979 omnes
2645 2925 2839 2980 minor
2853 2944 2913 2981 se
2939 2930 3180 2999 putabat
3210 2940 3274 2986 ⁵³.
3300 2931 3539 2989 Saxonis

1932 3007 2269 3064 inchoantes
2291 3013 2486 3081 preter
2536 3012 2903 3082 discordiam,
2950 3032 3063 3087 que
3107 3022 3231 3073 erat
3274 3020 3426 3076 inter
3454 3022 3540 3077 Pi-

224 3100 495 3173 quicquid
526 3100 769 3155 civitatis
811 3100 1103 3155 maritima
1134 3098 1318 3170 posite
1350 3100 1573 3165 sunt,ut
1599 3100 1899 3173 Agare-C
1932 3098 2101 3167 pinus
2131 3101 2187 3151 et
2238 3098 2623 3171 Carlomagno
2672 3104 2729 3155 et
2768 3102 3085 3160 Loduicum
3136 3107 3394 3180 regibus;
3429 3110 3537 3165 Lo-

223 3190 386 3244 nicos
402 3206 521 3244 non
538 3186 1173 3245 vastarentur.Romani
1193 3187 1410 3241 etenim
1428 3187 1834 3256 imposuerunt

223 3277 299 3332 ad
326 3276 674 3348 imperatore
707 3276 985 3331 Loduicus
1012 3277 1165 3341 Pius,
1200 3276 1353 3328 unde
1402 3274 1688 3329 memoria
1712 3274 1835 3345 ejus

221 3369 537 3438 permanet
554 3382 732 3437 usque
746 3366 804 3419 in
822 3368 1086 3420 etcrnum
1099 3406 1112 3419 .
1130 3365 1456 3434 Imperator
1482 3362 1556 3417 Lo
1566 3362 1833 3417 duicusin

222 3458 390 3508 tanta
414 3454 587 3508 virtus
615 3454 674 3507 in
696 3454 860 3508 Italia
880 3453 1077 3520 cstitit,
1096 3454 1160 3506 ut
1177 3450 1545 3521 sanguinium
1561 3452 1674 3520 (94)
1696 3468 1836 3521 pon-

220 3542 392 3596 tiﬁcis
414 3543 657 3598 Romani
688 3560 721 3596 a
746 3541 966 3613 legibus
997 3557 1114 3596 non
1142 3539 1417 3611 potuisset
1446 3541 1675 3592 erueret
1700 3539 1831 3608 (95).

219 3631 443 3685 Abebat
455 3631 724 3685 autemin
742 3631 952 3703 palatio
981 3629 1377 3684 Lateranensis
1397 3626 1617 3698 judices
1642 3643 1836 3698 preor—

222 3718 427 3784 dinati,
456 3735 560 3790 per
575 3719 835 3789 singulos
852 3718 992 3786 dies,
1008 3734 1042 3771 a
1067 3718 1224 3771 locus
1246 3716 1343 3770 ubi
1376 3716 1583 3770 dicitur
1600 3731 1634 3769 a
1656 3715 1831 3787 Lupa,

223 3807 380 3878 quod
407 3810 493 3859 est
526 3809 712 3861 mater
745 3807 1165 3872 Romanorum,
1198 3808 1259 3859 ut
1286 3805 1563 3876 populum
1589 3804 1835 3858 Romani

220 3910 329 3966 per
351 3895 673 3949 districtum
695 3896 969 3965 placitum
996 3912 1028 3948 a
1059 3895 1169 3947 dux
1202 3893 1830 3964 Spolitinus,Acipran-

225 3982 366 4036 dum
419 3983 681 4051 nomine,
732 3983 1179 4038 discutiendum.
1218 3982 1480 4037 Pontifex
1529 3981 1832 4052 Gregorius

223 4074 422 4125 sancte
438 4072 589 4126 sedis
617 4071 1230 4144 apostolice,quicquid
1250 4088 1283 4125 a
1297 4070 1702 4125 Constantinus
1722 4069 1831 4123 im-

224 4162 460 4230 perator
490 4176 761 4214 concessa
788 4161 978 4215 fuerat
1023 4158 1413 4215 aacclesiastice
1457 4168 1524 4225 ιο,
1554 4157 1833 4212 Lodoicus

220 4248 545 4319 imperator
571 4249 870 4329 concessit.
898 4249 1307 4304 Monasterium
1325 4248 1508 4303 sancti
1540 4247 1831 4302 Benedicti

221 4336 284 4390 in
316 4340 516 4392 monte
539 4338 758 4392 Cassini
778 4338 837 4391 in
852 4338 1146 4408 provincia
1161 4335 1830 4403 Samnii,monasterium

1934 3185 2152 3239 tharius
2202 3203 2361 3254 vero,
2403 3187 2501 3259 qui
2559 3193 2791 3259 agustus
2839 3195 2926 3246 est
2976 3194 3312 3266 appellatus,
3355 3215 3537 3270 regno

1933 3272 2091 3327 ltalie
2118 3275 2376 3344 regebat.
2410 3275 2648 3331 Saxonis
2672 3277 2882 3333 cotidie
2907 3281 3239 3351 preliantes,
3268 3286 3421 3358 cepit
3438 3302 3535 3341 ex-

1934 3362 2198 3415 minuare
2228 3378 2474 3431 regnum
2507 3363 2877 3420 Francorum.
2910 3368 3132 3425 Mortuo
3149 3371 3306 3427 idem
3336 3374 3539 3430 Karlo-

1934 3466 2148 3519 magno
2185 3450 2357 3519 (100),
2390 3450 2637 3505 Saxonia
2686 3452 2743 3507 in
2794 3454 3032 3511 Francia
3078 3458 3340 3531 ingressi,
3380 3462 3536 3519 ferro

1934 3537 2181 3607 ignequo
2226 3539 2533 3604 vastantes,
2587 3539 2723 3592 fecit
2774 3540 3010 3612 Pipinus
3040 3544 3189 3615 (lOl)
3218 3565 3318 3602 rex
3348 3551 3536 3606 amica

1934 3640 2104 3679 causa
2134 3640 2265 3677 cum
2289 3632 2333 3664 ³³
2357 3623 2629 3678 Saxones.
2647 3626 2927 3682 Loduicus
2946 3646 3043 3684 rex
3062 3634 3369 3703 Aquitanie
3384 3637 3535 3711 (102)

1934 3730 2064 3767 cum
2095 3711 2335 3767 Saxonis
2363 3713 2993 3786 pugnabat..Aquitanii
3012 3718 3168 3773 inter
3195 3738 3256 3775 se
3287 3738 3535 3781 conven-

1934 3803 2106 3857 ticula
2133 3802 2305 3857 facta.
2340 3802 2503 3856 Unde
2534 3802 2791 3859 ablatum
2824 3809 2909 3859 est
2937 3823 3186 3877 regnum
3222 3812 3535 3883 Aquitania

1933 3910 1967 3946 a
1998 3891 2250 3954 Francis,
2284 3907 2461 3962 usque
2488 3890 2545 3944 in
2576 3896 2922 3963 praesentem
2948 3894 3124 3951 diem.

2006 3984 2092 4035 26.
2124 3980 2343 4034 Mortuo
2366 3978 2520 4033 idem
2544 3979 2841 4035 Lotharius
2875 3983 2982 4053 (an.
3017 3986 3160 4053 855),
3187 3989 3454 4044 successit
3471 3988 3533 4046 in

1932 4083 2113 4139 regno
2134 4068 2376 4121 Karolus
2408 4068 2569 4135 (103),
2599 4066 2748 4122 filius
2778 4068 2918 4140 ejus,
2941 4086 3046 4141 pro
3067 4089 3136 4128 eo
3158 4091 3275 4130 non
3291 4077 3538 4134 multum

1931 4160 2160 4226 tempus
2184 4158 2291 4227 (an.
2327 4156 2473 4221 846).
2508 4154 2647 4210 Orta
2674 4160 2761 4211 est
2778 4160 3098 4230 persecutio
3123 4163 3370 4221 Romani
3386 4165 3540 4222 inter

1932 4262 2019 4313 se;
2053 4243 2317 4297 exierunt
2333 4241 2438 4295 viri
2468 4243 2749 4320 scelerati,
2772 4248 2831 4298 et
2853 4245 3074 4317 legatos
3089 4250 3375 4308 miserunt
3393 4271 3538 4310 arex

1933 4332 2266 4403 Babylonia,
2300 4334 2363 4384 ut
2390 4331 2658 4387 venirent
2685 4335 2743 4386 et
2754 4334 3049 4404 possidere
3078 4354 3328 4411 regnum
3356 4343 3536 4399 Italie.

220 4429 418 4480 sancte
449 4426 547 4481 Dei
569 4425 865 4497 genitricis
877 4426 1223 4499 semperque
1251 4426 1486 4497 virginis
1519 4424 1690 4480 Marie
1713 4423 1829 4496 (96)
1850 4440 1902 4498 D
1926 4423 2115 4477 Tanta
2143 4419 2399 4492 denique
2425 4420 2719 4491 Aggareni
2738 4420 2797 4475 in
2820 4422 2982 4479 Italia
3005 4423 3299 4497 ingressia
3328 4430 3538 4488 Centu-

221 4514 283 4568 in
316 4519 514 4569 monte
545 4514 823 4570 Acutiano
855 4515 1144 4571 territorio
1158 4515 1506 4582 Sabinensis,
1527 4516 1584 4568 et
1603 4530 1832 4569 monas-

219 4602 439 4659 terium
460 4603 683 4659 domini
711 4604 1004 4660 salvatoris
1035 4604 1324 4660 territorio
1367 4604 1631 4671 Reatino,
1654 4603 1829 4674 juxta

1930 4508 2192 4565 cellensis
2223 4510 2442 4579 portus,
2468 4508 2545 4562 sic
2568 4508 2955 4581 impleverunt
2972 4513 3183 4570 faciem
3200 4519 3375 4588 terre,
3395 4520 3541 4576 sicut

1927 4602 2144 4656 locuste
2176 4598 2336 4652 velut
2351 4599 2610 4667 segetem
2633 4597 2693 4653 in
2707 4613 2937 4673 campo.
2953 4600 3167 4659 Tantos
3188 4604 3368 4664 timor
3386 4608 3541 4664 inva-

1540 4724 1770 4779 VARUE
1806 4718 2206 4776 LECTIONES.

323 4834 508 4909 “21;.
538 4836 809 4893 ecclesiae.
866 4845 912 4881 ιο
941 4838 981 4893 ἰ.
1025 4854 1072 4893 e.
1104 4832 1530 4909 superscriptis.
1603 4843 1647 4877 δι
1690 4835 1728 4889 ἰ.
1769 4849 1815 4887 e.
1851 4847 1992 4889 non.
2058 4836 2103 4870 δ’
2132 4827 2312 4899 primo
2351 4824 2639 4885 lavaretur
2678 4832 2729 4886 et
2781 4830 3067 4904 putabant
3105 4831 3364 4904 ecriptum
3406 4840 3542 4896 erat.

218 4913 266 4949 ⁸³
296 4920 399 4961 vox
429 4905 503 4962 bis
528 4909 743 4981 scripta.

1763 4991 1989 5056 NOTAE.

215 5090 469 5158 millium
498 5102 715 5171 scribit,
1995 5096 2107 5171 (96)
2140 5091 2324 5171 Farfa.

288 5096 469 5157 illium
498 5102 715 5171 scribit,
1995 5096 2082 5159 (96
2140 5096 2324 5149 Farfa.

288 5172 400 5247 (92)
416 5175 763 5247 Ludovicum
779 5173 1021 5230 minime
1037 5172 1096 5231 in
1113 5173 1339 5231 Italiam
1358 5173 1682 5247 profectum
1695 5185 1816 5247 esse
2000 5096 2109 5247 (Ἦ)
2136 5166 2351 5247 Fusae};
2371 5157 2401 5217 ‘2

210 5231 443 5301 constat
472 5264 487 5316 ;
517 5246 591 5301 ad
619 5247 966 5302 Ludovicum
1011 5249 1059 5301 II
1087 5231 1524 5320 imperatdrem,
1559 5240 1818 5299 Lotharii
1994 5231 2108 5380 ('98)
2136 5234 2449 5292 Umbilicus
2475 5231 2504 5288 ‘2

213 5316 424 5380 filium,
456 5318 581 5373 hinc
610 5318 897 5380 pertinere
928 5318 1211 5375 videntur.
1999 5311 2086 5380 (99
2137 5308 2333 5380 N983?-
2380 5373 2391 5380 .
2496 5375 2504 5380 .

213 5316 424 5385 filium,
456 5308 581 5391 hinc
610 5318 897 5391 pertinere
928 5308 1211 5391 videntur.
1386 5388 1396 5391 _
1510 5308 1519 5314 ’
1646 5384 1684 5391 ,Α
1762 5390 1766 5391 ί
1999 5308 2333 5391 (Ἦλδξιὲεξδο

290 5384 415 5454 (93)
445 5390 507 5445 Id
550 5384 636 5445 est
674 5388 941 5458 Calabrae,
995 5389 1189 5446 littera
1216 5407 1239 5445 s
1275 5388 1429 5446 vocis
1473 5384 1825 5444 custodientes

214 5459 807 5535 repetita_(calaoria).

315 5532 402 5605 94)
430 5531 495 5605 I_d
522 5536 608 5588 est
629 5531 1099 5605 consanguineum.

310 5601 402 5677 95)
428 5602 512 5660 Cf.
534 5607 686 5662 Ann.
713 5601 957 5665 Lauriss.
987 5623 1086 5664 an.
1111 5604 1240 5663 823.

2001 5373 2151 5447 (100)
2182 5373 2466 5452 Ludovico
2495 5374 2621 5431 Pio.

1989 5446 2139 5524 (101)
2178 5446 2502 5524 Lotharius.

2027 5520 2147 5577 102)
2178 5519 2524 5573 Germaniae.

2004 5520 2007 5521 ⁷
2027 5524 2129 5577 102
2178 5520 2524 5573 Germaniae.

2000 5520 2149 5667 (l03j
2177 5584 2493 5644 Ludovicus
2533 5589 2604 5644 II.
