3882 6230
361 345 448 402 .39
1501 331 1863 388 BENEDICTI
1901 330 1958 385 S.
1991 329 2292 386 ANDREzE
2320 330 2630 385 MONACHI
3608 328 3678 384 40

365 460 453 518 sit
481 459 796 524 Romanos,
820 457 886 512 nt
913 454 1101 510 nullos
1130 455 1292 508 extra
1318 453 1515 523 portas
1545 451 1776 523 egredi;
1809 451 1974 506 obse-
1995 457 2052 516 Α
2077 450 2427 522 fossatagine
2449 466 2568 505 non
2599 449 2772 521 longe
2797 447 2870 504 ab
2889 463 3046 516 arco,
3077 446 3284 503 levavit
3315 461 3522 506 manus
3549 462 3677 506 suas

379 548 502 608 dita
521 549 609 604 est
634 547 841 612 Roma,
887 545 946 598 et
983 541 1183 600 civitas
1215 539 1507 596 Leoniana
1553 555 1894 611 appreensa,
1921 541 1981 593 et
2077 543 2283 595 contra
2327 537 2575 606 Francis,
2617 542 2679 592 ut
2727 537 2956 592 Francis
2993 537 3270 604 videntes,
3301 540 3457 592 retro
3505 536 3678 609 pedes

381 635 622 694 ecclesia
645 631 828 690 sancti
853 629 1004 688 Petri
1024 632 1192 702 capta
1217 631 1277 683 et
1303 628 1612 701 expoliata,
1639 631 1698 682 et
1720 643 1824 699 per
1853 643 1978 684 mo-

378 723 634 782 nasteria
653 721 832 796 ipsius
841 719 1093 776 aacclesie
1108 733 1304 790 aequos
1314 732 1518 772 eorum
1533 719 1685 772 stare
1702 715 1975 786 precepit.

376 811 554 868 Versa
579 812 666 866 est
709 811 899 866 mater
947 805 1212 864 omnium
1251 803 1622 860 ecclesiarum
1657 803 1718 858 in
1768 818 1980 874 oppro-

377 899 597 966 brium,
625 899 683 954 et
712 895 903 953 omnis
930 895 1138 952 decore
1173 909 1274 948 suo
1305 893 1679 950 abstractum.
1703 890 1980 946 Veniente

367 988 536 1060 juxta
546 987 726 1046 altare
744 983 976 1043 barbari
983 981 1116 1055 .giro
1137 982 1235 1040 bal
1245 982 1430 1038 lantes
1443 979 1980 1050 manibus.Arrepto

380 1093 531 1136 unus
551 1091 619 1130 ex
641 1073 724 1132 illi
749 1071 1031 1140 Ιεηοίοια,τ
1055 1071 1116 1128 in
1143 1074 1376 1144 pectore
1409 1070 1632 1124 vultum
1662 1067 1895 1124 Domini
1921 1067 1980 1121 in

379 1164 580 1224 absida
597 1162 890 1235 depictum
916 1177 1116 1218 mineo
1129 1169 1321 1227 “,non
1336 1161 1564 1214 tantum
1582 1173 1782 1212 musco
1804 1155 1984 1211 dirru-

381 1253 488 1326 pit,
512 1269 714 1308 verum
742 1251 922 1308 etiam
960 1248 1207 1306 materie
1237 1245 1613 1304 confectionis
1649 1245 1978 1308 transfudit.

382 1341 545 1414 Cepit
574 1355 848 1396 emanare
879 1337 1130 1409 sanguis,
1161 1336 1306 1393 sicut
1333 1336 1514 1392 homo
1545 1333 1905 1391 vivusfuisset
1925 1333 1983 1387 in

359 1445 623 1502 corpore
641 1445 658 1497 ;
685 1429 840 1487 unde
858 1427 917 1484 in
928 1431 1195 1483 eternum
1209 1427 1534 1498 permanet.
1547 1423 1821 1495 Aparatio
1841 1423 1888 1494 ej
1899 1440 1981 1489 us,

381 1524 448 1578 ut
477 1517 735 1591 superius
765 1515 1038 1587 diximus,
1063 1516 1348 1572 destructa
1383 1517 1588 1568 cuncte
1618 1511 1985 1568 monasteria:

381 1609 531 1681 ejus,
559 1611 618 1663 et
669 1605 1040 1662 ecclesiarum
1087 1602 1382 1668 omnibus,
1413 1601 1606 1656 civitas
1645 1599 1936 1655 Leoniana
1967 1617 1981 1666 ;

2079 630 2210 699 post
2237 645 2296 682 se
2319 635 2385 681 ια.
2413 625 2895 698 Aggarenisinter
2911 643 2970 680 se
3000 625 3312 693 irritantes,
3334 624 3596 680 exierunt
3608 624 3678 678 de

2081 715 2275 770 civitas
2306 715 2616 781 Leoniana,
2647 715 2794 770 etde
2824 714 3063 770 ecclesia
3085 712 3362 786 principis
3393 713 3678 786 apostolo-

2079 820 2232 871 rum,
2261 805 2552 858 irruerunt
2598 819 2768 874 super
2806 803 3085 872 Francos;
3129 802 3356 875 quantis
3395 801 3680 858 interfecti

2080 895 2232 958 sunt,
2265 893 2454 946 nullus
2483 891 2672 962 potuit
2699 891 3172 960 numerari(lO7).
3195 890 3379 956 Quido
3401 889 3682 946 marchio-

2081 997 2182 1035 nes
2206 983 2262 1035 et
2288 981 2617 1036 Romanum
2645 982 2919 1052 populum
2953 983 3080 1051 post
3092 997 3190 1034 eos
3219 979 3680 1036 interﬁciendum

2080 1071 2139 1123 et
2166 1069 2456 1140 Aggareni
2473 1069 2877 1124 antecedentes
2901 1069 3276 1140 etfugientes,
3299 1067 3491 1140 sicque
3511 1083 3678 1123 vene-

2081 1160 2220 1211 runt
2243 1173 2276 1210 a
2306 1157 2750 1212 Centucellensis
2769 1159 3002 1228 portus;
3031 1161 3432 1212 verumtamen
3460 1155 3684 1210 decima

2083 1248 2276 1316 partes
2299 1261 2367 1299 ex
2396 1245 2476 1298 eis
2508 1262 2626 1299 non
2642 1245 2942 1301 remansit.
2964 1247 3026 1300 In
3049 1261 3193 1300 nave
3226 1243 3473 1300 ascensis
3491 1245 3678 1315 Agge-

2083 1333 2260 1400 renis,
2291 1350 2423 1387 cum
2454 1333 2642 1388 omnis
2669 1333 2873 1389 decore
2905 1333 3158 1388 azcclesie
3189 1335 3384 1387 sancte
3417 1331 3476 1386 in
3503 1330 3679 1388 mari-

2081 1419 2326 1492 ingressi
2352 1423 2501 1475 sunt.
2536 1421 2720 1485 Quido
2747 1421 3111 1477 marchiones
3130 1437 3263 1476 cum
3293 1436 3394 1475 suo
3408 1417 3681 1475 comitatu

2085 1509 2368 1564 Loduicus
2410 1527 2509 1564 rex
2551 1526 2684 1564 cum
2735 1515 2982 1583 quantos
3013 1510 3244 1565 Francis
3293 1511 3572 1576 evaserat,
3621 1507 3683 1562 in

2085 1597 2271 1652 Roma
2297 1602 2431 1654 sunt
2457 1599 2689 1654 reversi.
2725 1600 2966 1671 Propter
2981 1600 3090 1654 hoc
3122 1598 3318 1672 populi
3349 1596 3592 1652 Romanl
3622 1597 3682 1650 in

379 1697 536 1753 iacta
563 1699 650 1752 est
675 1693 874 1750 Tuscie
911 1691 1209 1763 provincia
1239 1691 1514 1758 desolata,
1549 1691 1606 1744 et
1636 1687 1888 1743 civitates
1919 1688 1977 1742 in
2009 1761 2042 1763 _
2085 1685 2371 1740 derisione
2388 1685 2673 1741 abuerunt
2687 1685 3091 1757 Franci,usque
3110 1685 3166 1740 in
3183 1685 3489 1740 odiernum
3506 1683 3682 1738 diem.

383 1783 786 1858 opprobrium,
821 1761 1068 1838 Romani
1121 1779 1324 1834 afﬂicti
1357 1794 1585 1834 merere
1623 1776 1982 1849 apostolicus.
2006 1761 2058 1820 Β
2087 1773 2272 1837 Quido
2299 1774 2632 1828 marchione
2654 1778 2886 1844 accepta
2904 1775 3058 1828 dona
3085 1773 3462 1846 ampliissima
3489 1774 3548 1826 et
3560 1787 3688 1843 gra-

359 1871 690 1944 Gregorius
715 1869 860 1941 (104)
897 1867 1430 1940 ιιιιᾶιιεξδροειοὶὶίςὶε
1471 1866 1620 1920 sedis
1643 1868 1988 1920 successerat

380 1959 502 2034 (an.
511 1957 948 2030 847)inspiratus
964 1953 1202 2010 ﬂamine
1213 1953 1648 2019 sancto,cotidie
1659 1953 1988 2007 confortan-

376 2051 468 2104 tes
482 2047 696 2120 populo
713 2045 979 2100 Romano
991 2041 1051 2097 in
1071 2040 1274 2096 virtute
1289 2040 1503 2112 Spiritu
1522 2041 1790 2106 sancti,et
1809 2040 1988 2094 consi-

376 2135 456 2192 lio
472 2130 1048 2204 inierunt,quomodo
1073 2129 1223 2184 Deus
1243 2127 1614 2200 omnipotens
1625 2127 1880 2182 auferret
1909 2128 1985 2182 fe-

377 2240 474 2281 ras
519 2223 786 2278 nationes
807 2219 1214 2284 barbarorum,
1249 2219 1308 2270 et
1333 2216 1571 2271 ecclesia
1610 2217 1792 2271 sancti
1835 2217 1986 2271 Petri

377 2310 644 2384 apostoli,
668 2308 766 2382 qui
783 2309 868 2362 est
881 2308 1055 2378 caput
1065 2305 1334 2361 omnium
1347 2304 1717 2360 ecclesiarum
1728 2344 1744 2370 ,
1757 2320 1792 2358 a
1813 2305 1987 2376 pesti-

379 2399 535 2456 feras
561 2401 765 2470 gentes
809 2396 1060 2449 emeret.
1110 2391 1352 2446 Nuntius
1398 2391 1603 2445 missus
1631 2408 1666 2446 a
1713 2392 1990 2447 Loduicus

377 2493 612 2550 reum.
644 2485 800 2554 816.],
837 2481 987 2538 ﬁlius
1019 2478 1258 2535 Loduici
1290 2479 1440 2551 (105)
1473 2479 1566 2549 pie
1595 2480 1897 2542 memorie,
1930 2485 1991 2534 ut

382 2574 610 2630 veniret
637 2575 697 2626 et
726 2569 1067 2626 defenderet
1095 2566 1334 2622 ecclesia
1362 2567 1543 2621 sancti
1587 2568 1760 2630 Petri,
1792 2572 1849 2622 et
1877 2569 1985 2622 Ro-

387 2677 636 2720 manum
667 2674 936 2730 regnum.
965 2657 1036 2711 Ut
1060 2654 1226 2711 sicuti
1255 2673 1290 2710 a
1319 2654 1542 2726 Pipino,
1570 2660 1628 2710 et
1646 2658 1990 2721 aKarulo,et

391 2749 678 2808 Loduicus
707 2751 878 2818 pater
907 2745 1029 2816 ejus
1059 2745 1418 2816 triumphum
1455 2745 1702 2799 victoriae
1739 2763 1986 2817 regnum

385 2839 558 2895 Italic
575 2837 861 2902 erexerat,
889 2833 972 2888 ita
991 2835 1050 2888 et
1061 2833 1180 2904 ipse
1200 2848 1446 2903 regnum
1461 2833 1785 2887 Romanum
1803 2833 1861 2888 in
1875 2833 1988 2888 suis

391 2922 908 3000 pollicitationibus
965 2921 1274 2993 optineret.
1319 2920 1444 2974 Non
1489 2920 1698 2976 diutius
1731 2926 1988 2976 moratus

389 3014 672 3073 Loduicus
695 3030 821 3080 rex,
854 3029 985 3068 cum
1024 3011 1254 3066 Francis
1283 3027 1317 3064 a
1351 3011 1531 3065 Roma
1565 3012 1828 3083 perrexit.
1860 3013 1991 3067 Gre-

391 3104 590 3177 gorius
619 3119 772 3176 papa
799 3102 1018 3172 legatos
1041 3098 1198 3154 misit
1242 3115 1276 3153 a
1325 3098 1509 3163 Quido
1539 3099 1896 3167 marcbione,
1929 3105 1993 3154 ut

391 3191 618 3250 veniret
659 3192 719 3245 et
763 3191 1119 3245 succurreret
1163 3186 1403 3242 civitatis
1450 3188 1709 3243 Romane
1757 3191 1991 3244 ecclesie

391 3284 612 3347 sancte,
639 3295 746 3352 pro
767 3279 926 3349 cujus
950 3293 1149 3332 amore
1164 3275 1440 3332 Dominus
1455 3277 1800 3347 sanguinem
1825 3295 1993 3332 suum
2015 3258 2062 3316 Ο

391 3369 578 3425 fudit:
609 3371 669 3424 et
693 3367 848 3422 dona
872 3365 1226 3436 amplissima
1243 3364 1804 3435 reciperet.Perrexit
1821 3365 1995 3436 igitur

391 3455 658 3516 marchio
687 3454 874 3520 Quido
905 3470 1036 3508 cum
1068 3452 1229 3508 omni
1246 3455 1510 3506 exarcatu
1533 3453 1722 3524 gentis
1735 3471 1832 3508 sue
1856 3455 1995 3507 Lan-

391 3545 792 3621 gobardorum
816 3542 875 3597 in
899 3542 1103 3598 urbem
1129 3541 1373 3596 Romam
1404 3541 1668 3611 ingressi,
1719 3547 1996 3613 ceperunt

388 3651 590 3710 pugna
611 3631 893 3703 inciperet
924 3648 958 3685 a
980 3633 1188 3702 pontes
1206 3629 1388 3684 sancti
1416 3629 1593 3695 Petri,
1637 3633 1694 3684 et
1737 3647 1770 3684 a
1800 3633 1996 3700 portas

387 3724 576 3782 Sassie
603 3721 797 3778 civitas
818 3721 1110 3776 Leoniana
1139 3719 1336 3773 multis
1378 3718 1762 3773 barbarorum
1807 3719 1994 3790 gentis

387 3811 678 3870 interfecti
692 3815 968 3880 sunt,per
985 3807 1191 3861 virtute
1221 3805 1402 3862 sancti
1424 3807 1576 3862 Petri
1605 3824 1618 3873 ;
1641 3811 1701 3861 ct
1723 3808 1995 3879 pestifera

391 3903 581 3975 gentis
607 3902 766 3956 inter
789 3915 852 3953 se
900 3899 1194 3953 dicentes:
1230 3919 1258 3946 «
1295 3896 1440 3960 Quia
1480 3895 1725 3950 vidimus
1763 3897 1994 3966 sanguis

393 3990 534 4044 deus
563 3985 1008 4043 Christianorum
1037 3986 1049 4040 l
1087 4007 1114 4036 »
1143 3987 1312 4042 Facta
1331 3990 1416 4040 est
1437 3984 1714 4056 dispersio
1742 3989 1990 4058 Agareni

394 4081 454 4133 et
479 4077 594 4132 dux
623 4091 850 4144 eorum,
875 4079 933 4130 et
949 4075 1357 4130 mollieruntin
1377 4091 1434 4128 se
1455 4074 1588 4144 ipsis
1612 4084 1678 4127 ωε.
1714 4075 1992 4130 Loduicus

392 4183 496 4222 rex
524 4163 684 4220 venit
707 4163 948 4220 ostiliter
983 4179 1160 4236 usque
1211 4163 1286 4218 ad
1316 4165 1546 4218 montes
1581 4164 1788 4218 Malum
1819 4162 1988 4235 (106),

394 4254 536 4310 hubi
567 4253 901 4325 estlecclcsia
921 4251 1102 4308 sancti
1121 4250 1453 4317 Clementis,
1483 4250 1785 4324 conspexit
1805 4253 1996 4306 multi-

2087 1864 2196 1917 tias
2227 1863 2554 1917 Romanum
2583 1864 2886 1934 populum,
2921 1863 2976 1917 in
3007 1864 3242 1935 propria
3281 1865 3367 1916 est
3400 1877 3680 1916 reversus.

2087 1950 2366 2004 Loduicus
2411 1967 2508 2004 rex
2540 1949 2597 2003 in
2640 1949 2816 2022 Papia
2864 1951 3056 2005 civitas
3097 1951 3405 2021 ingressus,
3439 1963 3688 2020 regnum

2087 2038 2416 2093 fraudatum
2449 2055 2483 2092 a
2511 2039 2720 2094 Karulo
2753 2041 2958 2110 neptus
2985 2040 3107 2109 ejus
3143 2038 3250 2109 (an.
3277 2037 3422 2109 875).

2160 2130 2247 2184 27.
2282 2126 2528 2181 Romani
2550 2128 2677 2198 plus
2693 2127 2875 2198 magis
2889 2128 3282 2183 fraudulenter
3301 2129 3504 2182 contra
3520 2125 3692 2180 Fran-

2089 2231 2185 2269 eos
2217 2214 2498 2270 miserunt
2523 2216 2842 2286 legationes
2893 2233 2928 2271 a
2967 2217 3253 2284 Palermo,
3287 2219 3347 2270 et
3379 2214 3592 2282 Africa,
3625 2216 3692 2269 ut

2089 2303 2351 2358 venirent
2383 2307 2440 2358 et
2451 2305 2814 2374 possiderent
2839 2305 3030 2359 Italico
3047 2321 3224 2376 regno
3235 2345 3248 2358 .
3260 2305 3417 2359 Tunc
3429 2303 3696 2360 exierunt

2087 2392 2411 2462 Aggarenis
2436 2409 2582 2464 gens
2612 2393 2773 2464 quasi
2803 2393 2991 2460 situle,
3026 2398 3080 2448 et
3111 2396 3489 2466 properantes
3517 2408 3692 2447 vene-

2088 2484 2224 2535 runt
2245 2482 2317 2535 ad
2333 2483 2602 2549 Amalvis,
2623 2486 2682 2538 et
2692 2485 3053 2554 repleverunt
3074 2482 3336 2539 Calabria
3351 2481 3694 2553 superiores,

2090 2569 2356 2625 veniente
2382 2571 2457 2625 ad
2485 2571 2723 2625 ﬂuvium
2767 2571 2864 2643 qui
2896 2571 3106 2627 dicitur
3145 2571 3478 2642 Garinganu
3513 2571 3694 2639 (108),

2088 2659 2600 2729 apprehenderunt
2617 2663 2822 2726 turres,
2838 2664 2894 2715 et
2904 2661 3055 2716 facta
3073 2664 3375 2715 esteorum
3388 2658 3668 2714 habitatio
3679 2699 3695 2725 ,

2095 2746 2519 2816 Ceperunttota
2539 2748 2856 2818 Campania
2881 2750 3057 2813 ferro,
3081 2749 3214 2820 igne
3230 2751 3452 2804 vastare
3479 2764 3494 2816 ;
3521 2745 3693 2802 terri-

2091 2834 2239 2888 torio
2273 2835 2564 2901 Ciculano,
2582 2837 2639 2890 et
2665 2837 3008 2902 Savinensis,
3027 2840 3085 2891 et
3113 2836 3308 2891 civitas
3325 2834 3694 2901 Narnienses,

2091 2925 2148 2975 et
2179 2923 2372 2976 civitas
2402 2923 2638 2991 Ortana,
2670 2929 2726 2978 et
2745 2925 2938 2980 civitas
2957 2925 3264 2995 Nepisima,
3289 2924 3348 2980 in
3375 2923 3489 2979 suis
3510 2923 3699 2980 domi-

2093 3011 2202 3064 niis
2231 3013 2458 3067 rcdacte
2487 3018 2638 3068 sunt.
2667 3015 2909 3085 Propter
2931 3015 3036 3070 hoc
3062 3014 3310 3085 amplius
3328 3031 3429 3068 rex
3450 3013 3698 3068 Franco-

2092 3099 2294 3154 rumin
2313 3100 2474 3155 Italia
2490 3118 2607 3156 non
2630 3103 2890 3174 regnavit
2909 3119 3086 3175 usque
3109 3121 3142 3156 a
3158 3105 3490 3173 presentem
3511 3100 3693 3156 diem.

2095 3189 2502 3258 Regnaverunt
2523 3191 2841 3262 Aggarenis
2869 3191 2926 3246 in
2950 3192 3212 3246 Romano
3235 3208 3414 3262 regno
3433 3190 3570 3245 anni
3597 3189 3701 3244 tri-

2096 3277 2288 3348 ginta;
2311 3279 2544 3333 redacta
2560 3285 2644 3333 est
2668 3284 2818 3334 terra
2834 3280 2893 3334 in
2915 3280 3241 3347 solitudine,
3269 3285 3328 3334 et
3344 3277 3702 3335 monasteria

2096 3369 2290 3420 sancte
2315 3367 2436 3420 sine
2478 3369 2694 3422 laudes.
2739 3371 3149 3423 Verumtamen
3196 3373 3434 3440 propter
3462 3369 3703 3439 peccata

2094 3455 2310 3526 pOpuli.
2343 3455 2499 3509 Sicut
2523 3457 2798 3527 scriptum
2814 3461 2898 3510 est
2921 3475 2934 3510 :
2961 3480 2988 3506 ‹‹
3014 3459 3094 3512 De
3117 3458 3237 3511 celo
3271 3455 3559 3527 prospexit
3591 3455 3706 3510 Do-

2095 3543 2288 3596 minus
2316 3559 2487 3613 super
2525 3543 2672 3597 ﬁlios
2721 3545 3029 3598 hominum
3063 3561 3265 3599 omnes
3303 3545 3400 3615 qui
3429 3543 3706 3599 habitant

2094 3631 2360 3687 horbem.
2393 3632 2474 3684 De
2504 3632 2834 3702 preparatio
2854 3632 3178 3687 habitaculo
3203 3649 3302 3686 suo
3328 3630 3498 3697 (Psal.
3523 3647 3701 3698 xxxu,

2099 3719 2202 3788 13).
2239 3740 2266 3766 ››
2294 3719 2400 3782 Qui
2432 3719 2692 3789 superius
2715 3719 2991 3788 dixemus,
3018 3737 3122 3790 per
3147 3720 3426 3774 curricula
3455 3719 3705 3791 triginta

2105 3823 2394 3862 annorum
2425 3811 2799 3878 usurpantem
2813 3809 3063 3878 Agareni
3087 3809 3418 3864 Romanum
3431 3825 3690 3880 regnum

2096 3896 2205 3966 (an,
2238 3897 2491 3950 904-911.
2519 3897 2587 3950 Et
2615 3897 2674 3951 in
2705 3914 2934 3952 summa
2953 3897 3104 3954 sedis
3143 3907 3186 3939 ετ
3233 3901 3428 3953 sancte
3461 3902 3701 3970 aposto-

2093 3983 2198 4038 lice
2223 3988 2454 4055 preerat
2467 3983 2700 4056 Sergius
2723 4002 2871 4058 papa
2907 3987 3127 4044 tertius.
3147 3987 3317 4056 Cujus
3331 3985 3702 4057 temporibus

2093 4072 2261 4126 ruina
2288 4089 2501 4142 magna
2529 4075 2754 4128 concuti
2776 4075 2834 4128 in
2859 4075 3095 4130 ecclesia
3107 4074 3452 4147 patriarchio
3468 4075 3707 4130 Latera-

2097 4159 2291 4214 nensis
2319 4161 2498 4216 sancti
2539 4163 2838 4226 Johannis,
2880 4163 2978 4236 qui
3007 4164 3329 4236 appellatur
3360 4161 3698 4218 Constanti-

2094 4250 2330 4313 niana,a
2341 4251 2733 4306 fundamentis
2755 4257 2838 4308 est
2851 4257 3022 4326 rupta
3047 4270 3060 4320 ;
3081 4253 3178 4324 qui
3198 4269 3329 4307 mox
3347 4251 3704 4324 apostolicus

396 4342 538 4398 tudo
567 4358 792 4409 eorum,
821 4341 1140 4397 formidare
1175 4339 1327 4410 cepit
1371 4355 1472 4394 cor
1515 4340 1656 4410 ejus,
1699 4339 1835 4411 quia
1873 4357 1992 4395 ηοω
2019 4329 2072 4389 D
2093 4337 2323 4410 Sergius
2349 4341 2657 4413 meliesque
2670 4341 3449 4406 renovavitafundamentis;
3476 4344 3708 4412 quanta

387 4433 524 4488 erat
549 4447 651 4487 eor
676 4431 800 4502 ejus
853 4430 1000 4486 sicut
1053 4431 1222 4500 pater
1275 4427 1416 4497 ejus.
1469 4428 1692 4498 [mpetu
1735 4428 2007 4484 fecerunt
2095 4428 2334 4482 donaria
2362 4429 2420 4483 in
2453 4446 2518 4484 oc
2541 4431 2890 4502 patriarchio
2916 4430 3123 4503 Optulit
3149 4431 3207 4484 in
3233 4429 3408 4503 ipsius
3436 4430 3704 4500 basilice,

395 4519 597 4578 Franci
647 4523 707 4574 et
759 4517 1184 4575 concinnerunt
1235 4515 1394 4582 tuba,
1437 4516 1495 4568 et
1524 4515 1675 4570 facta
1717 4520 1804 4572 est
1831 4534 1994 4573 voces
2093 4533 2129 4570 a
2157 4517 2379 4573 duobus
2407 4519 2680 4575 lateribus
2702 4523 2837 4576 ante
2860 4522 3040 4576 altare
3076 4563 3090 4590 ,
3118 4520 3177 4575 in
3194 4519 3416 4591 picture
3443 4535 3705 4576 renova-

377 4625 601 4666 eorum
633 4611 691 4664 et
717 4607 856 4663 tube
895 4607 1044 4662 sicut
1071 4603 1418 4671 tonitruum,
1451 4603 1702 4661 maxime
1731 4623 1992 4662 rumores
2091 4605 2264 4660 tionis
2293 4607 2567 4678 scriptum
2597 4611 2702 4664 est.

397 4697 591 4754 civitas
644 4697 926 4763 Romane,
950 4698 1009 4748 et
1052 4709 1217 4748 voces
1266 4690 1653 4748 ecclesiarum.
1704 4695 1996 4751 Venerunt
2165 4698 2251 4752 28.
2278 4697 2340 4752 ln
2371 4697 2884 4770 Langobardorum
2907 4715 3051 4770 gens
3076 4699 3322 4754 civitatis
3340 4698 3531 4754 Ticine
3562 4716 3710 4773 pre-

390 4786 620 4842 Francis
649 4785 727 4842 ad
757 4799 923 4840 arcus
946 4781 1045 4853 qui
1075 4779 1284 4834 dicitur
1307 4779 1634 4851 Militorum;
1652 4783 1778 4856 quis
1806 4785 1995 4856 potuit
2095 4789 2220 4841 erat
2240 4785 2608 4856 rex,nomine
2630 4787 3000 4859 Quido,cujus
3015 4788 3711 4862 temporibusredactum

391 4873 687 4934 numerari
702 4872 803 4928 illa
829 4866 1124 4925 tribulatio
1155 4867 1184 4922 ?
1213 4867 1491 4924 Loduicus
1509 4887 1608 4926 rex
1650 4873 1917 4930 veniente
1960 4893 1995 4930 a
2095 4880 2181 4933 est
2208 4893 2458 4948 regnum
2489 4878 3006 4950 Langobardorum
3041 4897 3140 4935 sue
3170 4879 3512 4952 potestative
3537 4879 3719 4954 regie

1713 5017 1941 5076 VARIE
1982 5023 2276 5080 LECTION
2280 5021 2386 5078 ES.

459 5159 504 5194 ιι
542 5151 582 5204 i.
607 5165 654 5204 e.
688 5139 934 5201 musivo.
991 5147 1036 5182 ⁵⁸
1060 5137 1145 5195 hic
1166 5138 1402 5198 distinxi.
1457 5151 1502 5186 ιε
1525 5141 1797 5206 distinctio
1825 5145 1965 5206 deest
1993 5153 2052 5206 in
2075 5149 2273 5210 codice.
2331 5159 2379 5194 ⁸⁷
2405 5147 2567 5208 sedes
2599 5166 2741 5208 corr.
2771 5149 2922 5208 sedis
2947 5168 2995 5208 c.

1928 5287 2151 5346 NOTIE.

2163 5427 2317 5554 (1072
2335 5427 2600 5484 Ludovici
2639 5429 2863 5514 cladem
2891 5431 3072 5488 refert
3101 5434 3162 5490 et
3201 5425 3553 5488 Prudentius
3601 5444 3717 5487 an.

2163 5501 2222 5554 6.
2253 5516 2284 5554 e
2336 5499 2548 5554 Chron.
2580 5501 2910 5554 Casinense.

2096 5499 2222 5567 846,
2253 5499 2312 5555 et
2336 5499 2548 5558 Chron.
2580 5501 2910 5563 Casinense.

483 5423 607 5491 104)
637 5421 760 5491 Leo
785 5415 875 5491 Iv.

459 5423 607 5636 (104)
637 5423 754 5476 Leo
785 5423 894 5500 1V3.
2163 5427 2317 5554 (1072
2335 5427 2600 5484 Ludovici
2639 5447 2660 5485 ε

489 5496 588 5548 105
639 5489 918 5546 Lotharii.
2096 5499 2222 5567 846,
2253 5516 2284 5555 e
2336 5499 2548 5558 Chron.
2580 5501 2660 5558 Ca

497 5495 616 5637 ίοϐζ
639 5563 830 5620 Monte
855 5558 989 5618 Mari
997 5577 1056 5618 ο.
2166 5567 2310 5646 (108)
2321 5571 2660 5630 Garilianus.

489 5487 616 5548 105')
639 5487 918 5546 Lotharii.

497 5496 588 5548 [05
639 5495 918 5546 Lotharii.

497 5495 616 5637 ίοϐζ
639 5563 830 5620 Monte
855 5558 1056 5618 Mario.
