3882 6230
136 444 194 497 In
1560 432 1974 492 CHRONICON.
3368 451 3439 506 42

134 566 411 637 potestate
439 566 546 638 (an.
578 564 850 634 888-894).
877 562 1027 618 Fecit
1058 562 1214 617 idem
1242 560 1422 627 Quido
1444 561 1727 635 synodum
1752 563 1806 623 A
1836 561 2032 618 odium
2050 580 2113 617 ex
2130 565 2250 619 rixa
2279 563 2431 620 inter
2452 565 2741 621 Romanos
2755 570 2811 622 et
2835 568 3115 636 marchio,
3133 574 3197 625 ut
3227 589 3343 628 non
3378 573 3438 628 in

134 674 263 710 cum
284 654 583 727 episcopis,
603 659 662 709 et
690 653 1011 719 abbatibus,
1031 656 1241 706 etcum
1270 651 1555 717 ﬁdelibus,
1585 651 1729 704 Lan-

134 744 403 816 gobardis
431 743 691 815 capitulis
712 741 949 812 legis,et
968 740 1028 794 in
1057 740 1253 794 edictis
1280 739 1433 811 affigi
1454 738 1730 811 precepit.

136 833 302 903 Cujus
334 833 690 903 temporibus
720 834 888 885 horta
919 832 1003 886 est
1044 830 1285 883 intentio
1328 829 1477 883 inter
1507 829 1734 899 Lango-

132 922 340 976 bardos
352 924 410 975 et
428 922 674 976 Francos
690 921 758 975 de
772 918 1146 992 regnollalie;
1167 920 1490 972 clauserunt
1506 918 1734 989 Lango-

133 1009 296 1064 bardi
314 1012 515 1079 clusas,
530 1014 586 1064 et
606 1008 1094 1064 custodieruntvie
1120 1007 1447 1062 Galliarum.

202 1103 291 1154 29.
327 1100 477 1154 Obiit
520 1098 748 1170 Sergius
800 1114 951 1169 papa
996 1113 1183 1151 nonus
1237 1095 1519 1150 Kalendas
1566 1095 1736 1150 Maias

128 1191 242 1259 (an.
278 1191 403 1255 913,
438 1189 579 1253 0a.,-
626 1191 754 1255 914,
796 1185 984 1259 Apr.).
1034 1186 1310 1240 Successit
1359 1186 1415 1238 in
1457 1186 1581 1239 loco
1614 1184 1734 1253 ejus

130 1278 325 1333 Laudo
357 1277 496 1348 (109)
521 1277 757 1331 natione
779 1275 1159 1344 Saviniensis;
1193 1274 1338 1329 sedit
1370 1273 1427 1327 in
1457 1273 1733 1327 cathedra

130 1369 323 1421 sancte
354 1365 502 1420 sedis
534 1365 841 1437 apostolice
877 1381 1103 1418 menses
1144 1380 1271 1430 sex;
1310 1361 1469 1417 obiit.
1503 1363 1563 1415 In
1605 1362 1730 1415 loco

131 1456 251 1527 ejus
271 1455 532 1510 successit
559 1456 864 1509 Formosus
884 1455 1052 1525 (110).
1086 1452 1397 1507 chovavit
1424 1453 1732 1506 Formosus

129 1562 279 1616 papa
301 1546 554 1600 azcclesia
580 1543 854 1616 principis
881 1544 1274 1614 apostolorum
1309 1542 1481 1610 Petri,
1511 1542 1730 1614 picture

129 1635 286 1702 tota;
337 1636 553 1706 quanta
582 1637 640 1687 et
687 1633 877 1704 qualia
904 1631 1146 1686 intentio
1178 1632 1330 1685 inter
1358 1632 1645 1685 Romanos
1677 1633 1732 1683 ct

131 1721 436 1777 Formosus
453 1721 812 1794 papa,modo
840 1723 1150 1775 taceamus.
1171 1720 1323 1775 Obiit
1344 1720 1569 1774 hisdem
1602 1719 1733 1773 For-

130 1826 355 1879 mosus;
388 1810 449 1865 in
504 1812 629 1865 loco
669 1811 791 1880 ejus
835 1808 1100 1863 successit
1152 1809 1443 1863 Iohannes
1477 1808 1734 1862 decimus

1835 652 2038 706 urbem
2068 654 2312 709 Romam
2344 654 2566 726 ingredi
2625 655 2881 711 deberet.
2918 659 3209 729 Ingressus
3240 662 3439 716 Petrus

1838 740 2093 795 marchio
2124 742 2177 795 in
2196 741 2390 796 civitas
2413 743 2711 809 Ortuense,
2730 748 2786 798 et
2816 744 2869 797 in
2892 744 3076 815 capite
3111 746 3279 817 hujus
3305 749 3438 802 civi-

1839 828 1967 882 tatis
1994 829 2275 883 ediﬁcavit
2304 835 2556 885 castrum
2596 832 2979 899 ﬁrmissimus,
3015 837 3072 888 et
3096 836 3222 906 plus
3254 838 3439 908 magis

1836 916 2129 971 seviebant
2158 918 2424 985 Romani,
2458 923 2514 973 et
2566 921 2811 991 amplius
2859 923 3055 977 Petrus
3090 926 3344 980 marchio
3380 926 3438 981 in

1835 1005 2081 1060 hurbem
2115 1009 2296 1062 Roma
2344 1026 2458 1062 non
2510 1015 2593 1063 est
2626 1028 2793 1064 ausus
2837 1011 3084 1083 ingredi.
3117 1013 3439 1087 Statimque

1838 1096 2069 1150 nuntius
2097 1098 2411 1151 transmisit
2442 1098 2510 1152 ad
2536 1099 2901 1170 Ungarorum
2933 1118 3095 1171 gens,
3127 1107 3189 1157 ut
3217 1104 3440 1159 veniret

1837 1185 1892 1236 et
1911 1184 2228 1253 possideret
2248 1185 2433 1253 Italia;
2456 1203 2567 1257 quo
2592 1193 2824 1258 peracto
2849 1191 3048 1246 omnia
3070 1192 3436 1262 Ungarorum
3533 1233 3545 1253 ι

1834 1288 1977 1341 gens
1994 1271 2051 1324 in
2077 1273 2236 1327 Italia
2260 1273 2498 1343 ingressi
2522 1280 2672 1331 sunt.
2696 1276 2879 1331 Simul
2905 1295 3034 1333 cum
3060 1281 3258 1335 Petrus
3282 1297 3436 1336 mar-

1833 1358 1959 1411 chio
1989 1358 2045 1411 in
2078 1360 2281 1414 urbem
2315 1361 2558 1416 Romam
2609 1364 2896 1435 ingressus
2927 1370 3031 1421 est.
3073 1367 3438 1436 Ungarorum

1832 1463 1975 1517 gens
1986 1448 2316 1519 depraedata
2332 1452 2687 1519 totaTuscia,i
2695 1455 3028 1525 gne,gladio
3044 1464 3090 1497 σο
3104 1461 3439 1529 consumpts

1832 1538 2044 1590 multos
2065 1540 2276 1611 populo
2307 1540 2475 1594 simul
2502 1556 2634 1596 cum
2661 1541 2977 1611 femine,et
3007 1544 3279 1617 quicquid
3314 1563 3437 1601 ma-

1835 1643 1975 1680 num
2003 1645 2204 1699 capere
2231 1633 2458 1700 poterat
2487 1635 2943 1702 asportaverunt.
2963 1632 3220 1707 Cumque
3252 1636 3440 1690 nullus

1833 1713 2030 1769 fuisset
2060 1717 2154 1788 qui
2188 1716 2417 1772 illorum
2462 1718 2747 1791 impetum
2780 1721 3044 1776 resistere
3074 1722 3375 1794 potuisset,
3406 1739 3441 1778 a

1834 1803 2069 1874 propria
2089 1809 2221 1859 sunt
2243 1806 2471 1860 reversi.
2489 1807 2737 1862 Romani
2766 1808 2824 1863 in
2853 1809 2940 1864 ira
2961 1813 3263 1880 commoti,
3284 1811 3443 1866 unia-

128 1915 277 1970 papa
302 1898 416 1969 (αη,
452 1900 554 1953 914
583 1898 767 1969 ΛΡΜ,
812 1897 1060 1952 Consilio
1092 1896 1232 1951 inito
1278 1913 1411 1951 cum
1440 1890 1803 1951 AlbericusB
1834 1886 3445 1968 nimiteradpalatiumLateranensisproperantes,inter-

131 1987 496 2042 marchioncs
527 1988 597 2042 de
638 1986 985 2041 Sarracenis.
1023 1988 1078 2040 In
1113 1987 1233 2057 ipso
1269 1990 1530 2058 tempore
1562 1985 1732 2040 exivit

124 2076 505 2148 Ahyprandus
522 2076 785 2144 Reatino,
804 2078 859 2129 et
883 2074 975 2129 alii
1009 2077 1198 2147 plures
1230 2073 1646 2146 Langobardis,
1674 2075 1732 2127 et

126 2163 444 2234 Savinensi,
460 2170 519 2220 et
534 2167 988 2238 preparaverunt
1017 2182 1075 2218 se
1098 2182 1130 2218 a
1150 2180 1346 2235 pugna
1367 2180 1497 2217 cum
1531 2161 1729 2216 Sarra-

122 2253 297 2323 cenis,
346 2273 380 2309 a
422 2255 634 2311 maznie
661 2254 902 2310 civitatis
933 2256 1208 2308 vetustate
1237 2256 1601 2324 consumpta,
1632 2269 1731 2306 no-

124 2342 279 2399 mine
302 2344 613 2399 Tribulana
653 2345 814 2416 (111).
851 2344 917 2397 Et
947 2342 1213 2398 conﬂicta
1241 2358 1458 2414 pugna,
1490 2341 1732 2395 interce-

123 2431 293 2487 dente
323 2433 496 2487 beato
548 2435 714 2487 Petro
762 2432 1045 2505 apostolo,
1079 2431 1409 2486 Sarracenis
1438 2428 1726 2484 interfecti

120 2525 268 2576 sunt.
289 2521 417 2576 Alia
439 2538 636 2593 pugna
665 2526 751 2576 est
775 2522 926 2576 facta
950 2521 1104 2575 inter
1130 2520 1429 2592 Ncpisinos
1460 2523 1518 2572 et
1543 2518 1726 2573 Sutri-

119 2625 221 2664 nos
252 2626 385 2664 cum
417 2610 749 2665 Sarracenis
804 2609 859 2663 in
900 2626 1106 2680 campo
1158 2609 1228 2662 de
1284 2607 1522 2663 Baccani
1557 2609 1725 2675 (112),

116 2698 441 2771 multosque
475 2697 821 2753 Sarracenos
848 2697 1114 2752 trucidati
1164 2701 1296 2752 sunt
1327 2701 1384 2751 et
1415 2695 1725 2750 vulnerati.

114 2786 425 2843 Audientes
439 2787 771 2843 Sarracenis
785 2786 879 2859 qui
899 2790 1023 2841 erat
1037 2786 1095 2841 in
1110 2785 1361 2840 Narnien
1372 2803 1458 2839 ses
1479 2794 1525 2827 δε
1541 2783 1724 2839 comi-

115 2878 253 2942 tato,
270 2876 572 2945 Ortuense,
591 2877 755 2948 etqui
780 2879 945 2930 erant
969 2877 1025 2929 in
1053 2876 1249 2943 Ciculi,
1269 2876 1725 2946 preparaverunt

114 2980 172 3017 se
193 2980 395 3019 omnes
423 2966 483 3020 in
511 2984 691 3020 unum
713 2965 785 3019 ad
809 2965 919 3019 dux
948 2981 1150 3019 eorum
1170 2964 1263 3036 qui
1294 2967 1466 3018 erata
1488 2963 1725 3017 ﬂuvium

113 3051 420 3119 Garilianu,
447 3052 559 3107 iter
583 3054 895 3118 bastantes,
919 3053 1169 3107 maxime
1203 3054 1636 3123 cognoscentes,
1666 3050 1723 3105 in

112 3155 169 3193 se
221 3138 358 3210 ipsis
390 3141 657 3195 interitus
686 3142 958 3196 eveniret.
990 3141 1305 3196 Ancxiebat
1352 3158 1451 3194 cor
1487 3138 1725 3194 Joannis

1833 1976 1980 2031 fecto
2006 1980 2205 2033 Petrus
2222 1982 2500 2049 marchio,
2516 1983 2587 2036 ad
2608 1984 2951 2054 apostolicos
2969 1987 3157 2040 nullus
3171 1986 3439 2057 adtingit.

1834 2066 1997 2122 Unde
2028 2070 2380 2127 consuetudo
2432 2088 2536 2143 per
2560 2072 2814 2143 singulos
2844 2081 2889 2114 αι
2920 2074 3135 2145 Ungari
3162 2074 3441 2129 Romanis

1832 2153 2042 2210 ﬁnibus
2081 2157 2492 2229 depraedantur
2519 2158 2812 2232 deinceps.

1906 2247 1991 2299 30.
2027 2246 2179 2299 Obiit
2202 2247 2492 2303 Johannes
2515 2250 2769 2304 decimus
2790 2262 2941 2322 papa
2972 2251 3088 2323 (an.
3119 2256 3245 2308 928.
3266 2252 3439 2326 Mai.)

1833 2331 2235 2404 (“3).Domna
2254 2337 2501 2391 senatrix
2529 2339 2679 2392 unde
2709 2341 2968 2412 superius
2995 2341 3264 2411 diximus,
3290 2343 3445 2399 ordi-

1834 2422 1987 2476 navit
2012 2424 2303 2478 Iohannes
2332 2427 2830 2498 consanguineum
2864 2429 2987 2499 ejus
3006 2429 3065 2485 in
3093 2431 3290 2487 sedem
3316 2450 3443 2488 san-

1835 2510 2247 2585 ctissimus,pro
2264 2531 2375 2585 quo
2393 2515 2729 2571 undecimus
2747 2519 3163 2590 estappellatus
3177 2520 3292 2592 (an.
3313 2524 3442 2590 931,

1832 2598 2004 2655 Mart.
2041 2605 2149 2665 20).
2187 2602 2534 2674 Subjugatus
2588 2608 2674 2659 est
2722 2607 2967 2661 Romam
3007 2610 3351 2678 potestative
3381 2611 3442 2666 in

1833 2705 2011 2743 manu
2041 2690 2279 2755 femine,
2299 2692 2442 2746 sicut
2470 2693 2527 2747 in
2560 2695 2845 2767 propheta
2866 2696 3112 2767 legimus
3137 2715 3155 2750 :
3191 2720 3217 2747 ‹‹
3252 2698 3441 2754 Femi-

1834 2776 1953 2831 nini
1984 2779 2369 2835 dominabunt
2397 2782 2900 2853 llierusalemUsa.
2948 2803 3029 2853 ιιι,
3057 2787 3133 2858 li).
3170 2809 3196 2835 n
3228 2789 3442 2843 Iterum

1832 2869 2025 2920 autem
2061 2869 2353 2923 venientes
2376 2870 2591 2942 Ungari
2608 2872 2774 2943 juxta
2798 2874 3043 2929 Romam
3068 2892 3101 2929 a
3118 2880 3285 2948 porta
3309 2893 3441 2932 san-

1831 2953 1905 3007 cti
1929 2955 2186 3023 Joannis,
2212 2958 2477 3012 exierunt
2506 2960 2752 3015 Romani
2781 2966 2839 3015 et
2870 2969 3277 3034 pugnaverunt
3308 2981 3441 3020 cum

1828 3042 2191 3114 Ungarorem
2210 3064 2373 3116 gens;
2404 3051 2459 3101 et
2481 3049 2813 3104 ceciderunt
2834 3051 2903 3105 de
2932 3052 3439 3120 nobilesRomani,

1829 3130 1990 3186 sicuti
2023 3150 2056 3187 a
2080 3137 2280 3204 portas
2313 3135 2488 3206 ipsius
2513 3137 2748 3191 ecclesie
2786 3138 3048 3193 inumata
3073 3141 3442 3213 requiescunt

113 3226 318 3283 decimi
335 3247 632 3301 papecum
658 3231 949 3285 Albericus
964 3231 1244 3301 gloriosus
1265 3230 1651 3295 marcliiones,
1667 3230 1724 3282 et
1745 3213 1791 3272 Ο
1827 3222 1940 3295 (an.
1968 3226 2069 3278 957
2092 3225 2159 3295 ⁵2).
2188 3226 2344 3280 Tunc
2363 3227 2729 3307 Ungarorugn
2762 3247 2905 3299 gens
2938 3232 3235 3286 venientes
3252 3249 3285 3287 a
3304 3233 3439 3288 civi-

110 3317 348 3372 collecta
362 3319 672 3374 multitudo
688 3320 929 3374 ostiliter
942 3326 1221 3374 venerunt
1237 3336 1270 3372 a
1297 3328 1342 3360 89
1367 3318 1604 3372 fluvium
1621 3318 1723 3371 Ga-

110 3403 405 3460 rilianum.
434 3407 634 3460 Factus
668 3411 752 3461 est
780 3408 1072 3462 Albericus
1099 3408 1355 3461 marchio
1396 3411 1456 3459 ut
1484 3408 1574 3459 leo
1602 3406 1719 3459 for-

110 3491 360 3549 tissimus
388 3495 542 3550 inter
580 3495 927 3551 Sarracenos
947 3500 1061 3565 (an.
1092 3500 1240 3566 916}.
1266 3497 1588 3550 Audierunt
1620 3495 1719 3547 Be-

106 3586 417 3639 neventani
452 3585 1000 3655 prelium,exierunt
1027 3587 1516 3647 Beneventum,et
1546 3600 1719 3637 vene-

103 3675 239 3726 runt
262 3673 337 3727 ad
360 3678 679 3742 turrem,et
709 3676 1101 3746 preliaverunt
1132 3675 1377 3745 prelium
1414 3689 1716 3744 magnum;

103 3761 161 3812 et
190 3761 425 3815 contriti
449 3765 586 3816 sunt
614 3761 944 3817 Sarracenis
973 3781 1005 3817 a
1035 3762 1179 3817 facie
1207 3764 1637 3827 Romanorum;
1663 3763 1720 3813 et

101 3846 342 3904 victores
364 3851 663 3906 Iohannes
691 3852 948 3907 decimus
970 3869 1139 3924 papa,
1155 3854 1212 3906 et
1237 3852 1530 3905 Albcricus
1563 3865 1717 3903 mar-

101 3936 356 4006 chiones,
390 3940 713 3996 honoriﬁce
735 3945 1061 4013 susceptum
1083 3941 1375 3995 Albericus
1399 3938 1655 3993 marchio
1687 3955 1720 3991 a

96 4023 366 4082 Romano
398 4029 637 4101 populo.
672 4030 805 4084 Erat
857 4030 1081 4085 hisdem
1134 4030 1428 4083 Albcricus
1460 4026 1717 4082 marchio

98 4114 750 4190 elangiforme.Accepit
766 4136 879 4173 una
899 4119 968 4173 de
988 4119 1272 4174 nobilibus
1284 4115 1719 4186 Romani,cujus

96 4204 338 4260 nomine
359 4208 1055 4280 superest,The0philacti
1078 4208 1214 4275 tilia,
1242 4225 1359 4262 non
1385 4205 1544 4277 quasi
1576 4221 1717 4259 uxor

93 4291 193 4346 sed
206 4292 262 4347 in
280 4295 763 4351 consuetudinem
779 4297 1329 4368 malignam.Genuit
1347 4313 1412 4349 ex
1430 4310 1497 4348 ea
1510 4293 1712 4360 ﬁlium,

1826 3314 1913 3366 tas
1962 3313 2222 3381 Reatina,
2249 3314 2419 3367 exivit
2462 3316 2616 3371 foras
2642 3319 2855 3390 Joseph
2891 3319 3270 3390 Langobardo
3298 3337 3439 3392 pru-

1826 3400 2125 3467 dcns,cum
2147 3402 2399 3473 ingentis
2416 3406 2697 3460 exercitus
2725 3407 3278 3479 Langobardorum;
3311 3426 3439 3481 par-

1826 3492 1909 3542 tes
1930 3489 2447 3560 interemitgladio,
2473 3497 2531 3545 et
2547 3498 2740 3564 partes
2757 3495 2910 3550 vivos
2923 3498 3285 3566 appreendit.
3321 3499 3436 3553 Un-

1823 3594 2101 3647 garorum
2136 3595 2277 3650 gens
2310 3579 2506 3633 videns
2538 3599 2595 3636 se
2629 3600 2693 3636 ex
2727 3584 2891 3637 omni
2923 3587 3117 3654 partes
3148 3586 3436 3658 impetum

1822 3667 2011 3738 gentis
2044 3667 2363 3736 dimicaret,
2400 3668 2509 3722 iter
2568 3670 2626 3725 in
2659 3672 2897 3743 propria
2944 3677 3079 3727 sunt
3110 3675 3340 3744 reversi,
3374 3680 3435 3731 et

1822 3754 2136 3827 ampliusin
2153 3755 2313 3810 Italia
2326 3772 2428 3826 pro
2444 3756 2877 3828 deprzedatione
2895 3777 3008 3817 non
3023 3765 3155 3818 sunt
3168 3764 3431 3835 ingressi.

1819 3844 1947 3899 Veze
1978 3845 2255 3916 populum
2286 3845 2510 3900 Italico!
2547 3851 2765 3919 quanta
2782 3850 3101 3907 accidentia
3119 3856 3431 3924 6¢,quanta-

1821 3950 1931 4005 que
1957 3934 2117 3988 clade
2139 3933 2465 4005 alienigene
2498 3938 2687 4007 gentis
2710 3938 2765 3992 in
2790 3957 2884 3995 vos
2912 3942 3164 3997 exercuit
3184 3942 3195 3997 l
3219 3942 3425 3999 Civitas

1821 4022 2111 4077 Leoniana
2133 4032 2198 4089 63,
2222 4040 2395 4095 quem
2418 4023 2662 4081 Centum
2698 4026 2887 4084 Civilis
2913 4032 3246 4100 construxit,
3263 4038 3433 4108 capta

1820 4112 2004 4170 fuistis
2057 4131 2089 4166 ει
2120 4111 2449 4168 Sarracenis
2479 4118 2537 4169 et
2581 4117 2908 4190 alienigene
2965 4121 3186 4193 gentis;
3228 4140 3431 4181 verum

1820 4200 1994 4254 etiam
2018 4218 2051 4254 a
2082 4201 2477 4271 Bajuariorum
2505 4219 2649 4273 gens
2676 4204 3011 4275 Galliarum,
3029 4213 3085 4264 et
3106 4227 3141 4264 a
3168 4226 3307 4282 rege
3338 4212 3430 4266 cui

1818 4306 2035 4344 nomen
2067 4294 2191 4345 erat
2210 4292 2501 4359 Arnull‘us;
2530 4293 2725 4351 ferunt
2754 4313 3007 4369 namque
3031 4299 3187 4371 quod
3217 4316 3252 4355 a
3272 4301 3424 4356 sellis

93 4381 166 4435 ab
186 4399 391 4439 amore
406 4385 588 4457 patris
604 4386 898 4442 Albericus
916 4404 1132 4441 nomen
1147 4384 1440 4457 imposuit;
1466 4382 1714 4454 qualiter
1816 4379 2169 4434 caballorum
2184 4380 2381 4435 fuisset
2403 4397 2745 4452 appreensa.
2764 4387 2825 4440 In
2843 4389 3203 4459 temporibus
3219 4390 3430 4447 Johan-

87 4469 203 4524 huc
221 4474 528 4528 Albericus
548 4477 895 4547 pervenerit,
917 4480 1115 4549 postea
1147 4475 1424 4530 dicamus.
1448 4474 1713 4525 Renova—
1735 4544 1771 4549 Δ*
1815 4467 1901 4521 nis
1930 4467 2137 4522 decimi
2171 4486 2337 4540 pape,
2369 4471 2528 4541 cujus
2558 4474 2819 4543 superius
2873 4477 3225 4534 memoriam
3265 4480 3425 4549 fecit,

88 4559 167 4613 vit
196 4560 381 4632 igitur
409 4544 705 4619 Iohannes
736 4544 993 4621 decim-us
1033 4582 1185 4638 papa
1219 4565 1273 4618 in
1310 4560 1712 4618 Lateranensis
1733 4544 1785 4605 D
1816 4556 1930 4610 visa
1960 4560 2092 4611 sunt
2117 4558 2302 4630 signa,
2335 4559 2585 4629 qualiter
2629 4561 2687 4615 in
2741 4563 2894 4618 hunc
2925 4564 3185 4621 libellum
3212 4569 3425 4625 seriem

88 4649 375 4719 palatium
400 4652 513 4706 tria
536 4653 775 4710 miriﬁce
800 4655 1144 4728 composuit,
1161 4654 1313 4726 picta
1335 4653 1626 4713 decorate,
1654 4652 1711 4704 et
1814 4647 2110 4701 vocitatur.
2126 4649 2169 4700 A
2191 4647 2393 4702 diebus
2408 4665 2661 4722 namque
2681 4652 2802 4723 ejus
2825 4654 3293 4713 demonstratum
3315 4662 3418 4726 est,

87 4739 346 4795 versisex
360 4745 609 4813 utraque
633 4747 825 4815 partes
838 4761 1073 4800 exarare
1103 4743 1333 4797 studere
1355 4740 1542 4813 jussit.
1572 4739 1709 4794 Orta
1812 4751 1922 4806 que
1945 4739 2074 4808 post
2093 4735 2299 4790 futuris
2320 4736 2434 4791 suis
2462 4741 2745 4811 temporis
2764 4743 3043 4814 adeptum
3074 4750 3179 4801 est.

84 4832 171 4881 est
192 4827 448 4885 intentio
476 4830 624 4886 inter
648 4837 899 4889 matrem
928 4832 1173 4887 Alberici
1193 4835 1249 4885 et
1268 4848 1439 4903 papa,
1462 4833 1518 4883 et
1550 4845 1711 4900 sepa—
1882 4828 1939 4879 31
1957 4866 1969 4878 .
1990 4827 2157 4879 Anno
2173 4826 2656 4884 abincarnatione
2678 4831 2899 4887 domini
2920 4835 3103 4889 nostri
3125 4837 3253 4891 Iesu
3269 4833 3426 4888 Chri-
3486 4884 3495 4889 -

83 4919 279 4972 ratum
300 4923 388 4973 est
408 4922 688 4991 populum
704 4924 1033 4977 Romanum
1052 4921 1203 4976 inter
1220 4920 1439 4975 se.Erat
1460 4918 1708 4990 denique
1810 4914 1877 4969 sti
1897 4915 2342 4986 nungentesimo
2364 4916 2630 4974 vicesimo
2646 4920 2860 4993 primo,
2878 4920 3193 4978 indictione
3210 4922 3419 4993 prima,

82 5004 288 5061 Petrus
301 5008 1369 5085 marchionesgermanussuprascripti
1383 5025 1553 5081 pape;
1576 5006 1708 5062 talis
1815 5003 2052 5059 indictio
2081 5022 2259 5073 nona,
2284 5006 2641 5079 temporibus
2673 5009 2878 5071 domni
2906 5009 3187 5068 Johannis
3212 5009 3423 5067 decimi

1414 5124 1643 5180 VARUE
1694 5122 1867 5177 LECT
1874 5120 1989 5175 lON
1996 5120 2098 5176 ES.

806 5237 853 5270 ⁵ο
882 5229 959 5283 ha
986 5245 1122 5283 corr.
1151 5244 1185 5283 a
1214 5245 1259 5283 c.
1375 5233 1421 5268 ϐο
1444 5225 1527 5278 hic
1559 5239 1633 5277 ua
1662 5219 1891 5276 deletum
1917 5218 2195 5292 (vastata),
2309 5227 2351 5264 61
2383 5219 2497 5285 scil,
2547 5240 2751 5283 annos.
2869 5230 2915 5266 ω
2947 5226 3281 5285 accidentea
3310 5242 3420 5281 cor.

593 5307 640 5341 ⁸³
668 5301 1045 5357 leonianiana
1074 5317 1121 5357 ο.

148 5231 199 5266 ⁸³
229 5225 600 5281 inarnienses
642 5246 687 5284 ο.

78 5296 405 5352 accidentia
430 5313 481 5351 ε.

1643 5387 1864 5448 ΝΟΤιΕ.

146 5492 301 5564 (109)
321 5494 658 5572 Anastasius
688 5499 759 5551 III
791 5497 926 5572 inde
951 5498 1025 5572 ab
1049 5500 1194 5572 Aug.
1215 5514 1414 5554 mense
1439 5513 1533 5551 an.
1569 5497 1692 5551 911.

71 5560 348 5641 usquead
366 5566 491 5620 Oct.
517 5570 649 5637 913;
683 5574 810 5624 tum
846 5570 1064 5641 Laudo.
1138 5560 1171 5572 ν
1597 5636 1689 5641 ω

1870 5560 2015 5641 ﬁt?)
2047 5560 2327 5641 13300309.
2582 5632 2609 5641 -

139 5626 186 5707 (1
206 5639 289 5707 10)
308 5637 622 5716 Formosus
638 5626 733 5716 an.
752 5645 847 5716 891
869 5641 1025 5716 Sept.
1050 5627 1229 5716 usque
1248 5642 1322 5716 ad
1338 5636 1693 5716 annum_._896

1854 5626 2223 5701 .(VH3)'Quem
2284 5630 2394 5685 Leo
2450 5626 2540 5702 VI,
2577 5632 2904 5714 Stephanus
2934 5630 3051 5706 VII,
3097 5643 3224 5698 tum
3280 5647 3416 5695 vero

67 5720 271 5763 mense
300 5711 448 5778 Apr.
481 5709 654 5781 sedit;
690 5707 961 5769 Landoni
980 5707 1229 5770 Joannes
1258 5715 1301 5769 X
1330 5707 1616 5768 successit.
1790 5714 2041 5771 Joannes
2062 5717 2127 5770 XI
2154 5716 2336 5771 secuti
2362 5722 2520 5776 sunt.

589 5810 828 5871 Parnm.
859 5810 1116 5871 CXXXIX.
3101 5832 3139 5889 2

1870 5489 2012 5559 (111)
2040 5488 2253 5544 Trevi?
