3882 6230
411 425 482 483 43

1476 413 1838 472 BENEDICTI
1877 415 1947 472 S.
1987 412 2288 472 ANDBEE
2326 418 2655 476 MONACHI.

3661 429 3728 484 44

409 565 579 623 pape,
611 547 670 602 in
701 561 858 601 anno
889 541 1256 616 pontificatus
1284 539 1432 596 illius
1461 544 1706 614 septem,
1729 539 1843 594 vise
1874 543 2008 594 sunt
2033 547 2088 604 Α
2111 543 2264 596 velut
2275 543 2474 612 jacens
2500 543 2836 614 permansit,
2857 549 2916 599 et
2935 545 3147 600 iterum
3162 551 3354 602 erecta
3370 551 3455 602 est
3487 550 3552 602 ut
3571 548 3727 620 prius

409 639 596 711 signa.
629 637 774 690 Nam
795 634 962 704 juxta
984 631 1168 686 hurbe
1201 631 1384 685 Roma
1431 630 1651 700 lapides
1676 627 1914 700 plurimi
1943 627 2013 681 de
2115 630 2322 685 fuerat.
2341 633 2400 684 In
2423 633 2680 686 aacclesia
2702 649 2835 688 vero
2855 633 3037 688 sancti
3071 636 3298 705 Angeli,
3313 635 3475 706 juxta
3505 637 3720 692 ﬂumen

411 727 536 782 celo
552 724 759 780 cadere
778 721 877 776 visi
909 724 1059 774 sunt.
1079 721 1140 773 lu
1153 717 1380 772 civitate
1395 734 1506 788 que
1525 719 1760 771 vocatur
1781 715 2011 782 Narnia,

412 819 536 870 tam
553 813 662 868 diri
675 827 740 866 ac
753 809 974 875 tetri,ut
993 807 1166 862 nichil
1179 806 1334 861 aliud
1347 805 1633 870 credatur,
1657 820 1831 874 quam
1849 803 1919 857 de
1934 803 2018 856 in-

413 901 730 958 fernalibus
754 898 893 952 locis
911 895 1366 952 deductiessent.
1387 893 1530 947 Nam
1562 892 1641 946 ita
1666 908 1732 945 ex
1750 890 1860 944 illis
1881 890 2020 962 lapi-

415 992 582 1048 dibus
611 1007 758 1046 unus
809 985 1075 1042 omnium
1106 984 1394 1038 maximus
1425 986 1528 1048 est,
1563 983 1625 1035 ut
1657 979 1929 1034 decidens
1959 978 2018 1032 in

415 1083 634 1139 ﬂumen
668 1079 910 1143 Narnus,
943 1074 1017 1130 ad
1057 1088 1328 1128 mensura
1380 1069 1548 1124 unius
1595 1067 1798 1122 cubitis
1851 1081 2021 1137 super

416 1189 594 1248 aquas
609 1166 864 1226 ﬂuminis
887 1180 1065 1236 usque
1079 1161 1252 1218 hodie
1271 1159 1582 1248 videretur.
1607 1157 1752 1248 Nam
1765 1154 2022 1248 etignite

413 1243 599 1318 facule
625 1275 656 1314 e
677 1259 799 1313 celo
821 1252 1070 1328 plurime
1101 1249 1370 1306 omnibus
1395 1247 1456 1302 in
1475 1248 1624 1300 hanc
1653 1244 1877 1299 civitate
1911 1243 2020 1296 Ro-

417 1349 579 1408 mani
593 1346 792 1422 populi
806 1344 919 1399 vise
934 1340 1174 1407 sunt,ita
1189 1341 1250 1392 ut
1261 1353 1410 1410 pene
1423 1340 1578 1390 terra
1592 1332 2019 1422 contingerent.

415 1439 540 1496 Alie
557 1419 829 1493 cadentes
840 1433 1005 1504 juxta
1025 1430 1265 1484 domum
1285 1421 1700 1494 Theophilacti.
1723 1420 1847 1473 Alie
1859 1419 2025 1489 juxta

417 1527 655 1585 ecclesia
676 1524 1006 1580 sanctorum
1029 1517 1424 1588 apostolorum
1443 1509 1638 1566 Jacobi
1661 1512 1719 1563 et
1752 1506 2020 1578 Philippi,

418 1634 530 1692 que
553 1632 658 1670 nos
681 1611 997 1668 vocitamus
1018 1604 1199 1661 sancti
1227 1601 1491 1675 apostoli.
1509 1599 1631 1653 Alie
1650 1599 1761 1692 huc
1778 1596 2023 1692 illucque

419 1684 823 1762 discurrentes.
832 1696 1106 1754 Similiter
1118 1693 1326 1748 eodem
1338 1693 1602 1759 tempore
1615 1687 1802 1740 celum
1820 1684 2022 1738 ardere

416 1794 603 1850 visum
621 1789 746 1861 est,j
757 1790 890 1843 uxta
909 1788 1148 1841 Portum
1172 1780 1342 1851 hujus
1367 1775 1588 1840 hurbis,
1607 1773 1856 1828 miliario
1878 1779 1925 1812 σι
1951 1771 2022 1824 ab

2116 719 2366 790 Tyberis,
2403 721 2460 774 in
2487 738 2601 792 qua
2630 721 2738 775 sita
2767 726 2853 776 est
2878 723 3134 777 aecclesia
3165 725 3345 778 sancti
3376 725 3640 779 Abbaciri
3673 729 3730 778 et

2117 808 2690 877 Johannis,etsancte
2714 811 2982 876 Barbare,
3002 811 3155 865 fores
3181 812 3440 882 ejusdem
3472 813 3724 867 meclesie

2121 913 2224 968 per
2243 900 2430 951 totum
2453 897 2636 952 ferme
2666 898 2820 953 diem
2841 899 3046 952 clausas
3077 900 3346 969 fuerunt;
3373 901 3454 955 ita
3476 917 3581 956 nec
3615 902 3728 956 vio-

2120 985 2328 1051 lenter,
2347 1002 2449 1040 nec
2481 987 2705 1040 letaniis
2721 987 2816 1058 qui
2839 987 2986 1040 visus
3005 987 3211 1060 aliquis
3232 989 3328 1043 illo
3348 989 3439 1043 die
3467 1005 3722 1044 reserare

2122 1075 2416 1147 potuisset.
2434 1075 2558 1128 Alia
2589 1078 2782 1129 autem
2802 1075 2894 1129 die
2917 1076 3068 1130 facta
3098 1076 3314 1132 letania
3343 1093 3407 1132 ac
3441 1079 3575 1134 data
3599 1095 3726 1133 ora-

2123 1163 2281 1218 tione
2309 1166 2619 1234 patuerunt
2664 1180 2723 1217 se
2755 1167 2816 1217 ut
2846 1163 3114 1236 primitus
3143 1165 3308 1219 solite
3351 1169 3539 1222 erant.
3576 1167 3726 1221 Inse-

2125 1252 2323 1324 quenti
2345 1251 2520 1322 igitur
2548 1255 2809 1322 tempore
2838 1251 3021 1306 visum
3043 1256 3128 1306 est
3157 1253 3216 1307 in
3246 1253 3434 1309 ferme
3463 1255 3642 1309 bestie
3669 1254 3727 1308 in

2124 1341 2355 1395 sublimi
2361 1341 2525 1411 juxta
2543 1357 2758 1406 aerem,
2781 1341 2942 1412 quasi
2957 1341 3129 1395 draco
3150 1341 3624 1409 immanissimus;
3641 1344 3730 1398 cui

2124 1429 2423 1500 longitudo
2437 1430 2782 1483 cernebatur
2799 1429 2871 1483 ab
2888 1430 3141 1484 (ecclesia
3154 1431 3591 1503 sanctiEusebiij
3603 1435 3733 1487 uxta

2126 1518 2432 1572 macellum
2465 1534 2703 1588 parvum
2737 1533 2886 1588 pene
2944 1517 3016 1572 ad
3066 1521 3262 1588 portas
3291 1519 3530 1586 Salaria,
3565 1521 3730 1575 multi

2127 1605 2492 1660 cernentibus
2505 1623 2608 1677 per
2622 1605 2875 1659 maxima
2890 1606 3052 1674 hora;
3070 1606 3276 1660 deinde
3295 1607 3542 1663 obducta
3556 1609 3731 1676 nube,

2127 1710 2412 1765 nusquam
2443 1693 2787 1764 comparuit.
2807 1692 2969 1765 Cepit
2989 1695 3172 1748 Roma
3188 1694 3244 1748 in
3263 1713 3321 1749 se
3346 1695 3469 1767 ipsa
3501 1713 3698 1752 meror

2127 1781 2341 1836 afﬂicta
2361 1781 2558 1853 populi
2583 1798 2808 1836 vexare.

418 1883 561 1939 urbe
581 1882 766 1944 Roma
787 1877 989 1933 decem
1019 1875 1078 1927 et
1098 1873 1246 1926 octo.
1269 1869 1332 1921 In
1359 1882 1472 1938 qua
1498 1863 1760 1918 videlicet
1785 1863 2024 1914 ﬂamma
2047 1866 2096 1924 Β
2198 1871 2284 1924 32,
2317 1869 2492 1923 Mater
2543 1869 2836 1924 Αιδθι-ίεηε
2883 1869 3156 1941 principis
3212 1871 3480 1939 Romani,
3512 1874 3736 1943 legatos

415 1974 534 2034 tres
555 1967 725 2024 simul
745 1966 1013 2021 columne
1030 1959 1145 2014 vise
1165 1958 1320 2022 sunt,
1338 1955 1398 2008 in
1421 1952 1662 2008 modum
1678 1951 2022 2019 columpna-

413 2075 548 2116 rum
569 2073 680 2130 que
707 2051 934 2109 nuncin
956 2047 1194 2104 edificiis
1217 2045 1500 2100 locantur.
1523 2043 1585 2094 In
1608 2039 1816 2112 quibus
1841 2037 2024 2130 tribus

416 2125 740 2218 columpnis
784 2145 901 2196 tres
947 2138 1256 2208 columpne
1290 2141 1337 2174 σι
1375 2130 1770 2202 apparuerunt
1798 2125 2022 2218 sedere,

2125 1956 2361 2012 mittens
2390 1973 2424 2011 a
2459 1956 2651 2011 Ticine
2709 1957 2948 2011 civitatis
3001 1958 3075 2012 ad
3135 1960 3294 2031 Hugo
3349 1961 3602 2032 quedam
3634 1977 3736 2014 rex

2128 2045 2529 2116 Langobardo,
2583 2049 2643 2098 ut
2697 2045 2801 2100 sibi
2863 2047 3236 2101 matrimonio
3289 2049 3606 2118 copularet.
3641 2048 3736 2104 Sic

2127 2132 2510 2206 adimpletum
2529 2138 2614 2188 est
2633 2133 2908 2205 (an.93'2);
2925 2151 3059 2188 nam
3078 2139 3207 2204 post
3227 2137 3455 2207 nuptias
3477 2137 3735 2192 celebra-

417 2213 762 2308 unaquaque
793 2243 965 2300 super
994 2226 1335 2294 columpne;
1365 2237 1396 2274 e
1435 2217 1640 2290 quibus
1671 2233 1787 2270 una
1827 2231 1894 2268 ex
1919 2213 2028 2268 illis
2127 2224 2216 2275 tas
2240 2221 2299 2275 in
2315 2224 2499 2276 castro
2531 2222 2932 2293 sanctiAngeli
2951 2239 3047 2276 rex
3077 2239 3208 2276 cum
3225 2225 3430 2294 regina
3452 2225 3736 2282 ascendit.

418 2305 652 2383 elevatis
663 2321 768 2377 alis
779 2319 1114 2387 extinguere
1127 2309 1392 2382 cupiebat
1405 2305 2026 2374 ﬂamme,necpoterat.

417 2413 639 2474 Deinde
668 2406 942 2472 secunda,
973 2405 1032 2456 et
1057 2399 1276 2466 tertias,
1307 2400 1364 2451 et
1385 2393 1802 2466 necquicquam
1824 2389 2026 2456 valuit;

421 2517 531 2560 nec
552 2500 735 2554 multo
759 2496 890 2566 post
908 2486 1378 2562 supervenientes
1409 2499 1524 2537 una
1544 2499 1610 2536 ex
1634 2481 1758 2535 aliis
1773 2478 2032 2552 partibus

423 2587 688 2663 expansis
708 2583 832 2650 alis,
847 2585 903 2635 et
928 2584 1048 2634 tam
1075 2576 1173 2632 diu
1196 2577 1398 2630 contra
1422 2572 1664 2626 ﬂamma
1689 2570 1804 2663 alas
1835 2567 2031 2638 exagi-

424 2656 578 2742 tant,
591 2686 891 2748 quousque
909 2669 1095 2722 totam
1117 2664 1216 2718 illa
1232 2663 1475 2717 ﬂamma
1495 2656 1785 2714 extincxit.
1807 2659 2028 2748 At-vero

423 2767 554 2838 post
583 2745 706 2818 haec
733 2761 890 2829 iuxta
908 2757 1076 2828 porta
1099 2751 1269 2823 hujus
1300 2748 1538 2804 civitatis
1566 2745 2031 2838 que_appellatur

423 2834 666 2920 Salaria,
699 2851 836 2905 ante
867 2843 1110 2900 ecclesia
1166 2838 1383 2894 scilicet
1429 2839 1624 2891 sancte
1679 2835 1941 2890 Susanne
1974 2834 2032 2885 et

427 2939 677 3016 Cyriacis
711 2932 1004 3006 martyris,
1036 2929 1246 2984 mulier
1301 2926 1554 2999 quedam
1607 2924 1698 2979 die
1738 2921 2030 3016 dominico

2130 2310 2403 2382 cogitavit
2432 2327 2527 2364 rex
2555 2311 2822 2380 pessima,
2857 2313 2918 2364 ut
2947 2312 3142 2365 oculos
3170 2313 3445 2367 Albericis
3475 2313 3740 2385 previgni

2131 2397 2214 2452 sui
2245 2402 2491 2467 erueret,
2515 2401 2572 2452 et
2604 2399 2928 2453 Romanum
2961 2414 3206 2469 regnum
3239 2400 3297 2454 in
3318 2417 3420 2454 sua
3449 2401 3742 2472 redigeret

2131 2488 2446 2558 potestatis.
2470 2487 2713 2558 Cognita
2727 2486 3001 2540 Albericis
3021 2487 3396 2543 calliditatem
3416 2490 3742 2562 regis,ﬂdes

2131 2577 2440 2648 spopondit
2490 2592 2623 2629 cum
2675 2575 2980 2644 Romanis;
3015 2582 3294 2648 ceperunt
3345 2578 3484 2632 tuba
3530 2595 3744 2634 canere

2132 2664 2384 2719 maxime
2404 2681 2564 2719 voces
2579 2663 3554 2727 ecclesiarum,unianimiterloricis
3574 2667 3746 2722 indu-

2133 2753 2226 2821 tis,
2245 2754 2596 2808 resonabant
2620 2757 2775 2807 terra
2804 2769 2968 2808 voces
2987 2770 3210 2808 eorum.
3234 2755 3568 2810 Formidare
3589 2756 3748 2827 cepit

2134 2857 2234 2896 cor
2261 2842 2414 2913 regis
2471 2858 2586 2895 una
2643 2858 2773 2896 cum
2828 2842 3060 2913 regina;
3093 2842 3151 2897 in
3206 2843 3610 2915 Langobardia
3657 2849 3749 2900 est

2135 2945 2412 2986 reversus.
2437 2929 2730 2985 Albericus
2759 2930 3027 3003 princeps
3052 2931 3314 2986 omnium
3339 2933 3746 2988 Romanorum

427 3008 644 3088 mensis
671 3024 886 3084 Martiis
941 3021 1264 3078 revertente
1313 3017 1384 3071 ab
1421 3013 1658 3070 ecclesia
1687 3012 1842 3068 beati
1875 3008 2036 3065 Petri
2137 3020 2357 3074 vultum
2388 3018 2672 3073 nitentem
2694 3018 2837 3073 sicut
2860 3023 3024 3091 pater
3043 3019 3184 3090 ejus,
3214 3020 3538 3091 grandevus
3567 3021 3751 3076 virtus

429 3116 704 3195 principis
726 3111 1121 3186 apostolorum
1144 3107 1214 3162 de
1237 3105 1483 3160 statione
1500 3101 1613 3195 diei
1632 3101 1801 3172 hujus
1821 3097 2035 3195 mensis

2139 3108 2186 3179 ej
2198 3125 2280 3162 us.
2309 3108 2444 3162 Erat
2473 3107 2630 3162 enim
2646 3108 2918 3162 terribilis
2940 3107 3133 3174 nimis,
3149 3111 3206 3162 et
3235 3109 3622 3180 aggrabatum
3654 3114 3750 3164 est

432 3173 638 3266 3°03";
659 3209 720 3260 θί
739 3173 982 3276 δέρίθων
996 3199 1052 3253 in
1085 3196 1347 3269 Ρειεδίουθ
1376 3191 1611 3249 Domini
1642 3205 1896 3262 coquens
1917 3187 2040 3258 ΡυῙ·
2131 3197 2341 3269 jugum
2359 3213 2534 3268 super
2554 3197 2865 3263 Romanos,
2885 3200 2941 3250 et
2962 3196 3021 3250 in
3043 3200 3239 3250 sancte
3261 3196 3410 3251 sedis
3431 3199 3750 3267 apostolice
3855 3173 3858 3274 I

428 3301 720 3359 mentum.
753 3293 1010 3363 Cumque
1047 3287 1304 3360 primum
1335 3283 1646 3356 accepisset
1670 3279 2038 3352 pulmentum
2141 3287 2252 3356 (an.
2304 3286 2584 3349 942-946).
2617 3285 2838 3339 Electus
2881 3283 3128 3339 Marinus
3157 3301 3308 3357 papa
3345 3301 3464 3339 non
3495 3284 3757 3341 audebat

428 3301 720 3359 mentum.
753 3293 1010 3363 Cumque
1047 3293 1304 3360 primum
1335 3293 1646 3356 accepisset
1670 3293 2035 3352 pulmentum

423 3383 608 3450 .oleris
635 3380 984 3449 commedit;
1013 3376 1222 3433 deinde
1257 3373 1496 3446 cupiens
1524 3372 1701 3427 ollam
1729 3369 1934 3424 tollere
1965 3364 2035 3464 de

2141 3293 2252 3356 (an.
2304 3293 2584 3349 942-946).
2617 3293 2838 3339 Electus
2881 3293 3128 3339 Marinus
3157 3301 3308 3357 papa
3345 3301 3464 3339 non
3495 3293 3757 3341 audebat

2141 3374 2444 3446 adtingere
2469 3373 2674 3446 aliquis
2703 3377 2862 3428 extro
2887 3373 3067 3444 jussio
3094 3373 3339 3428 Alberici
3367 3373 3636 3444 principi.
3855 3293 3858 3464 β

424 3479 562 3538 loco
583 3457 644 3530 in
674 3488 788 3546 quo
809 3471 1097 3542 posuerat,
1122 3464 1367 3520 minime
1389 3460 1582 3518 valuit.
1621 3459 1682 3512 In
1711 3473 1823 3530 que
1863 3452 2035 3546 conti-

2215 3466 2303 3518 33.
2337 3463 2685 3518 Recordatus
2717 3466 2808 3518 est
2837 3462 3118 3533 gloriosus
3148 3463 3418 3534 princeps
3445 3462 3757 3518 Albericus

437 3539 1090 3635 uehatur-pulmentum,
1110 3571 1178 3610 ex
1195 3553 1355 3608 milio
1377 3551 1616 3606 factum.
1649 3543 2043 3635 Cumquehqc
2146 3583 2213 3591 —
2235 3551 2406 3606 credo
2439 3552 2497 3606 in
2523 3551 2728 3605 virtute
2750 3549 2994 3622 Spiritus
3017 3549 3199 3604 sancti
3225 3553 3372 3604 esset
3393 3551 3498 3604 hac
3521 3550 3756 3620 datum,
3855 3553 3857 3635 4

437 3630 745 3728 θεωάίθιίε
773 3645 1248 3716 (ἰοπιιιωλιιεθνθ
1278 3641 1430 3712 cepit
1461 3636 1664 3694 νίοίηίε
1689 3636 1748 3688 et
1766 3630 2045 3705 Proximis
2148 3641 2321 3694 ethec
2337 3638 3220 3711 deﬁnitum—cepitessetcultor
3236 3639 3760 3696 monasteriorum.

439 3721 738 3818 66811le
753 3741 1006 3807 faceret;
1029 3749 1235 3791 omnes
1281 3732 1598 3794 currentes,
1624 3725 1816 3780 nullus
1845 3739 1912 3777 ex
1938 3721 2050 3776 illis
2149 3729 2466 3784 Ediﬂcavit
2491 3727 2907 3783 monasterium
2934 3735 2980 3770 σε
3003 3727 3183 3782 sancti
3201 3728 3489 3784 Laurentii
3519 3729 3580 3782 in
3611 3745 3763 3800 agro

441 3811 542 3908 qui
571 3831 856 3888 venerunt
883 3841 1086 3883 eruere
1125 3824 1196 3879 de
1225 3833 1522 3876 marmore
1553 3817 1612 3908 in
1645 3829 1759 3908 quo
1790 3811 2047 3908 sedebat.

441 3899 659 3978 Iterum
683 3923 858 3991 atque
881 3917 1090 3972 iterum
1117 3914 1346 3967 caterve
1375 3904 1571 3978 populi
1588 3903 1757 3973 hujus
1787 3899 2051 3991 civitatis,

445 4015 571 4066 tam
595 3989 806 4075 clerici,
820 4020 998 4078 quam
1017 4001 1210 4058 omnis
1222 4001 1383 4054 cetus
1404 3996 1801 4049 Romanorum
1843 3989 2058 4045 utrius-

450 4117 562 4174 que
587 4115 771 4166 sexus,
803 4092 1198 4157 advenissent;
1235 4097 1602 4156 nequaquam
1641 4079 1852 4174 aliquis
1878 4078 2058 4174 valuit

452 4167 820 4246 erueret.Sed
841 4185 922 4239 ita
941 4179 1260 4238 adherebat
1274 4190 1372 4230 vas
1389 4173 1552 4227 illum
1573 4169 1876 4236 marmori,
1899 4167 2056 4223 hacsi

453 4297 519 4336 ex
531 4278 657 4352 ipso
671 4288 966 4332 marmore
975 4269 1263 4338 sculptum
1277 4261 1617 4318 fuisset.Hoc
1629 4262 1823 4314 autem
1839 4257 2056 4313 factum

451 4347 602 4444 pene
613 4383 718 4440 per
729 4364 1002 4438 quattuor
1013 4359 1289 4444 horarum
1307 4349 1629 4444 spatia,hab
1643 4349 1786 4444 hora
1796 4347 2060 4444 videlicet

454 4437 812 4526 nona—usque
829 4450 904 4506 ad
930 4449 1118 4504 nocte.
1134 4443 1436 4512 Superque
1457 4455 1552 4494 vas
1571 4441 1808 4501 stantes,
1827 4437 2060 4508 signum

455 4639 663 4706 Deum,
677 4636 740 4688 ut
753 4622 1226 4686 eruereturillum
1240 4635 1336 4674 vas
1349 4618 1420 4672 de
1432 4619 1558 4673 loco
1579 4617 1640 4672 in
1654 4634 1766 4690 quo
1785 4616 2021 4672 sedebat
2042 4633 2056 4685 ;

457 4727 559 4784 sed
589 4739 696 4780 nec
716 4719 797 4775 sic
817 4713 1052 4788 profuit.
1073 4708 1385 4764 Novissime
1408 4707 1768 4762 venientibus
1799 4706 1920 4762 aliis
1945 4707 2058 4761 cle-

453 4805 946 4872 ricisfacientibus
977 4798 1243 4855 similiter
1262 4796 1668 4866 letanias,tunc
1689 4813 1838 4852 unus
1859 4814 1924 4852 ex
1945 4795 2057 4850 illis

453 4906 692 4961 extensa
721 4909 901 4949 manu
937 4889 1088 4945 facto
1119 4887 1284 4960 signo
1317 4886 1544 4955 Christi,
1575 4886 1717 4942 dans
1743 4885 2056 4948 orationes,

451 5007 588 5049 mox
615 4983 972 5042 sublevatum
998 4995 1094 5034 vas
1120 4976 1259 5033 illud
1287 4977 1555 5032 inlesum.
1577 4975 1762 5032 Simili
1794 4975 1969 5030 modo
1998 4974 2057 5028 in

451 5073 692 5136 ecclesia
701 5071 898 5126 sancte
911 5068 1132 5142 Agathe
1149 5083 1260 5140 que
1276 5068 1688 5139 nuncupantur
1703 5060 2056 5127 diaconia,in

442 5163 666 5239 vigilias
688 5159 862 5232 ipsius
877 5161 1130 5232 martyra
1150 5157 1404 5229 imagine
1417 5157 1612 5228 lignea
1623 5154 1682 5208 in
1697 5169 1811 5224 qua
1827 5149 2054 5239 depicta

439 5235 566 5312 erat
595 5251 817 5306 vultum
847 5247 1025 5321 ipsius
1055 5249 1312 5320 martyra
1329 5242 1686 5308 veneranda,
1713 5238 1951 5293 exiliens
1979 5235 2051 5290 de

2084 4407 2135 4466 D

453 4547 638 4606 crucis
662 4542 960 4604 facientes,
981 4531 1224 4590 letanias
1249 4545 1354 4602 per
1373 4527 1652 4600 plurimas
1682 4527 2060 4600 deprecantes
2162 4527 2286 4584 me!
2321 4531 2538 4601 quanta
2562 4529 2715 4583 mala
2761 4528 3083 4584 accidentia
3113 4528 3172 4582 in
3202 4527 3554 4582 monasterio
3579 4531 3782 4585 sancti

2157 4617 2404 4672 Andreae
2428 4617 2696 4689 adtingit,
2726 4617 2824 4688 qui
2845 4620 2967 4671 tam
2997 4629 3244 4686 magnus
3274 4613 3492 4668 dudum
3521 4613 3790 4682 estitit,a

2152 3818 2464 3885 Verano,et
2475 3815 2893 3872 monasterium
2911 3817 3090 3872 sancti
3103 3817 3264 3872 Pauli
3293 3817 3563 3889 apostoli;
3585 3817 3768 3872 rebus

2156 3923 2291 3962 vero
2341 3905 2852 3969 monasteriorum,
2897 3922 3008 3978 que
3037 3906 3226 3961 ablata
3257 3909 3426 3960 erant
3453 3905 3674 3962 dudum
3729 3923 3773 3962 θ.

2157 3995 2344 4070 pravis
2372 3994 2704 4050 hominibus
2727 3995 2994 4050 restituit.
3027 3995 3256 4050 Audivit
3287 3993 3665 4050 desolationis
3697 4013 3777 4053 ex

2159 4083 2512 4140 monasterio
2527 4083 2706 4139 sancti
2717 4085 2946 4139 Andree
2960 4084 3288 4156 apostoli,et
3303 4083 3484 4140 sancti
3508 4083 3778 4140 Silvestri

2159 4173 2219 4228 in
2248 4177 2446 4228 monte
2468 4173 2716 4246 Syrapti,
2748 4191 2858 4246 que
2887 4173 2960 4228 ab
2980 4171 3260 4245 Agarenis
3284 4177 3521 4246 captum
3549 4173 3774 4242 fuerat,

2159 4261 2412 4318 maxime
2425 4262 2831 4333 servitoreshuj
2841 4279 2903 4316 us
2914 4261 3248 4318 monasterii
3263 4261 3783 4318 carnalitervivant

2161 4355 2219 4406 et
2244 4352 2415 4406 rebus
2471 4351 2838 4406 ecclesiarum
2891 4352 2950 4406 in
2998 4351 3356 4406 bassallatico
3407 4368 3442 4406 a
3499 4349 3780 4407 fidelibus

2160 4440 2429 4512 principis
2449 4441 2637 4496 fuerat
2655 4455 2943 4496 concessa.
2963 4439 3267 4512 Astititqui
3288 4439 3504 4494 diceret
3527 4454 3539 4492 :
3571 4461 3598 4486 ‹‹
3621 4439 3780 4496 Eum

2160 4707 2370 4761 Karolo
2399 4706 2601 4776 Magno
2631 4704 3006 4759 hedificatum
3060 4705 3118 4754 et
3147 4701 3294 4754 mire
3337 4692 3728 4771 compositum
3757 4725 3778 4776 ;

2160 4793 2296 4850 totis
2312 4793 2426 4847 suis
2438 4795 2611 4848 rebus
2622 4790 2906 4846 etcolonis
2918 4789 2993 4843 ad
3008 4787 3288 4842 nichilum
3305 4788 3571 4843 redactus
3588 4793 3670 4844 est
3692 4791 3704 4846 l
3736 4815 3783 4848 δ

2160 4883 2276 4936 Hoc
2299 4879 2537 4935 audiens
2561 4878 2856 4934 Albericus
2886 4877 3170 4948 gloriosus
3195 4876 3484 4950 princeps,
3517 4880 3782 4949 amplius

2160 4969 2414 5040 cogitare
2436 4968 2605 5038 cepit.
2639 4966 2772 5021 Erat
2804 4963 3053 5038 denique
3087 4965 3339 5022 Leonem
3365 4968 3775 5027 venerabilem

2159 5057 2562 5128 presbyterum
2579 5058 2636 5110 et
2649 5054 3234 5122 medicus,sanctitate
3249 5055 3396 5112 mire
3413 5057 3781 5128 compositus
3797 5109 3808 5116 .

2157 5143 2318 5215 cujus
2336 5142 2539 5198 notitia
2555 5143 2822 5218 princeps
2841 5159 2960 5200 non
2979 5147 3064 5199 est
3077 5143 3427 5218 incognitus,
3447 5145 3778 5219 statimque

2157 5233 2230 5286 ad
2252 5248 2312 5286 se
2335 5231 2528 5306 venire
2550 5233 2688 5288 fecit
2707 5234 2778 5288 ab
2800 5233 3052 5289 ecclesia
3076 5238 3409 5290 sanctorum
3427 5234 3676 5307 Philippi
3711 5240 3780 5292 et

439 5340 677 5420 proprio
699 5339 823 5396 loco
854 5319 914 5394 in
945 5353 1058 5411 quo
1085 5335 1293 5402 stabat,
1325 5349 1471 5388 nexa
1490 5328 1724 5420 funibus
1754 5339 2045 5420 penaora
2146 5320 2432 5420 _Jacobi,et
2454 5319 2592 5376 fecit
2619 5337 2753 5420 eum
2779 5322 2906 5420 ﬂeri
2935 5326 3102 5420 pater
3135 5321 3778 5420 monasteriiEt-misit

429 5409 743 5499 una-stetit,
767 5409 1024 5503 pendens
1044 5439 1276 5481 rursum
1301 5433 1530 5474 reversa
1540 5418 1626 5469 est
1645 5413 1704 5468 in
1731 5411 2033 5484 proprium
2143 5409 2362 5481 legatos
2380 5426 2508 5464 suos
2527 5411 2762 5466 nomine
2776 5411 2989 5476 Leone,
3011 5411 3309 5466 dicebatur
3329 5428 3363 5466 a
3379 5411 3565 5468 Roma
3590 5413 3638 5467 is
3661 5429 3768 5470 ca-

421 5522 634 5580 locum.
662 5500 880 5578 Deinde
935 5514 1233 5578 inclinata,
1265 5523 1385 5562 non
1419 5519 1522 5578 per
1553 5501 1846 5557 modicam
1883 5501 2033 5557 hora
2137 5500 2447 5573 morlingo,
2474 5503 2537 5557 ut
2565 5518 2769 5558 omnes
2799 5518 2891 5556 res
2915 5501 3252 5557 monasterii
3281 5517 3418 5558 cum
3443 5503 3673 5566 colonis
3707 5505 3777 5560 et

1757 5651 1982 5708 VARle
2019 5648 2418 5708 LECTIONES.

3839 5727 3858 5846 θ

1076 5800 1123 5837 σε
1151 5792 1192 5850 i.
1215 5808 1268 5864 e,
1298 5789 1604 5848 columbae.
1718 5797 1764 5834 σο
1794 5785 2158 5848 monasterio
2183 5805 2298 5845 cor.
2328 5782 2788 5844 monasterium.

474 5817 522 5856 ιι
549 5799 888 5864 miliariario
917 5813 965 5854 c.
