3882 6230
122 365 192 419 45
1583 355 2003 413 caaomcou.
3378 364 3447 420 ιδ

120 483 327 537 colone
356 479 614 535 hibidem
640 478 1034 534 habitantibus
1064 481 1121 532 et
1147 477 1548 543 residentibus,
1590 494 1723 532 cum
1756 483 1810 542 Α
1903 480 1991 533 34.
2022 478 2108 533 Ad
2126 477 2453 533 Albericum
2471 476 2797 550 principem
2819 482 3112 533 vertamur
3130 479 3435 536 articulum

119 570 471 644 prephatum
505 571 927 623 monastertum
954 568 1131 623 sancti
1160 567 1412 621 Silvestri
1444 567 1501 621 in
1526 571 1727 621 monte

122 658 438 731 Syrapti,et
460 657 875 712 monasterium
896 657 1075 711 sancti
1101 655 1376 727 Stephani
1398 655 1453 710 in
1472 655 1726 711 Mariano

119 750 177 801 et
208 762 340 800 cum
365 745 563 800 omnia
586 745 814 799 illorum
832 745 1148 815 acjacentia
1178 744 1234 797 in
1259 744 1726 815 superdescripto

122 834 477 889 monasterio
529 834 713 887 sancti
750 833 993 888 Andreae
1026 833 1289 904 apostoli,
1325 836 1381 886 et
1410 849 1444 886 a
1474 832 1723 887 Leonem

119 921 510 977 venerabilem
542 922 811 975 abbatem
840 920 1128 975 investivit
1154 920 1663 985 etrestituit,sicuti
1695 937 1729 974 a

121 1010 310 1081 prisco
354 1013 621 1081 tempore
676 1009 864 1064 fuerat
894 1025 1214 1063 concessus.
1242 1009 1425 1062 Tanta
1455 1007 1643 1078 gratia
1674 1007 1725 1061 ei

119 1099 364 1153 contulit
394 1100 541 1153 Deus
564 1098 752 1152 Leone
771 1098 1111 1152 venerabilis
1143 1097 1357 1164 abbati,
1382 1097 1558 1151 modo
1582 1096 1733 1151 dica-

122 1186 578 1242 mus.Edificavit
600 1189 849 1240 castrum
870 1203 935 1240 ex
964 1191 1207 1258 utraque
1223 1189 1415 1257 partes
1438 1188 1729 1240 monaste-

124 1275 216 1342 rii,
236 1278 295 1329 et
329 1274 646 1330 construxit
665 1277 783 1329 tres
798 1279 984 1329 turres
1026 1276 1097 1329 ab
1118 1274 1383 1328 introitus
1403 1274 1573 1345 hujus
1605 1290 1731 1327 mo-

124 1363 381 1432 nasterii,
414 1364 617 1419 firmus
647 1368 705 1419 et
732 1363 998 1419 stabilem
1030 1364 1289 1436 perfecit.
1321 1364 1578 1418 Cernens
1618 1364 1729 1416 hoc

123 1452 417 1508 Albericus
441 1453 726 1525 princeps,
760 1468 870 1524 que
916 1452 1115 1507 libenti
1157 1453 1350 1507 animo
1381 1468 1626 1506 munera
1655 1451 1734 1505 eis

126 1542 420 1612 optulit,et
437 1542 496 1595 in
514 1541 627 1595 suis
649 1541 819 1595 sacris
841 1541 1199 1596 orationibus
1221 1558 1279 1595 se
1293 1540 1731 1606 commendans,

124 1629 361 1683 Addans
374 1628 454 1683 eis
476 1628 893 1684 monasterium
922 1629 1017 1700 qui
1044 1628 1251 1683 dicitur
1264 1628 1731 1700 Acutianum,qui

126 1721 212 1771 est
225 1717 284 1772 in
302 1734 482 1772 onore
503 1722 697 1772 sancte
712 1718 808 1772 Dei
826 1718 1119 1788 genitricis
1134 1734 1478 1789 semperque
1499 1716 1734 1787 virginis

1836 568 1895 620 et
1919 566 2166 638 qualiter
2187 567 2461 638 aregibus
2487 569 2637 621 terre
2674 566 3186 637 Langobardorum
3206 569 3446 624 seuTra-

1836 655 2053 727 salpine
2084 656 2273 710 nullus
2306 656 2511 711 robore
2564 655 2677 710 suis
2708 655 3067 726 temporibus
3098 655 3158 709 in
3186 656 3446 713 Romane

1838 744 2048 799 finibus
2065 762 2180 799 non
2201 750 2332 800 sunt
2356 744 2623 815 ingressi.
2648 744 2860 798 Genuit
2879 748 3073 798 autem
3087 761 3153 798 ex
3176 744 3263 799 his
3288 745 3444 816 prin-

1837 832 2026 903 cipcm
2059 851 2125 887 ex
2150 834 2535 888 concubinam
2562 833 2767 900 filium,
2808 833 3085 904 imposuit
3115 833 3197 887 eis
3228 850 3445 888 nomen

1836 920 2201 976 Octabianus.
2237 922 2487 976 Consilio
2519 922 2661 976 emit
2681 930 2726 963 οε
2747 921 3041 976 Albericus
3072 922 3448 994 principes,ut

1836 1009 1907 1063 de
1938 1009 2219 1081 sanguine
2249 1010 2561 1065 Grecorum
2593 1010 3012 1082 imperatorum
3040 1009 3145 1065 sibi
3168 1026 3344 1064 uxore
3361 1027 3447 1064 so-

1833 1098 2123 1153 ciandam.
2164 1098 2552 1153 Transmissus
2599 1099 2940 1153 Benedictus
2983 1098 3363 1170 Campaniam
3412 1116 3447 1154 a

1836 1185 2425 1259 Constantinopolim,
2444 1190 2505 1241 ut
2523 1188 2826 1257 perficeret
2855 1186 3054 1241 omnia
3076 1187 3323 1259 qualiter
3339 1187 3446 1243 sibi

1836 1274 2137 1331 sociandos
2169 1276 2585 1330 esset.Romani
2617 1275 2932 1330 secundum
2965 1275 3443 1331 consuetudinem

1836 1364 2156 1435 malignam
2174 1364 2711 1432 consiliaverunt,ut
2734 1364 3057 1435 principem
3088 1365 3439 1434 occiderent;

1837 1468 1948 1525 que
1981 1453 2216 1508 consilia
2258 1470 2457 1508 eorum
2504 1454 2797 1508 Albericus
2848 1452 3171 1508 innotescit.
3200 1454 3447 1509 Marinus

1838 1542 2220 1613 episcopus,et
2241 1542 2581 1596 Benedictus
2610 1542 2907 1614 episc0pus
2938 1558 3071 1596 cum
3113 1542 3207 1597 alii
3239 1543 3445 1597 ceteris

1836 1634 2238 1702 perpetrantcs
2268 1631 2593 1697 clamide”,
2618 1635 2680 1684 ut
2710 1630 2997 1701 principes
3014 1631 3314 1686 Albericus
3345 1632 3435 1686 in-

1838 1720 2197 1781 terficerent;
2220 1719 2469 1789 pessima
2489 1720 2918 1791 conjurationes
2937 1720 3088 1775 inter
3102 1738 3159 1775 se
3182 1721 3446 1776 fecerunt

124 1806 315 1873 Marie,
368 1806 659 1861 territorio
710 1806 1039 1861 Savinensc.
1100 1807 1234 1860 Erat
1274 1807 1431 1860 enim
1482 1805 1733 1876 quedam
1758 1794 1809 1853 Β
1838 1811 1965 1861 erat
1993 1807 2149 1862 enim
2182 1807 2419 1861 consilia
2449 1824 2653 1863 eorum
2670 1825 2902 1862 vanum.
2926 1809 3151 1863 Abebat
3163 1810 3448 1879 gloriosus

124 1894 346 1966 Campo
360 1895 533 1949 abbas
554 1894 705 1968 (114)
733 1895 790 1949 in
823 1896 974 1949 hunc
1005 1894 1517 1959 monasterio,cum
1541 1892 1730 1947 fratri-

121 1984 225 2039 bus
255 1985 391 2047 suis,
418 1985 735 2039 lubricosus
764 1987 875 2038 suis
905 1984 1260 2053 corporibus.
1286 1985 1367 2036 lta
1400 1983 1649 2037 Leonem
1672 1980 1732 2035 in

121 2073 234 2128 suis
264 2073 531 2144 regimen
563 2073 742 2127 erexit
770 2073 990 2127 duobus
1039 2072 1224 2128 annis.
1256 2071 1408 2125 Emit
1440 2070 1599 2125 enim
1626 2069 1731 2123 iste

120 2160 377 2215 Leonem
392 2161 731 2215 venerabilis
742 2162 917 2216 abbas
943 2160 1218 2215 casalibus
1243 2160 1462 2214 duabus
1500 2156 1729 2212 territo-

118 2249 203 2305 rio
225 2249 539 2304 Savinense
560 2249 806 2303 fundum
821 2247 1372 2319 Similganum,hubi
1395 2251 1479 2301 est
1495 2244 1732 2300 ecclesia

119 2337 302 2393 sancti
329 2338 633 2401 Clementi,
657 2337 825 2392 uncie
845 2354 960 2403 sex,
989 2336 1236 2391 fundum
1266 2335 1623 2402 Tezzani,ubi
1646 2337 1734 2388 est

118 2428 362 2482 ecclesia
391 2430 584 2481 sancte
611 2426 783 2487 Marie
828 2426 1078 2497 integro,
1108 2426 1350 2479 fundum
1390 2426 1533 2479 Villa
1576 2426 1728 2492 lena,

116 2516 366 2571 fundum
394 2515 672 2570 Peculiari
702 2515 953 2586 integro,
986 2515 1231 2568 fundum
1260 2514 1453 2568 Terrie
1479 2513 1727 2585 integro,

118 2604 370 2660 fundum
398 2603 728 2674 Carpiniani
748 2603 997 2674 integro,
1020 2603 1266 2656 fundum
1292 2601 1729 2668 Graniani,hubi

120 2696 206 2747 est
228 2693 488 2748 aacclesia
502 2691 681 2746 sancti
703 2691 930 2745 Andree
945 2689 1463 2763 apostoli,fundum
1489 2690 1729 2745 Porcani

120 2780 375 2853 integro,
401 2781 649 2835 fundum
673 2780 878 2850 Agelli,
895 2779 1060 2833 uncie
1079 2778 1729 2845 trcs,fundumCalbiani

119 2869 372 2941 integro,
395 2868 639 2923 fundum
660 2867 970 2922 Antiscanii
998 2868 1233 2921 vinealis
1256 2867 1405 2938 petie
1432 2868 1730 2933 sex,totiin

123 2976 311 3013 massa
344 2958 415 3012 de
444 2957 594 3012 tocie
624 2957 774 3029 petie
806 2957 877 3011 de
904 2960 1055 3011 terra
1085 2956 1221 3011 hubi
1241 2956 1491 3010 dicitura
1516 2956 1729 3025 Saline,

1834 1895 2102 1966 princeps
2122 1895 2411 1949 sororibus
2436 1896 2764 1963 senatrices,
2792 1896 3038 1950 clamide
3055 1905 3101 1937 σο
3119 1897 3270 1951 inter
3286 1914 3344 1951 se
3376 1898 3448 1953 de

1836 1986 2025 2037 morte
2056 1982 2218 2036 fratri
2250 1982 2335 2036 sui
2364 1984 2857 2037 tractantes.Tunc
2872 2001 3049 2038 unam
3072 2002 3137 2038 ex
3158 1984 3265 2038 illis
3282 1985 3446 2040 dere-

1835 2072 1967 2126 licto
1997 2071 2255 2136 consilio,
2281 2071 2439 2142 quasi
2473 2071 2672 2125 dolens
2698 2072 2906 2125 ardore
2956 2072 3145 2126 cordis
3173 2072 3281 2139 sui,
3311 2073 3445 2127 inti-

1836 2159 2014 2215 mavit
2036 2158 2281 2230 principi
2305 2175 2588 2230 germano
2613 2175 2850 2231 suo,que
2868 2164 2924 2214 et
2942 2160 3186 2231 qualiter
3204 2161 3444 2215 turbidi-

1836 2266 1973 2304 nem
2006 2248 2333 2302 acciderent
2350 2248 2407 2301 in
2423 2264 2560 2301 eum
2575 2247 2701 2311 .Qui
2726 2264 2855 2303 mox
2874 2249 3139 2320 princeps
3155 2250 3446 2305 Albericus

1835 2335 2169 2407 appreensis
2199 2351 2370 2405 super
2390 2339 2447 2390 et
2471 2336 2693 2407 scriptis
2714 2336 3013 2408 episcopis,
3050 2340 3107 2391 et
3128 2337 3223 2392 alii
3241 2340 3445 2393 ceteris

1832 2425 2199 2496 gladiatores,
2232 2425 2326 2478 alii
2352 2424 2660 2493 berberati,
2680 2424 2807 2478 aliis
2844 2425 3106 2495 gladiati,
3130 2426 3224 2480 alii
3242 2427 3298 2482 in
3317 2444 3441 2482 car-

1833 2530 2023 2569 cerem
2050 2512 2274 2567 retrusi.
2310 2513 2719 2584 Liberatusque
2748 2517 2834 2567 est
2856 2513 3123 2586 princeps
3139 2515 3213 2570 ad
3236 2516 3443 2572 seditio

1832 2602 2097 2658 Romani.
2130 2601 2250 2665 Que
2282 2602 2532 2672 posthinc
2556 2601 2847 2673 cogitavit,
2883 2606 2944 2657 ut
2972 2604 3042 2657 de
3076 2603 3298 2659 nobiles
3330 2606 3440 2661 Ro-

1834 2707 2005 2746 mane
2055 2690 2439 2762 pulcherrime
2492 2691 2707 2745 femine
2750 2691 2806 2745 in
2847 2691 3068 2746 ancillis
3099 2695 3444 2764 potestatem

1835 2778 2032 2834 domui
2060 2796 2157 2833 sue
2182 2783 2454 2849 preesset,
2475 2782 2536 2832 ut
2558 2779 2807 2851 conjuge
2825 2797 2922 2834 sue
2944 2780 3255 2835 Grecorum
3271 2799 3444 2852 gene-

1833 2884 1895 2921 re
1916 2867 1975 2920 in
1988 2868 2308 2939 aspectibus
2324 2868 2637 2921 Grecorum
2668 2868 2725 2920 in
2753 2868 3026 2939 nuptialis
3046 2869 3246 2924 diebus
3264 2870 3444 2925 dona-

1832 2954 1919 3010 ria
1934 2955 2269 3019 concedere;
2286 2958 2343 3009 et
2367 2955 2444 3009 sic
2458 2955 2838 3027 adimpletum
2863 2958 3095 3011 est.Non
3122 2960 3352 3013 tantum
3369 2959 3441 3014 de

120 3048 235 3100 tres
254 3045 410 3117 petie
432 3045 503 3099 de
519 3048 675 3098 terra
696 3061 729 3097 a
746 3044 991 3098 fundum
1011 3042 1320 3097 Antiscano
1338 3059 1370 3096 a
1387 3059 1733 3098 monumen-
1763 3075 1811 3135 Ο
1833 3044 2253 3111 hurbisRomaa,
2288 3044 2386 3098 sed
2408 3043 2586 3098 etiam
2610 3044 2680 3099 de
2697 3044 3140 3101 Savinensis.Sic
3158 3047 3441 3119 adimple-

118 3139 177 3191 to
198 3151 381 3207 usque
399 3133 469 3188 ad
494 3133 700 3203 ripam,
724 3132 891 3186 castri
919 3131 1160 3186 Summa
1178 3131 1329 3194 villa,
1353 3131 1595 3186 fundum
1614 3133 1730 3186 An-
1774 3131 1809 3135 ⁷
1834 3136 1959 3187 tum
1991 3136 2076 3187 est
2099 3150 2112 3200 ;
2164 3134 2565 3188 verumtamen
2599 3133 2672 3187 ad
2725 3134 3046 3190 thalamum
3075 3137 3289 3208 nuptiis
3320 3154 3438 3193 non

118 3224 348 3297 tiquum
363 3238 491 3276 cum
506 3222 631 3275 aliis
651 3221 983 3276 nominibus
1003 3219 1508 3292 integro,fundum
1532 3221 1728 3275 Casale
1831 3220 2111 3293 pervenit.
2149 3222 2282 3274 Erat
2337 3220 2587 3292 denique
2619 3221 2675 3275 in
2710 3223 2920 3277 sanctis
2950 3224 3099 3278 sedis
3128 3227 3438 3296 apostolice

118 3314 256 3367 hubi
306 3315 395 3366 est
433 3311 691 3365 (ecclesia
729 3310 910 3365 sancti
957 3309 1269 3373 Valentini,
1317 3327 1446 3363 cum
1483 3310 1725 3364 fundum
1828 3309 2102 3381 Agapitus
2141 3308 2397 3364 nomine.
2459 3311 2592 3363 Post
2621 3310 2742 3364 haec
2772 3327 2889 3365 non
2934 3314 3180 3367 multum
3212 3317 3440 3387 tempus

120 3400 492 3473 Carpiniano,
525 3398 769 3453 fundum
795 3397 1111 3453 Musiniano
1143 3414 1272 3452 cum
1302 3397 1500 3452 omnia
1520 3414 1621 3451 sua
1634 3397 1729 3451 ad-
1828 3398 2116 3468 gloriosus
2148 3398 2417 3468 princeps
2446 3397 2821 3468 languescere
2845 3403 3033 3471 coepit.
3061 3402 3168 3466 Qui
3199 3403 3439 3460 festinus

112 3489 389 3562 jacentia,
416 3488 662 3543 fundum
689 3488 860 3542 Gazze
882 3487 1131 3558 integro,
1154 3486 1397 3541 fundum
1412 3486 1723 3541 Gesarnoni
1829 3485 2216 3556 adecclesiam
2238 3484 2511 3556 principis
2524 3488 2914 3557 apostolorum
2932 3490 3179 3559 devenit,
3204 3492 3439 3547 nuntius

116 3577 624 3651 integro,fundum
654 3575 1172 3641 Castellione,hubi
1188 3579 1273 3630 est
1296 3575 1529 3630 ecclesia
1546 3574 1726 3628 sancti
1830 3572 2195 3628 transmissos
2246 3589 2351 3645 per
2385 3576 2621 3626 cunctos
2670 3574 2962 3630 Romanos
3006 3578 3226 3633 nobiles
3277 3579 3350 3633 ad
3376 3597 3436 3635 se

118 3665 438 3721 Laurentii.
471 3665 627 3719 Infra
655 3663 879 3719 civitate
928 3663 1196 3734 Nepisina
1216 3665 1359 3718 cella
1388 3664 1567 3717 sancti
1589 3664 1723 3717 Gra-
1829 3661 2025 3716 venire
2044 3661 2211 3729 fecit;
2238 3664 2295 3716 et
2320 3677 2523 3717 omnes
2548 3661 2941 3731 promiserunt
2972 3664 3083 3719 fide
3109 3681 3215 3736 per
3243 3683 3434 3723 sacra-

118 3755 303 3810 tiliani
330 3771 465 3810 cum
497 3771 597 3808 sua
614 3752 1021 3826 pertenientia,
1045 3752 1292 3807 fundum
1307 3753 1613 3807 Urbanella
1639 3753 1726 3807 in-
1830 3753 2116 3819 mentum,
2150 3753 2211 3805 ut
2245 3750 2589 3806 Octabianus
2618 3750 2801 3805 filium
2835 3768 2999 3807 suum
3032 3758 3162 3825 post
3186 3759 3438 3812 mortem

118 3843 561 3916 tegro,fundum
584 3842 891 3914 Rotilgani,
918 3842 978 3896 in
996 3842 1286 3896 territorio
1306 3841 1570 3912 Nepisino
1590 3842 1731 3896 valle
1830 3840 2062 3913 Agapiti
2082 3855 2232 3911 pape
2266 3837 2615 3895 Octabianus
2645 3857 2795 3912 papa
2814 3841 3113 3912 eligerent.
3160 3843 3436 3901 Ordinate

120 3949 231 4005 que
246 3932 460 3987 dicitur
480 3931 656 4003 Cupa,
681 3930 975 3985 territorio
1012 3930 1406 4000 Campaniano
1433 3948 1445 3984 :
1488 3930 1639 3984 infra
1661 3930 1733 3984 ci-
1834 3945 2115 4001 germane
2132 3945 2230 3983 sue
2260 3931 2521 3996 causa,et
2541 3927 2836 3984 Octabiani
2868 3930 2968 3985 ﬁlii
3000 3932 3105 4000 sui,
3139 3932 3289 3988 infra
3307 3950 3439 3989 con-

118 4029 273 4076 ves"
299 4022 488 4075 Roma
508 4037 624 4075 non
644 4021 821 4091 longe
835 4020 906 4073 ab
927 4018 1181 4073 aecclesia
1195 4018 1374 4073 sancti
1393 4019 1732 4090 Apolenaris
1833 4017 2079 4073 fessione
2109 4018 2262 4072 beati
2302 4017 2455 4072 Petri
2488 4018 2752 4089 apostoli,
2786 4018 2901 4074 vita
2950 4020 3132 4075 finivit
3160 4021 3300 4095 (an..
3332 4025 3436 4079 946

120 4125 154 4164 a
173 4109 465 4180 templum
476 4107 1081 4175 Alexandrini,cellam
1099 4124 1276 4163 unam
1292 4107 1733 4179 utilem,Aquin-

118 4201 243 4253 tum
275 4200 513 4269 pratum
545 4213 729 4251 unum
756 4196 1076 4269 optimum,
1108 4213 1141 4251 a
1168 4198 1336 4268 prata
1364 4195 1543 4250 sancti
1578 4194 1729 4250 Petri

115 4286 254 4341 hubi
286 4285 499 4340 dicitur
529 4302 690 4339 arcus
718 4284 1026 4339 Militorum
1066 4287 1300 4355 pratum
1328 4302 1531 4347 unum,
1563 4285 1621 4339 in
1650 4302 1734 4339 sa-

1834 4109 1979 4161 9551.

1908 4128 1935 4161 ἶ)
1967 4148 1979 4161 ο

1908 4108 1973 4249 3’5
2022 4195 2178 4249 Inter
2208 4196 2331 4250 haec
2359 4213 2475 4251 non
2494 4198 2740 4251 multum
2762 4200 2985 4270 tempus
2998 4200 3273 4274 Agapitus
3288 4219 3440 4277 papa

1836 4283 2075 4338 decessit
2096 4284 2208 4354 (an.
2233 4286 2355 4350 956,
2383 4284 2563 4356 Jan.).
2598 4285 2944 4341 Octabianus
2964 4287 3021 4343 in
3056 4290 3189 4345 sede
3208 4294 3443 4348 sanctis-

118 4376 234 4430 line
257 4376 318 4430 in
336 4375 619 4429 Arthenla
644 4374 739 4428 fila
753 4374 992 4428 duabus.
1039 4354 1100 4427 In
1142 4391 1330 4428 massa
1355 4374 1424 4429 de
1449 4374 1731 4446 Septemi-
1756 4354 1807 4413 D
1838 4372 1984 4427 sima
2009 4375 2303 4445 susceptus
2326 4376 2429 4439 est,
2458 4354 2773 4429 et'vocatus
2795 4379 2880 4430 est
2901 4377 3193 4435 Iohannes
3220 4381 3438 4437 duode-

120 4465 279 4520 liana
312 4462 603 4519 territorio
633 4461 1046 4525 Savinense,da
1066 4462 1155 4517 via
1179 4462 1448 4518 domnica
1462 4481 1639 4535 usque
1663 4465 1735 4519 ad

123 4553 374 4609 ﬂubium
404 4552 653 4607 fundum
670 4553 1010 4607 Brutrucum
1025 4555 1180 4607 terra
1206 4556 1262 4607 et
1283 4552 1734 4621 vincm,fundum

122 4643 417 4697 Ascletum
440 4640 640 4695 omnia
655 4644 712 4695 et
728 4641 783 4695 in
808 4641 1165 4697 omnibus.ln
1187 4642 1537 4698 monasterio
1560 4643 1739 4698 sancti

121 4731 372 4785 Andreae
400 4728 538 4784 fecit
567 4729 625 4783 in
658 4729 841 4785 isdem
885 4730 1240 4785 monasterio
1277 4732 1515 4786 ecclesia
1545 4736 1738 4787 sancte

123 4819 320 4885 Marie,
350 4821 408 4873 et
425 4817 756 4887 conjuncxit
773 4834 903 4873 cum
934 4818 1195 4873 cenobio.
1220 4818 1530 4874 Renovavit
1555 4837 1588 4875 a
1611 4822 1741 4876 fun-

125 4905 422 4962 damentis
455 4905 710 4960 mcclesia
774 4907 954 4962 sancti
1022 4907 1268 4962 Andreae
1310 4908 1553 4979 apostoli
1579 4908 1742 4979 juxta

126 4994 977 5051 ﬂumen.Renovavitaecclesia
1002 4996 1401 5067 sanctiAngeli
1424 4996 1481 5050 in
1513 5001 1750 5057 montes.

125 5085 493 5150 Griﬁanello;
520 5082 725 5138 estimo
743 5084 896 5156 quod
921 5085 1207 5140 memoria
1223 5085 1373 5140 illius
1392 5084 1452 5139 in
1472 5089 1739 5141 eternum

128 5175 462 5246 permanet.

1838 4462 1974 4518 cimi
2000 4478 2168 4533 pape.
2204 4462 2403 4516 Factus
2433 4465 2516 4516 est
2547 4465 2667 4517 tam
2692 4464 2942 4520 lubricus
2964 4468 3047 4521 sui
3080 4472 3356 4542 corporis,
3386 4476 3444 4528 et

1838 4555 1961 4606 tam
1994 4550 2257 4618 audaces,
2287 4554 2568 4623 quantum
2600 4569 2751 4606 nunc
2792 4561 2839 4595 70
2883 4554 2941 4610 in
2970 4559 3199 4628 gentilis
3228 4563 3441 4634 populo

1842 4639 2063 4695 solebat
2073 4638 2217 4693 fieri.
2229 4639 2483 4694 Habebat
2505 4642 2979 4698 consuetudinem
2995 4647 3182 4717 sepius
3194 4649 3444 4706 venandi

1845 4745 1960 4783 non
1995 4728 2154 4799 quasi
2186 4728 2550 4800 apostolicus,
2579 4729 2680 4784 sed
2708 4732 2866 4802 quasi
2908 4733 3085 4790 homo
3104 4736 3275 4791 ferus.
3310 4739 3446 4793 Erat

1845 4817 2002 4872 enim
2033 4816 2244 4887 cogitio
2275 4817 2396 4887 ejus
2415 4834 2668 4882 vanum;
2700 4819 2975 4891 diligebat
3002 4824 3260 4878 collectio
3281 4825 3447 4881 femi-

1845 4905 2321 4969 narum,odibiles
2345 4906 2751 4975 aecclcsiarum,
2775 4910 3037 4964 amabilis
3047 4912 3274 4981 juvenis
3289 4913 3443 4971 fero-

1843 4994 2290 5051 citantes.Tanta
2321 4995 2569 5068 denique
2592 4995 2829 5050 libidine
2849 4997 3201 5069 suicorporis
3213 5003 3443 5067 exarsit,

1845 5090 2062 5158 quanta
2089 5100 2241 5138 nunc
2279 5092 2325 5125 70
2347 5100 2647 5155 possumus
2671 5101 2964 5141 enarrare.
3004 5087 3138 5142 Erat
3184 5088 3342 5145 enim
3386 5092 3446 5148 in

1846 5175 1990 5229 urbe
2016 5174 2202 5228 Roma
2221 5176 2417 5227 sancte
2438 5173 2697 5226 Romane
2730 5174 2982 5230 aacclesie
3004 5176 3297 5233 Iohannes
3327 5179 3452 5239 dia-
3510 5224 3521 5231 _

1461 5293 1688 5347 VABUE
1728 5294 2016 5351 LECTION
2025 5291 2126 5347 ES.

203 5398 250 5436 07
280 5410 319 5448 ι.
352 5411 398 5447 e.
430 5388 750 5446 civitatem.
861 5399 906 5435 σε
938 5391 975 5447 ἰ.
1003 5409 1048 5447 e.
1081 5391 1211 5448 iniit

1341 5400 1387 5434 σθ
1412 5391 1450 5445 i.
1483 5408 1528 5445 e.
1562 5391 1712 5445 clam
1743 5392 1901 5449 inde.

2016 5400 2063 5433 ’το
2090 5392 2127 5444 i.
2161 5408 2207 5444 ε.
2240 5405 2380 5444 non.

1685 5509 1911 5569 NOTIE.

206 5612 360 5687 (114)
392 5608 479 5667 Cf.
515 5608 838 5666 Chronicon
869 5609 1136 5668 Farfense
1168 5627 1227 5683 p.
1254 5611 1381 5676 457,
1412 5608 1516 5663 458
1548 5604 1774 5677 (Murat.
1800 5611 1870 5683 ΙΙ,
1908 5609 1994 5684 Β).
