3882 6230
125 464 210 523 49
1122 466 1213 522 DE
1250 469 1718 529 IMPERATORIA
1752 472 2147 532 POTESTAIE
2182 473 2255 531 IN
2293 471 2497 529 URBE.
3401 474 3473 537 50

157 585 555 651 sanctissima,
575 589 633 641 et
652 589 857 641 cuncto
884 588 1096 659 populo
1110 589 1372 647 Romano
1393 594 1654 651 laudibus
1683 601 1770 655 est
1789 603 1845 661 Α
1868 599 2158 657 Iohannes
2183 611 2334 667 papa
2358 593 2590 665 fugatus
2609 591 2681 647 de
2698 589 2955 647 custodia
2974 588 3034 643 in
3058 588 3368 649 Marsorum
3381 607 3469 659 re-

131 676 492 731 honoratus.
525 676 824 731 Eratenim
844 677 1119 748 gaudium
1138 683 1581 750 magnuminter
1597 685 1766 742 Saxo-
1868 688 2062 761 gione,
2088 688 2146 741 et
2184 684 2261 739 sic
2292 694 2667 756 properantes
2687 679 2929 739 ostiliter
2944 677 3002 733 in
3034 677 3364 733 Sabinensis
3381 684 3468 734 est

141 765 356 819 nicum
387 782 589 835 regem
612 769 671 820 et
702 765 1000 837 pontifices
1028 766 1098 821 de
1126 768 1415 826 Iohannes
1439 773 1763 829 duodecimi
1866 778 2177 848 ingressus,
2211 790 2341 828 cum
2370 772 2567 827 Tuscie
2595 770 2809 825 ﬁnibus
2839 769 2913 824 ad
2944 769 3128 822 Roma
3157 773 3243 823 est
3280 784 3467 823 rever-

138 870 303 926 pape
337 862 420 909 ττι
455 854 526 909 de
571 853 892 910 accidentia
920 855 1069 910 illius
1097 860 1155 911 et
1188 864 1377 915 morte
1408 860 1467 916 in
1498 862 1760 918 libellum

136 942 545 1014 episcopalem
574 942 920 1014 repperitur.

225 1033 319 1086 38.
349 1030 559 1086 Genuit
585 1035 780 1087 autem
809 1032 993 1087 isdem
1008 1033 1327 1105 imperator
1352 1037 1482 1094 Otto
1510 1038 1755 1109 Saxone,

134 1119 224 1174 ab
259 1136 461 1176 amore
488 1120 575 1176 sui
604 1120 858 1176 nominis
891 1121 1022 1177 Otto
1052 1127 1288 1179 vocatur
1318 1127 1761 1187 nomine.Coro-

134 1213 357 1265 natum
375 1213 461 1265 est
470 1214 661 1266 autem
678 1210 902 1265 hisdem
918 1211 1051 1267 Otto
1069 1215 1321 1269 secundo
1334 1232 1604 1272 asummo
1621 1234 1761 1288 pon-

147 1298 335 1363 tiﬁce,
370 1302 427 1352 et
456 1299 736 1354 sociatum
768 1304 852 1354 est
896 1317 1141 1372 regnum
1176 1304 1352 1373 patris
1378 1305 1466 1359 sui
1493 1305 1604 1375 (an.
1630 1309 1756 1374 967,

132 1386 280 1441 Dec.
306 1387 704 1457 25).Fecerunt
722 1392 916 1443 autem
928 1390 1149 1445 hisdem
1164 1390 1528 1462 imperatoris
1545 1396 1755 1465 legem,

136 1478 205 1529 et
240 1476 520 1531 conclusit
551 1476 610 1531 in
640 1478 863 1548 legibus
891 1478 1214 1534 Romanam
1240 1481 1427 1552 legem
1461 1490 1517 1537 et
1542 1483 1760 1556 Lango-

141 1563 447 1632 bardiam,
480 1570 539 1619 et
556 1565 614 1619 in
636 1566 839 1620 edictis
852 1568 1363 1639 Langobardorum
1382 1571 1538 1642 afﬁgi
1567 1589 1761 1643 prece-

138 1652 236 1723 pit
264 1654 378 1723 (an.
404 1656 527 1720 968,
553 1653 670 1710 Oct.
694 1656 805 1727 29).
828 1654 1151 1729 Statimque
1178 1659 1411 1713 nuntius
1444 1661 1759 1717 transmisit

146 1743 214 1796 in
265 1741 851 1815 Constantinopolim,
898 1750 962 1799 ut
991 1746 1060 1799 de
1100 1746 1380 1819 sanguine
1409 1751 1603 1821 regale
1629 1767 1760 1806 suos

153 1834 332 1885 natos
352 1831 621 1902 jungere.
660 1832 791 1887 Erat
816 1836 1014 1887 autem
1054 1834 1280 1891 hisdem
1312 1837 1761 1907 imperatoribus

1863 882 1956 922 sus
1982 883 1995 920 :
2026 867 2083 919 et
2108 864 2260 917 clero
2283 861 2563 933 etpopulo
2596 860 2858 916 Romano
2886 873 3017 912 cum
3041 856 3236 928 ymnis
3255 859 3315 910 et
3341 858 3464 913 lau-

1862 953 2028 1009 dibus
2055 951 2283 1007 obviam
2329 950 2381 1004 ei
2427 949 2831 1021 precesserunt
2872 954 2980 1016 (an.
3015 947 3161 1017 966).
3194 947 3261 1000 Et
3295 944 3470 1003 missa

1858 1042 2149 1097 celebrata
2180 1041 2238 1094 in
2258 1038 2501 1094 ecclesia
2527 1036 2713 1092 sancti
2732 1035 2910 1102 Petri,
2931 1035 2988 1090 in
3005 1034 3218 1111 palatio
3237 1034 3467 1091 Latera-

1859 1130 2056 1186 nensis
2090 1130 2398 1199 ingressus.
2446 1126 2648 1197 Sepius
2679 1125 2840 1181 enim
2884 1123 3145 1195 pontifex
3185 1122 3469 1183 salutabat

1859 1218 2313 1291 populum;gaud
2325 1218 2459 1271 ebat
2476 1216 2661 1271 cumR
2671 1216 3003 1280 omanos,et
3017 1212 3360 1283 epulabatur
3378 1228 3470 1275 co:

1859 1306 2021 1362 tidie.
2047 1308 2191 1362 Puto
2231 1305 2388 1378 quod
2419 1306 2614 1359 dolose
2662 1302 2863 1359 animo
2896 1302 3017 1372 ejus
3043 1300 3319 1371 iniuriam
3360 1300 3468 1369 sibi

1859 1395 2295 1461 vindicandam,
2327 1393 2574 1466 turpiter
2602 1392 2953 1448 vindicaret.
2996 1391 3240 1460 Legatos
3265 1389 3470 1445 missus

1860 1483 2125 1557 pontifex
2164 1484 2237 1537 ah
2268 1481 2717 1554 imperatoribus
2738 1478 2991 1535 clamide
3021 1478 3080 1533 in
3113 1476 3386 1540 Saxonia,
3410 1479 3472 1532 ut

1857 1572 2077 1627 veniret
2093 1575 2151 1627 et
2166 1571 2504 1627 defenderet
2522 1573 2718 1625 sancte
2732 1569 2993 1627 Romane
3010 1566 3472 1625 a2cclesie.Tanta

1861 1660 2114 1732 denique
2130 1659 2650 1731 gentisGalliarum
2668 1657 2832 1713 Italia
2845 1654 3477 1727 suntingressi,quanta

1864 1767 2018 1805 nunc
2043 1753 2215 1804 antea
2240 1752 2298 1803 et
2328 1752 2537 1820 postea
2558 1764 2675 1803 non
2714 1749 2850 1803 sunt
2869 1744 3105 1801 inventi.
3142 1744 3218 1799 Ve
3249 1741 3471 1801 Roma!

1862 1839 1998 1911 quia
2020 1838 2195 1893 tantis
2215 1836 2406 1908 gentis
2432 1852 2706 1909 oppressa
2745 1838 2804 1890 et
2847 1834 3181 1890 conculcata
3199 1834 3311 1904 (an.
3347 1835 3472 1900 967,

140 1923 406 1990 potestas
436 1920 875 1988 ﬁrmissimas,et
899 1922 1077 1977 robor
1099 1940 1301 1978 eorum
1332 1924 1389 1979 in
1408 1942 1588 1997 regno
1619 1927 1763 1982 itali-
1784 1920 1834 1979 Β
1862 1927 2023 1998 Jan).
2055 1945 2070 1994 ;
2105 1926 2203 1999 qui
2234 1926 2408 1980 etiam
2437 1942 2471 1980 a
2498 1924 2725 1979 Saxone
2756 1940 2893 1994 rege
2924 1938 3245 1995 appreensa
3268 1922 3474 1989 fuistis,

139 2008 469 2063 co.Placuit
481 2010 657 2064 verba
675 2010 994 2082 imperator
1004 2012 1763 2084 Grecorum;gaudebundus

140 2096 410 2164 effectus,
437 2114 644 2153 aurum
671 2102 729 2153 et
757 2103 1062 2169 argentum
1087 2099 1378 2156 infinitum
1408 2119 1540 2157 cum
1574 2106 1764 2174 puella

150 2186 611 2241 transmiserunt
636 2187 693 2241 in
714 2190 867 2242 terra
886 2189 1187 2257 Romania,
1202 2188 1261 2245 in
1276 2191 1512 2245 ecclesia
1532 2195 1761 2264 aposto-

148 2274 351 2329 lorum
384 2275 630 2348 principi
664 2292 879 2331 corona
894 2277 1097 2347 capitis
1126 2278 1431 2349 impositis,
1450 2284 1508 2334 et
1536 2277 1765 2352 nuptias

165 2364 546 2432 celebrate,et
566 2366 830 2420 laudibus
845 2366 1134 2433 decorata,
1152 2368 1488 2441 imperatrix
1502 2370 1764 2424 Romana

152 2451 366 2509 effecta
386 2458 490 2521 est,
518 2458 576 2509 et
598 2456 913 2510 secundum
929 2456 1237 2511 Grecorum
1261 2457 1459 2529 lingua
1484 2458 1762 2529 Pyphanu

156 2541 544 2601 vocitabatur.
611 2546 673 2599 ln
728 2544 1077 2616 saxoniaque
1109 2550 1360 2617 pergunt
1391 2564 1493 2618 per
1545 2564 1765 2618 magna

146 2631 336 2686 letitia
364 2632 459 2703 (an
509 2635 654 2697 972).

228 2722 320 2776 39.
357 2720 512 2775 Obiit
565 2721 792 2776 hisdem
820 2720 931 2776 Leo
961 2737 1113 2794 papa
1141 2721 1252 2792 (an.
1288 2725 1439 2791 965).
1474 2723 1767 2778 Iohannes

149 2808 459 2881 episcopus
487 2811 821 2865 Narniensis
850 2811 1335 2866 civitaselectusin
1369 2812 1502 2867 sede
1529 2813 1766 2868 sanctis-

158 2898 316 2951 sima
373 2903 611 2970 propter
660 2900 770 2953 hoc
786 2899 1123 2953 advocatum
1154 2904 1239 2954 est
1267 2900 1562 2955 Johannes
1592 2901 1763 2957 tertio

151 2985 368 3041 decimi
382 2986 802 3058 pape.Romani
814 3004 946 3042 vero
960 2988 1275 3042 secundum
1291 2990 1769 3044 consuetudinem

148 3075 387 3129 illorum
409 3075 971 3146 malignam,ejectus
991 3093 1140 3147 papa
1157 3077 1227 3131 de
1250 3078 1655 3131 Lateranensis
1673 3094 1770 3148 pa-

151 3163 316 3230 latio,
346 3164 441 3217 alii
479 3163 878 3234 percutiebant
926 3167 1097 3236 caput
1154 3166 1296 3235 ejus,
1330 3166 1421 3220 alii
1484 3168 1680 3236 alapas
1709 3166 1768 3220 in

1866 2019 1925 2071 et
1956 2014 2194 2087 gladiati
2215 2013 2409 2085 populi
2430 2012 2537 2075 tui.
2566 2016 2624 2067 et
2647 2012 2823 2067 robor
2846 2015 2944 2065 tua
2971 2011 3045 2066 ad
3076 2009 3353 2065 nichilum
3379 2026 3472 2066 re-

1867 2103 2035 2158 dacta
2047 2105 2159 2157 est!
2181 2104 2401 2156 Aurum
2421 2104 2477 2156 et
2492 2103 2804 2171 argentum
2826 2102 2988 2153 tuum
3004 2098 3060 2152 in
3074 2098 3306 2152 illorum
3327 2114 3479 2153 mar-

1865 2192 2081 2263 suppiis
2113 2190 2443 2261 deportant.
2472 2190 2651 2245 Mater
2674 2187 2877 2254 fuistis,
2898 2203 3051 2242 nunc
3070 2186 3226 2241 facta
3236 2189 3321 2240 est
3338 2186 3476 2255 ﬁlia;

1869 2279 2031 2353 quod
2064 2278 2310 2334 habuisti
2327 2276 2648 2348 perdidisti,
2677 2276 2963 2348 expoliata
2989 2292 3049 2330 es
3080 2292 3114 2329 a
3145 2274 3352 2329 virtute
3375 2278 3475 2331 tua

1870 2368 2084 2441 prima,
2115 2368 2218 2422 sub
2250 2370 2517 2438 tempore
2556 2363 2730 2420 Leoni
2768 2379 2955 2435 papae,
2979 2367 3063 2417 est
3089 2364 3422 2419 conculcata
3449 2380 3484 2418 a

1864 2457 2048 2513 Julius
2077 2455 2319 2527 primus.
2357 2455 2516 2510 Celsa
2546 2458 2776 2509 tuarum
2800 2451 3478 2523 triMphastigentibus,

1873 2546 2116 2601 mudum
2134 2544 2386 2607 calcasti,
2408 2542 2683 2615 jugulasti
2702 2541 2939 2613 regibus
2970 2544 3161 2603 terre‘;
3192 2543 3483 2613 sceptrum

1873 2637 2105 2690 tenebat
2136 2638 2191 2688 et
2223 2637 2480 2704 potestas
2512 2631 2806 2699 maxima;
2843 2646 2878 2684 a
2902 2630 3131 2685 Saxone
3162 2646 3297 2701 rege
3311 2645 3483 2701 expo-

1877 2724 2017 2778 liata
2049 2727 2103 2778 et
2128 2725 2488 2777 menstruata
2518 2721 2770 2776 fortiter.
2810 2718 2969 2773 Sicut
2999 2735 3104 2790 per
3134 2718 3369 2789 quidam
3398 2734 3486 2774 sa-

1875 2812 2103 2884 pientes
2124 2811 2354 2872 dicitur,
2372 2813 2429 2864 et
2449 2811 2508 2864 in
2530 2809 2719 2865 sloriis
2738 2812 2976 2864 tuorum
2999 2806 3275 2879 scriptum
3289 2824 3489 2883 reppe-

1871 2900 1919 2954 ri
1929 2900 2277 2954 tur.Dudum
2294 2898 2563 2971 pugnasti
2585 2900 2916 2953 exterorum
2938 2896 3301 2967 gentibus,ex
3322 2895 3486 2957 omni

1870 2992 2039 3060 parte
2072 2987 2351 3058 superasti
2387 2988 2645 3041 seculum
2692 3003 2727 3040 a
2759 2984 3181 3057 septemtrione
3210 3000 3386 3057 usque
3413 2983 3487 3065 ad

1872 3077 2222 3138 meridiem;
2256 3093 2290 3130 a
2320 3076 2625 3131 Galearum
2660 3077 2864 3145 gentes
2913 3077 3208 3144 usurpata,
3239 3072 3485 3135 nimium

1871 3165 2129 3237 speciosa
2172 3165 2379 3219 fuistis.
2421 3164 2635 3220 Omnes
2664 3167 2762 3219 tua
2815 3161 3033 3218 mania
3062 3178 3195 3219 cum
3226 3159 3401 3217 turris
3429 3164 3488 3215 et

158 3251 339 3306 facies
368 3253 489 3322 ejus
520 3254 901 3324 percutiebat,
936 3254 1032 3309 alii
1064 3258 1266 3309 nautes
1289 3254 1442 3309 nutis
1466 3263 1512 3297 ἰθ
1543 3256 1763 3310 crucia-
1792 3243 1838 3302 Ο
1870 3254 2172 3325 pugnaculi
2205 3252 2369 3307 sicuti
2402 3253 2578 3307 modo
2608 3251 2969 3325 repperitur:
3009 3250 3216 3305 Turres
3253 3252 3484 3305 tuarum

157 3341 393 3395 bantur.
421 3340 511 3396 Sic
540 3342 809 3397 cedentes
838 3346 895 3396 et
922 3343 1249 3414 afﬂigentes
1281 3343 1339 3397 in
1373 3344 1690 3414 Campanie
1704 3345 1765 3398 ti-

155 3429 328 3483 nibus
366 3428 634 3496 inclusus,
678 3435 735 3484 et
781 3431 1051 3485 dicebant
1082 3432 1357 3485 Romanis
1388 3431 1539 3484 inter
1559 3448 1651 3485 se:
1694 3432 1767 3487 Ut

157 3535 270 3572 non
327 3521 539 3573 veniant
591 3537 733 3589 reges
775 3519 1016 3576 Saxones
1057 3527 1107 3573 et
1137 3521 1373 3575 destruat
1419 3538 1641 3589 regnum
1670 3538 1765 3574 no-

159 3615 354 3674 strum,
386 3615 436 3661 et
464 3608 646 3663 liberes
689 3617 861 3663 nostre
903 3612 959 3662 in
990 3612 1373 3679 captivitatem,
1423 3610 1770 3663 intercedente

161 3694 328 3751 Petro
358 3698 626 3767 apostolo!
653 3698 825 3769 Cujus
860 3699 1011 3753 sedis
1054 3698 1355 3753 exviduata
1382 3703 1762 3753 remanserat.

1870 3342 2099 3397 tricenti
2146 3341 2443 3411 octoginta
2495 3358 2610 3396 una
2668 3338 2973 3405 habuistis,
3016 3341 3209 3395 turres
3244 3335 3491 3393 castellis

1870 3430 2255 3503 quadraginta
2270 3447 2362 3483 sex
2374 3429 2706 3500 ,pugnaculi
2724 3428 2804 3482 tui
2822 3445 2917 3483 sex
2933 3426 3095 3482 milia
3106 3430 3233 3483 octo
3249 3424 3485 3493 centies,

1873 3520 2068 3589 portes
2099 3523 2192 3571 tuc
2222 3518 2578 3587 quindecim.
2610 3519 2685 3571 Ve
2704 3517 2903 3571 civitas
2926 3513 3489 3573 Leonianaldudum

1870 3610 2041 3678 capta
2060 3605 2264 3673 fuistis,
2296 3606 2472 3660 modo
2510 3622 2648 3662 vero
2698 3622 2732 3659 a
2795 3603 3145 3659 Saxonicum
3191 3618 3329 3681 rege
3357 3601 3490 3657 reli-

1868 3701 1963 3752 cta
1984 3705 2031 3739 ’το
2058 3695 2071 3749 ι

1482 3872 1718 3939 nam;
1756 3870 2156 3928 LECTIONES.

228 4001 275 4035 ’Π
302 3991 421 4047 scil.
454 3993 634 4048 obitu.

750 4001 797 4034 ’τε
828 3997 991 4048 nates
1022 3993 1187 4049 nodis
1210 3995 1239 4049 ?
1347 4003 1394 4037 το
1424 3995 1534 4049 Hic
1550 4003 1735 4049 auctor
1758 3996 2034 4051 scribendo
2058 3996 2218 4065 ﬁnem
2246 3995 2406 4049 dedit.

3145 4184 3480 4202 —

380 4305 499 4409 DE
564 4304 1237 4413 IMPERATORIA
1302 4306 1855 4439 POTESTATE
1925 4309 2031 4415 IN
2099 4311 2346 4416 URBE
2414 4311 2689 4419 ROMA
2756 4309 3254 4441 LIBELLUS.

200 4670 1079 4744 Priscistemporibusimperiale
1095 4671 1267 4726 decus
1282 4672 1763 4741 effloruitRomaa,
1795 4678 1849 4737 D
1873 4674 1954 4730 sic
1996 4676 2194 4729 tamen
2226 4677 2286 4728 ut
2302 4674 2544 4747 antiqua
2571 4676 2755 4731 Roma
2766 4675 3019 4747 gloriosa
3050 4679 3489 4755 praeponeretur

163 4763 265 4818 sub
293 4762 453 4832 cujus
468 4761 868 4816 dominatione
882 4761 1107 4815 diversa
1135 4760 1526 4816 consistebant
1559 4779 1762 4835 regna,

165 4855 221 4906 et
251 4852 336 4906 cui
366 4854 584 4905 cunctae
616 4854 817 4921 gentes
857 4850 1095 4923 prepria
1136 4850 1553 4905 submittebant
1577 4854 1745 4908 colla.

168 4938 469 4993 Constituit
490 4955 631 5008 ergo
662 4939 945 5003 consules,
997 4938 1096 5009 qui
1144 4939 1435 4994 cotidiano
1471 4958 1571 4994 usu
1598 4941 1761 5012 regni

168 5028 551 5099 gubernacula
584 5027 822 5082 consilio
856 5027 1269 5100 disponebant.
1296 5030 1472 5082 Erant
1510 5047 1764 5101 namque

169 5118 467 5173 distributa
480 5116 577 5171 offi
586 5116 670 5170 cia
684 5134 787 5190 per
805 5120 1105 5171 senatores
1122 5120 1180 5171 et
1194 5118 1769 5191 magistratus,prout

172 5207 465 5279 unicuique
480 5205 864 5261 ministerium
883 5222 1056 5277 opere
1071 5208 1767 5279 competebat.lmperiale

170 5312 290 5349 vero
307 5297 477 5350 decus
498 5296 763 5349 laudibus
785 5295 1217 5366 honoribusque
1243 5296 1315 5350 ab
1349 5296 1622 5351 omnibus
1640 5300 1765 5351 tan-

174 5385 461 5440 tummodo
474 5384 875 5438 extollebatur.
889 5385 1022 5437 Post
1037 5384 1348 5438 advcntnm
1366 5384 1646 5455 unigeniti
1666 5386 1766 5441 ﬁlii

171 5474 260 5529 Dei
283 5478 334 5529 et
353 5474 850 5547 postascensionis
872 5473 922 5543 cj
935 5491 997 5526 us
1019 5472 1636 5542 gloriam,Romanum
1657 5474 1767 5527 im-

174 5564 377 5635 perium
416 5565 748 5635 Byzantium
782 5582 840 5617 se
874 5563 1118 5616 contulit
1143 5579 1291 5633 qum,
1326 5580 1358 5615 a
1392 5562 1768 5618 Constantino

171 5670 367 5724 magno
383 5670 595 5709 crrsare
610 5656 885 5710 Constant
900 5653 909 5705 i
922 5653 1092 5723 nopol
1104 5651 1144 5703 is
1159 5653 1359 5705 vocata
1371 5649 1619 5713 est.Qusc
1637 5650 1771 5719 quia

172 5744 418 5799 Romano
435 5744 795 5813 gloriabatur
814 5741 1090 5814 imperio,
1113 5739 1261 5794 dicta
1282 5743 1367 5793 est
1382 5739 1535 5794 Nova
1561 5738 1765 5807 Roma,

1870 4762 2118 4818 caeteris.
2149 4762 2429 4817 Euntibus
2453 4767 2649 4819 autem
2677 4765 2952 4835 apostolis
2974 4764 3489 4821 velsuccessoribus

1870 4869 2072 4907 eorum
2108 4852 2426 4924 praedicare
2472 4854 2839 4923 evangelium
2874 4854 3195 4909 secundum
3225 4853 3487 4907 divinum

1872 4947 2223 5015 prmceptum
2248 4942 2307 4996 in
2328 4942 2609 4997 mundum
2627 4941 3231 5007 universum,Romam
3249 4956 3492 4994 cmsares

1871 5032 2331 5098 revertebantur,
2362 5030 2583 5086 diversa
2599 5033 2657 5085 to
2672 5047 2761 5084 rm
2771 5034 2907 5086 cnta
2922 5028 3134 5083 sanctis
3146 5028 3485 5092 inferentes,

1873 5124 1935 5176 ut
1966 5120 2072 5176 diis
2102 5120 2215 5176 suis
2234 5118 2719 5191 placerent.Unde
2733 5117 3027 5182 accidit,ut
3043 5115 3244 5173 beatus
3260 5118 3484 5186 Petrus,

1874 5210 1975 5281 qui
2003 5210 2277 5281 praelatus
2304 5209 2493 5263 fuerat
2518 5205 2742 5262 caeteris
2773 5225 2806 5261 a
2838 5207 2969 5260 Jesu
2986 5204 3211 5261 Christo
3244 5206 3486 5263 domino

1876 5303 2096 5365 nostro,
2130 5299 2379 5352 Romam
2428 5292 2852 5368 prmdicationis
2883 5310 3054 5351 causa
3081 5296 3324 5361 veniret,
3360 5312 3487 5367 qua:

1876 5385 2139 5441 omnium
2160 5384 2423 5456 gentium
2454 5382 3091 5449 clamabaturdomina;
3110 5400 3237 5455 quae
3253 5387 3490 5437 eatenus

1875 5475 2017 5529 sicut
2046 5474 2237 5528 multis
2274 5475 2565 5529 idolorum
2596 5470 2704 5527 sim
2718 5472 2965 5528 ulachris
2986 5475 3113 5529 erat
3140 5471 3492 5538 seducta,ita

1875 5562 2137 5634 plurimis
2163 5561 2671 5633 prmdicationibus
2702 5562 3095 5633 apostolorum
3123 5560 3491 5632 aliorumque

1875 5656 2196 5720 martyrum
2230 5651 2728 5707 exhortationibus
2753 5667 2891 5709 cum
2935 5649 3159 5705 cmteris
3191 5664 3484 5705 conversa.

1876 5738 1985 5793 Ubi
2019 5738 2192 5792 eliam
2223 5738 2424 5792 beatus
2450 5741 2649 5794 Petrus
2664 5742 2723 5794 et
2747 5740 2975 5806 Paulus,
3000 5738 3205 5793 doctor
3224 5736 3491 5810 gentium
