3882 6230
454 496 512 554 51
1427 523 1438 538 ι
1535 491 1900 548 BENEDICTI
1935 490 1994 546 S.
2031 488 2333 546 ANDREE
2365 486 2696 545 MONACHI.
3700 489 3762 546 52

460 615 744 690 martyrio
777 613 1038 672 coronati
1055 617 1190 670 sunt
1215 617 1276 669 ut
1304 615 1448 668 sicut
1477 613 1662 669 Roma
1690 629 1794 685 per
1818 616 2056 690 antiqua
2081 613 2138 673 Δ
2170 607 2764 682 pontificis,accipiens
2777 603 3264 678 plurimadonain
3277 605 3756 679 partemregiam,

461 705 679 762 moenia
704 708 876 775 caput
899 705 1026 759 erat
1060 703 1375 758 multarum
1407 701 1668 774 gentium
1694 703 1760 756 in
1785 704 2060 760 divisione

461 793 968 860 simulachrorum,
1000 791 1080 847 ita
1095 795 1267 864 caput
1284 794 1340 846 et
1358 791 1595 846 domina
1623 797 1922 848 vocaretur
1935 809 2060 848 om-

459 881 624 938 nium
651 881 1097 936 Christianorum
1125 879 1183 935 in
1216 879 1432 934 unitate
1463 896 1612 934 verte
1629 880 1834 936 ﬁdeiet
1861 881 2060 936 incon-

462 971 605 1026 fusaa
634 969 896 1038 Deitatis,
927 969 1150 1024 habens
1178 967 1567 1040 principatum
1598 967 1775 1024 totius
1799 967 2058 1024 christia-

461 1057 666 1114 niratis
686 1057 746 1113 in
769 1061 1005 1129 accepto
1032 1054 1329 1128 privilegio
1354 1055 1504 1122 Jesu,
1541 1055 1635 1109 ubi
1651 1055 1731 1109 ait
1755 1072 1768 1109 :
1800 1055 1884 1109 Tu
1909 1073 2063 1111 voca-

461 1147 594 1202 beris
645 1145 1042 1218 Cephas(Joan.
1077 1161 1115 1212 ι,
1150 1144 1276 1217 24);
1310 1147 1367 1198 et
1401 1143 1568 1198 alibi:
1598 1143 1719 1214 Ego
1744 1145 1938 1215 rogabo
1957 1160 2060 1214 pro

457 1243 532 1299 le,
559 1253 624 1290 ne
649 1235 864 1305 deﬁciat
886 1233 1020 1307 ﬁdes
1051 1241 1144 1288 tua
1171 1233 1327 1302 (Luc.
1361 1249 1493 1300 xxu,
1519 1231 1632 1303 32).
1930 1307 1936 1310 _

533 1323 721 1380 Diviso
735 1326 930 1379 autem
944 1323 1206 1378 Romano
1221 1321 1562 1393 imperio,eo
1581 1321 1737 1393 quod
1753 1321 2065 1394 imperialis

460 1414 644 1481 sedes,
667 1431 794 1486 quae
809 1413 1061 1484 antiquae
1078 1413 1275 1467 Romae
1299 1404 1470 1466 solita
1495 1415 1639 1479 erat,
1655 1411 2060 1467 Constantino-

457 1502 640 1574 polim
658 1505 808 1557 esset
819 1501 1408 1567 deducta,multarum
1423 1499 1687 1570 gentium
1706 1499 1904 1572 populi
1921 1517 2058 1555 con-

457 1593 550 1645 tra
562 1591 764 1646 urbem
777 1590 1009 1646 fuerant
1025 1589 1459 1644 rebelles.Unde
1474 1605 1689 1660 magna
1709 1593 1767 1643 et
1781 1606 1896 1644 non
1916 1606 2060 1660 pau-

460 1695 530 1734 ca
541 1682 744 1733 contra
759 1695 890 1734 eam
916 1679 1287 1732 surrexerunt
1319 1677 1469 1731 bella
1489 1679 1631 1730 teste
1651 1676 1871 1732 Oresio.
1904 1678 2060 1733 Tunc

457 1767 616 1822 enim
645 1768 831 1822 Roma
845 1782 950 1836 per
962 1766 1231 1838 patricios
1260 1765 2056 1837 principabatur.Erattamen

455 1859 687 1912 tantum
704 1855 960 1927 subjecta
972 1871 1073 1909 suo
1093 1854 1433 1926 imperatori
1463 1854 1565 1916 ita,
1593 1857 1654 1907 ut
1670 1854 1713 1908 si
1745 1854 2054 1926 aliquando

2169 698 2214 752 si
2248 701 2441 753 autem
2469 698 2596 752 lites
2617 697 2768 751 inter
2793 696 3082 750 Romanos
3107 695 3442 766 surgebant,
3463 713 3528 750 ex
3554 698 3762 769 prima-

2165 786 2315 841 tibus
2345 787 2496 857 regis
2527 785 2873 840 adveniebat
2893 784 3098 838 missus
3124 800 3256 838 cum
3286 783 3494 838 eodem
3523 785 3663 840 duce
3691 787 3758 842 ad

2163 874 2604 930 deliberandaas
2616 890 2813 929 causas
2825 877 2882 928 et
2898 873 3266 944 legaliorumj
3279 873 3559 928 udicia.Et
3585 875 3680 947 qui
3702 875 3758 931 in

2163 964 2392 1035 culpam
2405 963 2662 1018 criminis
2674 961 3249 1034 incurrebant,regali
3265 962 3652 1034 puniebantur
3661 981 3760 1036 po-

2160 1053 2498 1122 testate,aut
2510 1052 2567 1106 in
2586 1051 2819 1106 exilium
2841 1050 3424 1118 mittebantur,etiam
3437 1051 3756 1109 inconsulto

2161 1139 2494 1210 apostolico,
2515 1157 2691 1212 usque
2717 1139 2788 1194 ad
2805 1139 3132 1194 Zachariam
3161 1141 3488 1210 praesulem,
3510 1141 3607 1212 qui
3627 1141 3758 1198 sub-

2163 1227 2293 1282 dole
2325 1228 2484 1300 quasi
2513 1244 2620 1300 pro
2651 1227 3043 1282 familiaritate
3081 1228 3332 1299 quadam
3365 1229 3649 1300 profectus
3673 1232 3760 1284 est

2161 1315 2211 1386 (l
2228 1317 2398 1386 l8)ad
2416 1316 2683 1370 Carolum
2705 1332 2904 1386 regem
2930 1316 3301 1384 Francorum,
3331 1332 3398 1370 eo
3427 1317 3582 1388 quod
3603 1317 3758 1373 idem

2165 1404 2400 1460 Carolus
2423 1405 2674 1460 habebat
2692 1405 2873 1458 filiam
2900 1405 3171 1459 Desiderii
3220 1405 3372 1475 regis
3411 1406 3585 1460 Italici
3625 1423 3760 1461 uxo-

2162 1511 2318 1563 rem;
2357 1494 2730 1566 invitavitque
2765 1492 3016 1548 eundem
3038 1493 3305 1548 Carolum
3328 1493 3387 1547 in
3414 1495 3654 1563 Italiam,
3680 1512 3762 1550 se-

2161 1585 2390 1640 minans
2420 1585 2570 1639 inter
2597 1601 2764 1655 reges
2781 1583 3114 1650 discordias,
3134 1583 3374 1638 laudans
3392 1587 3450 1638 et
3461 1585 3760 1656 proferens

2159 1673 2240 1727 illi
2270 1673 2594 1746 imperialia
2628 1664 2900 1742 {sceptra;
2935 1671 3268 1742 accepitque
3287 1672 3356 1726 ab
3389 1689 3455 1727 eo
3489 1673 3759 1728 securita-

2159 1766 2300 1830 tem,
2323 1779 2436 1834 quo
2449 1765 2713 1832 tempore
2742 1759 2966 1830 ingredi
2988 1760 3764 1831 deberetltaliamjurantes-

2156 1867 2266 1922 que
2296 1853 2518 1916 mutuo,
2541 1866 2796 1903 reversus
2819 1853 2923 1903 est.
2953 1848 3306 1902 Transeunte
3335 1853 3528 1904 autem
3554 1866 3622 1905 eo
3655 1868 3763 1923 per

453 1943 773 2016 'mperator
801 1960 1162 2016 paganorum
1176 1942 1286 1997 ritu
1309 1942 2058 2013 invenireturcrudelis,per
2079 1933 2129 1991 B
2156 1937 2300 1992 ﬁnes
2324 1937 2490 2009 regni
2518 1937 2813 2003 Desiderii,
2857 1937 3140 2008 separavit
3177 1938 3248 1992 ab
3279 1954 3346 1992 eo
3377 1939 3658 2010 quosdam
3687 1940 3760 1994 de

461 2048 584 2088 suos
611 2033 854 2104 legatos,
878 2031 1265 2086 sanctissimos
1296 2031 1494 2084 Romae
1511 2031 1784 2102 prazsules
1800 2029 2054 2102 aliosque

480 2121 778 2187 histianos,
809 2137 914 2192 per
943 2120 1165 2174 diversa
1199 2118 1478 2191 supplicia
1509 2119 1786 2191 martyrio
1812 2135 2052 2174 corona-

480 2209 865 2264 et.Crescente
882 2212 1074 2262 autem
1095 2207 1405 2263 christiana
1417 2207 1720 2279 religione,
1743 2207 1874 2261 talis
1885 2210 2055 2262 aestus

445 2297 580 2352 ﬁdei
601 2314 636 2352 a
657 2297 910 2368 patriciis
947 2296 1179 2362 exarsit,
1209 2313 1387 2368 usque
1427 2296 1567 2350 dum
1614 2295 1980 2366 Langobardi
2008 2303 2054 2337 ⁸ο

445 2389 580 2442 sunt
627 2385 852 2440 italiam
897 2384 1162 2456 ingressi.
1210 2384 1468 2454 Cumque
1521 2383 2059 2455 adpropinquarent

451 2474 633 2541 Pado,
647 2473 987 2528 nunciatum
1013 2476 1096 2526 est
1127 2472 1326 2526 Romae
1346 2503 1412 2511 —
1427 2471 1778 2543 presidebat
1791 2487 1924 2526 vero
1942 2471 2058 2543 Syl-

447 2561 640 2616 verius
671 2576 825 2632 papa
855 2563 991 2614 tunc
1019 2561 1296 2614 Romana:
1323 2559 1654 2614 ecclesiaa—
1677 2559 1852 2614 Narso
1880 2560 2056 2630 patri-

449 2649 561 2717 cio,
589 2649 750 2721 cujus
768 2664 912 2703 uxor
927 2649 1240 2704 vocabatur
1265 2647 1950 2718 Polyxiana.Nunciatum
1967 2651 2052 2703 est

447 2742 643 2794 autem
665 2737 960 2808 illis,quod
981 2737 1252 2809 praefatus
1273 2736 1530 2807 pontifex
1554 2736 1796 2790 misisset
1811 2737 1884 2790 ad
1906 2737 2050 2792 Lan-

447 2825 739 2900 gobardos
769 2824 1020 2880 invitans
1049 2841 1147 2880 eos
1189 2825 1457 2892 Romam,
1489 2826 1772 2896 quatenus
1798 2827 2051 2896 potestas

447 2917 779 2972 Graecorum
795 2915 1144 2981 aboleretur,
1173 2916 1230 2968 et
1252 2913 1506 2968 ecclesiae
1525 2913 1660 2984 jura
1682 2914 1929 2968 elevaret
1945 2913 2049 2969 sub

445 3007 730 3080 potestate
760 3002 1070 3077 pontificis,
1109 3001 1198 3056 cui
1230 3005 1390 3056 tanta
1420 3001 1608 3056 inerat
1635 3001 1960 3070 necessitas,
1988 3005 2050 3058 ut

444 3093 591 3149 nihil
619 3092 773 3148 aliud
805 3095 1018 3164 printer
1047 3091 1419 3146 ecclesiarum
1435 3095 1492 3146 et
1518 3091 1857 3146 clericorum
1869 3091 2045 3146 habe-

2155 2027 2286 2093 suis,
2319 2027 2463 2082 dans
2493 2025 2835 2098 quibusdam
2891 2025 3143 2095 plurima
3189 2025 3364 2092 dona,
3412 2026 3760 2098 quibusdam

2147 2116 2306 2186 jurat
2331 2115 2454 2169 dari
2486 2113 2717 2168 similia.
2744 2113 3068 2184 Accipiente
3087 2116 3281 2168 autem
3313 2115 3514 2169 Carolo
3532 2116 3640 2170 hoc
3668 2133 3762 2171 rc-

2156 2203 2661 2274 gnum,profectus
2689 2205 2772 2254 est
2805 2201 3074 2268 Romam,
3108 2201 3379 2272 deditque
3411 2202 3486 2256 ibi
3517 2203 3765 2260 donaria

2157 2293 2494 2362 multa,quaa
2515 2307 2691 2361 usque
2704 2289 2874 2344 hodie
2900 2291 3224 2344 Romanum
3241 2291 3764 2362 tenetdominium,

2157 2379 2227 2433 de
2242 2380 2408 2450 regni
2425 2379 2594 2450 hujus
2609 2378 2951 2445 confinibus;
2975 2378 3223 2450 fecitque
3241 2382 3475 2450 pactum
3501 2397 3630 2435 cum
3648 2383 3765 2437 Ro-

2156 2468 2344 2522 manis
2356 2485 2672 2538 eorumque
2685 2467 2976 2538 pontifice,
2994 2471 3051 2521 et
3065 2468 3134 2521 de
3148 2468 3514 2524 ordinatione
3533 2471 3767 2541 pontiﬁ-

2154 2555 2252 2623 cis,
2280 2560 2340 2610 ut
2367 2555 2668 2610 interesset
2698 2554 2822 2627 quis
2844 2557 3086 2626 legatus,
3107 2559 3165 2610 et
3195 2559 3257 2610 ut
3281 2557 3667 2613 contentiosas
3695 2560 3768 2615 li-

2155 2647 2238 2698 tes
2270 2644 2390 2718 ipse
2421 2644 3234 2699 deliberaret.Constituebant
3254 2649 3446 2700 autem
3480 2649 3760 2705 annualia

2154 2735 2308 2790 dona
2359 2735 2418 2789 in
2451 2735 2641 2806 Papiae
2671 2733 2951 2805 palatium
2987 2733 3378 2803 perducenda,
3406 2751 3548 2790 aura
3577 2735 3760 2792 libras

2153 2823 2374 2890 decem,
2409 2823 2633 2894 argenti
2657 2825 2912 2889 centum,
2928 2821 3103 2893 pallia
3124 2822 3346 2894 optima
3365 2824 3764 2893 decem,exce-

2149 2911 2260 2984 ptis
2291 2911 2528 2984 privatis
2543 2909 3382 2982 donis.thuandoimperator
3405 2913 3760 2971 adveniebat

2150 3001 2395 3056 Romam
2425 3002 2512 3055 vel
2535 3017 2666 3054 suus
2690 2999 3319 3070 legatus,mittebantur
3335 3001 3558 3071 judices
3587 3019 3622 3057 a
3651 3019 3762 3074 pa-

2147 3090 2286 3144 latio
2333 3089 2568 3160 singulis
2609 3088 2794 3151 annis,
2847 3089 2943 3160 qui
2976 3106 3078 3160 per
3106 3093 3311 3144 cuncta
3354 3091 3762 3149 Romanorum

444 3185 535 3238 ret
558 3197 776 3236 curam.
805 3179 1183 3245 Quotidianus
1204 3196 1342 3252 ergo
1374 3179 1550 3234 virtus
1583 3180 1825 3234 dabatur
1851 3181 1921 3235 de
1954 3197 2050 3251 pa-
2074 3209 2122 3270 α
2150 3179 2404 3234 confinia
2425 3177 2638 3250 legalia
2666 3177 3047 3233 vendicabant
3077 3178 3306 3250 placita,
3340 3181 3762 3252 compellentes

443 3271 586 3326 latio
616 3273 943 3336 consuetus,
967 3271 1022 3322 et
1036 3269 1311 3324 annualia
1336 3268 1488 3323 dona
1503 3284 1608 3338 pro
1624 3269 2044 3324 restauratione

444 3357 900 3425 ecclesiarum,et
919 3357 1144 3413 caesaris
1159 3358 1525 3428 eleemosyna
1543 3357 1780 3412 honoris
1792 3361 2046 3424 causa;et

439 3447 808 3504 solummodo
823 3449 947 3502 erat
967 3446 1040 3500 ob
1061 3445 1444 3500 reverentiam
1471 3446 1865 3516 apostolorum
1890 3445 2044 3500 Petri

439 3539 498 3592 et
521 3535 702 3592 Pauli.
737 3535 794 3590 Si
828 3533 1390 3607 quandoimperialivs
1416 3534 1640 3605 legatus
1671 3535 2045 3589 mitteretura

435 3625 716 3698 principe,
749 3627 811 3679 ut
827 3625 1122 3678 Romanus
1141 3622 1399 3694 pontifex
1423 3623 1885 3694 proﬁcisceretur
1897 3623 2043 3678 Con-

435 3711 872 3786 stantinopolim
885 3711 958 3768 ad
970 3711 1386 3783 imperatorem
1397 3753 1410 3778 ,
1427 3711 1588 3766 omni
1607 3712 1870 3782 neglecta
1884 3727 2044 3766 occa-

434 3802 594 3859 sione
623 3802 765 3869 ibat,
794 3804 951 3856 etam
985 3800 1032 3854 si
1069 3815 1173 3872 pro
1200 3802 1356 3854 certo
1386 3801 1577 3867 sciret,
1621 3805 1685 3854 ut
1714 3799 1772 3854 in
1807 3798 2041 3855 exilium

434 3891 782 3947 mitteretur.
814 3889 1142 3945 Mittebatur
1153 3889 1462 3961 aliquando
1477 3888 1714 3961 quidam
1747 3889 1988 3944 nuncius
2009 3907 2043 3946 a

435 3980 611 4036 Narso
625 3979 868 4050 patricio
906 3979 980 4034 ad
1002 3977 1306 4034 Silverium
1319 3994 1532 4049 papam
1553 3996 1569 4042 ;
1587 3995 1843 4049 cumque
1862 3981 2038 4048 proﬁ-

437 4070 749 4124 cisceretur
773 4067 846 4122 ad
879 4067 1118 4122 domum
1151 4067 1322 4135 illius,
1359 4066 1454 4121 ubi
1487 4067 1723 4137 jacebat
1767 4071 2036 4138 aegrotus,

439 4157 580 4214 dixit
604 4156 681 4213 illi
715 4173 856 4212 uxor
882 4174 985 4212 sua
1014 4174 1027 4212 :
1063 4157 1297 4212 Domine
1312 4173 1480 4226 papa,
1511 4154 1640 4226 quid
1669 4155 1776 4209 tibi
1790 4160 2036 4226 peccavi-

437 4265 571 4302 mus.
599 4247 726 4319 quia
753 4246 968 4302 voluisti
1002 4245 1249 4300 inducere
1285 4243 1663 4314 Langobardos
1703 4261 1859 4315 super
1888 4263 1982 4299 nos
2012 4248 2041 4300 ?

437 4335 552 4392 lllis
571 4335 736 4392 dictis
753 4335 886 4392 fecit
914 4352 1050 4390 eum
1079 4332 1495 4406 comprehendi
1522 4335 1580 4386 et
1595 4332 1903 4401 tonsorari,
1941 4351 2036 4388 ve-

436 4427 700 4500 stemque
726 4423 1130 4481 monachizam
1176 4423 1439 4490 induere,
1477 4438 1706 4476 necnon
1739 4421 2036 4478 sedentem

437 4516 596 4572 asino
611 4515 684 4571 ad
703 4512 1124 4572 monasterium
1137 4515 1348 4568 sanctae
1364 4510 1527 4565 Saba
1549 4510 2037 4580 perducere.Cum

435 4622 547 4678 que
575 4621 838 4676 egressus
869 4601 1209 4668 esset,foras
1234 4599 1442 4654 sedens
1455 4615 1627 4670 super
1645 4598 2040 4666 asinum,dixit

435 4695 672 4768 quidam
702 4695 774 4750 de
807 4690 1127 4750 astantibus
1157 4707 1171 4745 :
1199 4689 1326 4745 Heu
1355 4689 1600 4744 dominus
1625 4707 1772 4762 papa
1799 4697 2037 4747 mortuus

431 4793 526 4844 est.
559 4787 848 4842 Prmterea
876 4779 1280 4836 invadentibus
1299 4779 1689 4852 Langobardis
1716 4780 1960 4850 Italiam,
1980 4785 2040 4836 et

431 4873 722 4930 conversis
751 4871 825 4927 ad
873 4869 1079 4924 Christi
1123 4868 1321 4939 fidem,
1369 4867 1557 4940 fugati
1584 4872 1722 4923 sunt
1749 4869 1948 4937 Graeci,
1981 4873 2056 4924 et'

431 4959 995 5032 cessavitimperium
1013 4958 1085 5012 ab
1107 4959 1248 5014 urbe
1272 4958 1458 5012 Roma
1477 4974 1658 5030 usque
1671 4959 1745 5013 ad
1765 4958 2034 5014 Francos.

435 5055 539 5108 Per
557 5068 725 5123 reges
738 5049 899 5106 enim
924 5046 1403 5120 principabantur
1433 5047 1816 5118 Langobardi.
1839 5047 2040 5103 Divisis

429 5141 644 5213 quippe
663 5137 840 5193 Italizn
855 5135 1538 5207 finibus,Spoletanorum
1557 5135 1670 5190 dux
1694 5137 1892 5192 Roma:
1907 5153 2038 5192 con-

429 5228 659 5285 stitutus
684 5229 771 5280 est
786 5226 903 5281 vice
917 5224 1088 5296 regis,
1113 5224 1212 5280 tali
1233 5227 1403 5297 pacto
1431 5227 1493 5278 ut
1509 5225 1741 5296 quando
1764 5224 2034 5298 apostoli-

427 5335 526 5374 cus
549 5315 760 5385 obiret,
791 5313 1093 5370 interesset
1113 5315 1226 5370 dux
1253 5313 1528 5386 praefatus
1560 5313 1825 5369 electioni
1857 5313 2033 5368 futuri

2060 4473 2112 4532 D

2147 3266 2498 3322 habitatores
2521 3267 2777 3320 locorum
2797 3266 3026 3321 illorum
3046 3267 3240 3321 venire
3273 3268 3344 3322 ad
3369 3266 3690 3341 placitum,j
3701 3288 3766 3324 u-

2148 3355 2472 3410 dicantibus
2503 3371 2706 3410 eorum
2733 3354 3022 3426 judicibus
3059 3359 3279 3410 rectam
3303 3356 3495 3426 legem
3526 3355 3584 3410 in
3607 3375 3764 3429 prae-

2145 3444 2330 3500 sentia
2361 3443 2745 3515 imperialium
2761 3443 3023 3513 judicum
3046 3459 3064 3510 ;
3092 3447 3149 3496 et
3171 3443 3216 3498 si
3247 3451 3291 3485 81
3319 3444 3764 3516 alteriusgentis

2145 3531 3107 3602 invenirenturhabitatores,regali
3119 3532 3356 3602 judicioj
3367 3533 3760 3591 udicabantur

2145 3621 2580 3692 Erantdenique
2603 3620 2954 3675 monasteria
2983 3621 3040 3674 in
3076 3621 3298 3674 Sabinis
3316 3621 3537 3676 domini
3565 3621 3766 3680 Salva-

2143 3709 2286 3765 toris
2315 3712 2374 3763 et
2401 3711 2612 3763 sanctae
2633 3708 2732 3764 Dei
2760 3707 3050 3778 genitricis
3071 3709 3278 3776 Mariw,
3308 3727 3532 3764 necnon
3552 3715 3610 3765 et
3624 3728 3762 3768 mo—

2144 3798 2458 3852 nasterium
2483 3797 2637 3851 beati
2661 3797 2908 3851 Andreae
2923 3797 3165 3868 apostoli
3184 3798 3347 3868 juxta
3367 3802 3629 3854 montem
3643 3799 3763 3855 So-

2141 3886 2333 3953 ractis,
2351 3902 2445 3940 seu
2479 3888 2670 3940 cetera
2687 3884 2900 3940 ﬁscalia
2917 3885 3274 3956 patrimonia
3288 3886 3440 3941 intra
3457 3887 3762 3944 Romanos

2141 3975 2285 4029 ﬁnes
2315 3975 2388 4030 ad
2420 3991 2584 4029 usum
2606 3974 3120 4045 imperialemnNon
3134 3975 3320 4029 solum
3342 3978 3538 4030 autem
3561 3975 3622 4030 in
3641 3978 3762 4032 Ita-

2139 4064 2248 4119 lico
2260 4080 2466 4136 regno,
2487 4080 2688 4118 verum
2711 4063 2884 4118 etiam
2907 4063 2964 4119 in
2991 4063 3227 4118 Francia
3241 4063 3767 4134 proficiscebantur

2139 4152 2434 4220 monachi,
2464 4153 2718 4207 ferentes
2755 4152 3074 4224 vectigalia,
3107 4152 3258 4218 vina,
3291 4156 3350 4222 et
3379 4151 3490 4207 alia
3505 4152 3768 4210 donaria

2137 4241 2297 4314 juxta
2321 4241 2534 4296 virium
2555 4242 2928 4314 posse.lgitur
2948 4240 3222 4295 Romanis
3241 4240 3415 4295 insua
3439 4241 3766 4298 securitate

2139 4331 2540 4404 gloriantibus,
2568 4331 2818 4386 levatum
2849 4333 2932 4385 est
2963 4329 3309 4384 corillorum
3330 4329 3495 4400 juxta
3515 4330 3766 4386 illorum

2139 4419 2638 4488 consuetudinem,
2665 4421 3085 4490 volueruntque
3115 4418 3476 4488 imperialem
3504 4422 3770 4490 potesta-

2139 4512 2261 4565 tem
2286 4508 2589 4564 vendicare
2614 4508 2740 4564 sibi.
2775 4507 3094 4562 Resistente
3123 4511 3317 4560 autem
3351 4507 3539 4560 Leone
3570 4524 3762 4578 papa,

2137 4597 2708 4670 comprehenderunt
2739 4613 2897 4662 eum,
2938 4595 3359 4664 volueruntque
3391 4593 3512 4662 ejus
3543 4610 3767 4652 eruere

2138 4687 2644 4742 oculos.Eruerunt
2664 4689 2859 4738 autem
2881 4699 3060 4736 unum
3075 4685 3134 4736 et
3154 4682 3400 4735 alterum
3423 4696 3538 4735 non
3553 4684 3770 4753 potue-

2137 4775 2438 4846 runt,quia
2463 4773 2723 4828 liberavit
2749 4789 2882 4828 eum
2901 4769 3096 4825 divina
3109 4769 3425 4836 miseratio,
3445 4772 3502 4824 et
3532 4770 3769 4841 ejectus

2139 4869 2226 4921 est
2236 4863 2431 4920 abillis
2449 4864 2609 4916 extra
2629 4859 3023 4932 urbem,quasi
3038 4858 3276 4930 perditis
3289 4859 3553 4914 ambolus
3579 4859 3770 4916 lumi-

2143 4952 2445 5017 nibus.Qui
2467 4950 2697 5022 fugiens
2719 4950 2776 5004 in
2826 4947 3422 5020 Franciam,pervenit
3467 4949 3538 5004 ad
3573 4949 3766 5005 Caro-

2141 5044 2284 5098 lum.
2299 5041 2464 5096 Unde
2486 5039 2968 5107 accidit,eundem
3003 5038 3271 5092 Carolum
3291 5039 3485 5092 venire
3505 5055 3608 5108 pro
3633 5039 3770 5094 vin-

2141 5131 2294 5187 dicta
2323 5127 2641 5201 apostolici,
2673 5127 3291 5202 comprehendensque
3322 5127 3640 5195 Romanos,
3681 5128 3765 5185 de

2140 5220 2458 5293 majoribus
2477 5233 2676 5274 eorum
2697 5235 2810 5274 uno
2825 5219 2916 5273 die
2929 5219 2986 5273 in
3009 5217 3590 5288 campoLaleranensi
3615 5217 3768 5274 fecit

2140 5313 2444 5366 trecentos
2473 5308 2744 5364 decollari
2771 5307 2939 5380 (H9).

1755 5411 1983 5468 VAane
2032 5393 2410 5468 LECTIONES

495 5496 544 5532 8°
573 5483 940 5558 Longobardi
972 5485 1054 5540 ed.
1120 5454 1126 5460 ι
1167 5492 1212 5527 ει
1243 5481 1350 5540 etsi
1373 5483 1458 5540 ed.

1976 5573 2178 5630 ΝΟΤᾹΞ

493 5678 540 5750 (l
554 5677 638 5749 18)
663 5671 1218 5750 Deﬁctazaccharias
1237 5673 1594 5750 profectione
1619 5674 1692 5730 ad
1713 5673 2021 5748 Pippinum

421 5769 471 5808 v.
493 5745 668 5821 supra
695 5745 964 5805 Chronici
995 5763 1160 5804 num.
1191 5745 1278 5818 Π)

2199 5668 2347 5753 (11.9)
2371 5669 2458 5725 Cf.
2495 5665 2922 5753 Vitanimlfeonis
2946 5667 3038 5732 lIl,
3070 5681 3196 5736 cap.
3230 5666 3318 5730 '21,
3351 5665 3457 5732 ‘26;
3493 5665 3763 5722 Annales

2128 5740 2520 5799 Laurissenses
2553 5756 2626 5794 an
2662 5740 2786 5794 800.
