3882 6230
391 469 468 526 ‘53
1063 465 1427 520 BENEDICTI
1463 463 1520 520 S.
1563 465 1774 522 ANDR.
1814 462 1979 522 MON.
2022 465 2116 522 DE
2157 465 2388 523 IMPER.
2433 465 2712 522 POTEST.
2753 468 2818 521 IN
2859 467 3040 522 URBE
3645 469 3710 523 56

401 603 535 647 cum
553 605 623 645 eo
645 589 772 661 jam
803 587 984 643 dictus
1002 586 1458 659 archiepiscopus
1475 587 2005 653 Ravennmmilme-
2021 596 2077 654 Α
2105 603 2269 644 suam
2307 588 2640 654 ecelesiam,
2669 590 2730 642 ut
2775 586 2934 660 quasi
2974 601 3077 660 per
3102 586 3218 642 vim
3241 587 3314 642 ab
3345 586 3536 661 aliquo
3565 591 3712 643 esset

399 685 570 736 tuens
600 675 787 732 minas
807 675 1279 749 pontificis.Unde
1305 676 1494 731 evenit
1513 677 1702 748 major
1722 675 2006 730 discordia

399 770 555 824 inter
570 782 782 839 papam
797 764 1446 837 etimperatorem.Erat
1457 764 1670 836 quippe
1689 764 2006 834 imperator

402 857 460 912 in
476 855 700 926 palatio
729 853 910 908 sancti
939 852 1090 907 Petri
1125 853 1452 923 apostoli,et
1482 869 1630 925 papa
1679 853 1747 906 ad
1781 855 2008 906 sanctos

398 946 732 1017 Apostolus;
762 959 1008 1014 cumque
1037 958 1241 996 omnes
1271 942 1418 996 illius
1439 942 1658 997 insidiae
1691 945 1893 996 contra
1912 958 2003 996 re-

399 1034 558 1106 giam
587 1033 934 1103 dignitatem
968 1047 1073 1102 pro
1101 1030 1282 1084 nihilo
1309 1030 1677 1097 ducerentur,
1715 1029 2008 1085 constituit

401 1123 720 1176 monachos
750 1137 848 1174 seu
873 1119 1094 1174 Christo
1119 1117 1334 1173 dicatas
1350 1119 1598 1189 virgines
1629 1136 1694 1172 ex
1722 1122 2008 1174 monaste-

402 1211 502 1266 riis
519 1210 740 1278 Romae,
767 1211 830 1262 ut
861 1207 1021 1280 quasi
1053 1207 1158 1261 sub
1190 1207 1429 1261 obtentu
1449 1207 1742 1279 religionis
1767 1207 2004 1260 cotidia-

399 1317 507 1356 nas
535 1299 898 1353 celebrarent
927 1295 1186 1350 laetanias
1217 1313 1320 1368 per
1349 1296 1650 1350 circuitum
1682 1312 2003 1362 murorum,

395 1393 454 1444 et
492 1389 692 1442 missas
721 1388 998 1441 canerent
1023 1388 1224 1440 contra
1248 1385 1534 1458 principes
1559 1385 1708 1438 male
1743 1388 2003 1455 agentes.

401 1479 498 1533 His
527 1476 754 1543 auditis,
780 1474 1041 1548 primarii
1063 1474 1214 1546 regis
1250 1473 1547 1528 humiliter
1574 1474 1912 1528 accedentes
1935 1473 2006 1528 ad

398 1565 993 1640 papam,rogaverunt
1020 1580 1151 1618 eum
1172 1562 1556 1628 familiariter,
1577 1565 1638 1616 ut
1654 1561 1789 1616 talia
1811 1561 2004 1634 prohi-

397 1658 592 1725 beret;
621 1657 837 1709 etcum
872 1651 1010 1707 nihil
1037 1652 1108 1706 ab
1141 1668 1208 1706 eo
1268 1651 1578 1723 impetrare
1629 1654 1880 1723 possent,
1913 1667 2005 1704 re-

397 1745 544 1800 versi
579 1746 710 1799 sunt
738 1740 1341 1804 maerentesQuadam
1363 1756 1495 1794 vero
1511 1739 1602 1794 die
1617 1756 1747 1793 cum
1773 1739 2006 1810 quidam

397 1833 611 1889 milites
637 1830 858 1904 prmfati
881 1827 1154 1901 principis
1180 1829 1333 1883 irent
1349 1829 1420 1882 ad
1451 1832 1708 1882 sanctum
1743 1829 2004 1892 Paulum,

2103 693 2390 749 oppressa.

2170 766 2396 820 Talibus
2415 766 2652 820 evolutis
2683 765 3222 832 machinationibus,
3245 765 3494 820 moritur
3528 765 3711 820 Ludo-

2104 853 2276 908 vvicus
2308 855 2415 924 (an.
2441 853 2592 926 875).
2621 855 2862 910 Mittitur
2890 855 3083 909 statim
3115 855 3318 908 citatus
3357 869 3387 907 a
3423 855 3707 920 Jobanne,

2106 943 2201 1016 qui
2231 947 2368 998 tunc
2395 947 2662 1016 praeerat,
2687 961 2720 998 a
2751 952 2796 984 ³⁵
2827 960 2975 1016 papa
3001 943 3302 1014 legatusad
3318 943 3568 998 eundem
3599 943 3709 998 Ca-

2105 1032 2424 1104 rolum,qui
2445 1034 2630 1088 nullas
2650 1033 2936 1087 veniendo
2961 1032 3176 1086 faciens
3200 1031 3709 1104 moras,ingressus

2105 1120 2325 1175 Italiam
2355 1121 2516 1192 petiit
2571 1123 2816 1176 Romam
2863 1122 2955 1192 (an
3012 1123 3139 1191 876)
3194 1120 3428 1176 Mittitur
3457 1121 3708 1192 denique

2107 1209 2249 1263 alius
2276 1209 2482 1263 missus
2509 1210 2581 1264 ab
2605 1226 2781 1264 uxore
2799 1210 3162 1282 imperatoris
3177 1211 3556 1281 Engelberga,
3569 1211 3710 1264 vela

2107 1297 2220 1352 suis
2252 1297 2598 1370 primatibus
2631 1299 2704 1353 ad
2735 1299 3289 1369 Carolummagnum
3321 1297 3628 1353 ostendens
3653 1299 3707 1353 ei

2109 1391 2240 1441 vota
2265 1387 2720 1459 defuncti.thui
2741 1388 2966 1457 longius
2988 1392 3132 1453 erat,
3167 1387 3349 1441 noluit
3371 1396 3416 1430 8°
3435 1393 3556 1442 tam
3590 1387 3705 1442 cito

2104 1475 2320 1543 venire,
2353 1480 2414 1530 ut
2461 1475 2742 1548 impedire
2774 1480 2964 1548 posset
2993 1477 3102 1530 iter
3154 1475 3340 1530 Caroli
3399 1475 3571 1530 Calvi.
3599 1475 3709 1540 Qui

2104 1565 2340 1619 veniens
2369 1565 2636 1631 Romam,
2670 1565 2963 1620 renovavit
2993 1567 3222 1636 pactum
3247 1581 3376 1620 cum
3412 1564 3708 1629 Romanis,

2106 1653 2436 1723 perdonans
2467 1653 2574 1707 illis
2603 1654 2739 1723 jura
2771 1653 2932 1721 regni
2980 1657 3037 1707 et
3066 1653 3510 1708 consuetudines
3537 1652 3709 1718 illius,

2108 1741 2370 1796 tribuens
2429 1743 2538 1796 illis
2586 1746 2847 1812 sumptus
2906 1742 2974 1796 de
3005 1743 3186 1796 tribus
3217 1742 3553 1814 supradictis
3583 1757 3712 1796 mo-

2108 1830 2465 1897 nasteriis,id
2504 1836 2589 1884 est
2617 1830 2837 1884 domini
2870 1831 3203 1898 Salvatoris,
3236 1834 3292 1885 et
3316 1831 3498 1884 beata:
3522 1828 3714 1884 Maria!

399 1925 460 1976 et
485 1918 1144 1986 reverterentur,accidit
1175 1934 1272 1972 eos
1289 1933 1589 1971 occurrere
1615 1915 1821 1970 talibus
1846 1918 2003 1972 laeta-
2029 1917 2080 1977 B
2106 1935 2338 1990 semper
2389 1919 2628 1990 virginis
2658 1919 2714 1972 in
2748 1919 2993 1986 Sabinis,
3046 1923 3216 1990 atque
3249 1919 3430 1973 sancti
3465 1918 3714 1973 Andreae

390 2009 521 2068 niis.
557 2008 664 2074 Qui
702 2007 979 2063 instinctu
1001 2006 1223 2078 antiqui
1243 2006 1420 2061 hostis
1444 2004 1666 2059 iniram
1694 2005 1837 2058 versi
1853 2009 2004 2073 sunt,

393 2103 453 2156 et
485 2115 590 2171 pro
620 2097 896 2153 fidelitate
929 2096 1013 2150 sui
1037 2095 1280 2150 senioris
1301 2093 1611 2148 vindictam
1629 2097 2010 2149 exercuerunt

391 2190 595 2244 contra
621 2187 768 2251 illos,
800 2184 1184 2270 percutientes
1214 2185 1272 2238 et
1287 2184 1572 2238 caedentes
1589 2181 1842 2252 graviter
1873 2199 2005 2237 cum

389 2275 655 2342 fustibus,
689 2291 834 2346 quas
888 2272 1158 2327 manibus
1190 2273 1549 2328 deferebant.
1581 2274 1687 2339 Qui
1719 2272 2009 2344 fugientes

396 2366 770 2440 projecerunt
793 2379 988 2418 cruces
1011 2365 1067 2417 et
1093 2362 1305 2429 iconas,
1335 2381 1477 2436 quas
1507 2364 1838 2436 portabant,
1867 2362 2011 2414 sicut

391 2473 521 2510 mos
546 2457 631 2508 est
659 2453 1018 2514 Graecorum,
1037 2469 1067 2504 e
1089 2451 1294 2523 quibus
1313 2454 1608 2506 nonnullm
1636 2452 2006 2516 conculcata),

391 2542 689 2597 nonnulla
722 2540 966 2614 diruptm
994 2542 1146 2594 sunt.
1173 2541 1335 2595 Unde
1359 2541 1742 2613 etimperator
1759 2540 2009 2610 graviter

391 2633 477 2686 est
508 2632 809 2701 permotus
835 2629 890 2682 in
923 2628 1090 2695 iram,
1121 2632 1177 2683 et
1199 2645 1301 2700 pro
1325 2646 1437 2700 qua
1467 2647 1634 2683 causa
1666 2629 2008 2701 apostolicus

398 2719 597 2775 mitior
629 2717 863 2773 effectus
889 2719 1298 2773 est.Profectus
1320 2722 1405 2772 est
1426 2719 1672 2790 denique
1695 2718 1848 2771 idem
1867 2735 2010 2789 pon-

395 2808 539 2863 tifex
557 2809 628 2863 ad
643 2811 907 2862 sanctum
931 2809 1190 2874 Petrum,
1226 2824 1438 2878 rogans
1461 2808 1878 2880 imperatorem
1903 2823 2007 2878 pro

399 2898 516 2953 suis
548 2896 686 2951 talia
717 2896 1079 2967 patrantibus
1105 2912 1119 2964 ;
1154 2898 1212 2951 et
1253 2898 1339 2950 vix
1369 2897 1631 2951 obtinere
1657 2897 1849 2950 valuit.
1881 2897 2007 2950 Jam

393 2987 590 3058 itaque
619 2985 772 3040 inter
801 3002 859 3039 se
889 2984 1204 3039 familiares
1235 2984 1420 3040 effecti
1443 2987 1814 3039 sunt.Tamen
1847 2985 2009 3057 regia

391 3073 644 3147 dignitas
666 3089 897 3144 semper
925 3073 1034 3127 fuit
1065 3075 1262 3128 Romae
1283 3073 1508 3145 suisque
1541 3073 2008 3146 conﬁniis,usque

393 3163 469 3218 ad
495 3163 672 3218 ﬁnem
711 3161 936 3216 dierum
970 3161 1506 3234 imperatoris,sicut
1544 3177 1715 3232 supra
1739 3163 2005 3232 praeliba-

2100 2009 2264 2079 juxta
2293 2011 2554 2063 montem
2570 2007 2986 2074 Soractis,etde
3001 2008 3219 2062 cteteris
3247 2025 3420 2080 quam
3450 2007 3716 2079 plurimis

2109 2096 2475 2150 monasteriis
2493 2097 2704 2151 fiscalia
2726 2096 3092 2168 patrimonia.
3123 2096 3340 2151 Patrias
3363 2101 3556 2151 autem
3571 2096 3712 2152 Sam

2113 2185 2224 2239 nia:
2263 2189 2321 2239 et
2352 2185 2628 2240 Calabria!
2651 2185 2817 2239 simul
2840 2202 2968 2239 cum
2984 2185 3253 2239 omnibus
3275 2185 3593 2240 civitatibus
3609 2186 3716 2241 Be-

2108 2273 2336 2329 neventi
2355 2273 2434 2328 eis
2451 2274 2950 2344 contulit,insuper
2971 2275 3041 2328 ad
3059 2275 3327 2328 decorem
3341 2273 3506 2343 regni
3522 2277 3717 2330 totum

2108 2363 2380 2416 ducatum
2403 2362 2762 2433 Spoletinum
2796 2379 2927 2416 cum
2951 2363 3170 2416 duabus
3188 2362 3506 2416 civitatibus
3532 2363 3721 2418 Thus-

2109 2451 2234 2517 cite,
2261 2451 2416 2522 quod
2443 2452 2639 2504 solitus
2689 2455 2810 2504 erat
2842 2451 3053 2505 habere
3086 2451 3203 2522 ipse
3231 2451 3363 2517 dux,
3383 2450 3440 2503 id
3475 2454 3559 2504 est
3589 2451 3720 2506 Ari-

2109 2542 2262 2595 cium
2285 2544 2343 2594 et
2374 2541 2647 2607 Clusium,
2682 2545 2970 2612 quatenus
2999 2544 3060 2595 ut
3090 2539 3255 2610 is,qui
3283 2544 3530 2610 praeerat
3557 2541 3724 2610 regia

2108 2630 2230 2683 vice
2265 2633 2420 2695 ante,
2468 2630 2742 2683 Romanis
2783 2629 3071 2683 videretur
3100 2631 3226 2698 post
3257 2645 3375 2682 esse
3406 2629 3720 2699 subjectus.

2115 2718 2381 2772 Removit
2403 2717 2576 2771 etiam
2593 2719 2663 2771 ab
2680 2717 2760 2770 eis
2775 2716 3722 2788 regiaslegationes.assiduitatem

2109 2808 2196 2860 vel
2233 2807 2602 2876 praesentiam
2625 2805 2952 2876 apostolica:
2975 2806 3289 2860 electionis.
3320 2805 3466 2869 Quid
3495 2806 3665 2876 plura
3695 2805 3726 2860 ?

2111 2897 2326 2951 Cuncta
2341 2895 2449 2950 illis
2465 2895 2708 2949 contulit
2735 2911 2861 2965 quin
2885 2893 3726 2964 voluerunt,quemadmodum

2110 2985 2322 3038 dantur
2352 2984 2471 3050 illa,
2500 3000 2626 3054 qua:
2660 3001 2764 3037 nec
2790 2986 2944 3036 recte
2962 2982 3347 3054 adquiruntur
3367 2999 3472 3035 nec
3494 2997 3722 3052 posses-

2109 3090 2240 3128 sura
2271 3078 2578 3145 sperantur
2611 3075 2627 3143 (_
2639 3077 2655 3126 t
2670 3074 2774 3137 26).

2183 3163 2401 3231 Fugato
2425 3163 2618 3234 itaque
2653 3163 2758 3216 isto
2790 3162 2994 3216 Carolo
3027 3178 3145 3232 prae
3169 3164 3330 3215 metu
3351 3159 3586 3214 alterius
3611 3159 3726 3214 Ca-

393 3255 522 3306 tum
561 3254 664 3306 est.
699 3251 778 3305 Eo
808 3267 943 3304 vero
967 3250 1300 3304 infirmante
1333 3254 1390 3303 et
1421 3251 1492 3304 ad
1523 3253 1846 3304 extremum
1873 3267 2006 3321 pro-
2031 3245 2078 3304 C
2109 3251 2217 3306 roli
2256 3255 2426 3317 (1'27).
2461 3252 2556 3324 qui
2589 3252 2877 3316 veniebat,
2913 3251 3262 3315 infirmatur,
3297 3254 3610 3320 antequam
3645 3248 3724 3303 de

391 3340 877 3412 pinquante,quia
907 3357 1024 3394 non
1055 3339 1308 3394 habebat
1333 3339 1722 3405 filium,volnit
1752 3339 1854 3392 sibi
1880 3356 2004 3392 suc-

403 3429 609 3485 cedere
624 3431 1178 3500 Carolummagnum
1201 3429 1272 3482 ad
1289 3428 1654 3500 suscipienda
1685 3429 2007 3499 imperialia

398 3518 796 3590 sceptra.Cum
826 3521 949 3574 haec
979 3519 1060 3572 ita
1091 3522 1390 3590 geruntur,
1429 3517 1672 3572 Romani
1707 3517 2006 3588 pontifices

396 3623 629 3678 semper
653 3623 756 3679 per
785 3611 1045 3664 oratores
1072 3609 1291 3661 litteras
1316 3616 1359 3648 ει
1395 3607 1707 3662 mittebant
1745 3607 2010 3662 invitato-

395 3695 513 3750 rias
543 3696 617 3750 ad
637 3696 906 3752 Carolum
953 3697 1192 3751 Calvum
1224 3712 1424 3767 regem
1457 3696 1830 3762 Francorum,
1865 3696 2008 3750 invi-

392 3787 584 3840 tantes
606 3802 741 3840 eum
757 3787 928 3840 clam.
955 3787 1023 3838 Et
1051 3785 1188 3857 quia
1217 3789 1342 3840 erat
1372 3785 1428 3838 in
1457 3785 1664 3839 litteris
1689 3786 1849 3858 quasi
1880 3787 2008 3857 phi-

391 3874 986 3946 losophus,rogabant
1007 3873 1197 3945 ,illum
1229 3873 1597 3945 supervenire
1641 3877 1810 3930 beato
1841 3877 2009 3930 Petro

391 3963 532 4018 etde
546 3962 834 4018 servitutis
837 3963 980 4034 jugo
995 3962 1066 4018 ad
1087 3962 1380 4035 propriam
1397 3963 1720 4020 libertatem
1737 3964 2011 4019 reducere

2109 3357 2293 3411 regno
2325 3340 2704 3411 egrederetur
2750 3341 2964 3394 ltalico.
3019 3340 3288 3409 Egressus
3318 3351 3570 3408 namque
3600 3336 3719 3402 vix,

2112 3430 2414 3485 defunctus
2445 3433 2528 3483 est
2555 3430 2668 3499 (an.
2705 3431 2850 3498 877').
2898 3428 2982 3481 Ad
3014 3428 3110 3481 illo
3137 3431 3331 3480 autem
3365 3425 3455 3480 die
3487 3426 3731 3480 honori-

2112 3520 2250 3573 ﬁcas
2279 3518 2724 3574 consuetudines
2753 3517 2928 3586 regias
2952 3515 3246 3587 dignitatis
3274 3531 3447 3568 nemo
3475 3513 3734 3585 impera-

2121 3611 2339 3669 torum,
2380 3623 2554 3661 nemo
2605 3621 2807 3674 regum
2841 3604 3174 3676 acquisivit;
3210 3603 3346 3675 quia
3397 3605 3494 3656 aut
3544 3601 3734 3657 virtus

2116 3696 2316 3762 defuit,
2350 3699 2450 3749 aut
2465 3693 2704 3748 scientia
2730 3710 2834 3764 pro
2853 3693 3047 3747 multis
3064 3691 3230 3763 regni
3255 3689 3737 3746 contentionibus

2116 3787 2174 3839 et
2197 3783 2436 3838 assiduis
2469 3782 2860 3848 divisionibus,
2891 3781 3044 3835 unde
3087 3782 3269 3835 multa
3313 3779 3534 3851 prtelia,
3566 3779 3734 3834 dela-

2115 3873 2322 3940 tiones,
2355 3875 2414 3926 et
2437 3871 2657 3942 rapinas
2688 3871 2924 3925 fuerunt
2951 3870 3008 3925 in
3041 3886 3244 3940 regno.

1725 4104 1958 4158 VARUE
1995 4103 2166 4159 LECT
2171 4102 2287 4157 ΙΟΝ
2294 4101 2394 4157 ES.

466 4235 512 4270 οι
544 4225 739 4281 literas
764 4225 880 4280 edd.
993 4235 1040 4269 ³⁸
1064 4227 1344 4283 delendum
1377 4245 1480 4282 esse
1505 4225 1728 4283 videtur.

1845 4234 1890 4266 80
1913 4227 2141 4295 fortasse
2161 4239 2279 4278 non
2307 4223 2504 4278 valuit.

1949 4369 2176 4427 NOTIE.

471 4497 618 4566 (126)
642 4498 716 4552 Ex
747 4498 970 4554 Ottonis
993 4500 1058 4552 lIl
1079 4498 1418 4570 diplomate.
1471 4496 1609 4550 Vide
1634 4493 2009 4570 Moii_ﬁ_er_m.,

405 4565 618 4642 Legum
647 4574 687 4625 t.
733 4571 866 4635 n.3,
891 4573 1012 4630 162,
1035 4565 1226 4624 lim—26
1258 4568 1578 4637 (Palro!og.,
1607 4571 1648 4620 t.
1683 4565 2008 4634 cxxxvm).

2188 4494 2334 4563 (127)
2373 4491 2600 4548 Scilicet
2630 4490 2834 4544 Crassi.
