3882 6230
201 471 3526 521 m

1616 689 1761 728 ANNO
1800 686 1990 727 DOIINI
2029 687 2128 727 IIII

603 951 1967 1148 SILVESTER
2158 954 2797 1143 PAPA
3022 954 3253 1141 ΙΙ.

1402 1355 2355 1487 (GERBERTUS)

518 1797 981 1889 NOTITIA
1026 1796 1620 1900 HISTORICA
1682 1796 1808 1883 IN
1860 1795 2578 1888 SILVESTRUM
2627 1797 3026 1888 PAPAM
3080 1799 3194 1887 ΙΙ.

1316 2029 1724 2101 (Natal.Alex.,
1753 2026 2024 2083 Saeculum
2053 2045 2106 2095 x,
2131 2044 2265 2100 pag.
2296 2030 2411 2103 36.)

272 2379 550 2452 ϐωεοτίο
571 2379 615 2433 V
639 2376 903 2433 success“
938 2376 1257 2465 ίδθτδθτιυδ
1310 2376 1545 2465 ηδιίοηθ
1593 2375 1810 2465 Qallus.
1829 2380 1885 2438 Α
1912 2393 2162 2464 quadam
2181 2392 2345 2446 stella
2366 2393 2673 2445 nautarum
2692 2389 2855 2444 duce.
2879 2389 3144 2445 Posthtec
3163 2393 3355 2448 autem
3373 2409 3522 2465 pra:-

194 2468 388 2542 patria
413 2467 754 2540 Aquitanus,
786 2464 992 2520 humili
1027 2481 1242 2536 genere
1260 2466 1448 2529 natus,
1471 2463 1815 2519 Auriliacen-

193 2559 273 2612 sis
303 2557 643 2623 monachus,
667 2553 876 2610 deinde
902 2552 1199 2609 Bobiensia
1214 2553 1409 2618 abbas,
1429 2551 1653 2606 Ottonis
1669 2554 1738 2605 ΙΙΙ
1758 2555 1815 2605 et

194 2645 435 2701 Roberti
447 2644 599 2715 regis
620 2644 973 2697 Francorum
991 2645 1332 2714 prazceptor,
1359 2639 1814 2712 archiepiscopus

196 2732 521 2799 Remensis,
541 2731 753 2786 deinde
770 2730 1241 2797 Ravennatensis,
1263 2728 1812 2800 Ottonisimperato-

198 2823 280 2878 ris
311 2820 575 2892 discipuli
601 2819 686 2873 sui
720 2820 915 2873 favore
948 2819 1007 2872 in
1035 2818 1232 2872 sedem
1281 2817 1653 2888 apostolicam
1683 2832 1812 2870 eve-

198 2915 345 2977 ctus,
374 2912 597 2964 mutato
628 2907 891 2974 nomine,
910 2907 1181 2963 Silvester
1198 2908 1242 2959 II
1264 2907 1602 2978 appellatus.
1622 2906 1813 2975 Ipsum

198 3000 415 3072 Hispali
445 3003 597 3053 artes
645 2997 907 3068 magicas
937 2998 995 3050 et
1025 2996 1485 3051 necromantiam
1530 2994 1810 3060 didicisse,

198 3090 533 3144 daemonem
554 3085 905 3140 familiarem
937 3083 1224 3151 habuisse,
1258 3083 1433 3137 etiam
1466 3100 1532 3137 ex
1563 3098 1675 3153 quo
1709 3081 1817 3136 fuit

198 3176 461 3248 pontifex
483 3175 674 3247 ipsum
708 3172 1061 3228 consuluisse
1089 3171 1159 3226 de
1182 3172 1485 3227 duratione
1515 3172 1644 3226 vitae
1675 3188 1811 3237 suae,

198 3266 273 3320 ab
292 3280 476 3336 eoque
489 3278 829 3335 responsum
848 3260 1040 3315 tulisse
1053 3260 1208 3332 quod
1223 3264 1357 3314 ante
1371 3260 1685 3314 moriturus
1697 3276 1814 3314 non

198 3338 351 3409 esset
362 3368 538 3425 quam
557 3351 793 3405 missam
814 3350 1156 3405 celebrasset
1172 3348 1230 3403 in
1255 3350 1591 3413 Jerusalem,
1618 3352 1675 3402 et
1705 3347 1816 3402 alia

188 3441 452 3496 absurda
480 3444 539 3495 et
568 3440 1002 3512 inepta,Benno
1039 3437 1564 3509 pseudocardinalis
1586 3441 1644 3490 et
1668 3436 1813 3491 schi-

195 3530 473 3586 smaticus
495 3533 697 3583 auctor
723 3530 1089 3582 commentus
1120 3531 1205 3582 est
1234 3529 1292 3581 et
1317 3526 1541 3598 scriptis
1574 3525 1813 3579 manda-

196 3619 491 3683 vit.Quam
506 3618 760 3673 fabulam
776 3617 833 3672 in
849 3616 1314 3672 Commentarios
1326 3633 1454 3670 suos
1467 3616 1714 3669 retulere
1727 3613 1814 3669 Si-

1913 2480 2064 2535 dicto
2104 2496 2256 2551 papa
2286 2479 2578 2546 defuncto,
2608 2478 2653 2533 is
2702 2478 2892 2550 gratia
2936 2478 3304 2550 imperatoris
3332 2481 3523 2538 eidem

1912 2570 2198 2636 successit,
2232 2571 2290 2623 et
2312 2585 2488 2640 usque
2520 2568 2592 2622 ad
2611 2571 2840 2631 tempus
2854 2567 3078 2622 Heurici
3100 2568 3253 2640 regis
3269 2570 3524 2642 sedebat,

1913 2658 2181 2714 Silvester
2224 2661 2475 2712 vocatus.
2508 2678 2535 2704 n
2565 2658 2644 2710 De
2693 2674 2760 2712 eo
2812 2656 3119 2729 Helgaldus
3158 2658 3527 2716 Floriacensis

1913 2747 2234 2801 monachus
2264 2746 2322 2799 in
2354 2745 2479 2799 Vita
2509 2745 2743 2800 Roberti
2766 2745 2918 2816 regis
2944 2744 3524 2813 Christianissimi,de

1913 2853 2028 2907 quo
2090 2836 2170 2889 ita
2222 2834 2495 2889 scribit:«
2527 2834 2652 2888 Fuit
2692 2834 2849 2889 idem
2914 2851 3012 2889 rex
3073 2836 3526 2906 sapientissimus

1914 2926 2259 2991 litterarum,
2280 2924 2439 2994 cujus
2458 2922 2883 2994 sapientissimo
2911 2922 3069 2978 cordi
3090 2922 3261 2979 insita
3287 2929 3453 2981 erant
3489 2944 3524 2982 a

1914 3014 2031 3067 Deo
2060 3013 2194 3067 data
2215 3012 2483 3083 perfectae
2523 3010 2774 3065 scientias
2827 3011 3001 3069 dona.
3033 3011 3177 3066 Nam
3207 3029 3242 3067 a
3270 3012 3527 3083 piissime

1915 3104 2100 3156 matre
2125 3101 2331 3155 scholae
2368 3100 2634 3155 Remensi
2668 3100 2932 3167 traditus,
2983 3101 3200 3155 domno
3250 3102 3524 3158 Gerberto

1915 3190 1988 3244 ad
2009 3189 2392 3243 erudiendum
2420 3193 2505 3243 est
2535 3189 2720 3255 datus,
2746 3188 2843 3260 qui
2865 3205 3000 3242 eum
3015 3188 3367 3243 sufficienter
3389 3191 3528 3245 libe-

1913 3278 2127 3332 ralibus
2182 3277 2493 3331 instrueret
2541 3276 2877 3348 disciplinis,
2926 3280 2987 3331 ut
3016 3276 3074 3330 in
3104 3277 3375 3332 omnibus
3408 3280 3524 3334 Deo

1915 3366 2299 3436 omnipotenti
2329 3368 2715 3436 complaceret
2736 3365 3038 3420 virtutibus
3059 3366 3245 3420 almis.
3266 3366 3529 3422 Factum-

1915 3472 2027 3526 que
2059 3454 2240 3509 estzis
2270 3454 2485 3525 quippe
2542 3452 2849 3508 Gerbertus
2879 3470 2984 3524 pro
3015 3454 3271 3508 maximo
3298 3473 3414 3510 sum
3444 3473 3530 3511 sa-

1915 3542 2145 3613 pientiae
2180 3540 2539 3611 merito,qua
2553 3543 2674 3594 toto
2707 3541 2975 3595 radiabat
3000 3540 3058 3593 in
3082 3542 3322 3609 mundo,
3341 3544 3528 3599 dona-

1912 3632 2029 3685 tivo
2062 3629 2219 3701 regis
2279 3628 2535 3699 Hugonis
2596 3645 2861 3693 munere,
2893 3629 3256 3699 pontiﬁcium
3288 3631 3529 3700 adeptus

199 3709 472 3782 gebertus
484 3707 557 3761 ad
571 3724 791 3761 annum
809 3709 1017 3777 998,qu
1025 3706 1206 3760 amvis
1219 3705 1290 3759 de
1303 3722 1372 3759 ea
1390 3704 1722 3759 dubitanter

1991 3735 2131 3773 lmen
2140 3734 2218 3784 se,
2243 3732 2359 3771 non
2378 3716 2571 3770 multis
2582 3716 2749 3770 annis
2762 3714 2901 3769 illud
2912 3715 3524 3787 adornavitsplendide

198 3795 710 3869 quatur;Martinus
722 3794 1056 3857 Polonus,S.
1076 3793 1407 3849 Antoninus
1418 3796 1562 3847 tom.
1583 3794 1628 3846 ll
1643 3792 1818 3847 Chro-

196 3885 341 3952 nic.,
358 3884 446 3939 tit.
472 3887 558 3950 l6,
577 3887 604 3953 §
622 3887 686 3938 18
705 3902 721 3952 ;
744 3883 1077 3939 Vincentius
1095 3881 1510 3938 Bellovacensis
1548 3881 1646 3938 lib.
1665 3897 1813 3948 xxiv,

198 3997 328 4052 cap.
360 3981 460 4041 88.
496 3979 803 4034 Wernerus
829 3977 1144 4045 Rolewink,
1191 3977 1249 4031 in
1273 3976 1557 4031 Fasciculo
1588 3979 1815 4046 tempo-

197 4084 365 4135 rum;
394 4067 713 4122 Willelmus
759 4066 1280 4123 Malmesburiensis
1308 4066 1406 4120 lib.
1471 4066 1599 4120 nde
1639 4065 1818 4119 Gestis

197 4172 408 4227 regum
436 4157 674 4227 Anglor.
692 4197 705 4222 ,
726 4172 852 4226 cap,
890 4159 981 4223 lO;
1027 4155 1452 4210 Centuriatores
1480 4154 1816 4225 Magdebur-

201 4259 429 4315 genses,
461 4246 519 4298 et
549 4243 795 4310 Platina,
826 4242 925 4297 lib.
956 4244 1027 4298 de
1052 4243 1190 4297 Vitis
1221 4242 1585 4314 pontificum,
1618 4241 1677 4295 in
1704 4242 1818 4297 SIL-

200 4349 409 4387 vasrno
435 4333 501 4386 II.
526 4332 739 4386 Verum
774 4332 924 4386 istud
980 4331 1325 4386 schismatici
1370 4330 1618 4386 auctoris
1657 4346 1815 4385 com-

199 4426 492 4490 mentum,
523 4422 677 4494 quod
696 4421 954 4477 historici
1016 4422 1190 4476 nimis
1245 4421 1463 4476 creduli
1512 4425 1571 4475 et
1627 4420 1819 4474 minus

197 4512 450 4567 accurati
469 4527 770 4583 excepere,
805 4510 983 4566 coaevi
1014 4510 1323 4583 scriptores
1344 4510 1666 4577 destruunt,
1683 4525 1817 4563 cum

202 4600 474 4655 laudibus
522 4603 810 4655 exornant
854 4600 1197 4655 Gerbertum
1246 4615 1346 4653 seu
1390 4598 1726 4653 Silvestrum
1748 4599 1816 4660 II,

200 4691 264 4744 et.
293 4690 414 4760 ejus
444 4688 651 4743 eximia
680 4688 1001 4759 prazdicant
1059 4688 1291 4742 merita.
1317 4689 1397 4742 De
1428 4704 1497 4743 eo
1530 4688 1819 4743 Ditmarus

200 4776 685 4848 Merseburgensis
724 4776 1023 4849 episcopus
1080 4776 1178 4832 lib.
1204 4793 1257 4831 v1
1288 4794 1301 4831 :
1327 4799 1354 4826 «
1388 4775 1682 4848 Superius,
1734 4776 1817 4830 in-

201 4866 351 4937 quit,
385 4865 456 4919 de
484 4865 792 4920 universali
824 4881 975 4938 papa
1003 4867 1273 4920 Brunone
1320 4865 1638 4935 disputans,
1683 4881 1816 4919 cum

199 4969 591 5008 successorem
622 4955 747 5025 ejus
791 4954 1131 5008 Gerbertum
1168 4956 1392 5009 tantum
1426 4954 1815 5019 nominarem,

1914 3809 1975 3862 in
2002 3807 2091 3862 his
2116 3823 2244 3878 qua:
2274 3806 2473 3859 forent
2510 3802 2832 3859 necessaria
2877 3805 3087 3857 sanctae
3132 3803 3412 3858 Ecclesiae.
3446 3807 3527 3862 Eo

1916 3911 2171 3967 namque
2193 3894 2489 3961 derelicto,
2505 3893 2925 3948 Ravennatium
2942 3892 3127 3946 factus
3145 3895 3433 3948 estrector
3451 3895 3525 3951 ab

1919 3985 2129 4040 Ottone
2157 3985 2245 4037 Ill.
2282 3984 2361 4038 De
2390 3998 2505 4054 quo
2536 3982 2609 4036 ad
2668 3982 3055 4053 apostolatum
3080 3980 3231 4035 Petri
3285 3983 3530 4052 apostoli

1917 4071 2257 4128 sanctissimi
2289 4071 2528 4125 festinus
2556 4071 2970 4131 conscendens,
3005 4070 3188 4124 multa
3231 4070 3290 4125 in
3317 4086 3386 4124 eo
3415 4070 3529 4126 vir-

1916 4165 2107 4216 tutum
2139 4164 2408 4232 operatus
2455 4162 2541 4213 est
2570 4159 2840 4231 insignia,
2874 4162 2932 4213 et
2962 4158 3250 4229 praecipue
3289 4160 3348 4214 in
3377 4160 3527 4214 elee-

1918 4266 2161 4321 mosyna
2184 4252 2382 4303 sancta
2410 4264 2585 4319 quam
2610 4247 2839 4302 fortiter
2874 4246 3082 4314 tenuit,
3114 4247 3253 4301 dum
3284 4247 3532 4302 fideliter

1916 4338 2072 4394 vixit.
2097 4339 2254 4391 Inter
2274 4341 2483 4390 caetera
2512 4335 2582 4391 de
2614 4352 2673 4390 se
2708 4337 2872 4391 laetus
2893 4338 2951 4389 et
2972 4334 3171 4390 hilaris
3193 4335 3275 4391 ita
3300 4335 3361 4390 in
3380 4336 3425 4391 R
3439 4336 3531 4392 lit-

1915 4430 2042 4481 tera
2084 4425 2247 4480 lusit:

1978 4556 2179 4607 Scandit
2205 4559 2270 4605 ab
2298 4558 2351 4604 ﬂ.
2386 4556 2654 4606 Gerbertus
2676 4557 2727 4606 in
2754 4560 2830 4618 R.,
2861 4564 2976 4619 post
2998 4572 3127 4620 papa
3163 4557 3337 4622 vigens
3366 4560 3421 4607 Β.

1917 4694 2034 4747 Hoc
2065 4694 2262 4762 aperte
2290 4691 2699 4747 demonstrans
2728 4692 2885 4763 quod
2903 4691 2964 4746 hi
2998 4695 3118 4747 tres
3169 4691 3533 4764 episcopatus

1917 4781 2188 4847 honores,
2230 4797 2374 4852 quos
2399 4780 2754 4851 professione
2776 4780 3059 4851 regularis
3081 4779 3211 4835 vitae
3224 4779 3408 4833 Patris
3425 4779 3527 4833 Be-

1918 4868 2128 4923 nedicti
2158 4868 2478 4923 monachus
2505 4868 2688 4923 factus
2726 4867 2993 4939 suscepit,
3044 4867 3191 4921 rexit
3219 4870 3279 4919 et
3316 4864 3526 4933 tenuit,

1916 4958 2084 5029 hujus
2111 4958 2157 5012 R
2174 4958 2381 5012 litterae
2408 4957 2573 5029 signo
2605 4958 2663 5011 in
2687 4957 2875 5028 capite
2894 4952 3346 5021 suntdeclarati;
3376 4975 3405 5001 ››
3427 4954 3529 5009 sci-

198 5046 268 5097 ut
297 5042 368 5097 de
393 5058 462 5097 eo
490 5043 657 5097 latius
683 5042 899 5115 aliquid
947 5044 1218 5111 scribam,
1248 5060 1368 5098 non
1430 5042 1818 5114 incongruum
1837 5046 1886 5106 C
1917 5048 2049 5102 licet
2076 5046 2365 5114 Remenszls,
2396 5044 2685 5102 Ravennas
2715 5049 2773 5100 et
2794 5045 3087 5100 Romanus.

200 5132 308 5185 est.
343 5129 477 5185 Erat
504 5131 550 5184 is
577 5134 747 5186 natus
773 5131 845 5186 de
872 5130 1124 5187 occiduis
1154 5131 1511 5203 regionibus,
1545 5148 1579 5184 a
1638 5147 1817 5202 puero

197 5218 423 5274 liberali
450 5222 575 5274 arte
602 5220 870 5287 nutritus,
908 5225 967 5275 et
991 5221 1066 5276 ad
1120 5221 1415 5288 ultimum,
1468 5221 1817 5275 Remensem

198 5308 406 5362 urbem
422 5309 495 5363 ad
510 5315 836 5380 regendum
843 5310 995 5381 juste
1006 5310 1565 5381 promotus.0ptime
1576 5310 1819 5364 callebat

202 5398 491 5451 astrorum
518 5413 717 5452 cursus
746 5398 1097 5467 discernere,
1131 5402 1193 5454 et
1211 5400 1675 5469 contemporales
1689 5415 1819 5452 suos

200 5484 541 5540 variac‘artis
575 5485 782 5540 notitia
803 5502 1097 5557 superare.
1148 5488 1246 5542 Hic
1272 5488 1509 5542 tandem
1540 5503 1576 5540 a
1604 5487 1818 5541 ﬁnibus

200 5572 314 5628 suis
333 5575 619 5646 expulsus,
655 5574 924 5630 Ottonem
959 5576 1123 5648 petiit
1144 5578 1583 5650 imperatorem,
1615 5578 1816 5629 etcum

200 5678 271 5742 eo
299 5661 398 5717 diu
425 5665 812 5725 conversatus,
833 5663 892 5716 in
905 5664 1257 5737 Magdeburg
1270 5663 1641 5733 horologium
1661 5662 1814 5727 fecit,

198 5749 341 5805 1llud
390 5751 546 5804 recte
595 5750 968 5821 constituens,
1016 5753 1377 5809 considerata
1424 5766 1527 5823 per
1558 5749 1811 5804 fistulam

1988 5136 2069 5189 De
2095 5135 2303 5189 eodem
2329 5134 2602 5205 pontifice
2633 5134 2838 5189 Glaber
2852 5130 3131 5186 Rodulfus
3147 5129 3250 5186 lib.
3275 5147 3293 5185 ι
3318 5129 3526 5187 Histor.

1918 5225 1997 5279 ita
2020 5223 2242 5278 scribit:
2264 5242 2295 5275 «
2320 5223 2629 5277 Accersens
2675 5222 2997 5292 imperator
3050 5219 3391 5285 Gerbertum
3416 5220 3527 5277 Ra-

1916 5329 2119 5367 vennae
2135 5308 2954 5383 archiepiscopum,constituit
2966 5309 3131 5365 illum
3144 5309 3526 5381 principalem

1918 5400 2315 5456 Romanorum
2336 5397 2669 5469 pontificem
2681 5400 2864 5471 .Isque
2878 5397 3187 5454 Gerbertus
3205 5397 3516 5454 oriunduse

1917 5489 2106 5543 Galliis
2131 5487 2364 5555 exstitit,
2395 5487 2692 5543 minorum
2725 5487 2899 5544 etiam
2932 5504 3142 5559 gerens
3174 5484 3525 5559 prosapiam,

1917 5578 2017 5631 sed
2038 5580 2234 5631 tamen
2249 5576 2487 5647 ingenio
2501 5577 2837 5645 acerrimus,
2852 5576 3183 5647 artiumque
3198 5572 3525 5629 liberalium
3579 5586 3586 5594 '

1917 5664 2118 5718 studiis
2147 5665 2473 5736 plenissime
2524 5665 2851 5721 instructus.
2905 5663 3154 5720 Proinde
3208 5664 3523 5716 Remorum

1916 5752 2091 5809 etiam
2121 5770 2154 5807 a
2180 5769 2317 5824 rege
2330 5752 2685 5810 Francorum
2706 5755 2947 5829 Hugone
2968 5753 3159 5809 fuerat
3182 5748 3523 5806 constitutus
