3882 6230
374 476 442 532 59
1689 466 2058 522 SILVESTER
2090 466 2270 522 PAPA
2310 466 2376 520 II.
3621 452 3701 507 ϐο

399 597 681 674 pontifex.
703 594 816 650 Sed
843 591 1120 665 quoniam
1149 591 1314 645 valde
1333 593 1456 646 erat
1475 607 1609 646 acer
1628 609 1691 646 ac
1704 591 1994 662 providus,
2013 597 2069 655 Α

391 687 724 758 intelligens
734 683 1038 740 Arnulfum
1058 681 1314 752 ejusdem
1333 681 1488 735 urbis
1501 681 1994 752 archiepiscopum

385 794 500 851 quo
529 776 753 830 vivente
786 772 1086 828 ordinatus
1114 769 1304 824 fuerat
1328 786 1394 822 ex
1421 786 1702 823 consensu
1733 769 1990 839 ejusdem

390 865 564 939 regis,
597 863 702 919 niti
732 861 791 916 in
817 861 1122 934 pristinam
1143 859 1448 914 reformari
1478 859 1994 926 sedem,cauteiter

388 953 692 1027 arripiens,
724 950 798 1005 ad
823 949 1160 1022 praedictum
1177 948 1408 1002 devenit
1423 947 1714 1002 Ottonem.
1737 945 1842 1011 Qui
1855 946 1992 1002 satis

387 1040 707 1098 honoriﬁce
760 1039 832 1093 ab
862 1038 1070 1092 eodem
1119 1040 1440 1108 susceptus:
1462 1051 1634 1106 quem
1667 1034 1844 1090 etiam
1875 1039 1990 1090 sta-

385 1130 491 1184 tim
517 1130 826 1194 Ravennte,
858 1125 995 1181 inde
1014 1141 1149 1180 vero
1181 1125 1457 1180 Romanas
1484 1123 1638 1178 urbis
1663 1123 1990 1178 sublimavit

381 1218 738 1292 pontificem.
773 1237 800 1264 »

460 1311 541 1364 De
573 1307 697 1378 ipso
721 1304 974 1378 episcopi
1007 1301 1651 1376 provinciaeBemensis,
1676 1300 1734 1354 in
1759 1301 1990 1355 decreto

393 1395 692 1452 electionis
719 1393 872 1449 illius
896 1393 970 1448 ad
1003 1392 1275 1447 eumdem
1303 1390 1878 1460 archiepiscopatum,
1913 1387 1992 1441 ita

391 1485 701 1556 scripsere:
725 1501 757 1534 ε
781 1483 891 1536 Nos
915 1480 1167 1552 episcopi
1208 1481 1523 1534 Remorum
1546 1477 1872 1540 dimceseos,
1904 1491 1990 1528 se-

391 1573 642 1628 cundum
661 1569 1098 1626 constitutiones
1121 1571 1376 1634 Patrum,
1399 1567 1593 1620 favore
1606 1569 1664 1619 et
1685 1564 1996 1618 conniven-

391 1661 473 1716 tia
503 1660 798 1732 utriusque
831 1658 1103 1731 principis
1125 1657 1331 1723 nostri,
1365 1655 1566 1710 domui
1597 1653 1851 1725 Hugonis
1879 1654 1992 1705 Au-

395 1748 569 1822 gusti,
602 1751 661 1802 et
690 1745 1316 1817 excellentissimiregis
1337 1743 1590 1810 Roberti,
1615 1759 1846 1796 assensu
1859 1757 1995 1812 quo-

395 1854 506 1910 que
537 1853 740 1891 eorum
773 1835 868 1908 qui
881 1835 982 1890 Dei
1001 1838 1133 1888 sunt
1153 1834 1208 1888 in
1238 1835 1390 1888 clero
1404 1837 1462 1886 et
1492 1829 1995 1904 populo,eligimus

2159 593 2274 640 Post
2299 604 2486 639 annum
2518 591 2728 636 Romam
2751 585 2946 632 mutato
2969 576 3174 628 nomine
3207 572 3425 640 sumpsit

2221 657 2280 702 Ut
2301 658 2407 701 toto
2441 657 2614 714 pastor
2638 649 2780 714 fieret
2801 645 2926 714 orbe
2949 655 3126 714 novusj

2155 701 2244 766 Cui
2269 701 2479 776 nimium
2509 710 2697 776 placuit
2726 706 2899 776 sociali
2927 710 3092 776 ruente
3115 701 3294 776 fidelis,

2219 777 2406 826 Obtulit
2430 765 2528 824 hoc
2559 776 2723 822 Caesar
2752 773 2928 818 tertius
2956 771 3067 816 Otto
3097 765 3194 812 sibi

2151 825 2367 904 Tempus
2403 846 2612 900 uterque
2641 834 2796 904 comit
2818 833 2952 904 clarii
2968 829 3152 904 virtute
3177 825 3370 887 sophia
3396 845 3408 882 ;

2215 891 2409 951 Ga'udet
2433 908 2482 948 et
2506 891 2654 948 omne
2675 897 2878 944 seclum.
2916 891 3161 953 frangitur
3181 902 3326 953 omne
3347 901 3504 936 reum.

2149 965 2397 1026 Clavigeri
2429 963 2589 1026 instar
2622 956 3012 1026 eratceelorum,
3037 951 3166 1000 'sede
3191 951 3396 1026 potitus,

2211 1019 2374 1074 Tel-Vna
2401 1023 2638 1072 suffectus
2663 1021 2740 1069 cui
2767 1020 2874 1067 vice
2905 1019 3224 1082 pastor_erat_.
3307 1073 3316 1082 .

2153 1093 2250 1139 Iste
2273 1091 2431 1135 vicem
2459 1085 2588 1148 Petri
2612 1091 2876 1148 postquam
2901 1075 3139 1148 suscepit.
3175 1075 3344 1137 abegit

2215 1149 2424 1200 Lustrali
2451 1140 2624 1212 spatio'
2638 1140 2823 1212 saecula
2845 1147 3009 1190 morte
3037 1140 3132 1212 sui.

2151 1213 2381 1271 Obriguit
2411 1199 2628 1259 mtindus
2657 1208 2892 1271 discussa
2915 1217 3036 1267 pace
3061 1199 3371 1271 _triumphus,

2219 1264 2448 1323 Ecclesiae
2474 1279 2654 1320 nutans
2671 1264 3175 1328 dedidicit'requiem.

2153 1339 2354 1397 Sergius
2384 1335 2514 1382 hunc
2544 1331 2761 1382 loculum
2808 1323 3134 1397 mitibpiétate
3157 1323 3412 1396 sacerdos,

2213 1387 2577 1453 S‘uccessorque
2599 1409 2720 1442 suus
2743 1392 2959 1453 compsit
2985 1403 3157 1453 amore
3183 1387 3281 1453 sui.

2154 1446 2386 1524 Quisquis
2411 1459 2472 1507 ad
2496 1446 2630 1524 hunc
2654 1446 2901 1524 tumulum
2922 1452 3105 1524 devexa
3137 1448 3324 1521 Iumina
3346 1446 3520 1504 vertis,

2215 1513 2541 1584 omnipotens
2570 1519 2771 1568 Domine
2799 1516 2877 1564 dic
2903 1517 3141 1562 miserere
3163 1513 3258 1560 sui.

2167 1655 2534 1712 Occasionem
2562 1651 2721 1706 dedit
2773 1647 3027 1719 (lugendi
3065 1645 3250 1716 ipsum
3294 1642 3534 1714 magicis
3567 1642 3710 1697 arti-

2095 1747 2200 1800 bus
2229 1743 2488 1799 dedilum
2541 1740 2732 1805 fuisse,
2759 1753 2988 1791 summa
3028 1734 3151 1805 ejus
3178 1733 3236 1786 in
3271 1730 3709 1786 mathematicis

2095 1834 2322 1906 peritia,
2347 1832 2403 1886 in
2437 1830 2596 1886 novis
2622 1825 2935 1897 horologiis
2955 1824 3192 1894 aliisque
3225 1819 3509 1876 machinis
3529 1836 3708 1875 exco-

401 1907 568 1980 ἧοῢίε
599 1924 1094 1994 αῑοιιὶθρὶεοοριιω
1126 1922 1396 1976 abbatem
1427 1920 1788 1985 Gerbertum,
1826 1919 1994 1972 mtate
2024 1911 2074 1969 Β
2095 1921 2346 1994 gitandis
2362 1919 2710 1974 acerrimum
2732 1913 3054 1984 ingenium,
3076 1911 3134 1964 in
3155 1907 3518 1981 perﬁciendis
3537 1907 3712 1962 indu-

395 2015 686 2068 maturum
699 2055 712 2080 ,
737 2015 945 2067 natura
974 2010 1341 2083 prudentem,
1357 2007 1691 2075 docibilem,
1705 2005 1994 2060 affabilem

394 2100 848 2156 misericordem.
883 2140 896 2151 .
955 2101 1129 2170 llujus
1177 2100 1354 2153 vitam
1408 2114 1472 2152 ac
1505 2113 1698 2152 mores
1737 2115 1770 2150 a
1816 2111 1994 2167 puero

393 2207 680 2256 novimus,
710 2189 967 2244 studium
998 2189 1055 2242 in
1082 2188 1286 2242 divinis
1309 2204 1374 2242 ac
1407 2187 1679 2241 humanis
1709 2186 1879 2240 rebus
1908 2202 1998 2238 ex-

391 2278 538 2352 perti
552 2295 777 2346 sumus;
806 2278 976 2348 hujus
992 2276 1242 2331 consiliis
1258 2293 1322 2330 ac
1337 2275 1668 2346 magisterio
1692 2273 1996 2327 informari

394 2368 727 2440 quaerimus,
751 2367 874 2437 ejus
903 2365 1248 2420 electionem
1271 2363 1680 2418 subscribendo
1697 2363 1999 2417 confirma-

395 2471 544 2510 mus.
577 2476 605 2504 »
636 2457 828 2526 Ipsum
849 2453 1221 2524 GregoriusV
1256 2452 1510 2524 pontifex
1546 2451 1794 2522 optimus
1824 2455 1882 2504 et
1906 2467 1996 2504 ec-

398 2543 728 2599 clesiasticae
740 2541 1186 2597 studiosissimus
1196 2540 1333 2613 pisci
1339 2541 1510 2614 plina:
1523 2539 1595 2594 ad
1609 2541 1997 2594 Ravennatem

401 2632 964 2704 archiepiscopatum
991 2631 1196 2699 evexit,
1224 2630 1531 2703 multisque
1557 2630 1782 2685 ornavit
1824 2627 1998 2700 privi-

398 2719 564 2793 legiis
595 2721 668 2776 ob
699 2719 912 2774 eximia
940 2721 1062 2792 ejus
1083 2719 1312 2774 merita.

473 2808 834 2880 Stephanum
852 2809 1214 2880 Ungarorum
1234 2825 1431 2880 regem
1452 2807 2003 2879 sanctissimum,qui

403 2899 768 2954 Pannoniam
795 2898 868 2952 ad
889 2897 1096 2952 Christi
1125 2897 1300 2952 ﬁdem
1333 2897 1696 2968 perduxerat,
1719 2897 1872 2968 regis
1897 2914 2000 2950 no-

393 2986 558 3042 mine
583 2987 859 3058 regioque
889 2986 1216 3041 diademate
1242 2985 1505 3040 Silvester
1522 2987 1564 3040 ll
1587 2985 1999 3054 cohonestavit,

404 3091 635 3130 crucem
666 3077 800 3130 ante
821 3075 1032 3148 ipsum,
1052 3091 1154 3129 ceu
1183 3074 1771 3146 apostolatusinsigne
1791 3073 2002 3146 gestari

2095 2010 2252 2076 stria,
2277 2026 2403 2080 qua:
2425 2006 2551 2062 rudi
2570 2005 2798 2069 saeculo,
2816 1999 3115 2056 ineruditis
3125 1996 3710 2067 hominibus,absque

2095 2097 2367 2156 familiari
2393 2093 2566 2167 genio
2594 2097 2651 2147 et
2671 2090 2954 2146 daamonis
2980 2104 3088 2158 ope
3120 2085 3244 2140 fieri
3279 2102 3398 2140 non
3428 2100 3595 2156 posse
3623 2082 3710 2138 vi-

2097 2189 2404 2242 debantur.
2429 2186 2744 2238 Rumorem
2789 2179 3049 2250 ineptum
3105 2175 3260 2229 auxit
3306 2189 3535 2228 summa
3583 2172 3714 2243 ejus

2096 2277 2360 2341 felicitas,
2390 2271 2545 2346 quod
2571 2287 2784 2341 nempe
2811 2269 2896 2322 vir
2939 2265 3230 2336 ignobilis,
3262 2281 3327 2317 ex
3357 2264 3609 2317 claustro
3634 2261 3715 2316 ad

2098 2367 2289 2422 aulam
2324 2363 2700 2434 penetrasset,
2751 2356 2904 2429 quod
2952 2353 3116 2408 facile
3165 2370 3224 2406 se
3266 2350 3618 2405 insinuasset
3649 2349 3714 2404 in

2099 2452 2416 2510 amicitiam
2443 2449 2790 2521 principum,
2823 2445 2978 2518 quod
3001 2440 3526 2513 archiepiscopatus
3559 2439 3717 2494 duos

2097 2542 2292 2598 Galliae
2319 2544 2377 2594 et
2405 2538 2582 2593 Italiae
2611 2534 2923 2608 primarios
2971 2529 3333 2596 obtinuisset,
3359 2544 3424 2582 ac
3465 2527 3716 2582 demum

2101 2631 2172 2686 ad
2198 2629 2394 2684 sedem
2419 2624 2774 2698 pontiﬁciam
2803 2625 2950 2676 esset
2989 2621 3306 2692 provectus.
3339 2638 3366 2666 «
3396 2617 3524 2670 Hinc
3577 2616 3715 2669 vul-

2103 2720 2320 2793 gariter
2345 2718 2478 2771 ﬁcta
2514 2715 2595 2784 (ut
2650 2710 2914 2766 Willelmi
2959 2704 3478 2764 Malmesburiensis
3515 2705 3719 2759 verbis

2101 2807 2446 2874 utamur),eo
2465 2803 2619 2876 quod
2637 2796 3470 2870 soleatpopuluslitteratorum
3489 2793 3718 2848 famam

2104 2897 2334 2962 laedere,
2368 2894 2562 2948 dicens
2595 2891 2754 2945 illum
2822 2888 2976 2959 loqui
3006 2903 3137 2941 cum
3190 2885 3478 2948 (1&1110118,
3533 2898 3719 2952 quem

2104 2987 2162 3040 in
2197 2984 2388 3055 aliquo
2414 2981 2621 3036 viderit
2642 2979 3013 3034 excellentem
3040 2990 3235 3046 Opere.
3271 2971 3433 3026 Unde
3482 2971 3720 3024 Boetius

2104 3075 2161 3128 in
2184 3072 2330 3128 libro
2361 3072 2432 3126 de
2455 3067 2858 3125 Consolatione
2881 3061 3256 3136 philosophia:
3270 3059 3530 3132 queritur
3574 3075 3718 3130 pro-

397 3167 590 3238 jussit,
617 3145 882 3220 ecclesias
911 3164 969 3218 in
1003 3165 1122 3235 ejus
1168 3145 1482 3218 ditionibus
1511 3145 1847 3218 constitutas
1896 3163 2002 3232 ipsi
2024 3195 2070 3252 ρ
2103 3165 2232 3235 pter
2261 3160 2514 3214 studium
2531 3155 2826 3229 sapientiae
2843 3171 2902 3207 se
2916 3153 2986 3206 de
2999 3151 3206 3206 talibus
3223 3149 3510 3212 notatum,
3545 3145 3718 3216 quasi

401 3254 754 3310 ordinandas
796 3253 1045 3325 reliquit,
1079 3251 1533 3324 Strigoniensem
1567 3249 1900 3318 Ecclesium,
1933 3267 2002 3306 eo
2025 3233 2070 3252 υ
2103 3233 2510 3306 conscientiam
2523 3262 2686 3300 suam
2707 3241 3004 3313 sacrilegio
3019 3238 3312 3310 polluisset
3337 3236 3410 3291 ob
3425 3233 3721 3289 ambitum

397 3347 644 3416 rogante
676 3342 1046 3414 metropolim
1075 3342 1391 3408 constituit,
1418 3345 1656 3396 caeteros
1685 3341 2000 3413 episcopos,

383 3434 751 3505 gentemque
767 3434 949 3486 totam
963 3431 1276 3502 apostolica
1287 3430 1688 3486 benedictione
1701 3429 2003 3484 conﬁrma-

399 3521 498 3589 vit,
524 3524 586 3575 ut
643 3523 883 3576 testatur
912 3519 1215 3575 Cartuitius
1242 3521 1539 3591 episcopus
1555 3519 1614 3572 in
1661 3519 1781 3574 Vita
1801 3519 1859 3574 S.
1883 3518 2004 3573 Ste-

399 3609 576 3683 phani
605 3609 758 3682 regis
781 3610 1164 3681 Ungarorum,
1190 3609 1342 3681 apud
1363 3607 1618 3676 Surium,
1652 3608 1726 3662 ad
1758 3607 1914 3662 diem
1936 3609 2003 3661 2O

398 3697 654 3770 Augusti.
683 3698 904 3753 Arnulfi
929 3699 1228 3754 Remensis
1253 3695 1667 3768 archiepiscopi
1697 3695 2006 3750 restitutio-

398 3803 535 3842 nem
555 3787 916 3843 conﬂrmavit
933 3787 1202 3843 Silvester
1222 3788 1288 3854 Il,
1307 3803 1376 3841 ea
1395 3788 1518 3840 arte
1535 3801 1600 3839 ac
1611 3784 2007 3856 prudentia,ut

399 3875 468 3931 iis
496 3894 624 3949 qua:
656 3876 714 3930 in
743 3876 933 3947 ipsum
951 3877 1254 3948 scripserat
1273 3873 1662 3930 aemulationis
1687 3875 1746 3926 et
1765 3875 2002 3927 conten-

400 3964 574 4020 tionis
605 3965 860 4038 ingenio,
884 3969 942 4020 et
971 3965 1114 4020 actis
1137 3963 1340 4035 synodi
1372 3960 1670 4016 Remensis
1700 3961 1758 4015 in
1777 3977 1890 4032 qua
1911 3961 2005 4016 de-

401 4053 621 4126 positus
647 4054 857 4123 fuerat,
889 4071 1007 4112 non
1049 4054 1380 4124 derogaret,
1412 4054 1472 4105 et
1495 4049 1643 4104 sedis
1679 4051 2002 4120 apostolicae

402 4142 730 4198 auctoritati
769 4145 1113 4199 consuleret.
1144 4141 1308 4196 Unde
1339 4143 1396 4194 et
1448 4146 1624 4194 reatus
1675 4141 2003 4196 conscientia.v

401 4233 688 4299 meminit,
717 4235 776 4288 et
804 4232 1120 4306 quibusdam
1141 4229 1433 4300 excessibus
1464 4228 1769 4298 pontiﬁcali
1810 4229 2004 4285 honore

401 4325 680 4394 privatum
711 4321 916 4378 asserit
943 4323 1000 4374 in
1033 4319 1275 4390 epistola
1330 4317 1402 4371 ad
1452 4317 1636 4388 ipsum
1685 4317 1845 4385 data;
1865 4324 1922 4374 et
1951 4319 2002 4373 ei

402 4411 707 4467 subvenire
727 4428 788 4465 se
819 4409 978 4474 dicit,
1007 4411 1070 4462 ut
1101 4407 1233 4480 quia
1283 4406 1400 4475 ejus
1448 4405 1709 4460 abdicatio
1765 4405 2005 4462 Romano

2103 3336 2418 3408 dignitatis.
2443 3335 2569 3388 Non
2589 3332 2954 3398 conveniebat,
2983 3328 3192 3400 inquit,
3225 3325 3602 3379 vilissimorum
3627 3340 3718 3377 me

2100 3429 2382 3498 spirituum
2401 3423 2657 3495 presidia
2704 3427 2935 3491 captare,
3010 3433 3164 3488 quem
3234 3421 3290 3467 tu
3333 3414 3390 3466 in
3439 3412 3577 3464 hanc
3622 3428 3718 3465 ex-

2101 3515 2395 3570 cellentiam
2455 3511 2816 3582 componebas,
2863 3514 2925 3562 ut
2971 3502 3298 3559 consimilem
3325 3501 3439 3556 Deo
3473 3499 3710 3570 faceres,

2102 3605 2278 3676 Atqui
2319 3604 2419 3658 hoc
2446 3605 2555 3672 ipso
2596 3599 2838 3654 videmur
2860 3595 3051 3664 afﬁnes
3092 3591 3370 3658 maleﬁcio,
3422 3587 3564 3660 quod
3612 3591 3723 3642 tuis

2105 3693 2294 3746 imbuti
2350 3691 2660 3761 disciplinis,
2728 3687 2832 3739 tuis
2881 3683 3116 3737 instituti
3169 3679 3403 3734 moribus
3444 3695 3650 3732 sumus.
3687 3696 3718 3726 »

2105 3780 2324 3853 Ingenii
2352 3783 2410 3834 et
2439 3773 2776 3833 eruditionis
2806 3789 2922 3828 suae
2948 3770 3228 3826 nonnulla
3255 3765 3488 3838 reliquit
3509 3782 3722 3821 monu-

2104 3872 2304 3924 menta
2333 3867 2598 3922 Silvester
2650 3865 2718 3929 ll,
2746 3862 2957 3916 librum
3000 3858 3210 3914 scilicet
3263 3856 3334 3910 de
3359 3853 3715 3921 Geometria,

2104 3975 2279 4030 quem
2309 3957 2368 4010 in
2393 3953 2743 4010 bibliotheca
2772 3949 3126 4004 Farnesiana
3150 3964 3208 4000 se
3230 3943 3434 4016 legisse
3461 3945 3714 3997 testatur

2104 4044 2432 4117 Onuphrius
2448 4041 2734 4097 Panvinus
2750 4035 3294 4094 inAdnotationibus
3311 4033 3384 4088 ad
3401 4031 3714 4098 Platinam;

2103 4135 2317 4198 librum
2333 4132 2402 4186 de
2416 4129 2680 4185 Numeris
2694 4128 2768 4182 ad
2783 4124 3225 4182 Constantinum
3239 4120 3594 4177 monachum
3613 4119 3716 4173 Flo

2103 4222 2452 4286 riacensem,
2476 4223 2534 4272 et
2560 4219 2864 4290 plerasque
2911 4214 3184 4284 epistolas
3212 4211 3436 4272 breves,
3465 4223 3593 4278 quae
3623 4224 3720 4262 ex-

2106 4315 2259 4366 stant
2283 4307 2496 4380 partim
2522 4308 2580 4360 in
2614 4305 2882 4360 Biblioth.
2935 4304 3067 4368 PP.,
3108 4299 3276 4354 edita:
3324 4314 3391 4352 ex
3429 4295 3555 4350 cod.
3613 4296 3720 4348 Pa-

2108 4397 2255 4472 pyrii
2283 4394 2546 4462 Massoni,
2585 4393 2796 4468 partim
2829 4397 2975 4446 tom.
3001 4391 3046 4444 II
3067 4385 3326 4443 Historia:
3358 4385 3717 4438 Francorum

402 4519 612 4557 assensu
659 4502 858 4567 caruit,
893 4471 1152 4552 Romanis
1185 4471 1400 4567 pietatis
1455 4513 1667 4550 munere
1709 4503 2002 4567 τερατείαν,
2033 4481 2087 4540 Ι)
2106 4471 2352 4542 Andreae
2383 4483 2709 4540 Duchesnii.
2751 4481 2989 4552 Scripta:
3021 4481 3156 4531 sunt
3186 4477 3320 4528 ante
3350 4473 3500 4567 illius
3519 4471 3718 4567 ponti-

403 4590 558 4647 Obiit
581 4591 849 4646 Silvester
867 4589 913 4642 II
938 4591 1003 4641 l2
1051 4585 1179 4640 Maii
1235 4602 1387 4641 anno
1419 4585 1622 4642 Christi
1676 4589 1831 4654 1003,
1874 4602 2006 4641 cum

401 4697 584 4735 annos
614 4682 863 4751 quatuor
892 4679 951 4730 et
976 4691 1202 4729 menses
1226 4677 1340 4729 tres
1369 4677 1452 4730 vel
1481 4677 1732 4748 quatuor
1746 4674 2002 4728 sedisset.

280 4788 298 4809 ο
402 4770 512 4842 Ipsi
538 4771 648 4824 hoc
693 4764 1053 4838 epitaphium
1107 4763 1295 4836 posuit
1359 4763 1590 4838 Sergius
1645 4763 1713 4817 IV
1744 4762 2004 4834 pontifex

400 4858 696 4922 Maximus,
736 4853 894 4925 quod
923 4853 1212 4908 Bennonis
1237 4853 1691 4922 calumniam,ab
1715 4851 1840 4904 aliis
1871 4850 2006 4903 sim-

400 4945 733 5018 plicioribus
753 4945 810 4996 et
833 4940 1004 4996 nimis
1031 4941 1273 4998 credulis
1297 4943 1669 5015 scriptoribus
1681 4940 2000 5008 exceptam,

395 5035 654 5091 funditus
693 5031 967 5086 subvertit
993 5048 1006 5086 :

463 5198 564 5248 late
591 5191 733 5242 locus
757 5192 925 5242 mundi
948 5193 1166 5243 Silvestri
1198 5193 1425 5242 membra
1449 5187 1632 5252 sepulti

519 5257 740 5304 Ventura
766 5255 968 5304 Domino
995 5256 1222 5306 conferet
1253 5255 1320 5303 ad
1345 5253 1566 5302 sonitum

457 5324 611 5380 Quem
634 5317 839 5367 dederat
855 5319 1044 5368 mundo
1077 5319 1329 5380 celebrem
1348 5311 1647 5380 doctissima
1672 5307 1818 5369 virgo

520 5389 674 5444 Atque
697 5388 847 5444 caput
867 5381 1040 5430 mundi
1067 5379 1296 5444 culmina
1322 5373 1578 5444 Romulea.

461 5434 684 5494 Primum
704 5434 971 5493 Gérbertus
991 5441 1174 5492 meruit
1202 5437 1518 5498 Francigena
1542 5434 1660 5481 sede

519 5509 774 5578 Mensis
794 5507 966 5578 ιτρριιιι
990 5495 1542 5578 ωθφῖεξρςξιὲξιξ-ιξεὶιῐέεὲ

454 5571 568 5621 Inde
592 5559 898 5620 Ravennatis
925 5569 1116 5614 meruit
1137 5559 1478 5610 donscendere
1498 5569 1754 5606 summum

512 5634 744 5685 Ecclesiae
771 5629 1000 5694 regimen
1024 5623 1212 5685 nobile,
1235 5622 1409 5686 sicque
1435 5626 1610 5684 potens

2108 4577 2366 4641 ﬁcatum,
2395 4577 2458 4627 et
2485 4571 2777 4626 nonnulla),
2815 4571 2950 4622 sunt
2996 4567 3053 4619 in
3079 4565 3364 4617 Joannem
3387 4559 3472 4612 XV
3521 4557 3719 4627 ponti-

2108 4666 2276 4720 ficem
2309 4661 2628 4716 maximum
2661 4657 2942 4712 duriores.
2996 4647 3257 4706 Gerberti
3296 4645 3600 4714 epistolam
3641 4647 3721 4699 ad

2108 4750 2549 4808 Constantinum
2571 4745 2926 4802 monachum
2955 4737 3380 4794 Floriacensem
3394 4733 3474 4786 De
3490 4731 3720 4801 spherae

2106 4837 2552 4902 constructione,
2585 4837 2642 4888 et
2671 4844 3003 4886 sermonem
3034 4821 3334 4896 egregium
3350 4819 3721 4876 Deinforma-

2107 4930 2266 4984 tione
2297 4925 2725 4995 episc0porum,
2759 4916 2942 4972 edidit
2962 4917 3024 4970 P.
3081 4909 3435 4968 Mabillonius
3477 4911 3639 4963 tome
3671 4911 3721 4962 II

2105 5018 2376 5070 Veterum
2396 5012 2833 5065 Analectorum.
2869 5005 3067 5060 Eidem
3092 4998 3494 5057 ascribendum
3517 4999 3721 5051 censet

2105 5101 2461 5160 Libellumin
2490 5097 2803 5170 quemdam
2838 5089 3136 5165 Porphyrii
3191 5089 3404 5149 locum,
3436 5085 3596 5156 cujus
3625 5084 3718 5138 Li-

2105 5191 2244 5248 belli
2273 5187 2536 5261 praafatio
2577 5186 2651 5242 ad
2693 5185 2968 5240 Ottonem
2990 5183 3060 5236 III
3114 5177 3533 5248 imperatorem
3562 5173 3723 5228 edita

2105 5282 2193 5336 est
2212 5281 2375 5333 tomo
2407 5277 2878 5331 IAnalectorum.
2910 5270 3179 5344 Ejusdem
3215 5261 3629 5329 Geometriam,
3661 5265 3722 5318 et

2104 5367 2688 5440 Rhythmomachiam
2710 5365 2767 5420 in
2789 5355 3445 5419 bibliothecaeThuaueaa
3473 5368 3584 5407 ms.
3635 5368 3728 5406 co-

2103 5459 2232 5514 dice
2250 5460 2466 5512 exstare
2485 5472 2618 5512 mox
2644 5455 2905 5510 laudatus
2918 5445 3280 5508 Mabillonius
3299 5445 3541 5498 testatur
3553 5443 3721 5495 tomo

2101 5551 2154 5605 ll
2189 5547 2621 5616 Analectorum,
2655 5561 2785 5618 pag.
2823 5546 2946 5598 215.
