  <div class='ocr_page' id='page_1' title='image "/cluster/home/n/w/nwhite01/storage/ocr_20150623/139/uva.x000829787/036.png"; bbox 0 0 3882 6230; ppageno 0'>
   <div class='ocr_carea' id='block_1_1' title="bbox 244 461 3564 533">
    <p class='ocr_par' dir='ltr' id='par_1_1' title="bbox 244 461 3564 533">
     <span class='ocr_line' id='line_1_1' title="bbox 244 461 3564 533; baseline 0.008 -27"><span class='ocrx_word' id='word_1_1' title='bbox 244 469 306 523; x_wconf 67' lang='grc' dir='ltr'>δι</span> <span class='ocrx_word' id='word_1_2' title='bbox 1539 461 1813 519; x_wconf 60' lang='lat' dir='ltr'>norma</span> <span class='ocrx_word' id='word_1_3' title='bbox 1851 463 2283 522; x_wconf 66' lang='lat' dir='ltr'>mnsam.</span> <span class='ocrx_word' id='word_1_4' title='bbox 3493 476 3564 533; x_wconf 76' lang='lat' dir='ltr'>cz</span> 
     </span>
    </p>
   </div>
   <div class='ocr_carea' id='block_1_2' title="bbox 252 591 3553 622">
    <p class='ocr_par' dir='ltr' id='par_1_2' title="bbox 252 591 3553 622">
     <span class='ocr_line' id='line_1_2' title="bbox 252 591 3553 622; baseline -0 -7"><span class='ocrx_word' id='word_1_5' title='bbox 252 591 3553 622; x_wconf 55' lang='lat' dir='ltr'>mm</span> 
     </span>
    </p>
   </div>
   <div class='ocr_carea' id='block_1_3' title="bbox 1116 716 2685 829">
    <p class='ocr_par' dir='ltr' id='par_1_3' title="bbox 1116 716 2685 829">
     <span class='ocr_line' id='line_1_3' title="bbox 1116 716 2685 829; baseline -0.001 0"><span class='ocrx_word' id='word_1_6' title='bbox 1116 722 1707 829; x_wconf 88' lang='lat' dir='ltr'>NOTITIA</span> <span class='ocrx_word' id='word_1_7' title='bbox 1784 716 2685 829; x_wconf 81' lang='lat' dir='ltr'>LITTERARIA.</span> 
     </span>
    </p>
   </div>
   <div class='ocr_carea' id='block_1_4' title="bbox 674 891 3128 977">
    <p class='ocr_par' dir='ltr' id='par_1_4' title="bbox 674 891 3128 977">
     <span class='ocr_line' id='line_1_4' title="bbox 674 891 3128 977; baseline 0.002 -24"><span class='ocrx_word' id='word_1_8' title='bbox 674 894 866 973; x_wconf 80' lang='lat' dir='ltr'>(Apud</span> <span class='ocrx_word' id='word_1_9' title='bbox 910 892 1238 967; x_wconf 76' lang='lat' dir='ltr'>Fabricium,</span> <span class='ocrx_word' id='word_1_10' title='bbox 1270 891 1612 957; x_wconf 72' lang='lat' dir='ltr'>Bibliotheca</span> <span class='ocrx_word' id='word_1_11' title='bbox 1654 892 1841 959; x_wconf 57' lang='lat' dir='ltr'>media?</span> <span class='ocrx_word' id='word_1_12' title='bbox 1865 891 1926 971; x_wconf 64' lang='grc' dir='ltr'>ζει</span> <span class='ocrx_word' id='word_1_13' title='bbox 1976 894 2173 977; x_wconf 67' lang='lat' dir='ltr'>inﬁmae</span> <span class='ocrx_word' id='word_1_14' title='bbox 2202 894 2512 975; x_wconf 79' lang='lat' dir='ltr'>Latiniatis,</span> <span class='ocrx_word' id='word_1_15' title='bbox 2546 898 2692 962; x_wconf 87' lang='lat' dir='ltr'>tom,</span> <span class='ocrx_word' id='word_1_16' title='bbox 2723 898 2814 971; x_wconf 84' lang='lat' dir='ltr'><strong>III,</strong></span> <span class='ocrx_word' id='word_1_17' title='bbox 2846 913 2981 977; x_wconf 87' lang='lat' dir='ltr'>pag.</span> <span class='ocrx_word' id='word_1_18' title='bbox 3008 899 3128 974; x_wconf 78' lang='grc'><strong>4-4.)</strong></span> 
     </span>
    </p>
   </div>
   <div class='ocr_carea' id='block_1_5' title="bbox 319 1174 3557 1249">
    <p class='ocr_par' dir='ltr' id='par_1_5' title="bbox 319 1174 3557 1249">
     <span class='ocr_line' id='line_1_5' title="bbox 319 1174 3557 1249; baseline 0 -19"><span class='ocrx_word' id='word_1_19' title='bbox 319 1174 657 1244; x_wconf 66' lang='lat' dir='ltr'>Genaunos,</span> <span class='ocrx_word' id='word_1_20' title='bbox 698 1175 1124 1231; x_wconf 81' lang='lat' dir='ltr'>Aurelianensis</span> <span class='ocrx_word' id='word_1_21' title='bbox 1161 1176 1527 1231; x_wconf 89' lang='lat' dir='ltr'>scholasticus</span> <span class='ocrx_word' id='word_1_22' title='bbox 1570 1176 1698 1231; x_wconf 92' lang='lat' dir='ltr'>ord.</span> <span class='ocrx_word' id='word_1_23' title='bbox 1746 1178 1850 1231; x_wconf 91' lang='lat' dir='ltr'>Be-</span> <span class='ocrx_word' id='word_1_24' title='bbox 1870 1181 1925 1240; x_wconf 85' lang='grc' dir='ltr'><strong>Α</strong></span> <span class='ocrx_word' id='word_1_25' title='bbox 2025 1176 2266 1249; x_wconf 85' lang='lat' dir='ltr'>Epistola</span> <span class='ocrx_word' id='word_1_26' title='bbox 2323 1177 2395 1232; x_wconf 89' lang='lat' dir='ltr'>ad</span> <span class='ocrx_word' id='word_1_27' title='bbox 2444 1178 2812 1235; x_wconf 85' lang='lat' dir='ltr'>Adelboldum</span> <span class='ocrx_word' id='word_1_28' title='bbox 2867 1178 2939 1233; x_wconf 92' lang='lat' dir='ltr'>de</span> <span class='ocrx_word' id='word_1_29' title='bbox 2989 1194 3161 1234; x_wconf 89' lang='lat' dir='ltr'>causa</span> <span class='ocrx_word' id='word_1_30' title='bbox 3216 1175 3557 1232; x_wconf 85' lang='lat' dir='ltr'>diversitatis</span> 
     </span>
    </p>
   </div>
   <div class='ocr_carea' id='block_1_6' title="bbox 238 1264 1852 1337">
    <p class='ocr_par' dir='ltr' id='par_1_6' title="bbox 238 1264 1852 1337">
     <span class='ocr_line' id='line_1_6' title="bbox 238 1264 1852 1337; baseline 0 -18"><span class='ocrx_word' id='word_1_31' title='bbox 238 1264 381 1319; x_wconf 89' lang='lat' dir='ltr'>ned.</span> <span class='ocrx_word' id='word_1_32' title='bbox 411 1264 470 1318; x_wconf 92' lang='lat' dir='ltr'>in</span> <span class='ocrx_word' id='word_1_33' title='bbox 497 1264 759 1320; x_wconf 59' lang='lat' dir='ltr'>coenobio</span> <span class='ocrx_word' id='word_1_34' title='bbox 785 1265 1148 1332; x_wconf 85' lang='lat' dir='ltr'>Floriacensi,</span> <span class='ocrx_word' id='word_1_35' title='bbox 1177 1268 1499 1337; x_wconf 66' lang='lat' dir='ltr'>praeceptor</span> <span class='ocrx_word' id='word_1_36' title='bbox 1530 1265 1752 1321; x_wconf 89' lang='lat' dir='ltr'>Ottonis</span> <span class='ocrx_word' id='word_1_37' title='bbox 1779 1266 1852 1319; x_wconf 91' lang='lat' dir='ltr'><strong>III</strong></span> 
     </span>
    </p>
   </div>
   <div class='ocr_carea' id='block_1_7' title="bbox 237 1352 1850 1425">
    <p class='ocr_par' dir='ltr' id='par_1_7' title="bbox 237 1352 1850 1425">
     <span class='ocr_line' id='line_1_7' title="bbox 237 1352 1850 1425; baseline 0 -18"><span class='ocrx_word' id='word_1_38' title='bbox 237 1352 385 1424; x_wconf 88' lang='lat' dir='ltr'>imp.</span> <span class='ocrx_word' id='word_1_39' title='bbox 415 1354 472 1406; x_wconf 93' lang='lat' dir='ltr'>et</span> <span class='ocrx_word' id='word_1_40' title='bbox 498 1352 758 1407; x_wconf 85' lang='lat' dir='ltr'>Rotberti</span> <span class='ocrx_word' id='word_1_41' title='bbox 783 1352 934 1424; x_wconf 88' lang='lat' dir='ltr'>regis</span> <span class='ocrx_word' id='word_1_42' title='bbox 964 1353 1315 1408; x_wconf 85' lang='lat' dir='ltr'>Francorum</span> <span class='ocrx_word' id='word_1_43' title='bbox 1347 1356 1519 1425; x_wconf 88' lang='lat' dir='ltr'>atque</span> <span class='ocrx_word' id='word_1_44' title='bbox 1547 1370 1613 1408; x_wconf 85' lang='lat' dir='ltr'>ex</span> <span class='ocrx_word' id='word_1_45' title='bbox 1644 1353 1850 1408; x_wconf 83' lang='lat' dir='ltr'>abbate</span> 
     </span>
    </p>
   </div>
   <div class='ocr_carea' id='block_1_8' title="bbox 239 1440 1847 1497">
    <p class='ocr_par' dir='ltr' id='par_1_8' title="bbox 239 1440 1847 1497">
     <span class='ocr_line' id='line_1_8' title="bbox 239 1440 1847 1497; baseline -0.001 -1"><span class='ocrx_word' id='word_1_46' title='bbox 239 1440 509 1497; x_wconf 87' lang='lat' dir='ltr'>Bobiensi</span> <span class='ocrx_word' id='word_1_47' title='bbox 534 1443 591 1495; x_wconf 92' lang='lat' dir='ltr'>et</span> <span class='ocrx_word' id='word_1_48' title='bbox 617 1441 674 1496; x_wconf 94' lang='lat' dir='ltr'>S.</span> <span class='ocrx_word' id='word_1_49' title='bbox 706 1441 1050 1497; x_wconf 89' lang='lat' dir='ltr'>Columbani</span> <span class='ocrx_word' id='word_1_50' title='bbox 1078 1442 1378 1497; x_wconf 84' lang='lat' dir='ltr'>Remensis</span> <span class='ocrx_word' id='word_1_51' title='bbox 1394 1445 1452 1497; x_wconf 91' lang='lat' dir='ltr'><strong>et</strong></span> <span class='ocrx_word' id='word_1_52' title='bbox 1470 1443 1604 1497; x_wconf 89' lang='lat' dir='ltr'>hinc</span> <span class='ocrx_word' id='word_1_53' title='bbox 1628 1443 1847 1496; x_wconf 83' lang='lat' dir='ltr'>Raven-</span> 
     </span>
    </p>
   </div>
   <div class='ocr_carea' id='block_1_9' title="bbox 239 1530 1851 1604">
    <p class='ocr_par' dir='ltr' id='par_1_9' title="bbox 239 1530 1851 1604">
     <span class='ocr_line' id='line_1_9' title="bbox 239 1530 1851 1604; baseline -0.001 -18"><span class='ocrx_word' id='word_1_54' title='bbox 239 1531 496 1586; x_wconf 90' lang='lat' dir='ltr'>natensis</span> <span class='ocrx_word' id='word_1_55' title='bbox 527 1530 1008 1602; x_wconf 83' lang='lat' dir='ltr'>archiepiscopus,</span> <span class='ocrx_word' id='word_1_56' title='bbox 1042 1548 1107 1587; x_wconf 88' lang='lat' dir='ltr'><strong>ac</strong></span> <span class='ocrx_word' id='word_1_57' title='bbox 1138 1531 1386 1604; x_wconf 85' lang='lat' dir='ltr'>denique</span> <span class='ocrx_word' id='word_1_58' title='bbox 1408 1547 1558 1603; x_wconf 89' lang='lat' dir='ltr'>papa</span> <span class='ocrx_word' id='word_1_59' title='bbox 1583 1531 1851 1601; x_wconf 84' lang='lat' dir='ltr'>Sylvester</span> 
     </span>
    </p>
   </div>
   <div class='ocr_carea' id='block_1_10' title="bbox 236 1618 1845 1690">
    <p class='ocr_par' dir='ltr' id='par_1_10' title="bbox 236 1618 1845 1690">
     <span class='ocr_line' id='line_1_10' title="bbox 236 1618 1845 1690; baseline 0.001 -17"><span class='ocrx_word' id='word_1_60' title='bbox 236 1618 303 1673; x_wconf 87' lang='grc' dir='ltr'>ΙΙ</span> <span class='ocrx_word' id='word_1_61' title='bbox 333 1620 407 1675; x_wconf 91' lang='lat' dir='ltr'><strong>ab</strong></span> <span class='ocrx_word' id='word_1_62' title='bbox 438 1636 591 1674; x_wconf 92' lang='lat' dir='ltr'>anno</span> <span class='ocrx_word' id='word_1_63' title='bbox 625 1622 748 1687; x_wconf 91' lang='lat'><strong>999,</strong></span> <span class='ocrx_word' id='word_1_64' title='bbox 781 1618 962 1690; x_wconf 85' lang='lat' dir='ltr'>April.</span> <span class='ocrx_word' id='word_1_65' title='bbox 999 1623 1049 1685; x_wconf 90' lang='lat'><strong>2,</strong></span> <span class='ocrx_word' id='word_1_66' title='bbox 1085 1620 1159 1674; x_wconf 90' lang='lat' dir='ltr'>ad</span> <span class='ocrx_word' id='word_1_67' title='bbox 1180 1636 1400 1675; x_wconf 89' lang='lat' dir='ltr'>annum</span> <span class='ocrx_word' id='word_1_68' title='bbox 1435 1622 1676 1687; x_wconf 88' lang='lat'><strong>1003,12</strong></span> <span class='ocrx_word' id='word_1_69' title='bbox 1697 1619 1845 1674; x_wconf 78' lang='lat' dir='ltr'>Maii.</span> 
     </span>
    </p>
   </div>
   <div class='ocr_carea' id='block_1_11' title="bbox 238 1707 1849 1778">
    <p class='ocr_par' dir='ltr' id='par_1_11' title="bbox 238 1707 1849 1778">
     <span class='ocr_line' id='line_1_11' title="bbox 238 1707 1849 1778; baseline 0 -16"><span class='ocrx_word' id='word_1_70' title='bbox 238 1710 303 1762; x_wconf 92' lang='lat' dir='ltr'><strong>In</strong></span> <span class='ocrx_word' id='word_1_71' title='bbox 337 1707 728 1763; x_wconf 88' lang='lat' dir='ltr'>Conciliorum</span> <span class='ocrx_word' id='word_1_72' title='bbox 749 1707 923 1761; x_wconf 89' lang='lat' dir='ltr'>tomis</span> <span class='ocrx_word' id='word_1_73' title='bbox 952 1709 1177 1762; x_wconf 81' lang='lat' dir='ltr'>exstant</span> <span class='ocrx_word' id='word_1_74' title='bbox 1207 1708 1327 1778; x_wconf 86' lang='lat' dir='ltr'>ejus</span> <span class='ocrx_word' id='word_1_75' title='bbox 1356 1707 1611 1778; x_wconf 69' lang='lat' dir='ltr'>Epistolaa</span> <span class='ocrx_word' id='word_1_76' title='bbox 1643 1726 1655 1762; x_wconf 93' lang='lat'>:</span> <span class='ocrx_word' id='word_1_77' title='bbox 1690 1712 1741 1761; x_wconf 86' lang='lat'><strong>1°</strong></span> <span class='ocrx_word' id='word_1_78' title='bbox 1774 1708 1849 1762; x_wconf 91' lang='lat' dir='ltr'>ad</span> 
     </span>
    </p>
   </div>
   <div class='ocr_carea' id='block_1_12' title="bbox 237 1794 1846 1865">
    <p class='ocr_par' dir='ltr' id='par_1_12' title="bbox 237 1794 1846 1865">
     <span class='ocr_line' id='line_1_12' title="bbox 237 1794 1846 1865; baseline -0.001 -14"><span class='ocrx_word' id='word_1_79' title='bbox 237 1796 570 1851; x_wconf 82' lang='lat' dir='ltr'>Ascelinum</span> <span class='ocrx_word' id='word_1_80' title='bbox 612 1794 960 1865; x_wconf 86' lang='lat' dir='ltr'>(Azolinum)</span> <span class='ocrx_word' id='word_1_81' title='bbox 1008 1812 1107 1849; x_wconf 91' lang='lat' dir='ltr'>seu</span> <span class='ocrx_word' id='word_1_82' title='bbox 1144 1794 1594 1863; x_wconf 89' lang='lat' dir='ltr'>Adalberonem,</span> <span class='ocrx_word' id='word_1_83' title='bbox 1624 1796 1846 1850; x_wconf 92' lang='lat' dir='ltr'>Laudu-</span> 
     </span>
    </p>
   </div>
   <div class='ocr_carea' id='block_1_13' title="bbox 238 1883 1847 1955">
    <p class='ocr_par' dir='ltr' id='par_1_13' title="bbox 238 1883 1847 1955">
     <span class='ocr_line' id='line_1_13' title="bbox 238 1883 1847 1955; baseline -0.002 -16"><span class='ocrx_word' id='word_1_84' title='bbox 238 1900 483 1939; x_wconf 91' lang='lat' dir='ltr'>nensem</span> <span class='ocrx_word' id='word_1_85' title='bbox 506 1883 861 1955; x_wconf 85' lang='lat' dir='ltr'>episcopum,</span> <span class='ocrx_word' id='word_1_86' title='bbox 894 1885 958 1936; x_wconf 92' lang='lat' dir='ltr'>ut</span> <span class='ocrx_word' id='word_1_87' title='bbox 988 1886 1277 1937; x_wconf 82' lang='lat' dir='ltr'>accusatus</span> <span class='ocrx_word' id='word_1_88' title='bbox 1309 1884 1382 1938; x_wconf 91' lang='lat' dir='ltr'>ad</span> <span class='ocrx_word' id='word_1_89' title='bbox 1408 1885 1732 1938; x_wconf 80' lang='lat' dir='ltr'>Romanam</span> <span class='ocrx_word' id='word_1_90' title='bbox 1758 1901 1847 1955; x_wconf 85' lang='lat' dir='ltr'>sy-</span> 
     </span>
    </p>
   </div>
   <div class='ocr_carea' id='block_1_14' title="bbox 241 1969 1844 2043">
    <p class='ocr_par' dir='ltr' id='par_1_14' title="bbox 241 1969 1844 2043">
     <span class='ocr_line' id='line_1_14' title="bbox 241 1969 1844 2043; baseline -0.002 -16"><span class='ocrx_word' id='word_1_91' title='bbox 241 1971 465 2027; x_wconf 87' lang='lat' dir='ltr'>nodum</span> <span class='ocrx_word' id='word_1_92' title='bbox 517 1969 745 2039; x_wconf 83' lang='lat' dir='ltr'>veniat;</span> <span class='ocrx_word' id='word_1_93' title='bbox 791 1973 847 2025; x_wconf 88' lang='lat'><strong>2°</strong></span> <span class='ocrx_word' id='word_1_94' title='bbox 877 1969 950 2024; x_wconf 92' lang='lat' dir='ltr'>ad</span> <span class='ocrx_word' id='word_1_95' title='bbox 1000 1970 1306 2025; x_wconf 90' lang='lat' dir='ltr'>Arnulfum</span> <span class='ocrx_word' id='word_1_96' title='bbox 1360 1986 1535 2043; x_wconf 84' lang='lat' dir='ltr'>quem</span> <span class='ocrx_word' id='word_1_97' title='bbox 1578 1970 1844 2025; x_wconf 85' lang='lat' dir='ltr'>Remensi</span> 
     </span>
    </p>
   </div>
   <div class='ocr_carea' id='block_1_15' title="bbox 234 2057 1841 2130">
    <p class='ocr_par' dir='ltr' id='par_1_15' title="bbox 234 2057 1841 2130">
     <span class='ocr_line' id='line_1_15' title="bbox 234 2057 1841 2130; baseline -0.001 -16"><span class='ocrx_word' id='word_1_98' title='bbox 234 2058 486 2114; x_wconf 80' lang='lat' dir='ltr'>restituit</span> <span class='ocrx_word' id='word_1_99' title='bbox 513 2057 1049 2130; x_wconf 88' lang='lat' dir='ltr'>archiepiscopatui,</span> <span class='ocrx_word' id='word_1_100' title='bbox 1077 2060 1137 2112; x_wconf 92' lang='lat' dir='ltr'><strong>et</strong></span> <span class='ocrx_word' id='word_1_101' title='bbox 1160 2060 1214 2113; x_wconf 91' lang='lat'>3°</span> <span class='ocrx_word' id='word_1_102' title='bbox 1241 2058 1313 2113; x_wconf 92' lang='lat' dir='ltr'>ad</span> <span class='ocrx_word' id='word_1_103' title='bbox 1344 2059 1658 2113; x_wconf 87' lang='lat' dir='ltr'>Robertum</span> <span class='ocrx_word' id='word_1_104' title='bbox 1683 2058 1841 2113; x_wconf 88' lang='lat' dir='ltr'>Vice-</span> 
     </span>
    </p>
   </div>
   <div class='ocr_carea' id='block_1_16' title="bbox 232 2145 1836 2217">
    <p class='ocr_par' dir='ltr' id='par_1_16' title="bbox 232 2145 1836 2217">
     <span class='ocr_line' id='line_1_16' title="bbox 232 2145 1836 2217; baseline -0.001 -16"><span class='ocrx_word' id='word_1_105' title='bbox 232 2146 546 2202; x_wconf 89' lang='lat' dir='ltr'>liacensem</span> <span class='ocrx_word' id='word_1_106' title='bbox 594 2146 887 2213; x_wconf 87' lang='lat' dir='ltr'>abbatem,</span> <span class='ocrx_word' id='word_1_107' title='bbox 941 2146 1102 2217; x_wconf 88' lang='lat' dir='ltr'>cujus</span> <span class='ocrx_word' id='word_1_108' title='bbox 1150 2145 1454 2217; x_wconf 89' lang='lat' dir='ltr'>privilegia</span> <span class='ocrx_word' id='word_1_109' title='bbox 1511 2147 1836 2201; x_wconf 82' lang='lat' dir='ltr'>conﬁrmat.</span> 
     </span>
    </p>
   </div>
   <div class='ocr_carea' id='block_1_17' title="bbox 231 2232 1840 2306">
    <p class='ocr_par' dir='ltr' id='par_1_17' title="bbox 231 2232 1840 2306">
     <span class='ocr_line' id='line_1_17' title="bbox 231 2232 1840 2306; baseline 0.001 -17"><span class='ocrx_word' id='word_1_110' title='bbox 231 2236 371 2291; x_wconf 68' lang='lat' dir='ltr'>Aliae</span> <span class='ocrx_word' id='word_1_111' title='bbox 401 2234 652 2306; x_wconf 70' lang='lat' dir='ltr'>Epistolw</span> <span class='ocrx_word' id='word_1_112' title='bbox 704 2232 909 2301; x_wconf 86' lang='lat' dir='ltr'><em>CLXI,</em></span> <span class='ocrx_word' id='word_1_113' title='bbox 958 2250 1098 2305; x_wconf 90' lang='lat' dir='ltr'>quas</span> <span class='ocrx_word' id='word_1_114' title='bbox 1139 2234 1400 2289; x_wconf 84' lang='lat' dir='ltr'>Gerberti</span> <span class='ocrx_word' id='word_1_115' title='bbox 1435 2235 1622 2289; x_wconf 89' lang='lat' dir='ltr'>adhuc</span> <span class='ocrx_word' id='word_1_116' title='bbox 1674 2238 1840 2291; x_wconf 91' lang='lat' dir='ltr'>utens</span> 
     </span>
    </p>
   </div>
   <div class='ocr_carea' id='block_1_18' title="bbox 228 2321 1833 2395">
    <p class='ocr_par' dir='ltr' id='par_1_18' title="bbox 228 2321 1833 2395">
     <span class='ocr_line' id='line_1_18' title="bbox 228 2321 1833 2395; baseline -0.001 -17"><span class='ocrx_word' id='word_1_117' title='bbox 228 2323 494 2389; x_wconf 89' lang='lat' dir='ltr'><strong>nomine,</strong></span> <span class='ocrx_word' id='word_1_118' title='bbox 529 2321 990 2394; x_wconf 87' lang='lat' dir='ltr'>archiepiscopus</span> <span class='ocrx_word' id='word_1_119' title='bbox 1014 2322 1312 2377; x_wconf 85' lang='lat' dir='ltr'>Remensis</span> <span class='ocrx_word' id='word_1_120' title='bbox 1343 2322 1587 2395; x_wconf 88' lang='lat' dir='ltr'>scripsit,</span> <span class='ocrx_word' id='word_1_121' title='bbox 1621 2327 1678 2378; x_wconf 94' lang='lat' dir='ltr'>et</span> <span class='ocrx_word' id='word_1_122' title='bbox 1710 2324 1833 2395; x_wconf 90' lang='lat' dir='ltr'>qui-</span> 
     </span>
    </p>
   </div>
   <div class='ocr_carea' id='block_1_19' title="bbox 1949 1265 3551 1341">
    <p class='ocr_par' dir='ltr' id='par_1_19' title="bbox 1949 1265 3551 1341">
     <span class='ocr_line' id='line_1_19' title="bbox 1949 1265 3551 1341; baseline -0.001 -18"><span class='ocrx_word' id='word_1_123' title='bbox 1949 1283 2218 1323; x_wconf 87' lang='lat' dir='ltr'>arearum</span> <span class='ocrx_word' id='word_1_124' title='bbox 2248 1268 2307 1322; x_wconf 90' lang='lat' dir='ltr'>in</span> <span class='ocrx_word' id='word_1_125' title='bbox 2334 1267 2565 1339; x_wconf 90' lang='lat' dir='ltr'>trigono</span> <span class='ocrx_word' id='word_1_126' title='bbox 2596 1268 2953 1341; x_wconf 71' lang='lat' dir='ltr'>aaquilatero,</span> <span class='ocrx_word' id='word_1_127' title='bbox 2987 1266 3343 1341; x_wconf 76' lang='lat' dir='ltr'>geometrico,</span> <span class='ocrx_word' id='word_1_128' title='bbox 3368 1265 3551 1321; x_wconf 84' lang='lat' dir='ltr'>arith-</span> 
     </span>
    </p>
   </div>
   <div class='ocr_carea' id='block_1_20' title="bbox 1950 1353 3546 1427">
    <p class='ocr_par' dir='ltr' id='par_1_20' title="bbox 1950 1353 3546 1427">
     <span class='ocr_line' id='line_1_20' title="bbox 1950 1353 3546 1427; baseline -0.003 -16"><span class='ocrx_word' id='word_1_129' title='bbox 1950 1356 2272 1427; x_wconf 83' lang='lat' dir='ltr'>meticeque</span> <span class='ocrx_word' id='word_1_130' title='bbox 2325 1372 2595 1427; x_wconf 85' lang='lat' dir='ltr'>expenso.</span> <span class='ocrx_word' id='word_1_131' title='bbox 2663 1358 2727 1411; x_wconf 93' lang='lat' dir='ltr'><strong>In</strong></span> <span class='ocrx_word' id='word_1_132' title='bbox 2794 1355 3011 1412; x_wconf 83' lang='lat' dir='ltr'>laudati</span> <span class='ocrx_word' id='word_1_133' title='bbox 3074 1354 3221 1411; x_wconf 87' lang='lat' dir='ltr'>Pezii</span> <span class='ocrx_word' id='word_1_134' title='bbox 3278 1353 3546 1410; x_wconf 87' lang='lat' dir='ltr'>anecdot.</span> 
     </span>
    </p>
   </div>
   <div class='ocr_carea' id='block_1_21' title="bbox 1951 1446 2807 1517">
    <p class='ocr_par' dir='ltr' id='par_1_21' title="bbox 1951 1446 2807 1517">
     <span class='ocr_line' id='line_1_21' title="bbox 1951 1446 2807 1517; baseline 0.005 -19"><span class='ocrx_word' id='word_1_135' title='bbox 1951 1448 2092 1501; x_wconf 90' lang='lat' dir='ltr'>tom.</span> <span class='ocrx_word' id='word_1_136' title='bbox 2126 1446 2216 1512; x_wconf 89' lang='lat' dir='ltr'><strong>III,</strong></span> <span class='ocrx_word' id='word_1_137' title='bbox 2245 1449 2408 1516; x_wconf 90' lang='lat' dir='ltr'>parte</span> <span class='ocrx_word' id='word_1_138' title='bbox 2436 1463 2497 1512; x_wconf 89' lang='grc' dir='ltr'>ιι,</span> <span class='ocrx_word' id='word_1_139' title='bbox 2531 1463 2587 1517; x_wconf 92' lang='lat' dir='ltr'>p.</span> <span class='ocrx_word' id='word_1_140' title='bbox 2619 1447 2807 1502; x_wconf 68' lang='lat'><strong>82-84.</strong></span> 
     </span>
    </p>
   </div>
   <div class='ocr_carea' id='block_1_22' title="bbox 2021 1532 3364 1605">
    <p class='ocr_par' dir='ltr' id='par_1_22' title="bbox 2021 1532 3364 1605">
     <span class='ocr_line' id='line_1_22' title="bbox 2021 1532 3364 1605; baseline 0 -18"><span class='ocrx_word' id='word_1_141' title='bbox 2021 1532 2322 1589; x_wconf 83' lang='lat' dir='ltr'>Geometria</span> <span class='ocrx_word' id='word_1_142' title='bbox 2352 1533 2532 1589; x_wconf 83' lang='lat' dir='ltr'>divisa</span> <span class='ocrx_word' id='word_1_143' title='bbox 2561 1533 2842 1605; x_wconf 84' lang='lat' dir='ltr'>capitibus</span> <span class='ocrx_word' id='word_1_144' title='bbox 2871 1535 2959 1601; x_wconf 80' lang='grc'><strong>94,</strong></span> <span class='ocrx_word' id='word_1_145' title='bbox 2982 1533 3087 1601; x_wconf 91' lang='lat' dir='ltr'>id.,</span> <span class='ocrx_word' id='word_1_146' title='bbox 3118 1549 3177 1604; x_wconf 93' lang='lat' dir='ltr'>p.</span> <span class='ocrx_word' id='word_1_147' title='bbox 3210 1534 3364 1588; x_wconf 91' lang='lat'><strong>7-82.</strong></span> 
     </span>
    </p>
   </div>
   <div class='ocr_carea' id='block_1_23' title="bbox 2020 1628 3543 1702">
    <p class='ocr_par' dir='ltr' id='par_1_23' title="bbox 2020 1628 3543 1702">
     <span class='ocr_line' id='line_1_23' title="bbox 2020 1628 3543 1702; baseline 0 -19"><span class='ocrx_word' id='word_1_148' title='bbox 2020 1630 2264 1684; x_wconf 82' lang='lat' dir='ltr'>Libellus</span> <span class='ocrx_word' id='word_1_149' title='bbox 2292 1630 2375 1684; x_wconf 90' lang='lat' dir='ltr'>De</span> <span class='ocrx_word' id='word_1_150' title='bbox 2400 1633 2659 1700; x_wconf 77' lang='lat' dir='ltr'>sanguine</span> <span class='ocrx_word' id='word_1_151' title='bbox 2687 1638 2736 1684; x_wconf 91' lang='lat' dir='ltr'>et</span> <span class='ocrx_word' id='word_1_152' title='bbox 2765 1647 2982 1702; x_wconf 68' lang='lat' dir='ltr'>corpore</span> <span class='ocrx_word' id='word_1_153' title='bbox 3001 1629 3244 1698; x_wconf 87' lang='lat' dir='ltr'>Domini,</span> <span class='ocrx_word' id='word_1_154' title='bbox 3260 1628 3363 1694; x_wconf 91' lang='lat' dir='ltr'>id.,</span> <span class='ocrx_word' id='word_1_155' title='bbox 3394 1630 3543 1683; x_wconf 83' lang='lat' dir='ltr'>tom.</span> 
     </span>
    </p>
   </div>
   <div class='ocr_carea' id='block_1_24' title="bbox 1948 1718 3543 1791">
    <p class='ocr_par' dir='ltr' id='par_1_24' title="bbox 1948 1718 3543 1791">
     <span class='ocr_line' id='line_1_24' title="bbox 1948 1718 3543 1791; baseline -0.001 -19"><span class='ocrx_word' id='word_1_156' title='bbox 1948 1720 1990 1786; x_wconf 96' lang='lat' dir='ltr'><strong>I,</strong></span> <span class='ocrx_word' id='word_1_157' title='bbox 2024 1722 2186 1790; x_wconf 81' lang='lat' dir='ltr'>parte</span> <span class='ocrx_word' id='word_1_158' title='bbox 2219 1736 2278 1785; x_wconf 87' lang='grc' dir='ltr'>ιι,</span> <span class='ocrx_word' id='word_1_159' title='bbox 2322 1735 2454 1791; x_wconf 89' lang='lat' dir='ltr'>pag.</span> <span class='ocrx_word' id='word_1_160' title='bbox 2502 1721 2755 1774; x_wconf 78' lang='grc'><strong>133-148.</strong></span> <span class='ocrx_word' id='word_1_161' title='bbox 2800 1719 2977 1790; x_wconf 91' lang='lat' dir='ltr'>Incip.</span> <span class='ocrx_word' id='word_1_162' title='bbox 3022 1736 3035 1773; x_wconf 89' lang='lat'><strong>:</strong></span> <span class='ocrx_word' id='word_1_163' title='bbox 3073 1718 3232 1774; x_wconf 82' lang='lat' dir='ltr'>Sicut</span> <span class='ocrx_word' id='word_1_164' title='bbox 3279 1723 3402 1770; x_wconf 85' lang='lat' dir='ltr'><strong>ante</strong></span> <span class='ocrx_word' id='word_1_165' title='bbox 3448 1733 3543 1770; x_wconf 88' lang='lat' dir='ltr'>nos</span> 
     </span>
    </p>
   </div>
   <div class='ocr_carea' id='block_1_25' title="bbox 1946 1804 3545 1879">
    <p class='ocr_par' dir='ltr' id='par_1_25' title="bbox 1946 1804 3545 1879">
     <span class='ocr_line' id='line_1_25' title="bbox 1946 1804 3545 1879; baseline -0.002 -19"><span class='ocrx_word' id='word_1_166' title='bbox 1946 1807 2082 1861; x_wconf 73' lang='lat' dir='ltr'>dixit</span> <span class='ocrx_word' id='word_1_167' title='bbox 2111 1807 2332 1879; x_wconf 81' lang='lat' dir='ltr'>quidam</span> <span class='ocrx_word' id='word_1_168' title='bbox 2376 1808 2604 1876; x_wconf 86' lang='lat' dir='ltr'>sapiens.</span> <span class='ocrx_word' id='word_1_169' title='bbox 2664 1808 2933 1863; x_wconf 88' lang='lat' dir='ltr'>Ediderat</span> <span class='ocrx_word' id='word_1_170' title='bbox 2975 1807 3074 1862; x_wconf 88' lang='lat' dir='ltr'>sed</span> <span class='ocrx_word' id='word_1_171' title='bbox 3128 1805 3251 1861; x_wconf 88' lang='lat' dir='ltr'>sine</span> <span class='ocrx_word' id='word_1_172' title='bbox 3305 1804 3545 1860; x_wconf 87' lang='lat' dir='ltr'><strong>nomine</strong></span> 
     </span>
    </p>
   </div>
   <div class='ocr_carea' id='block_1_26' title="bbox 1947 1892 3550 1967">
    <p class='ocr_par' dir='ltr' id='par_1_26' title="bbox 1947 1892 3550 1967">
     <span class='ocr_line' id='line_1_26' title="bbox 1947 1892 3550 1967; baseline -0.002 -18"><span class='ocrx_word' id='word_1_173' title='bbox 1947 1896 2197 1949; x_wconf 90' lang='lat' dir='ltr'>auctoris</span> <span class='ocrx_word' id='word_1_174' title='bbox 2222 1895 2360 1949; x_wconf 92' lang='lat' dir='ltr'>Lud.</span> <span class='ocrx_word' id='word_1_175' title='bbox 2394 1895 2661 1950; x_wconf 90' lang='lat' dir='ltr'>Cellotius</span> <span class='ocrx_word' id='word_1_176' title='bbox 2691 1896 3009 1967; x_wconf 85' lang='lat' dir='ltr'>appendice</span> <span class='ocrx_word' id='word_1_177' title='bbox 3059 1895 3133 1949; x_wconf 91' lang='lat' dir='ltr'>ad</span> <span class='ocrx_word' id='word_1_178' title='bbox 3179 1894 3317 1948; x_wconf 81' lang='lat' dir='ltr'>Hist.</span> <span class='ocrx_word' id='word_1_179' title='bbox 3350 1892 3550 1947; x_wconf 87' lang='lat' dir='ltr'>Gotes-</span> 
     </span>
    </p>
   </div>
   <div class='ocr_carea' id='block_1_27' title="bbox 1945 1979 3548 2062">
    <p class='ocr_par' dir='ltr' id='par_1_27' title="bbox 1945 1979 3548 2062">
     <span class='ocr_line' id='line_1_27' title="bbox 1945 1979 3548 2062; baseline -0.002 -26"><span class='ocrx_word' id='word_1_180' title='bbox 1945 1982 2145 2049; x_wconf 90' lang='lat' dir='ltr'>chalci,</span> <span class='ocrx_word' id='word_1_181' title='bbox 2172 1982 2350 2037; x_wconf 89' lang='lat' dir='ltr'>Paris.</span> <span class='ocrx_word' id='word_1_182' title='bbox 2396 1984 2533 2037; x_wconf 83' lang='lat'><strong>1655</strong></span> <span class='ocrx_word' id='word_1_183' title='bbox 2588 1983 2713 2050; x_wconf 91' lang='lat' dir='ltr'>fol.,</span> <span class='ocrx_word' id='word_1_184' title='bbox 2763 1987 2821 2037; x_wconf 92' lang='lat' dir='ltr'><strong>et</strong></span> <span class='ocrx_word' id='word_1_185' title='bbox 2868 1984 2973 2037; x_wconf 90' lang='lat' dir='ltr'>sub</span> <span class='ocrx_word' id='word_1_186' title='bbox 3023 1982 3278 2051; x_wconf 78' lang='lat' dir='ltr'>Herigeri</span> <span class='ocrx_word' id='word_1_187' title='bbox 3315 1979 3548 2062; x_wconf 70' lang='lat' dir='ltr'>abbatis</span> 
     </span>
    </p>
   </div>
   <div class='ocr_carea' id='block_1_28' title="bbox 1945 2066 3540 2140">
    <p class='ocr_par' dir='ltr' id='par_1_28' title="bbox 1945 2066 3540 2140">
     <span class='ocr_line' id='line_1_28' title="bbox 1945 2066 3540 2140; baseline -0.002 -16"><span class='ocrx_word' id='word_1_188' title='bbox 1945 2069 2279 2125; x_wconf 88' lang='lat' dir='ltr'>Laubiensis</span> <span class='ocrx_word' id='word_1_189' title='bbox 2331 2069 2571 2125; x_wconf 88' lang='lat' dir='ltr'><strong>nomine</strong></span> <span class='ocrx_word' id='word_1_190' title='bbox 2645 2070 3003 2124; x_wconf 86' lang='lat' dir='ltr'>Mabillonius</span> <span class='ocrx_word' id='word_1_191' title='bbox 3072 2068 3401 2140; x_wconf 88' lang='lat' dir='ltr'>prolegom.</span> <span class='ocrx_word' id='word_1_192' title='bbox 3465 2066 3540 2121; x_wconf 89' lang='lat' dir='ltr'>ad</span> 
     </span>
    </p>
   </div>
   <div class='ocr_carea' id='block_1_29' title="bbox 1942 2153 3543 2228">
    <p class='ocr_par' dir='ltr' id='par_1_29' title="bbox 1942 2153 3543 2228">
     <span class='ocr_line' id='line_1_29' title="bbox 1942 2153 3543 2228; baseline -0.002 -17"><span class='ocrx_word' id='word_1_193' title='bbox 1942 2161 2091 2228; x_wconf 90' lang='lat' dir='ltr'>part.</span> <span class='ocrx_word' id='word_1_194' title='bbox 2125 2174 2163 2211; x_wconf 85' lang='grc' dir='ltr'>ιι</span> <span class='ocrx_word' id='word_1_195' title='bbox 2188 2157 2309 2212; x_wconf 80' lang='lat' dir='ltr'>Saec</span> <span class='ocrx_word' id='word_1_196' title='bbox 2358 2174 2410 2211; x_wconf 81' lang='grc' dir='ltr'>ιν</span> <span class='ocrx_word' id='word_1_197' title='bbox 2436 2155 2790 2212; x_wconf 89' lang='lat' dir='ltr'>Benedictin.</span> <span class='ocrx_word' id='word_1_198' title='bbox 2824 2157 2937 2211; x_wconf 91' lang='lat' dir='ltr'>Sed</span> <span class='ocrx_word' id='word_1_199' title='bbox 2967 2173 3035 2211; x_wconf 84' lang='lat' dir='ltr'><strong>ex</strong></span> <span class='ocrx_word' id='word_1_200' title='bbox 3058 2155 3172 2210; x_wconf 85' lang='lat' dir='ltr'>ﬁde</span> <span class='ocrx_word' id='word_1_201' title='bbox 3204 2153 3543 2210; x_wconf 87' lang='lat' dir='ltr'>Gottwicen-</span> 
     </span>
    </p>
   </div>
   <div class='ocr_carea' id='block_1_30' title="bbox 1939 2243 3253 2300">
    <p class='ocr_par' dir='ltr' id='par_1_30' title="bbox 1939 2243 3253 2300">
     <span class='ocr_line' id='line_1_30' title="bbox 1939 2243 3253 2300; baseline -0.002 0"><span class='ocrx_word' id='word_1_202' title='bbox 1939 2246 2016 2300; x_wconf 90' lang='lat' dir='ltr'>sis</span> <span class='ocrx_word' id='word_1_203' title='bbox 2044 2246 2257 2300; x_wconf 90' lang='lat' dir='ltr'>codicis</span> <span class='ocrx_word' id='word_1_204' title='bbox 2284 2246 2559 2300; x_wconf 88' lang='lat' dir='ltr'>Gerberto</span> <span class='ocrx_word' id='word_1_205' title='bbox 2591 2261 2726 2299; x_wconf 88' lang='lat' dir='ltr'>eum</span> <span class='ocrx_word' id='word_1_206' title='bbox 2751 2245 2947 2300; x_wconf 85' lang='lat' dir='ltr'>Pezius</span> <span class='ocrx_word' id='word_1_207' title='bbox 2986 2243 3253 2299; x_wconf 84' lang='lat' dir='ltr'>restituit.</span> 
     </span>
    </p>
   </div>
   <div class='ocr_carea' id='block_1_31' title="bbox 2006 2330 3535 2404">
    <p class='ocr_par' dir='ltr' id='par_1_31' title="bbox 2006 2330 3535 2404">
     <span class='ocr_line' id='line_1_31' title="bbox 2006 2330 3535 2404; baseline 0 -17"><span class='ocrx_word' id='word_1_208' title='bbox 2006 2334 2149 2388; x_wconf 86' lang='lat' dir='ltr'>Acta</span> <span class='ocrx_word' id='word_1_209' title='bbox 2171 2334 2364 2404; x_wconf 79' lang='lat' dir='ltr'>synodi</span> <span class='ocrx_word' id='word_1_210' title='bbox 2389 2333 2663 2388; x_wconf 84' lang='lat' dir='ltr'>Remensis</span> <span class='ocrx_word' id='word_1_211' title='bbox 2691 2350 2786 2387; x_wconf 92' lang='lat' dir='ltr'>an.</span> <span class='ocrx_word' id='word_1_212' title='bbox 2824 2336 2948 2399; x_wconf 88' lang='lat'><strong>992,</strong></span> <span class='ocrx_word' id='word_1_213' title='bbox 2981 2332 3134 2403; x_wconf 86' lang='lat' dir='ltr'>apud</span> <span class='ocrx_word' id='word_1_214' title='bbox 3174 2330 3535 2387; x_wconf 85' lang='lat' dir='ltr'>Centuriato-</span> 
     </span>
    </p>
   </div>
   <div class='ocr_carea' id='block_1_32' title="bbox 228 2409 3533 2494">
    <p class='ocr_par' dir='ltr' id='par_1_32' title="bbox 228 2409 3533 2494">
     <span class='ocr_line' id='line_1_32' title="bbox 228 2409 3533 2494; baseline -0.002 -27"><span class='ocrx_word' id='word_1_215' title='bbox 228 2411 336 2467; x_wconf 89' lang='lat' dir='ltr'>bus</span> <span class='ocrx_word' id='word_1_216' title='bbox 357 2428 424 2466; x_wconf 83' lang='lat' dir='ltr'><strong>ex</strong></span> <span class='ocrx_word' id='word_1_217' title='bbox 452 2411 629 2466; x_wconf 86' lang='lat' dir='ltr'>Nicol.</span> <span class='ocrx_word' id='word_1_218' title='bbox 663 2410 829 2465; x_wconf 86' lang='lat' dir='ltr'><strong>Fabri</strong></span> <span class='ocrx_word' id='word_1_219' title='bbox 859 2409 1054 2466; x_wconf 87' lang='lat' dir='ltr'>codice</span> <span class='ocrx_word' id='word_1_220' title='bbox 1088 2427 1216 2465; x_wconf 89' lang='lat' dir='ltr'>usus</span> <span class='ocrx_word' id='word_1_221' title='bbox 1241 2411 1517 2466; x_wconf 88' lang='lat' dir='ltr'>Baronius</span> <span class='ocrx_word' id='word_1_222' title='bbox 1536 2415 1642 2479; x_wconf 91' lang='lat' dir='ltr'>est,</span> <span class='ocrx_word' id='word_1_223' title='bbox 1666 2411 1834 2466; x_wconf 76' lang='lat' dir='ltr'>editae</span> <span class='ocrx_word' id='word_1_224' title='bbox 1862 2491 1899 2494; x_wconf 85' lang='lat'><strong><em>_</em></strong></span> <span class='ocrx_word' id='word_1_225' title='bbox 1936 2439 2028 2477; x_wconf 68' lang='lat' dir='ltr'>res</span> <span class='ocrx_word' id='word_1_226' title='bbox 2054 2422 2338 2494; x_wconf 58' lang='lat' dir='ltr'>Magdeh,</span> <span class='ocrx_word' id='word_1_227' title='bbox 2362 2421 2623 2476; x_wconf 69' lang='lat' dir='ltr'>centuria</span> <span class='ocrx_word' id='word_1_228' title='bbox 2646 2438 2702 2488; x_wconf 67' lang='grc' dir='ltr'><strong>χ,</strong></span> <span class='ocrx_word' id='word_1_229' title='bbox 2736 2438 2857 2493; x_wconf 62' lang='lat' dir='ltr'>cap,</span> <span class='ocrx_word' id='word_1_230' title='bbox 2899 2424 2952 2488; x_wconf 61' lang='lat'>9,</span> <span class='ocrx_word' id='word_1_231' title='bbox 2999 2438 3132 2492; x_wconf 59' lang='lat' dir='ltr'>pag,</span> <span class='ocrx_word' id='word_1_232' title='bbox 3186 2420 3310 2487; x_wconf 59' lang='lat'>246,</span> <span class='ocrx_word' id='word_1_233' title='bbox 3349 2436 3533 2493; x_wconf 74' lang='grc' dir='ltr'>ορριι-</span> 
     </span>
    </p>
   </div>
   <div class='ocr_carea' id='block_1_33' title="bbox 228 2491 3425 2582">
    <p class='ocr_par' dir='ltr' id='par_1_33' title="bbox 228 2491 3425 2582">
     <span class='ocr_line' id='line_1_33' title="bbox 228 2491 3425 2582; baseline 0 -28"><span class='ocrx_word' id='word_1_234' title='bbox 228 2500 488 2573; x_wconf 89' lang='lat' dir='ltr'>primum</span> <span class='ocrx_word' id='word_1_235' title='bbox 518 2517 553 2554; x_wconf 90' lang='lat' dir='ltr'>a</span> <span class='ocrx_word' id='word_1_236' title='bbox 579 2501 742 2555; x_wconf 87' lang='lat' dir='ltr'><strong>Joan.</strong></span> <span class='ocrx_word' id='word_1_237' title='bbox 778 2499 1034 2572; x_wconf 89' lang='lat' dir='ltr'>Baptista</span> <span class='ocrx_word' id='word_1_238' title='bbox 1064 2500 1344 2567; x_wconf 83' lang='lat' dir='ltr'>Massono,</span> <span class='ocrx_word' id='word_1_239' title='bbox 1377 2500 1603 2572; x_wconf 87' lang='lat' dir='ltr'>Papyrii</span> <span class='ocrx_word' id='word_1_240' title='bbox 1633 2501 1833 2569; x_wconf 88' lang='lat' dir='ltr'>fratre,</span> <span class='ocrx_word' id='word_1_241' title='bbox 1859 2491 1912 2550; x_wconf 92' lang='lat' dir='ltr'><strong>B</strong></span> <span class='ocrx_word' id='word_1_242' title='bbox 1937 2514 2114 2582; x_wconf 62' lang='lat' dir='ltr'>gnata</span> <span class='ocrx_word' id='word_1_243' title='bbox 2144 2491 2177 2565; x_wconf 56' lang='grc' dir='ltr'><strong><em>ᾗ</em></strong></span> <span class='ocrx_word' id='word_1_244' title='bbox 2206 2511 2453 2565; x_wconf 59' lang='lat' dir='ltr'>Bal-omo</span> <span class='ocrx_word' id='word_1_245' title='bbox 2485 2510 2559 2565; x_wconf 69' lang='lat' dir='ltr'>ad</span> <span class='ocrx_word' id='word_1_246' title='bbox 2583 2510 2746 2564; x_wconf 69' lang='lat' dir='ltr'>illum</span> <span class='ocrx_word' id='word_1_247' title='bbox 2772 2491 3014 2575; x_wconf 36' lang='lat' dir='ltr'><strong>(mlum;</strong></span> <span class='ocrx_word' id='word_1_248' title='bbox 3042 2491 3206 2563; x_wconf 61' lang='lat' dir='ltr'>nﬁm.</span> <span class='ocrx_word' id='word_1_249' title='bbox 3244 2511 3275 2562; x_wconf 89' lang='lat'>9</span> <span class='ocrx_word' id='word_1_250' title='bbox 3305 2525 3425 2580; x_wconf 74' lang='lat' dir='ltr'>seq,</span> 
     </span>
    </p>
   </div>
   <div class='ocr_carea' id='block_1_34' title="bbox 230 2587 1835 2660">
    <p class='ocr_par' dir='ltr' id='par_1_34' title="bbox 230 2587 1835 2660">
     <span class='ocr_line' id='line_1_34' title="bbox 230 2587 1835 2660; baseline 0 -16"><span class='ocrx_word' id='word_1_251' title='bbox 230 2588 414 2644; x_wconf 87' lang='lat' dir='ltr'>Paris.</span> <span class='ocrx_word' id='word_1_252' title='bbox 446 2590 575 2643; x_wconf 90' lang='lat'><strong>1611</strong></span> <span class='ocrx_word' id='word_1_253' title='bbox 606 2605 620 2655; x_wconf 90' lang='lat'><strong>;</strong></span> <span class='ocrx_word' id='word_1_254' title='bbox 652 2590 728 2655; x_wconf 72' lang='grc' dir='ltr'>4ο,</span> <span class='ocrx_word' id='word_1_255' title='bbox 773 2591 946 2660; x_wconf 90' lang='lat' dir='ltr'>atque</span> <span class='ocrx_word' id='word_1_256' title='bbox 979 2587 1113 2641; x_wconf 92' lang='lat' dir='ltr'>inde</span> <span class='ocrx_word' id='word_1_257' title='bbox 1143 2587 1201 2641; x_wconf 90' lang='lat' dir='ltr'>in</span> <span class='ocrx_word' id='word_1_258' title='bbox 1231 2588 1477 2642; x_wconf 66' lang='lat' dir='ltr'>Andreae</span> <span class='ocrx_word' id='word_1_259' title='bbox 1509 2588 1586 2643; x_wconf 91' lang='lat' dir='ltr'>du</span> <span class='ocrx_word' id='word_1_260' title='bbox 1615 2587 1835 2644; x_wconf 87' lang='lat' dir='ltr'>Chesne</span> 
     </span>
    </p>
   </div>
   <div class='ocr_carea' id='block_1_35' title="bbox 228 2675 1835 2749">
    <p class='ocr_par' dir='ltr' id='par_1_35' title="bbox 228 2675 1835 2749">
     <span class='ocr_line' id='line_1_35' title="bbox 228 2675 1835 2749; baseline 0.001 -18"><span class='ocrx_word' id='word_1_261' title='bbox 228 2675 616 2747; x_wconf 90' lang='lat' dir='ltr'>Scriptoribus</span> <span class='ocrx_word' id='word_1_262' title='bbox 646 2675 931 2731; x_wconf 89' lang='lat' dir='ltr'>Francicis</span> <span class='ocrx_word' id='word_1_263' title='bbox 962 2678 1108 2730; x_wconf 91' lang='lat' dir='ltr'>tom.</span> <span class='ocrx_word' id='word_1_264' title='bbox 1134 2677 1199 2743; x_wconf 93' lang='grc' dir='ltr'>ΙΙ,</span> <span class='ocrx_word' id='word_1_265' title='bbox 1233 2693 1367 2749; x_wconf 91' lang='lat' dir='ltr'>pag.</span> <span class='ocrx_word' id='word_1_266' title='bbox 1402 2680 1654 2743; x_wconf 90' lang='lat'><strong>789—827,</strong></span> <span class='ocrx_word' id='word_1_267' title='bbox 1690 2682 1747 2733; x_wconf 93' lang='lat' dir='ltr'>et</span> <span class='ocrx_word' id='word_1_268' title='bbox 1775 2679 1835 2733; x_wconf 94' lang='lat' dir='ltr'>in</span> 
     </span>
    </p>
   </div>
   <div class='ocr_carea' id='block_1_36' title="bbox 231 2764 1833 2834">
    <p class='ocr_par' dir='ltr' id='par_1_36' title="bbox 231 2764 1833 2834">
     <span class='ocr_line' id='line_1_36' title="bbox 231 2764 1833 2834; baseline 0.001 -14"><span class='ocrx_word' id='word_1_269' title='bbox 231 2764 598 2821; x_wconf 90' lang='lat' dir='ltr'>Bibliothecis</span> <span class='ocrx_word' id='word_1_270' title='bbox 628 2766 863 2819; x_wconf 89' lang='lat' dir='ltr'>Patrum</span> <span class='ocrx_word' id='word_1_271' title='bbox 921 2764 1100 2819; x_wconf 91' lang='lat' dir='ltr'>Paris.</span> <span class='ocrx_word' id='word_1_272' title='bbox 1164 2768 1494 2833; x_wconf 76' lang='grc'><strong>1644-1654,</strong></span> <span class='ocrx_word' id='word_1_273' title='bbox 1526 2770 1687 2821; x_wconf 90' lang='lat' dir='ltr'>tomo</span> <span class='ocrx_word' id='word_1_274' title='bbox 1720 2768 1789 2821; x_wconf 91' lang='lat' dir='ltr'>III</span> <span class='ocrx_word' id='word_1_275' title='bbox 1819 2784 1833 2834; x_wconf 89' lang='lat'><strong>;</strong></span> 
     </span>
    </p>
   </div>
   <div class='ocr_carea' id='block_1_37' title="bbox 229 2854 1833 2926">
    <p class='ocr_par' dir='ltr' id='par_1_37' title="bbox 229 2854 1833 2926">
     <span class='ocr_line' id='line_1_37' title="bbox 229 2854 1833 2926; baseline 0.002 -18"><span class='ocrx_word' id='word_1_276' title='bbox 229 2854 431 2909; x_wconf 90' lang='lat' dir='ltr'>Colon.</span> <span class='ocrx_word' id='word_1_277' title='bbox 464 2855 622 2921; x_wconf 89' lang='lat'><strong>1618,</strong></span> <span class='ocrx_word' id='word_1_278' title='bbox 654 2855 817 2909; x_wconf 81' lang='lat' dir='ltr'>torno</span> <span class='ocrx_word' id='word_1_279' title='bbox 862 2854 922 2920; x_wconf 88' lang='lat' dir='ltr'><strong>X,</strong></span> <span class='ocrx_word' id='word_1_280' title='bbox 964 2857 1023 2908; x_wconf 90' lang='lat' dir='ltr'>et</span> <span class='ocrx_word' id='word_1_281' title='bbox 1066 2854 1247 2925; x_wconf 85' lang='lat' dir='ltr'>Lugd.</span> <span class='ocrx_word' id='word_1_282' title='bbox 1299 2856 1456 2923; x_wconf 89' lang='lat'><strong>1677,</strong></span> <span class='ocrx_word' id='word_1_283' title='bbox 1500 2859 1642 2910; x_wconf 91' lang='lat' dir='ltr'>tom.</span> <span class='ocrx_word' id='word_1_284' title='bbox 1677 2857 1833 2926; x_wconf 88' lang='lat' dir='ltr'><strong>XVII,</strong></span> 
     </span>
    </p>
   </div>
   <div class='ocr_carea' id='block_1_38' title="bbox 225 2941 1839 3015">
    <p class='ocr_par' dir='ltr' id='par_1_38' title="bbox 225 2941 1839 3015">
     <span class='ocr_line' id='line_1_38' title="bbox 225 2941 1839 3015; baseline 0.002 -19"><span class='ocrx_word' id='word_1_285' title='bbox 225 2959 364 3015; x_wconf 89' lang='lat' dir='ltr'>pag.</span> <span class='ocrx_word' id='word_1_286' title='bbox 396 2944 524 2997; x_wconf 92' lang='lat'><strong>669.</strong></span> <span class='ocrx_word' id='word_1_287' title='bbox 559 2941 774 2997; x_wconf 91' lang='lat' dir='ltr'>Ultima</span> <span class='ocrx_word' id='word_1_288' title='bbox 803 2958 871 2995; x_wconf 84' lang='lat' dir='ltr'><strong>ex</strong></span> <span class='ocrx_word' id='word_1_289' title='bbox 900 2942 1011 2996; x_wconf 89' lang='lat' dir='ltr'>illis</span> <span class='ocrx_word' id='word_1_290' title='bbox 1051 2944 1143 2997; x_wconf 93' lang='grc'>161</span> <span class='ocrx_word' id='word_1_291' title='bbox 1182 2943 1434 3013; x_wconf 86' lang='lat' dir='ltr'>epistolis</span> <span class='ocrx_word' id='word_1_292' title='bbox 1475 2947 1562 2998; x_wconf 89' lang='lat' dir='ltr'>est</span> <span class='ocrx_word' id='word_1_293' title='bbox 1605 2944 1740 2999; x_wconf 88' lang='lat' dir='ltr'>data</span> <span class='ocrx_word' id='word_1_294' title='bbox 1767 2945 1839 2999; x_wconf 90' lang='lat' dir='ltr'>ad</span> 
     </span>
    </p>
   </div>
   <div class='ocr_carea' id='block_1_39' title="bbox 227 3025 1837 3102">
    <p class='ocr_par' dir='ltr' id='par_1_39' title="bbox 227 3025 1837 3102">
     <span class='ocr_line' id='line_1_39' title="bbox 227 3025 1837 3102; baseline 0.006 -22"><span class='ocrx_word' id='word_1_295' title='bbox 227 3025 664 3097; x_wconf 85' lang='lat' dir='ltr'>Constantinum,</span> <span class='ocrx_word' id='word_1_296' title='bbox 716 3046 893 3102; x_wconf 92' lang='lat' dir='ltr'>quam</span> <span class='ocrx_word' id='word_1_297' title='bbox 944 3031 1298 3101; x_wconf 67' lang='lat' dir='ltr'>prmiationis</span> <span class='ocrx_word' id='word_1_298' title='bbox 1346 3033 1473 3087; x_wconf 94' lang='lat' dir='ltr'>loco</span> <span class='ocrx_word' id='word_1_299' title='bbox 1530 3034 1837 3089; x_wconf 89' lang='lat' dir='ltr'>Gerbertus</span> 
     </span>
    </p>
   </div>
   <div class='ocr_carea' id='block_1_40' title="bbox 224 3116 1837 3189">
    <p class='ocr_par' dir='ltr' id='par_1_40' title="bbox 224 3116 1837 3189">
     <span class='ocr_line' id='line_1_40' title="bbox 224 3116 1837 3189; baseline 0.006 -20"><span class='ocrx_word' id='word_1_300' title='bbox 224 3116 506 3189; x_wconf 71' lang='lat' dir='ltr'>praemisit</span> <span class='ocrx_word' id='word_1_301' title='bbox 537 3116 686 3172; x_wconf 90' lang='lat' dir='ltr'>libro</span> <span class='ocrx_word' id='word_1_302' title='bbox 727 3134 829 3173; x_wconf 93' lang='lat' dir='ltr'>suo</span> <span class='ocrx_word' id='word_1_303' title='bbox 878 3118 1063 3174; x_wconf 90' lang='lat' dir='ltr'>adhuc</span> <span class='ocrx_word' id='word_1_304' title='bbox 1113 3119 1331 3175; x_wconf 90' lang='lat' dir='ltr'>inedito</span> <span class='ocrx_word' id='word_1_305' title='bbox 1367 3122 1450 3175; x_wconf 89' lang='lat' dir='ltr'>De</span> <span class='ocrx_word' id='word_1_306' title='bbox 1494 3138 1837 3178; x_wconf 86' lang='lat' dir='ltr'>numerorum</span> 
     </span>
    </p>
   </div>
   <div class='ocr_carea' id='block_1_41' title="bbox 224 3204 1837 3280">
    <p class='ocr_par' dir='ltr' id='par_1_41' title="bbox 224 3204 1837 3280">
     <span class='ocr_line' id='line_1_41' title="bbox 224 3204 1837 3280; baseline 0.005 -22"><span class='ocrx_word' id='word_1_307' title='bbox 224 3204 501 3259; x_wconf 84' lang='lat' dir='ltr'>divisione.</span> <span class='ocrx_word' id='word_1_308' title='bbox 537 3205 651 3260; x_wconf 92' lang='lat' dir='ltr'>Sed</span> <span class='ocrx_word' id='word_1_309' title='bbox 683 3207 1033 3262; x_wconf 90' lang='lat' dir='ltr'>Duchesnius</span> <span class='ocrx_word' id='word_1_310' title='bbox 1064 3210 1345 3280; x_wconf 62' lang='lat' dir='ltr'>praeterea</span> <span class='ocrx_word' id='word_1_311' title='bbox 1376 3226 1444 3264; x_wconf 83' lang='lat' dir='ltr'><strong>ex</strong></span> <span class='ocrx_word' id='word_1_312' title='bbox 1498 3211 1693 3266; x_wconf 92' lang='lat' dir='ltr'>codice</span> <span class='ocrx_word' id='word_1_313' title='bbox 1726 3212 1837 3266; x_wconf 87' lang='lat' dir='ltr'>Sir-</span> 
     </span>
    </p>
   </div>
   <div class='ocr_carea' id='block_1_42' title="bbox 224 3293 1832 3368">
    <p class='ocr_par' dir='ltr' id='par_1_42' title="bbox 224 3293 1832 3368">
     <span class='ocr_line' id='line_1_42' title="bbox 224 3293 1832 3368; baseline 0.005 -21"><span class='ocrx_word' id='word_1_314' title='bbox 224 3293 570 3362; x_wconf 88' lang='lat' dir='ltr'>mondiano,</span> <span class='ocrx_word' id='word_1_315' title='bbox 602 3296 807 3351; x_wconf 89' lang='lat' dir='ltr'>tom.ll</span> <span class='ocrx_word' id='word_1_316' title='bbox 832 3294 1107 3368; x_wconf 90' lang='lat' dir='ltr'>Scriptor.</span> <span class='ocrx_word' id='word_1_317' title='bbox 1133 3298 1429 3366; x_wconf 86' lang='lat' dir='ltr'>Francor.,</span> <span class='ocrx_word' id='word_1_318' title='bbox 1455 3300 1634 3354; x_wconf 88' lang='lat' dir='ltr'>Paris.</span> <span class='ocrx_word' id='word_1_319' title='bbox 1674 3302 1832 3368; x_wconf 90' lang='grc'><strong>1636,</strong></span> 
     </span>
    </p>
   </div>
   <div class='ocr_carea' id='block_1_43' title="bbox 222 3384 1830 3459">
    <p class='ocr_par' dir='ltr' id='par_1_43' title="bbox 222 3384 1830 3459">
     <span class='ocr_line' id='line_1_43' title="bbox 222 3384 1830 3459; baseline 0.006 -24"><span class='ocrx_word' id='word_1_320' title='bbox 222 3398 361 3454; x_wconf 89' lang='lat' dir='ltr'>pag.</span> <span class='ocrx_word' id='word_1_321' title='bbox 397 3384 656 3452; x_wconf 68' lang='lat'><strong>828-843,</strong></span> <span class='ocrx_word' id='word_1_322' title='bbox 687 3385 945 3456; x_wconf 86' lang='lat' dir='ltr'>vulgavit</span> <span class='ocrx_word' id='word_1_323' title='bbox 970 3385 1107 3439; x_wconf 89' lang='lat' dir='ltr'>alias</span> <span class='ocrx_word' id='word_1_324' title='bbox 1127 3385 1384 3441; x_wconf 89' lang='lat' dir='ltr'>Gerberti</span> <span class='ocrx_word' id='word_1_325' title='bbox 1409 3386 1677 3459; x_wconf 78' lang='lat' dir='ltr'>Epistolas</span> <span class='ocrx_word' id='word_1_326' title='bbox 1704 3388 1830 3457; x_wconf 87' lang='lat' dir='ltr'>LV,</span> 
     </span>
    </p>
   </div>
   <div class='ocr_carea' id='block_1_44' title="bbox 225 3470 1828 3545">
    <p class='ocr_par' dir='ltr' id='par_1_44' title="bbox 225 3470 1828 3545">
     <span class='ocr_line' id='line_1_44' title="bbox 225 3470 1828 3545; baseline 0.004 -21"><span class='ocrx_word' id='word_1_327' title='bbox 225 3487 373 3543; x_wconf 90' lang='lat' dir='ltr'>quas</span> <span class='ocrx_word' id='word_1_328' title='bbox 400 3470 460 3525; x_wconf 92' lang='lat' dir='ltr'>in</span> <span class='ocrx_word' id='word_1_329' title='bbox 489 3471 853 3527; x_wconf 90' lang='lat' dir='ltr'>Bibliothecis</span> <span class='ocrx_word' id='word_1_330' title='bbox 877 3474 1116 3527; x_wconf 90' lang='lat' dir='ltr'>Patrum</span> <span class='ocrx_word' id='word_1_331' title='bbox 1138 3475 1412 3545; x_wconf 90' lang='lat' dir='ltr'>repetitas</span> <span class='ocrx_word' id='word_1_332' title='bbox 1439 3492 1556 3530; x_wconf 91' lang='lat' dir='ltr'>non</span> <span class='ocrx_word' id='word_1_333' title='bbox 1578 3476 1828 3532; x_wconf 89' lang='lat' dir='ltr'>invenio.</span> 
     </span>
    </p>
   </div>
   <div class='ocr_carea' id='block_1_45' title="bbox 294 3557 1831 3631">
    <p class='ocr_par' dir='ltr' id='par_1_45' title="bbox 294 3557 1831 3631">
     <span class='ocr_line' id='line_1_45' title="bbox 294 3557 1831 3631; baseline 0.005 -19"><span class='ocrx_word' id='word_1_334' title='bbox 294 3557 536 3630; x_wconf 86' lang='lat' dir='ltr'>Epistola</span> <span class='ocrx_word' id='word_1_335' title='bbox 571 3560 643 3613; x_wconf 81' lang='lat' dir='ltr'>ad</span> <span class='ocrx_word' id='word_1_336' title='bbox 687 3558 1100 3615; x_wconf 80' lang='lat' dir='ltr'>Constantinum</span> <span class='ocrx_word' id='word_1_337' title='bbox 1141 3562 1438 3631; x_wconf 90' lang='lat' dir='ltr'>eumdem,</span> <span class='ocrx_word' id='word_1_338' title='bbox 1473 3566 1831 3621; x_wconf 88' lang='lat' dir='ltr'>monachum</span> 
     </span>
    </p>
   </div>
   <div class='ocr_carea' id='block_1_46' title="bbox 221 3648 1832 3722">
    <p class='ocr_par' dir='ltr' id='par_1_46' title="bbox 221 3648 1832 3722">
     <span class='ocr_line' id='line_1_46' title="bbox 221 3648 1832 3722; baseline 0.004 -19"><span class='ocrx_word' id='word_1_339' title='bbox 221 3648 673 3717; x_wconf 85' lang='lat' dir='ltr'>Floriacensem,</span> <span class='ocrx_word' id='word_1_340' title='bbox 705 3653 764 3704; x_wconf 93' lang='lat' dir='ltr'>et</span> <span class='ocrx_word' id='word_1_341' title='bbox 791 3654 991 3722; x_wconf 92' lang='lat' dir='ltr'>postea</span> <span class='ocrx_word' id='word_1_342' title='bbox 1022 3651 1290 3706; x_wconf 88' lang='lat' dir='ltr'><strong>abbatem</strong></span> <span class='ocrx_word' id='word_1_343' title='bbox 1317 3652 1373 3707; x_wconf 95' lang='lat' dir='ltr'>S.</span> <span class='ocrx_word' id='word_1_344' title='bbox 1410 3654 1832 3710; x_wconf 82' lang='lat' dir='ltr'>Maximini:De</span> 
     </span>
    </p>
   </div>
   <div class='ocr_carea' id='block_1_47' title="bbox 216 3737 1905 3838">
    <p class='ocr_par' dir='ltr' id='par_1_47' title="bbox 216 3737 1905 3838">
     <span class='ocr_line' id='line_1_47' title="bbox 216 3737 1905 3838; baseline 0.004 -46"><span class='ocrx_word' id='word_1_345' title='bbox 216 3737 420 3809; x_wconf 65' lang='lat' dir='ltr'>sphera:</span> <span class='ocrx_word' id='word_1_346' title='bbox 449 3740 855 3801; x_wconf 81' lang='lat' dir='ltr'>constructione,</span> <span class='ocrx_word' id='word_1_347' title='bbox 892 3739 950 3793; x_wconf 93' lang='lat' dir='ltr'>in</span> <span class='ocrx_word' id='word_1_348' title='bbox 988 3740 1225 3795; x_wconf 88' lang='lat' dir='ltr'>Joannis</span> <span class='ocrx_word' id='word_1_349' title='bbox 1264 3740 1579 3797; x_wconf 84' lang='lat' dir='ltr'>Mabillonii</span> <span class='ocrx_word' id='word_1_350' title='bbox 1610 3746 1755 3798; x_wconf 90' lang='lat' dir='ltr'>tom.</span> <span class='ocrx_word' id='word_1_351' title='bbox 1783 3746 1829 3799; x_wconf 93' lang='grc' dir='ltr'>ΙΙ</span> <span class='ocrx_word' id='word_1_352' title='bbox 1857 3778 1905 3838; x_wconf 77' lang='lat' dir='ltr'>C</span> 
     </span>
    </p>
   </div>
   <div class='ocr_carea' id='block_1_48' title="bbox 216 3827 1684 3902">
    <p class='ocr_par' dir='ltr' id='par_1_48' title="bbox 216 3827 1684 3902">
     <span class='ocr_line' id='line_1_48' title="bbox 216 3827 1684 3902; baseline 0.005 -22"><span class='ocrx_word' id='word_1_353' title='bbox 216 3827 651 3894; x_wconf 85' lang='lat' dir='ltr'>Analectorum,</span> <span class='ocrx_word' id='word_1_354' title='bbox 679 3842 813 3899; x_wconf 91' lang='lat' dir='ltr'>pag.</span> <span class='ocrx_word' id='word_1_355' title='bbox 849 3831 955 3883; x_wconf 88' lang='grc'>212</span> <span class='ocrx_word' id='word_1_356' title='bbox 986 3827 1143 3900; x_wconf 93' lang='lat' dir='ltr'>(edit.</span> <span class='ocrx_word' id='word_1_357' title='bbox 1175 3845 1337 3884; x_wconf 63' lang='lat' dir='ltr'>novre</span> <span class='ocrx_word' id='word_1_358' title='bbox 1367 3847 1502 3902; x_wconf 87' lang='lat' dir='ltr'>pag.</span> <span class='ocrx_word' id='word_1_359' title='bbox 1540 3834 1684 3894; x_wconf 89' lang='lat'><strong>102).</strong></span> 
     </span>
    </p>
   </div>
   <div class='ocr_carea' id='block_1_49' title="bbox 275 3914 1825 3992">
    <p class='ocr_par' dir='ltr' id='par_1_49' title="bbox 275 3914 1825 3992">
     <span class='ocr_line' id='line_1_49' title="bbox 275 3914 1825 3992; baseline 0.007 -24"><span class='ocrx_word' id='word_1_360' title='bbox 275 3914 463 3969; x_wconf 87' lang='lat' dir='ltr'>Sermo</span> <span class='ocrx_word' id='word_1_361' title='bbox 488 3915 554 3971; x_wconf 81' lang='lat' dir='ltr'>de</span> <span class='ocrx_word' id='word_1_362' title='bbox 571 3916 951 3986; x_wconf 84' lang='lat' dir='ltr'>informatione</span> <span class='ocrx_word' id='word_1_363' title='bbox 979 3919 1359 3989; x_wconf 88' lang='lat' dir='ltr'>episcoporum,</span> <span class='ocrx_word' id='word_1_364' title='bbox 1392 3920 1496 3985; x_wconf 93' lang='lat' dir='ltr'>id.,</span> <span class='ocrx_word' id='word_1_365' title='bbox 1531 3937 1666 3992; x_wconf 88' lang='lat' dir='ltr'>pag.</span> <span class='ocrx_word' id='word_1_366' title='bbox 1706 3925 1825 3981; x_wconf 88' lang='lat'><strong>103.</strong></span> 
     </span>
    </p>
   </div>
   <div class='ocr_carea' id='block_1_50' title="bbox 289 4002 1835 4081">
    <p class='ocr_par' dir='ltr' id='par_1_50' title="bbox 289 4002 1835 4081">
     <span class='ocr_line' id='line_1_50' title="bbox 289 4002 1835 4081; baseline 0.005 -24"><span class='ocrx_word' id='word_1_367' title='bbox 289 4002 553 4074; x_wconf 63' lang='lat' dir='ltr'>Provfatio</span> <span class='ocrx_word' id='word_1_368' title='bbox 582 4003 654 4058; x_wconf 90' lang='lat' dir='ltr'>ad</span> <span class='ocrx_word' id='word_1_369' title='bbox 684 4005 930 4060; x_wconf 85' lang='lat' dir='ltr'>Ottonem</span> <span class='ocrx_word' id='word_1_370' title='bbox 962 4004 1062 4059; x_wconf 90' lang='lat' dir='ltr'><strong>III</strong></span> <span class='ocrx_word' id='word_1_371' title='bbox 1087 4008 1216 4077; x_wconf 86' lang='lat' dir='ltr'>imp.</span> <span class='ocrx_word' id='word_1_372' title='bbox 1250 4010 1305 4061; x_wconf 90' lang='lat' dir='ltr'>in</span> <span class='ocrx_word' id='word_1_373' title='bbox 1333 4007 1507 4063; x_wconf 76' lang='lat' dir='ltr'>locum</span> <span class='ocrx_word' id='word_1_374' title='bbox 1538 4008 1835 4081; x_wconf 70' lang='lat' dir='ltr'>Porphyrii</span> 
     </span>
    </p>
   </div>
   <div class='ocr_carea' id='block_1_51' title="bbox 216 4091 1827 4171">
    <p class='ocr_par' dir='ltr' id='par_1_51' title="bbox 216 4091 1827 4171">
     <span class='ocr_line' id='line_1_51' title="bbox 216 4091 1827 4171; baseline 0.006 -26"><span class='ocrx_word' id='word_1_375' title='bbox 216 4110 252 4146; x_wconf 93' lang='lat' dir='ltr'>a</span> <span class='ocrx_word' id='word_1_376' title='bbox 281 4109 336 4146; x_wconf 88' lang='lat' dir='ltr'>se</span> <span class='ocrx_word' id='word_1_377' title='bbox 366 4091 717 4161; x_wconf 82' lang='lat' dir='ltr'>illustratum,</span> <span class='ocrx_word' id='word_1_378' title='bbox 750 4093 831 4148; x_wconf 91' lang='lat' dir='ltr'>id.</span> <span class='ocrx_word' id='word_1_379' title='bbox 859 4097 1004 4149; x_wconf 91' lang='lat' dir='ltr'>tom.</span> <span class='ocrx_word' id='word_1_380' title='bbox 1034 4095 1074 4162; x_wconf 91' lang='grc' dir='ltr'><strong>Ι,</strong></span> <span class='ocrx_word' id='word_1_381' title='bbox 1104 4112 1161 4167; x_wconf 83' lang='grc' dir='ltr'><strong>ρ.</strong></span> <span class='ocrx_word' id='word_1_382' title='bbox 1183 4098 1284 4151; x_wconf 91' lang='grc'>110</span> <span class='ocrx_word' id='word_1_383' title='bbox 1306 4096 1468 4169; x_wconf 87' lang='lat' dir='ltr'>(edit.</span> <span class='ocrx_word' id='word_1_384' title='bbox 1500 4113 1662 4153; x_wconf 60' lang='lat' dir='ltr'>novae</span> <span class='ocrx_word' id='word_1_385' title='bbox 1692 4115 1827 4171; x_wconf 89' lang='lat' dir='ltr'>pag.</span> 
     </span>
    </p>
   </div>
   <div class='ocr_carea' id='block_1_52' title="bbox 220 4180 1833 4253">
    <p class='ocr_par' dir='ltr' id='par_1_52' title="bbox 220 4180 1833 4253">
     <span class='ocr_line' id='line_1_52' title="bbox 220 4180 1833 4253; baseline 0.005 -19"><span class='ocrx_word' id='word_1_386' title='bbox 220 4180 369 4251; x_wconf 88' lang='lat'><strong>106).</strong></span> <span class='ocrx_word' id='word_1_387' title='bbox 404 4180 639 4235; x_wconf 86' lang='lat' dir='ltr'>Librum</span> <span class='ocrx_word' id='word_1_388' title='bbox 670 4181 858 4253; x_wconf 90' lang='lat' dir='ltr'>ipsum</span> <span class='ocrx_word' id='word_1_389' title='bbox 886 4182 1145 4237; x_wconf 87' lang='lat' dir='ltr'>Gerberti</span> <span class='ocrx_word' id='word_1_390' title='bbox 1177 4183 1259 4237; x_wconf 89' lang='lat' dir='ltr'>De</span> <span class='ocrx_word' id='word_1_391' title='bbox 1284 4185 1542 4239; x_wconf 81' lang='lat' dir='ltr'>rationali</span> <span class='ocrx_word' id='word_1_392' title='bbox 1558 4194 1607 4239; x_wconf 87' lang='lat' dir='ltr'>et</span> <span class='ocrx_word' id='word_1_393' title='bbox 1626 4189 1833 4245; x_wconf 79' lang='lat' dir='ltr'>ratione</span> 
     </span>
    </p>
   </div>
   <div class='ocr_carea' id='block_1_53' title="bbox 215 4268 1830 4343">
    <p class='ocr_par' dir='ltr' id='par_1_53' title="bbox 215 4268 1830 4343">
     <span class='ocr_line' id='line_1_53' title="bbox 215 4268 1830 4343; baseline 0.006 -21"><span class='ocrx_word' id='word_1_394' title='bbox 215 4270 321 4333; x_wconf 88' lang='lat' dir='ltr'>uti,</span> <span class='ocrx_word' id='word_1_395' title='bbox 351 4268 652 4341; x_wconf 64' lang='lat' dir='ltr'>praemissa</span> <span class='ocrx_word' id='word_1_396' title='bbox 680 4269 885 4325; x_wconf 91' lang='lat' dir='ltr'>eadem</span> <span class='ocrx_word' id='word_1_397' title='bbox 929 4287 1060 4325; x_wconf 91' lang='lat' dir='ltr'>cum</span> <span class='ocrx_word' id='word_1_398' title='bbox 1099 4272 1441 4343; x_wconf 75' lang='lat' dir='ltr'>praefatione</span> <span class='ocrx_word' id='word_1_399' title='bbox 1473 4273 1657 4329; x_wconf 91' lang='lat' dir='ltr'>edidit</span> <span class='ocrx_word' id='word_1_400' title='bbox 1697 4276 1830 4331; x_wconf 90' lang='lat' dir='ltr'>Ber-</span> 
     </span>
    </p>
   </div>
   <div class='ocr_carea' id='block_1_54' title="bbox 217 4357 1825 4435">
    <p class='ocr_par' dir='ltr' id='par_1_54' title="bbox 217 4357 1825 4435">
     <span class='ocr_line' id='line_1_54' title="bbox 217 4357 1825 4435; baseline 0.005 -24"><span class='ocrx_word' id='word_1_401' title='bbox 217 4357 438 4411; x_wconf 89' lang='lat' dir='ltr'>nardus</span> <span class='ocrx_word' id='word_1_402' title='bbox 465 4359 571 4413; x_wconf 84' lang='lat' dir='ltr'>Pez</span> <span class='ocrx_word' id='word_1_403' title='bbox 604 4361 748 4412; x_wconf 92' lang='lat' dir='ltr'>tom.</span> <span class='ocrx_word' id='word_1_404' title='bbox 783 4358 804 4411; x_wconf 94' lang='grc' dir='ltr'>Ι</span> <span class='ocrx_word' id='word_1_405' title='bbox 833 4359 1207 4426; x_wconf 88' lang='lat' dir='ltr'>Anecdotor.,</span> <span class='ocrx_word' id='word_1_406' title='bbox 1238 4364 1406 4432; x_wconf 88' lang='lat' dir='ltr'>parte</span> <span class='ocrx_word' id='word_1_407' title='bbox 1445 4378 1504 4427; x_wconf 86' lang='grc' dir='ltr'>ιι,</span> <span class='ocrx_word' id='word_1_408' title='bbox 1538 4379 1671 4435; x_wconf 87' lang='lat' dir='ltr'>pag.</span> <span class='ocrx_word' id='word_1_409' title='bbox 1706 4366 1825 4419; x_wconf 77' lang='grc'><strong>149.</strong></span> 
     </span>
    </p>
   </div>
   <div class='ocr_carea' id='block_1_55' title="bbox 214 4444 1691 4519">
    <p class='ocr_par' dir='ltr' id='par_1_55' title="bbox 214 4444 1691 4519">
     <span class='ocr_line' id='line_1_55' title="bbox 214 4444 1691 4519; baseline 0.005 -21"><span class='ocrx_word' id='word_1_410' title='bbox 214 4444 334 4499; x_wconf 85' lang='lat' dir='ltr'>Hoc</span> <span class='ocrx_word' id='word_1_411' title='bbox 362 4446 635 4519; x_wconf 90' lang='lat' dir='ltr'>scriptum</span> <span class='ocrx_word' id='word_1_412' title='bbox 666 4446 894 4518; x_wconf 86' lang='lat' dir='ltr'>respicit</span> <span class='ocrx_word' id='word_1_413' title='bbox 921 4447 1010 4503; x_wconf 89' lang='lat' dir='ltr'>Fr.</span> <span class='ocrx_word' id='word_1_414' title='bbox 1047 4449 1382 4517; x_wconf 90' lang='lat' dir='ltr'>Benzonius,</span> <span class='ocrx_word' id='word_1_415' title='bbox 1416 4466 1548 4504; x_wconf 90' lang='lat' dir='ltr'>cum</span> <span class='ocrx_word' id='word_1_416' title='bbox 1576 4451 1691 4506; x_wconf 90' lang='lat' dir='ltr'>ait:</span> 
     </span>
    </p>
   </div>
   <div class='ocr_carea' id='block_1_56' title="bbox 342 4560 1703 4625">
    <p class='ocr_par' dir='ltr' id='par_1_56' title="bbox 342 4560 1703 4625">
     <span class='ocr_line' id='line_1_56' title="bbox 342 4560 1703 4625; baseline 0.004 -16"><span class='ocrx_word' id='word_1_417' title='bbox 342 4560 524 4625; x_wconf 80' lang='lat' dir='ltr'>Logica</span> <span class='ocrx_word' id='word_1_418' title='bbox 544 4576 660 4625; x_wconf 86' lang='lat' dir='ltr'>cum</span> <span class='ocrx_word' id='word_1_419' title='bbox 684 4563 857 4622; x_wconf 84' lang='lat' dir='ltr'>volvis,</span> <span class='ocrx_word' id='word_1_420' title='bbox 890 4560 1009 4625; x_wconf 88' lang='lat' dir='ltr'>quid</span> <span class='ocrx_word' id='word_1_421' title='bbox 1049 4570 1119 4625; x_wconf 88' lang='lat' dir='ltr'>tu,</span> <span class='ocrx_word' id='word_1_422' title='bbox 1153 4564 1408 4624; x_wconf 86' lang='lat' dir='ltr'>Gerberte,</span> <span class='ocrx_word' id='word_1_423' title='bbox 1442 4566 1655 4616; x_wconf 83' lang='lat' dir='ltr'>resolvis</span> <span class='ocrx_word' id='word_1_424' title='bbox 1680 4567 1703 4614; x_wconf 60' lang='grc' dir='ltr'><strong>ἓ</strong></span> 
     </span>
    </p>
   </div>
   <div class='ocr_carea' id='block_1_57' title="bbox 342 4622 1421 4684">
    <p class='ocr_par' dir='ltr' id='par_1_57' title="bbox 342 4622 1421 4684">
     <span class='ocr_line' id='line_1_57' title="bbox 342 4622 1421 4684; baseline 0.004 -14"><span class='ocrx_word' id='word_1_425' title='bbox 342 4622 466 4672; x_wconf 78' lang='lat' dir='ltr'>Hinc</span> <span class='ocrx_word' id='word_1_426' title='bbox 498 4624 605 4673; x_wconf 84' lang='lat' dir='ltr'>orbi</span> <span class='ocrx_word' id='word_1_427' title='bbox 627 4630 736 4673; x_wconf 88' lang='lat' dir='ltr'>toto</span> <span class='ocrx_word' id='word_1_428' title='bbox 762 4630 812 4673; x_wconf 86' lang='lat' dir='ltr'>te</span> <span class='ocrx_word' id='word_1_429' title='bbox 846 4622 1051 4684; x_wconf 65' lang='lat' dir='ltr'>praefert</span> <span class='ocrx_word' id='word_1_430' title='bbox 1080 4622 1260 4675; x_wconf 81' lang='lat' dir='ltr'>tertius</span> <span class='ocrx_word' id='word_1_431' title='bbox 1291 4622 1421 4675; x_wconf 83' lang='lat' dir='ltr'><strong>Otto.</strong></span> 
     </span>
    </p>
   </div>
   <div class='ocr_carea' id='block_1_58' title="bbox 283 4729 1823 4804">
    <p class='ocr_par' dir='ltr' id='par_1_58' title="bbox 283 4729 1823 4804">
     <span class='ocr_line' id='line_1_58' title="bbox 283 4729 1823 4804; baseline 0.003 -19"><span class='ocrx_word' id='word_1_432' title='bbox 283 4729 519 4802; x_wconf 80' lang='lat' dir='ltr'>Accepta</span> <span class='ocrx_word' id='word_1_433' title='bbox 546 4730 805 4786; x_wconf 79' lang='lat' dir='ltr'>solutione</span> <span class='ocrx_word' id='word_1_434' title='bbox 831 4731 894 4785; x_wconf 85' lang='lat' dir='ltr'>de</span> <span class='ocrx_word' id='word_1_435' title='bbox 937 4734 1144 4787; x_wconf 87' lang='lat' dir='ltr'>ratione</span> <span class='ocrx_word' id='word_1_436' title='bbox 1167 4736 1251 4787; x_wconf 85' lang='lat' dir='ltr'>uti</span> <span class='ocrx_word' id='word_1_437' title='bbox 1288 4740 1339 4788; x_wconf 92' lang='lat' dir='ltr'>et</span> <span class='ocrx_word' id='word_1_438' title='bbox 1378 4734 1823 4804; x_wconf 83' lang='lat' dir='ltr'>rationali,.Ger-</span> 
     </span>
    </p>
   </div>
   <div class='ocr_carea' id='block_1_59' title="bbox 210 4821 1820 4895">
    <p class='ocr_par' dir='ltr' id='par_1_59' title="bbox 210 4821 1820 4895">
     <span class='ocr_line' id='line_1_59' title="bbox 210 4821 1820 4895; baseline 0.004 -20"><span class='ocrx_word' id='word_1_439' title='bbox 210 4822 356 4875; x_wconf 84' lang='lat' dir='ltr'>berto</span> <span class='ocrx_word' id='word_1_440' title='bbox 387 4822 664 4877; x_wconf 85' lang='lat' dir='ltr'>resolutori</span> <span class='ocrx_word' id='word_1_441' title='bbox 668 4829 791 4893; x_wconf 89' lang='lat' dir='ltr'>post</span> <span class='ocrx_word' id='word_1_442' title='bbox 814 4821 1133 4878; x_wconf 82' lang='lat' dir='ltr'>Ravennam</span> <span class='ocrx_word' id='word_1_443' title='bbox 1160 4824 1376 4895; x_wconf 84' lang='lat' dir='ltr'>placuit</span> <span class='ocrx_word' id='word_1_444' title='bbox 1400 4825 1631 4882; x_wconf 82' lang='lat' dir='ltr'>Romam</span> <span class='ocrx_word' id='word_1_445' title='bbox 1673 4827 1820 4895; x_wconf 88' lang='lat' dir='ltr'>dare,</span> 
     </span>
    </p>
   </div>
   <div class='ocr_carea' id='block_1_60' title="bbox 205 4910 1824 4982">
    <p class='ocr_par' dir='ltr' id='par_1_60' title="bbox 205 4910 1824 4982">
     <span class='ocr_line' id='line_1_60' title="bbox 205 4910 1824 4982; baseline 0.004 -19"><span class='ocrx_word' id='word_1_446' title='bbox 205 4910 409 4964; x_wconf 82' lang='lat' dir='ltr'>donum</span> <span class='ocrx_word' id='word_1_447' title='bbox 435 4910 676 4965; x_wconf 82' lang='lat' dir='ltr'>videlicet</span> <span class='ocrx_word' id='word_1_448' title='bbox 705 4911 996 4982; x_wconf 87' lang='lat' dir='ltr'>imperiale.</span> <span class='ocrx_word' id='word_1_449' title='bbox 1029 4911 1158 4966; x_wconf 72' lang='lat' dir='ltr'>Haec</span> <span class='ocrx_word' id='word_1_450' title='bbox 1200 4914 1516 4968; x_wconf 87' lang='lat' dir='ltr'>Benzonius</span> <span class='ocrx_word' id='word_1_451' title='bbox 1549 4916 1648 4970; x_wconf 93' lang='lat' dir='ltr'>lib.</span> <span class='ocrx_word' id='word_1_452' title='bbox 1677 4932 1695 4969; x_wconf 84' lang='lat'>1</span> <span class='ocrx_word' id='word_1_453' title='bbox 1735 4916 1824 4970; x_wconf 86' lang='lat' dir='ltr'>Hi-</span> 
     </span>
    </p>
   </div>
   <div class='ocr_carea' id='block_1_61' title="bbox 204 4998 1820 5076">
    <p class='ocr_par' dir='ltr' id='par_1_61' title="bbox 204 4998 1820 5076">
     <span class='ocr_line' id='line_1_61' title="bbox 204 4998 1820 5076; baseline 0.002 -22"><span class='ocrx_word' id='word_1_454' title='bbox 204 4998 423 5065; x_wconf 61' lang='lat' dir='ltr'>storiae,</span> <span class='ocrx_word' id='word_1_455' title='bbox 456 5016 581 5071; x_wconf 91' lang='lat' dir='ltr'>cap.</span> <span class='ocrx_word' id='word_1_456' title='bbox 634 5003 721 5063; x_wconf 89' lang='lat'><strong>15,</strong></span> <span class='ocrx_word' id='word_1_457' title='bbox 754 5000 811 5055; x_wconf 91' lang='lat' dir='ltr'>in</span> <span class='ocrx_word' id='word_1_458' title='bbox 861 5001 1025 5055; x_wconf 87' lang='lat' dir='ltr'>Joan.</span> <span class='ocrx_word' id='word_1_459' title='bbox 1070 5001 1223 5055; x_wconf 90' lang='lat' dir='ltr'>Petri</span> <span class='ocrx_word' id='word_1_460' title='bbox 1262 5002 1514 5074; x_wconf 80' lang='lat' dir='ltr'>LudeVIg</span> <span class='ocrx_word' id='word_1_461' title='bbox 1550 5004 1820 5076; x_wconf 81' lang='lat' dir='ltr'>Reliquiis</span> 
     </span>
    </p>
   </div>
   <div class='ocr_carea' id='block_1_62' title="bbox 2004 2596 3539 2671">
    <p class='ocr_par' dir='ltr' id='par_1_62' title="bbox 2004 2596 3539 2671">
     <span class='ocr_line' id='line_1_62' title="bbox 2004 2596 3539 2671; baseline 0 -18"><span class='ocrx_word' id='word_1_462' title='bbox 2004 2600 2197 2654; x_wconf 88' lang='lat' dir='ltr'>Sermo</span> <span class='ocrx_word' id='word_1_463' title='bbox 2223 2598 2618 2671; x_wconf 88' lang='lat' dir='ltr'>apologeticus</span> <span class='ocrx_word' id='word_1_464' title='bbox 2643 2601 2699 2652; x_wconf 92' lang='lat' dir='ltr'>in</span> <span class='ocrx_word' id='word_1_465' title='bbox 2724 2599 2948 2654; x_wconf 85' lang='lat' dir='ltr'>concilio</span> <span class='ocrx_word' id='word_1_466' title='bbox 2973 2596 3298 2652; x_wconf 79' lang='lat' dir='ltr'>Mosomensi</span> <span class='ocrx_word' id='word_1_467' title='bbox 3323 2613 3420 2652; x_wconf 92' lang='lat' dir='ltr'>an.</span> <span class='ocrx_word' id='word_1_468' title='bbox 3438 2599 3539 2653; x_wconf 89' lang='lat'><strong>995</strong></span> 
     </span>
    </p>
   </div>
   <div class='ocr_carea' id='block_1_63' title="bbox 1937 2685 3541 2757">
    <p class='ocr_par' dir='ltr' id='par_1_63' title="bbox 1937 2685 3541 2757">
     <span class='ocr_line' id='line_1_63' title="bbox 1937 2685 3541 2757; baseline -0.001 -14"><span class='ocrx_word' id='word_1_469' title='bbox 1937 2688 2122 2744; x_wconf 91' lang='lat' dir='ltr'>editus</span> <span class='ocrx_word' id='word_1_470' title='bbox 2152 2688 2208 2743; x_wconf 90' lang='lat' dir='ltr'>in</span> <span class='ocrx_word' id='word_1_471' title='bbox 2238 2687 2392 2742; x_wconf 85' lang='lat' dir='ltr'>Actis</span> <span class='ocrx_word' id='word_1_472' title='bbox 2428 2688 2579 2742; x_wconf 91' lang='lat' dir='ltr'>illius</span> <span class='ocrx_word' id='word_1_473' title='bbox 2599 2687 2824 2743; x_wconf 91' lang='lat' dir='ltr'>concilii</span> <span class='ocrx_word' id='word_1_474' title='bbox 2845 2690 2902 2741; x_wconf 90' lang='lat' dir='ltr'>et</span> <span class='ocrx_word' id='word_1_475' title='bbox 2921 2686 2979 2741; x_wconf 92' lang='lat' dir='ltr'>in</span> <span class='ocrx_word' id='word_1_476' title='bbox 3003 2685 3286 2741; x_wconf 85' lang='lat' dir='ltr'>Centuriis</span> <span class='ocrx_word' id='word_1_477' title='bbox 3314 2686 3541 2757; x_wconf 82' lang='lat' dir='ltr'>Magde-</span> 
     </span>
    </p>
   </div>
   <div class='ocr_carea' id='block_1_64' title="bbox 1935 2775 3541 2849">
    <p class='ocr_par' dir='ltr' id='par_1_64' title="bbox 1935 2775 3541 2849">
     <span class='ocr_line' id='line_1_64' title="bbox 1935 2775 3541 2849; baseline -0.001 -17"><span class='ocrx_word' id='word_1_478' title='bbox 1935 2778 2130 2849; x_wconf 91' lang='lat' dir='ltr'>burg.,</span> <span class='ocrx_word' id='word_1_479' title='bbox 2160 2781 2301 2831; x_wconf 90' lang='lat' dir='ltr'>tom.</span> <span class='ocrx_word' id='word_1_480' title='bbox 2336 2778 2427 2840; x_wconf 88' lang='lat' dir='ltr'><strong>III,</strong></span> <span class='ocrx_word' id='word_1_481' title='bbox 2449 2792 2507 2848; x_wconf 93' lang='lat' dir='ltr'>p.</span> <span class='ocrx_word' id='word_1_482' title='bbox 2524 2779 2645 2831; x_wconf 91' lang='lat'><strong>279.</strong></span> <span class='ocrx_word' id='word_1_483' title='bbox 2669 2777 2836 2849; x_wconf 82' lang='lat' dir='ltr'>Apud</span> <span class='ocrx_word' id='word_1_484' title='bbox 2857 2777 3063 2831; x_wconf 90' lang='lat' dir='ltr'>Baron.</span> <span class='ocrx_word' id='word_1_485' title='bbox 3086 2775 3159 2830; x_wconf 91' lang='lat' dir='ltr'>ad</span> <span class='ocrx_word' id='word_1_486' title='bbox 3180 2791 3398 2830; x_wconf 89' lang='lat' dir='ltr'>annum</span> <span class='ocrx_word' id='word_1_487' title='bbox 3416 2778 3541 2843; x_wconf 84' lang='lat'><strong>995,</strong></span> 
     </span>
    </p>
   </div>
   <div class='ocr_carea' id='block_1_65' title="bbox 1938 2862 3543 2938">
    <p class='ocr_par' dir='ltr' id='par_1_65' title="bbox 1938 2862 3543 2938">
     <span class='ocr_line' id='line_1_65' title="bbox 1938 2862 3543 2938; baseline -0.001 -17"><span class='ocrx_word' id='word_1_488' title='bbox 1938 2869 2109 2938; x_wconf 86' lang='lat' dir='ltr'>atque</span> <span class='ocrx_word' id='word_1_489' title='bbox 2139 2865 2370 2920; x_wconf 90' lang='lat' dir='ltr'>ineditis</span> <span class='ocrx_word' id='word_1_490' title='bbox 2420 2880 2726 2937; x_wconf 87' lang='lat' dir='ltr'>perperam</span> <span class='ocrx_word' id='word_1_491' title='bbox 2776 2881 2810 2920; x_wconf 90' lang='lat' dir='ltr'>a</span> <span class='ocrx_word' id='word_1_492' title='bbox 2845 2863 3317 2937; x_wconf 71' lang='lat' dir='ltr'>praestantissimo</span> <span class='ocrx_word' id='word_1_493' title='bbox 3360 2862 3543 2919; x_wconf 87' lang='lat' dir='ltr'>Caveo</span> 
     </span>
    </p>
   </div>
   <div class='ocr_carea' id='block_1_66' title="bbox 1939 2954 2284 3010">
    <p class='ocr_par' dir='ltr' id='par_1_66' title="bbox 1939 2954 2284 3010">
     <span class='ocr_line' id='line_1_66' title="bbox 1939 2954 2284 3010; baseline -0.006 0"><span class='ocrx_word' id='word_1_494' title='bbox 1939 2954 2284 3010; x_wconf 86' lang='lat' dir='ltr'>accensitus.</span> 
     </span>
    </p>
   </div>
   <div class='ocr_carea' id='block_1_67' title="bbox 2007 3038 3541 3115">
    <p class='ocr_par' dir='ltr' id='par_1_67' title="bbox 2007 3038 3541 3115">
     <span class='ocr_line' id='line_1_67' title="bbox 2007 3038 3541 3115; baseline -0.001 -18"><span class='ocrx_word' id='word_1_495' title='bbox 2007 3042 2494 3114; x_wconf 81' lang='lat' dir='ltr'>Rhythmomachia</span> <span class='ocrx_word' id='word_1_496' title='bbox 2528 3043 2682 3098; x_wconf 90' lang='lat' dir='ltr'>edita</span> <span class='ocrx_word' id='word_1_497' title='bbox 2712 3041 2912 3115; x_wconf 65' lang='lat' dir='ltr'>Lipsiae</span> <span class='ocrx_word' id='word_1_498' title='bbox 2947 3043 3082 3096; x_wconf 89' lang='grc'><strong>1616</strong></span> <span class='ocrx_word' id='word_1_499' title='bbox 3111 3038 3396 3110; x_wconf 71' lang='grc' dir='ltr'>ΙοΙ.,ζ‹;ιιιιι</span> <span class='ocrx_word' id='word_1_500' title='bbox 3415 3041 3541 3113; x_wconf 88' lang='lat' dir='ltr'>glo-</span> 
     </span>
    </p>
   </div>
   <div class='ocr_carea' id='block_1_68' title="bbox 1938 3128 3543 3204">
    <p class='ocr_par' dir='ltr' id='par_1_68' title="bbox 1938 3128 3543 3204">
     <span class='ocr_line' id='line_1_68' title="bbox 1938 3128 3543 3204; baseline -0.001 -19"><span class='ocrx_word' id='word_1_501' title='bbox 1938 3130 2238 3186; x_wconf 89' lang='lat' dir='ltr'>riosissimi</span> <span class='ocrx_word' id='word_1_502' title='bbox 2278 3132 2556 3204; x_wconf 90' lang='lat' dir='ltr'>principis</span> <span class='ocrx_word' id='word_1_503' title='bbox 2581 3129 2840 3202; x_wconf 88' lang='lat' dir='ltr'>Augusti,</span> <span class='ocrx_word' id='word_1_504' title='bbox 2874 3128 3412 3201; x_wconf 89' lang='lat' dir='ltr'>Luneburgensium</span> <span class='ocrx_word' id='word_1_505' title='bbox 3443 3129 3543 3184; x_wconf 90' lang='lat' dir='ltr'>du-</span> 
     </span>
    </p>
   </div>
   <div class='ocr_carea' id='block_1_69' title="bbox 1936 3219 3062 3288">
    <p class='ocr_par' dir='ltr' id='par_1_69' title="bbox 1936 3219 3062 3288">
     <span class='ocr_line' id='line_1_69' title="bbox 1936 3219 3062 3288; baseline -0.002 -14"><span class='ocrx_word' id='word_1_506' title='bbox 1936 3221 2014 3275; x_wconf 92' lang='lat' dir='ltr'>cis</span> <span class='ocrx_word' id='word_1_507' title='bbox 2051 3220 2210 3274; x_wconf 92' lang='lat' dir='ltr'>libris</span> <span class='ocrx_word' id='word_1_508' title='bbox 2249 3238 2323 3288; x_wconf 84' lang='lat' dir='ltr'><strong>IV,</strong></span> <span class='ocrx_word' id='word_1_509' title='bbox 2358 3222 2437 3275; x_wconf 93' lang='lat' dir='ltr'>De</span> <span class='ocrx_word' id='word_1_510' title='bbox 2470 3220 2603 3274; x_wconf 92' lang='lat' dir='ltr'>ludo</span> <span class='ocrx_word' id='word_1_511' title='bbox 2630 3219 3062 3273; x_wconf 87' lang='lat' dir='ltr'>schacehorum.</span> 
     </span>
    </p>
   </div>
   <div class='ocr_carea' id='block_1_70' title="bbox 2020 3306 3539 3383">
    <p class='ocr_par' dir='ltr' id='par_1_70' title="bbox 2020 3306 3539 3383">
     <span class='ocr_line' id='line_1_70' title="bbox 2020 3306 3539 3383; baseline -0.002 -20"><span class='ocrx_word' id='word_1_512' title='bbox 2020 3309 2145 3364; x_wconf 89' lang='lat' dir='ltr'>Vita</span> <span class='ocrx_word' id='word_1_513' title='bbox 2171 3317 2219 3363; x_wconf 91' lang='lat' dir='ltr'>et</span> <span class='ocrx_word' id='word_1_514' title='bbox 2238 3311 2417 3380; x_wconf 82' lang='lat' dir='ltr'>passio</span> <span class='ocrx_word' id='word_1_515' title='bbox 2440 3308 2504 3365; x_wconf 87' lang='lat' dir='ltr'>S.</span> <span class='ocrx_word' id='word_1_516' title='bbox 2529 3308 2817 3363; x_wconf 86' lang='lat' dir='ltr'>Adalberti</span> <span class='ocrx_word' id='word_1_517' title='bbox 2834 3307 3038 3376; x_wconf 88' lang='lat' dir='ltr'>Ursini,</span> <span class='ocrx_word' id='word_1_518' title='bbox 3054 3306 3539 3383; x_wconf 36' lang='lat' dir='ltr'>comitis&#39;Rosem-</span> 
     </span>
    </p>
   </div>
   <div class='ocr_carea' id='block_1_71' title="bbox 1932 3395 3540 3469">
    <p class='ocr_par' dir='ltr' id='par_1_71' title="bbox 1932 3395 3540 3469">
     <span class='ocr_line' id='line_1_71' title="bbox 1932 3395 3540 3469; baseline -0.002 -16"><span class='ocrx_word' id='word_1_519' title='bbox 1932 3398 2117 3469; x_wconf 86' lang='lat' dir='ltr'>bergi,</span> <span class='ocrx_word' id='word_1_520' title='bbox 2156 3397 2455 3469; x_wconf 86' lang='lat' dir='ltr'>Pragensis</span> <span class='ocrx_word' id='word_1_521' title='bbox 2483 3396 2757 3469; x_wconf 79' lang='lat' dir='ltr'>epiSCOpi,</span> <span class='ocrx_word' id='word_1_522' title='bbox 2789 3396 3091 3451; x_wconf 89' lang='lat' dir='ltr'>Gnesensis</span> <span class='ocrx_word' id='word_1_523' title='bbox 3128 3395 3540 3467; x_wconf 90' lang='lat' dir='ltr'>archiepiscopi</span> 
     </span>
    </p>
   </div>
   <div class='ocr_carea' id='block_1_72' title="bbox 1933 3485 3538 3557">
    <p class='ocr_par' dir='ltr' id='par_1_72' title="bbox 1933 3485 3538 3557">
     <span class='ocr_line' id='line_1_72' title="bbox 1933 3485 3538 3557; baseline -0.002 -17"><span class='ocrx_word' id='word_1_524' title='bbox 1933 3489 1990 3541; x_wconf 90' lang='lat' dir='ltr'>et</span> <span class='ocrx_word' id='word_1_525' title='bbox 2020 3503 2113 3541; x_wconf 92' lang='lat' dir='ltr'>an.</span> <span class='ocrx_word' id='word_1_526' title='bbox 2146 3488 2247 3540; x_wconf 89' lang='lat'>967</span> <span class='ocrx_word' id='word_1_527' title='bbox 2271 3486 2563 3557; x_wconf 82' lang='lat' dir='ltr'>martyris,</span> <span class='ocrx_word' id='word_1_528' title='bbox 2583 3486 2954 3551; x_wconf 90' lang='lat' dir='ltr'>Boemorum,</span> <span class='ocrx_word' id='word_1_529' title='bbox 2979 3486 3405 3556; x_wconf 82' lang='lat' dir='ltr'>Hungarorum,</span> <span class='ocrx_word' id='word_1_530' title='bbox 3430 3485 3538 3537; x_wconf 91' lang='lat' dir='ltr'>Po-</span> 
     </span>
    </p>
   </div>
   <div class='ocr_carea' id='block_1_73' title="bbox 1931 3572 3536 3644">
    <p class='ocr_par' dir='ltr' id='par_1_73' title="bbox 1931 3572 3536 3644">
     <span class='ocr_line' id='line_1_73' title="bbox 1931 3572 3536 3644; baseline -0.003 -15"><span class='ocrx_word' id='word_1_531' title='bbox 1931 3576 2224 3641; x_wconf 91' lang='lat' dir='ltr'>lonorum,</span> <span class='ocrx_word' id='word_1_532' title='bbox 2258 3576 2597 3628; x_wconf 87' lang='lat' dir='ltr'>Prussorum</span> <span class='ocrx_word' id='word_1_533' title='bbox 2620 3573 2883 3644; x_wconf 87' lang='lat' dir='ltr'>apostoli,</span> <span class='ocrx_word' id='word_1_534' title='bbox 2918 3572 3074 3626; x_wconf 89' lang='lat' dir='ltr'>edita</span> <span class='ocrx_word' id='word_1_535' title='bbox 3104 3572 3175 3625; x_wconf 90' lang='lat' dir='ltr'><strong>ab</strong></span> <span class='ocrx_word' id='word_1_536' title='bbox 3205 3572 3536 3626; x_wconf 73' lang='lat' dir='ltr'>Abrahamo</span> 
     </span>
    </p>
   </div>
   <div class='ocr_carea' id='block_1_74' title="bbox 1931 3658 3536 3725">
    <p class='ocr_par' dir='ltr' id='par_1_74' title="bbox 1931 3658 3536 3725">
     <span class='ocr_line' id='line_1_74' title="bbox 1931 3658 3536 3725; baseline -0.002 -8"><span class='ocrx_word' id='word_1_537' title='bbox 1931 3662 2133 3717; x_wconf 82' lang='lat' dir='ltr'>Bzovio</span> <span class='ocrx_word' id='word_1_538' title='bbox 2159 3678 2226 3716; x_wconf 84' lang='lat' dir='ltr'>ex</span> <span class='ocrx_word' id='word_1_539' title='bbox 2241 3660 2434 3716; x_wconf 91' lang='lat' dir='ltr'>codice</span> <span class='ocrx_word' id='word_1_540' title='bbox 2462 3659 2753 3715; x_wconf 90' lang='lat' dir='ltr'>Casinensi</span> <span class='ocrx_word' id='word_1_541' title='bbox 2785 3660 2949 3713; x_wconf 81' lang='lat' dir='ltr'>Rom.</span> <span class='ocrx_word' id='word_1_542' title='bbox 2972 3660 3106 3712; x_wconf 86' lang='lat'><strong>1629</strong></span> <span class='ocrx_word' id='word_1_543' title='bbox 3126 3658 3252 3725; x_wconf 84' lang='lat' dir='ltr'>fol.,</span> <span class='ocrx_word' id='word_1_544' title='bbox 3273 3674 3388 3711; x_wconf 92' lang='lat' dir='ltr'>una</span> <span class='ocrx_word' id='word_1_545' title='bbox 3403 3675 3536 3713; x_wconf 90' lang='lat' dir='ltr'>cum</span> 
     </span>
    </p>
   </div>
   <div class='ocr_carea' id='block_1_75' title="bbox 1933 3745 3535 3824">
    <p class='ocr_par' dir='ltr' id='par_1_75' title="bbox 1933 3745 3535 3824">
     <span class='ocr_line' id='line_1_75' title="bbox 1933 3745 3535 3824; baseline -0.004 -17"><span class='ocrx_word' id='word_1_546' title='bbox 1933 3752 2219 3824; x_wconf 86' lang='lat' dir='ltr'>Sylvestro</span> <span class='ocrx_word' id='word_1_547' title='bbox 2236 3751 2282 3803; x_wconf 89' lang='lat' dir='ltr'>ll</span> <span class='ocrx_word' id='word_1_548' title='bbox 2305 3748 2483 3804; x_wconf 65' lang='lat' dir='ltr'>Caesio</span> <span class='ocrx_word' id='word_1_549' title='bbox 2506 3747 2793 3820; x_wconf 89' lang='lat' dir='ltr'>Aquitano</span> <span class='ocrx_word' id='word_1_550' title='bbox 2820 3763 2854 3801; x_wconf 92' lang='lat' dir='ltr'>a</span> <span class='ocrx_word' id='word_1_551' title='bbox 2883 3745 3079 3817; x_wconf 88' lang='lat' dir='ltr'>magia</span> <span class='ocrx_word' id='word_1_552' title='bbox 3099 3748 3157 3801; x_wconf 91' lang='lat' dir='ltr'>et</span> <span class='ocrx_word' id='word_1_553' title='bbox 3176 3745 3302 3800; x_wconf 90' lang='lat' dir='ltr'>aliis</span> <span class='ocrx_word' id='word_1_554' title='bbox 3316 3747 3535 3801; x_wconf 90' lang='lat' dir='ltr'>calum-</span> 
     </span>
    </p>
   </div>
   <div class='ocr_carea' id='block_1_76' title="bbox 1932 3833 3537 3909">
    <p class='ocr_par' dir='ltr' id='par_1_76' title="bbox 1932 3833 3537 3909">
     <span class='ocr_line' id='line_1_76' title="bbox 1932 3833 3537 3909; baseline -0.002 -15"><span class='ocrx_word' id='word_1_555' title='bbox 1932 3840 2041 3894; x_wconf 90' lang='lat' dir='ltr'>niis</span> <span class='ocrx_word' id='word_1_556' title='bbox 2073 3838 2362 3893; x_wconf 90' lang='lat' dir='ltr'>vindicato</span> <span class='ocrx_word' id='word_1_557' title='bbox 2395 3836 2470 3909; x_wconf 90' lang='lat'>(1)</span> <span class='ocrx_word' id='word_1_558' title='bbox 2501 3854 2514 3891; x_wconf 90' lang='lat'><strong>:</strong></span> <span class='ocrx_word' id='word_1_559' title='bbox 2556 3839 2615 3891; x_wconf 91' lang='lat' dir='ltr'>et</span> <span class='ocrx_word' id='word_1_560' title='bbox 2644 3835 2703 3889; x_wconf 93' lang='lat' dir='ltr'>in</span> <span class='ocrx_word' id='word_1_561' title='bbox 2744 3833 3061 3907; x_wconf 91' lang='lat' dir='ltr'>appendice</span> <span class='ocrx_word' id='word_1_562' title='bbox 3091 3833 3165 3888; x_wconf 92' lang='lat' dir='ltr'>ad</span> <span class='ocrx_word' id='word_1_563' title='bbox 3194 3836 3420 3889; x_wconf 88' lang='lat' dir='ltr'>tomum</span> <span class='ocrx_word' id='word_1_564' title='bbox 3453 3835 3537 3890; x_wconf 86' lang='lat' dir='ltr'>XX</span> 
     </span>
    </p>
   </div>
   <div class='ocr_carea' id='block_1_77' title="bbox 1930 3922 3535 3995">
    <p class='ocr_par' dir='ltr' id='par_1_77' title="bbox 1930 3922 3535 3995">
     <span class='ocr_line' id='line_1_77' title="bbox 1930 3922 3535 3995; baseline -0.002 -13"><span class='ocrx_word' id='word_1_565' title='bbox 1930 3926 2262 3995; x_wconf 90' lang='lat' dir='ltr'>Annalium,</span> <span class='ocrx_word' id='word_1_566' title='bbox 2288 3927 2456 3981; x_wconf 83' lang='lat' dir='ltr'>Rom.</span> <span class='ocrx_word' id='word_1_567' title='bbox 2490 3927 2619 3981; x_wconf 79' lang='grc'><strong>1641</strong></span> <span class='ocrx_word' id='word_1_568' title='bbox 2655 3924 2755 3979; x_wconf 84' lang='lat' dir='ltr'>fol.</span> <span class='ocrx_word' id='word_1_569' title='bbox 2785 3923 3061 3995; x_wconf 88' lang='lat' dir='ltr'>Georgius</span> <span class='ocrx_word' id='word_1_570' title='bbox 3081 3938 3215 3977; x_wconf 87' lang='lat' dir='ltr'>vero</span> <span class='ocrx_word' id='word_1_571' title='bbox 3247 3922 3535 3979; x_wconf 87' lang='lat' dir='ltr'>Hensche-</span> 
     </span>
    </p>
   </div>
   <div class='ocr_carea' id='block_1_78' title="bbox 1932 4011 3533 4088">
    <p class='ocr_par' dir='ltr' id='par_1_78' title="bbox 1932 4011 3533 4088">
     <span class='ocr_line' id='line_1_78' title="bbox 1932 4011 3533 4088; baseline -0.004 -17"><span class='ocrx_word' id='word_1_572' title='bbox 1932 4017 2185 4088; x_wconf 89' lang='lat' dir='ltr'>nius,qui</span> <span class='ocrx_word' id='word_1_573' title='bbox 2204 4016 2472 4070; x_wconf 91' lang='lat' dir='ltr'><strong>eamdem</strong></span> <span class='ocrx_word' id='word_1_574' title='bbox 2486 4014 2678 4068; x_wconf 90' lang='lat' dir='ltr'>Vitam</span> <span class='ocrx_word' id='word_1_575' title='bbox 2699 4013 2879 4068; x_wconf 87' lang='lat' dir='ltr'>edidit</span> <span class='ocrx_word' id='word_1_576' title='bbox 2891 4030 2957 4068; x_wconf 84' lang='lat' dir='ltr'><strong>ex</strong></span> <span class='ocrx_word' id='word_1_577' title='bbox 2979 4011 3175 4067; x_wconf 92' lang='lat' dir='ltr'>codice</span> <span class='ocrx_word' id='word_1_578' title='bbox 3188 4011 3462 4084; x_wconf 86' lang='lat' dir='ltr'>Pragensi</span> <span class='ocrx_word' id='word_1_579' title='bbox 3474 4011 3533 4066; x_wconf 90' lang='lat' dir='ltr'>in</span> 
     </span>
    </p>
   </div>
   <div class='ocr_carea' id='block_1_79' title="bbox 1931 4099 3537 4173">
    <p class='ocr_par' dir='ltr' id='par_1_79' title="bbox 1931 4099 3537 4173">
     <span class='ocr_line' id='line_1_79' title="bbox 1931 4099 3537 4173; baseline -0.002 -14"><span class='ocrx_word' id='word_1_580' title='bbox 1931 4104 2084 4159; x_wconf 86' lang='lat' dir='ltr'>Actis</span> <span class='ocrx_word' id='word_1_581' title='bbox 2113 4103 2401 4170; x_wconf 90' lang='lat' dir='ltr'>Sanctor.,</span> <span class='ocrx_word' id='word_1_582' title='bbox 2425 4107 2569 4158; x_wconf 90' lang='lat' dir='ltr'>tom.</span> <span class='ocrx_word' id='word_1_583' title='bbox 2586 4102 2678 4168; x_wconf 93' lang='lat' dir='ltr'><strong>III,</strong></span> <span class='ocrx_word' id='word_1_584' title='bbox 2698 4102 2876 4173; x_wconf 88' lang='lat' dir='ltr'>April.</span> <span class='ocrx_word' id='word_1_585' title='bbox 2898 4103 2985 4167; x_wconf 87' lang='lat'><strong>23,</strong></span> <span class='ocrx_word' id='word_1_586' title='bbox 3006 4099 3537 4173; x_wconf 89' lang='lat' dir='ltr'>pag.178,Gerberti</span> 
     </span>
    </p>
   </div>
   <div class='ocr_carea' id='block_1_80' title="bbox 1934 4188 3534 4263">
    <p class='ocr_par' dir='ltr' id='par_1_80' title="bbox 1934 4188 3534 4263">
     <span class='ocr_line' id='line_1_80' title="bbox 1934 4188 3534 4263; baseline -0.003 -15"><span class='ocrx_word' id='word_1_587' title='bbox 1934 4209 2064 4249; x_wconf 88' lang='lat' dir='ltr'><strong>eam</strong></span> <span class='ocrx_word' id='word_1_588' title='bbox 2087 4209 2210 4247; x_wconf 90' lang='lat' dir='ltr'>esse</span> <span class='ocrx_word' id='word_1_589' title='bbox 2229 4195 2426 4263; x_wconf 88' lang='lat' dir='ltr'>negat,</span> <span class='ocrx_word' id='word_1_590' title='bbox 2451 4207 2787 4263; x_wconf 87' lang='lat' dir='ltr'>quanquam</span> <span class='ocrx_word' id='word_1_591' title='bbox 2814 4189 3039 4244; x_wconf 91' lang='lat' dir='ltr'>monitu</span> <span class='ocrx_word' id='word_1_592' title='bbox 3066 4189 3327 4260; x_wconf 89' lang='lat' dir='ltr'>ejusdem</span> <span class='ocrx_word' id='word_1_593' title='bbox 3359 4188 3534 4260; x_wconf 89' lang='lat' dir='ltr'>scrip-</span> 
     </span>
    </p>
   </div>
   <div class='ocr_carea' id='block_1_81' title="bbox 1934 4278 3534 4353">
    <p class='ocr_par' dir='ltr' id='par_1_81' title="bbox 1934 4278 3534 4353">
     <span class='ocr_line' id='line_1_81' title="bbox 1934 4278 3534 4353; baseline -0.003 -17"><span class='ocrx_word' id='word_1_594' title='bbox 1934 4286 2055 4336; x_wconf 90' lang='lat' dir='ltr'>tam</span> <span class='ocrx_word' id='word_1_595' title='bbox 2084 4281 2252 4353; x_wconf 87' lang='lat' dir='ltr'>eique</span> <span class='ocrx_word' id='word_1_596' title='bbox 2280 4280 2529 4335; x_wconf 86' lang='lat' dir='ltr'>dicatam</span> <span class='ocrx_word' id='word_1_597' title='bbox 2562 4296 2681 4334; x_wconf 92' lang='lat' dir='ltr'>non</span> <span class='ocrx_word' id='word_1_598' title='bbox 2713 4279 2992 4334; x_wconf 84' lang='lat' dir='ltr'>difﬁtetur</span> <span class='ocrx_word' id='word_1_599' title='bbox 3020 4294 3055 4332; x_wconf 89' lang='lat' dir='ltr'>a</span> <span class='ocrx_word' id='word_1_600' title='bbox 3086 4278 3375 4332; x_wconf 89' lang='lat' dir='ltr'>monacho</span> <span class='ocrx_word' id='word_1_601' title='bbox 3392 4295 3534 4350; x_wconf 89' lang='lat' dir='ltr'>quo-</span> 
     </span>
    </p>
   </div>
   <div class='ocr_carea' id='block_1_82' title="bbox 1933 4366 3536 4426">
    <p class='ocr_par' dir='ltr' id='par_1_82' title="bbox 1933 4366 3536 4426">
     <span class='ocr_line' id='line_1_82' title="bbox 1933 4366 3536 4426; baseline -0.003 0"><span class='ocrx_word' id='word_1_602' title='bbox 1933 4372 2069 4426; x_wconf 92' lang='lat' dir='ltr'>dam</span> <span class='ocrx_word' id='word_1_603' title='bbox 2102 4371 2201 4426; x_wconf 91' lang='lat' dir='ltr'>SS.</span> <span class='ocrx_word' id='word_1_604' title='bbox 2238 4368 2512 4424; x_wconf 87' lang='lat' dir='ltr'>Bonifacii</span> <span class='ocrx_word' id='word_1_605' title='bbox 2538 4372 2595 4422; x_wconf 93' lang='lat' dir='ltr'>et</span> <span class='ocrx_word' id='word_1_606' title='bbox 2614 4366 3328 4423; x_wconf 84' lang='lat' dir='ltr'>Alexii.EademBohuslai</span> <span class='ocrx_word' id='word_1_607' title='bbox 3355 4367 3536 4423; x_wconf 90' lang='lat' dir='ltr'>Balbi-</span> 
     </span>
    </p>
   </div>
   <div class='ocr_carea' id='block_1_83' title="bbox 1932 4455 3537 4529">
    <p class='ocr_par' dir='ltr' id='par_1_83' title="bbox 1932 4455 3537 4529">
     <span class='ocr_line' id='line_1_83' title="bbox 1932 4455 3537 4529; baseline -0.001 -15"><span class='ocrx_word' id='word_1_608' title='bbox 1932 4460 1991 4515; x_wconf 89' lang='lat' dir='ltr'>ni</span> <span class='ocrx_word' id='word_1_609' title='bbox 2021 4462 2110 4514; x_wconf 86' lang='lat' dir='ltr'>est</span> <span class='ocrx_word' id='word_1_610' title='bbox 2138 4457 2446 4525; x_wconf 88' lang='lat' dir='ltr'>sententia,</span> <span class='ocrx_word' id='word_1_611' title='bbox 2468 4457 2566 4529; x_wconf 88' lang='lat' dir='ltr'>qui</span> <span class='ocrx_word' id='word_1_612' title='bbox 2592 4458 2743 4512; x_wconf 91' lang='lat' dir='ltr'>hanc</span> <span class='ocrx_word' id='word_1_613' title='bbox 2763 4457 2945 4511; x_wconf 89' lang='lat' dir='ltr'>Vitam</span> <span class='ocrx_word' id='word_1_614' title='bbox 2964 4456 3024 4510; x_wconf 92' lang='lat' dir='ltr'>in</span> <span class='ocrx_word' id='word_1_615' title='bbox 3051 4455 3537 4512; x_wconf 89' lang='lat' dir='ltr'>Bohemiasancta</span> 
     </span>
    </p>
   </div>
   <div class='ocr_carea' id='block_1_84' title="bbox 1928 4544 3537 4619">
    <p class='ocr_par' dir='ltr' id='par_1_84' title="bbox 1928 4544 3537 4619">
     <span class='ocr_line' id='line_1_84' title="bbox 1928 4544 3537 4619; baseline -0.002 -16"><span class='ocrx_word' id='word_1_616' title='bbox 1928 4548 2240 4619; x_wconf 89' lang='lat' dir='ltr'>legendam</span> <span class='ocrx_word' id='word_1_617' title='bbox 2270 4545 2442 4601; x_wconf 78' lang='lat' dir='ltr'>offert</span> <span class='ocrx_word' id='word_1_618' title='bbox 2471 4546 2674 4600; x_wconf 91' lang='lat' dir='ltr'>decad.</span> <span class='ocrx_word' id='word_1_619' title='bbox 2709 4546 2976 4600; x_wconf 86' lang='lat' dir='ltr'>1Miscell.</span> <span class='ocrx_word' id='word_1_620' title='bbox 3010 4544 3218 4599; x_wconf 87' lang='lat' dir='ltr'>Histor.</span> <span class='ocrx_word' id='word_1_621' title='bbox 3251 4545 3417 4617; x_wconf 89' lang='lat' dir='ltr'>regni</span> <span class='ocrx_word' id='word_1_622' title='bbox 3435 4547 3537 4600; x_wconf 93' lang='lat' dir='ltr'>Bo-</span> 
     </span>
    </p>
   </div>
   <div class='ocr_carea' id='block_1_85' title="bbox 1926 4632 3534 4707">
    <p class='ocr_par' dir='ltr' id='par_1_85' title="bbox 1926 4632 3534 4707">
     <span class='ocr_line' id='line_1_85' title="bbox 1926 4632 3534 4707; baseline -0.001 -16"><span class='ocrx_word' id='word_1_623' title='bbox 1926 4635 2160 4699; x_wconf 62' lang='lat' dir='ltr'>herniae,</span> <span class='ocrx_word' id='word_1_624' title='bbox 2188 4635 2335 4690; x_wconf 88' lang='lat' dir='ltr'>libro</span> <span class='ocrx_word' id='word_1_625' title='bbox 2365 4637 2597 4707; x_wconf 89' lang='lat' dir='ltr'>quarto,</span> <span class='ocrx_word' id='word_1_626' title='bbox 2631 4636 2833 4706; x_wconf 75' lang='lat' dir='ltr'>Pragae</span> <span class='ocrx_word' id='word_1_627' title='bbox 2860 4635 2996 4690; x_wconf 90' lang='lat'><strong>1682</strong></span> <span class='ocrx_word' id='word_1_628' title='bbox 3025 4633 3127 4688; x_wconf 88' lang='lat' dir='ltr'>fol.</span> <span class='ocrx_word' id='word_1_629' title='bbox 3146 4632 3282 4688; x_wconf 89' lang='lat' dir='ltr'>Sine</span> <span class='ocrx_word' id='word_1_630' title='bbox 3295 4634 3534 4689; x_wconf 92' lang='lat' dir='ltr'>nomine</span> 
     </span>
    </p>
   </div>
   <div class='ocr_carea' id='block_1_86' title="bbox 1927 4722 3533 4796">
    <p class='ocr_par' dir='ltr' id='par_1_86' title="bbox 1927 4722 3533 4796">
     <span class='ocr_line' id='line_1_86' title="bbox 1927 4722 3533 4796; baseline -0.002 -16"><span class='ocrx_word' id='word_1_631' title='bbox 1927 4724 2176 4781; x_wconf 90' lang='lat' dir='ltr'>auctoris</span> <span class='ocrx_word' id='word_1_632' title='bbox 2204 4723 2460 4796; x_wconf 86' lang='lat' dir='ltr'>vulgavit</span> <span class='ocrx_word' id='word_1_633' title='bbox 2490 4723 2666 4778; x_wconf 84' lang='lat' dir='ltr'>etiam</span> <span class='ocrx_word' id='word_1_634' title='bbox 2699 4723 2960 4778; x_wconf 88' lang='lat' dir='ltr'>Canisius</span> <span class='ocrx_word' id='word_1_635' title='bbox 2999 4726 3145 4778; x_wconf 92' lang='lat' dir='ltr'>tom.</span> <span class='ocrx_word' id='word_1_636' title='bbox 3197 4722 3261 4788; x_wconf 89' lang='lat' dir='ltr'><strong>V,</strong></span> <span class='ocrx_word' id='word_1_637' title='bbox 3300 4726 3464 4794; x_wconf 89' lang='lat' dir='ltr'>parte</span> <span class='ocrx_word' id='word_1_638' title='bbox 3496 4740 3533 4777; x_wconf 89' lang='grc' dir='ltr'>ιι</span> 
     </span>
    </p>
   </div>
   <div class='ocr_carea' id='block_1_87' title="bbox 1925 4810 3531 4886">
    <p class='ocr_par' dir='ltr' id='par_1_87' title="bbox 1925 4810 3531 4886">
     <span class='ocr_line' id='line_1_87' title="bbox 1925 4810 3531 4886; baseline -0.002 -17"><span class='ocrx_word' id='word_1_639' title='bbox 1925 4812 2121 4886; x_wconf 90' lang='lat' dir='ltr'>Antiq.</span> <span class='ocrx_word' id='word_1_640' title='bbox 2156 4816 2333 4881; x_wconf 92' lang='lat' dir='ltr'>Lect.,</span> <span class='ocrx_word' id='word_1_641' title='bbox 2358 4830 2492 4884; x_wconf 90' lang='lat' dir='ltr'>pag.</span> <span class='ocrx_word' id='word_1_642' title='bbox 2529 4815 2633 4869; x_wconf 92' lang='lat'>332</span> <span class='ocrx_word' id='word_1_643' title='bbox 2661 4812 2829 4883; x_wconf 90' lang='lat' dir='ltr'>(edit.</span> <span class='ocrx_word' id='word_1_644' title='bbox 2864 4828 3025 4867; x_wconf 76' lang='lat' dir='ltr'>novae</span> <span class='ocrx_word' id='word_1_645' title='bbox 3056 4815 3202 4868; x_wconf 91' lang='lat' dir='ltr'>tom.</span> <span class='ocrx_word' id='word_1_646' title='bbox 3229 4810 3395 4880; x_wconf 91' lang='lat' dir='ltr'><strong>III,p.</strong></span> <span class='ocrx_word' id='word_1_647' title='bbox 3420 4812 3531 4881; x_wconf 82' lang='grc'><strong>45).</strong></span> 
     </span>
    </p>
   </div>
   <div class='ocr_carea' id='block_1_88' title="bbox 1997 4897 3535 4969">
    <p class='ocr_par' dir='ltr' id='par_1_88' title="bbox 1997 4897 3535 4969">
     <span class='ocr_line' id='line_1_88' title="bbox 1997 4897 3535 4969; baseline -0.003 -12"><span class='ocrx_word' id='word_1_648' title='bbox 1997 4903 2419 4958; x_wconf 84' lang='lat' dir='ltr'>Dodecastichon</span> <span class='ocrx_word' id='word_1_649' title='bbox 2458 4901 2516 4955; x_wconf 91' lang='lat' dir='ltr'>in</span> <span class='ocrx_word' id='word_1_650' title='bbox 2574 4901 2806 4956; x_wconf 87' lang='lat' dir='ltr'>laudem</span> <span class='ocrx_word' id='word_1_651' title='bbox 2858 4901 3102 4956; x_wconf 85' lang='lat' dir='ltr'>Severini</span> <span class='ocrx_word' id='word_1_652' title='bbox 3132 4897 3330 4963; x_wconf 82' lang='lat' dir='ltr'>Boetii,</span> <span class='ocrx_word' id='word_1_653' title='bbox 3382 4898 3535 4969; x_wconf 90' lang='lat' dir='ltr'>apud</span> 
     </span>
    </p>
   </div>
   <div class='ocr_carea' id='block_1_89' title="bbox 1924 4999 2999 5069">
    <p class='ocr_par' dir='ltr' id='par_1_89' title="bbox 1924 4999 2999 5069">
     <span class='ocr_line' id='line_1_89' title="bbox 1924 4999 2999 5069; baseline -0.008 -11"><span class='ocrx_word' id='word_1_654' title='bbox 1924 5003 2264 5069; x_wconf 88' lang='lat' dir='ltr'>Baronium,</span> <span class='ocrx_word' id='word_1_655' title='bbox 2299 5003 2374 5057; x_wconf 91' lang='lat' dir='ltr'>ad</span> <span class='ocrx_word' id='word_1_656' title='bbox 2406 5017 2628 5055; x_wconf 89' lang='lat' dir='ltr'>annum</span> <span class='ocrx_word' id='word_1_657' title='bbox 2661 5002 2785 5065; x_wconf 86' lang='lat'><strong>526,</strong></span> <span class='ocrx_word' id='word_1_658' title='bbox 2818 5016 2876 5052; x_wconf 80' lang='grc' dir='ltr'>ιι.</span> <span class='ocrx_word' id='word_1_659' title='bbox 2916 4999 2999 5051; x_wconf 91' lang='grc'><strong>18.</strong></span> 
     </span>
    </p>
   </div>
   <div class='ocr_carea' id='block_1_90' title="bbox 206 5068 3532 5165">
    <p class='ocr_par' dir='ltr' id='par_1_90' title="bbox 206 5068 3532 5165">
     <span class='ocr_line' id='line_1_90' title="bbox 206 5068 3532 5165; baseline -0.003 -22"><span class='ocrx_word' id='word_1_660' title='bbox 206 5090 469 5143; x_wconf 88' lang='lat' dir='ltr'>veterum</span> <span class='ocrx_word' id='word_1_661' title='bbox 508 5068 1029 5144; x_wconf 82' lang='lat' dir='ltr'>monumentorum</span> <span class='ocrx_word' id='word_1_662' title='bbox 1081 5091 1226 5145; x_wconf 89' lang='lat' dir='ltr'>tom.</span> <span class='ocrx_word' id='word_1_663' title='bbox 1272 5091 1355 5159; x_wconf 82' lang='lat' dir='ltr'><strong>IX,</strong></span> <span class='ocrx_word' id='word_1_664' title='bbox 1404 5068 1643 5165; x_wconf 43' lang='lat' dir='ltr'><strong>p.v249,</strong></span> <span class='ocrx_word' id='word_1_665' title='bbox 1673 5068 1729 5147; x_wconf 72' lang='lat' dir='ltr'><strong>et</strong></span> <span class='ocrx_word' id='word_1_666' title='bbox 1756 5093 1818 5148; x_wconf 89' lang='lat' dir='ltr'>in</span> <span class='ocrx_word' id='word_1_667' title='bbox 1846 5068 1900 5127; x_wconf 83' lang='lat' dir='ltr'><strong>D</strong></span> <span class='ocrx_word' id='word_1_668' title='bbox 1996 5092 2109 5147; x_wconf 91' lang='lat' dir='ltr'>Sed</span> <span class='ocrx_word' id='word_1_669' title='bbox 2130 5108 2309 5165; x_wconf 88' lang='lat' dir='ltr'>quam</span> <span class='ocrx_word' id='word_1_670' title='bbox 2326 5090 2481 5144; x_wconf 89' lang='lat' dir='ltr'>idem</span> <span class='ocrx_word' id='word_1_671' title='bbox 2505 5090 2796 5145; x_wconf 90' lang='lat' dir='ltr'>memorat</span> <span class='ocrx_word' id='word_1_672' title='bbox 2814 5083 3093 5139; x_wconf 88' lang='lat' dir='ltr'>Baronius</span> <span class='ocrx_word' id='word_1_673' title='bbox 3114 5081 3187 5137; x_wconf 89' lang='lat' dir='ltr'>ad</span> <span class='ocrx_word' id='word_1_674' title='bbox 3208 5082 3443 5148; x_wconf 90' lang='lat' dir='ltr'><strong>an.992,</strong></span> <span class='ocrx_word' id='word_1_675' title='bbox 3473 5097 3532 5134; x_wconf 78' lang='grc' dir='ltr'>ιι.</span> 
     </span>
    </p>
   </div>
   <div class='ocr_carea' id='block_1_91' title="bbox 203 5175 1566 5253">
    <p class='ocr_par' dir='ltr' id='par_1_91' title="bbox 203 5175 1566 5253">
     <span class='ocr_line' id='line_1_91' title="bbox 203 5175 1566 5253; baseline 0.004 -23"><span class='ocrx_word' id='word_1_676' title='bbox 203 5175 529 5231; x_wconf 79' lang='lat' dir='ltr'>Menckenii</span> <span class='ocrx_word' id='word_1_677' title='bbox 560 5181 702 5232; x_wconf 90' lang='lat' dir='ltr'>tom.</span> <span class='ocrx_word' id='word_1_678' title='bbox 736 5178 758 5231; x_wconf 92' lang='grc' dir='ltr'>Ι</span> <span class='ocrx_word' id='word_1_679' title='bbox 791 5176 1070 5250; x_wconf 88' lang='lat' dir='ltr'>Scriptor.</span> <span class='ocrx_word' id='word_1_680' title='bbox 1096 5178 1315 5248; x_wconf 79' lang='lat' dir='ltr'>Germ,</span> <span class='ocrx_word' id='word_1_681' title='bbox 1351 5197 1407 5253; x_wconf 94' lang='lat' dir='ltr'>p.</span> <span class='ocrx_word' id='word_1_682' title='bbox 1442 5182 1566 5236; x_wconf 91' lang='lat'><strong>980.</strong></span> 
     </span>
    </p>
   </div>
   <div class='ocr_carea' id='block_1_92' title="bbox 276 5264 1816 5341">
    <p class='ocr_par' dir='ltr' id='par_1_92' title="bbox 276 5264 1816 5341">
     <span class='ocr_line' id='line_1_92' title="bbox 276 5264 1816 5341; baseline 0.005 -23"><span class='ocrx_word' id='word_1_683' title='bbox 276 5264 521 5336; x_wconf 86' lang='lat' dir='ltr'>Epistola</span> <span class='ocrx_word' id='word_1_684' title='bbox 546 5265 617 5319; x_wconf 87' lang='lat' dir='ltr'>ad</span> <span class='ocrx_word' id='word_1_685' title='bbox 644 5265 872 5333; x_wconf 89' lang='lat' dir='ltr'>Sallam,</span> <span class='ocrx_word' id='word_1_686' title='bbox 913 5267 1249 5339; x_wconf 91' lang='lat' dir='ltr'>episcopum</span> <span class='ocrx_word' id='word_1_687' title='bbox 1280 5269 1677 5341; x_wconf 85' lang='lat' dir='ltr'>Urgellensem</span> <span class='ocrx_word' id='word_1_688' title='bbox 1721 5288 1816 5325; x_wconf 91' lang='lat' dir='ltr'>an.</span> 
     </span>
    </p>
   </div>
   <div class='ocr_carea' id='block_1_93' title="bbox 208 5355 1815 5428">
    <p class='ocr_par' dir='ltr' id='par_1_93' title="bbox 208 5355 1815 5428">
     <span class='ocr_line' id='line_1_93' title="bbox 208 5355 1815 5428; baseline 0.003 -18"><span class='ocrx_word' id='word_1_689' title='bbox 208 5356 369 5422; x_wconf 88' lang='grc'><strong>1001,</strong></span> <span class='ocrx_word' id='word_1_690' title='bbox 401 5358 460 5410; x_wconf 92' lang='lat' dir='ltr'>et</span> <span class='ocrx_word' id='word_1_691' title='bbox 488 5355 559 5408; x_wconf 87' lang='lat' dir='ltr'>ad</span> <span class='ocrx_word' id='word_1_692' title='bbox 599 5355 836 5411; x_wconf 88' lang='lat' dir='ltr'>Odonem</span> <span class='ocrx_word' id='word_1_693' title='bbox 877 5356 1214 5428; x_wconf 91' lang='lat' dir='ltr'>episcopum</span> <span class='ocrx_word' id='word_1_694' title='bbox 1257 5359 1693 5415; x_wconf 89' lang='lat' dir='ltr'>Gerundensem</span> <span class='ocrx_word' id='word_1_695' title='bbox 1720 5377 1815 5416; x_wconf 89' lang='lat' dir='ltr'>an.</span> 
     </span>
    </p>
   </div>
   <div class='ocr_carea' id='block_1_94' title="bbox 205 5442 1820 5518">
    <p class='ocr_par' dir='ltr' id='par_1_94' title="bbox 205 5442 1820 5518">
     <span class='ocr_line' id='line_1_94' title="bbox 205 5442 1820 5518; baseline 0.003 -18"><span class='ocrx_word' id='word_1_696' title='bbox 205 5445 343 5501; x_wconf 88' lang='lat'><strong>1002</strong></span> <span class='ocrx_word' id='word_1_697' title='bbox 373 5442 607 5514; x_wconf 87' lang='lat' dir='ltr'>scripta,</span> <span class='ocrx_word' id='word_1_698' title='bbox 635 5443 694 5499; x_wconf 91' lang='lat' dir='ltr'>in</span> <span class='ocrx_word' id='word_1_699' title='bbox 727 5444 934 5501; x_wconf 87' lang='lat' dir='ltr'>Baluzii</span> <span class='ocrx_word' id='word_1_700' title='bbox 957 5446 1277 5518; x_wconf 90' lang='lat' dir='ltr'>appendice</span> <span class='ocrx_word' id='word_1_701' title='bbox 1307 5448 1381 5504; x_wconf 91' lang='lat' dir='ltr'>ad</span> <span class='ocrx_word' id='word_1_702' title='bbox 1418 5450 1669 5505; x_wconf 84' lang='lat' dir='ltr'>Marcam</span> <span class='ocrx_word' id='word_1_703' title='bbox 1700 5449 1820 5505; x_wconf 86' lang='lat' dir='ltr'>His-</span> 
     </span>
    </p>
   </div>
   <div class='ocr_carea' id='block_1_95' title="bbox 200 5532 864 5608">
    <p class='ocr_par' dir='ltr' id='par_1_95' title="bbox 200 5532 864 5608">
     <span class='ocr_line' id='line_1_95' title="bbox 200 5532 864 5608; baseline 0.002 -21"><span class='ocrx_word' id='word_1_704' title='bbox 200 5532 493 5605; x_wconf 88' lang='lat' dir='ltr'>panicam,</span> <span class='ocrx_word' id='word_1_705' title='bbox 527 5550 584 5604; x_wconf 89' lang='lat' dir='ltr'>p.</span> <span class='ocrx_word' id='word_1_706' title='bbox 619 5536 722 5590; x_wconf 87' lang='grc'>957</span> <span class='ocrx_word' id='word_1_707' title='bbox 745 5551 864 5608; x_wconf 88' lang='lat' dir='ltr'>seq.</span> 
     </span>
    </p>
   </div>
   <div class='ocr_carea' id='block_1_96' title="bbox 1922 5168 3529 5248">
    <p class='ocr_par' dir='ltr' id='par_1_96' title="bbox 1922 5168 3529 5248">
     <span class='ocr_line' id='line_1_96' title="bbox 1922 5168 3529 5248; baseline -0.008 -12"><span class='ocrx_word' id='word_1_708' title='bbox 1922 5183 1975 5248; x_wconf 89' lang='lat'><strong>9,</strong></span> <span class='ocrx_word' id='word_1_709' title='bbox 1994 5181 2417 5236; x_wconf 86' lang='lat' dir='ltr'>Altercationem</span> <span class='ocrx_word' id='word_1_710' title='bbox 2437 5195 2557 5233; x_wconf 87' lang='lat' dir='ltr'>cum</span> <span class='ocrx_word' id='word_1_711' title='bbox 2580 5176 2753 5231; x_wconf 85' lang='lat' dir='ltr'>Leone</span> <span class='ocrx_word' id='word_1_712' title='bbox 2771 5173 2957 5225; x_wconf 88' lang='lat' dir='ltr'>nuntio</span> <span class='ocrx_word' id='word_1_713' title='bbox 2968 5188 3131 5243; x_wconf 68' lang='lat' dir='ltr'>papae</span> <span class='ocrx_word' id='word_1_714' title='bbox 3142 5170 3371 5225; x_wconf 84' lang='lat' dir='ltr'>Joannis</span> <span class='ocrx_word' id='word_1_715' title='bbox 3391 5168 3529 5238; x_wconf 84' lang='lat' dir='ltr'>XV,</span> 
     </span>
    </p>
   </div>
   <div class='ocr_carea' id='block_1_97' title="bbox 1923 5258 3529 5336">
    <p class='ocr_par' dir='ltr' id='par_1_97' title="bbox 1923 5258 3529 5336">
     <span class='ocr_line' id='line_1_97' title="bbox 1923 5258 3529 5336; baseline -0.008 -11"><span class='ocrx_word' id='word_1_716' title='bbox 1923 5270 2186 5324; x_wconf 92' lang='lat' dir='ltr'>nondum</span> <span class='ocrx_word' id='word_1_717' title='bbox 2217 5268 2373 5323; x_wconf 91' lang='lat' dir='ltr'>edita</span> <span class='ocrx_word' id='word_1_718' title='bbox 2402 5270 2485 5320; x_wconf 87' lang='lat' dir='ltr'>est</span> <span class='ocrx_word' id='word_1_719' title='bbox 2510 5261 2876 5336; x_wconf 87' lang='lat' dir='ltr'>quodsciam;</span> <span class='ocrx_word' id='word_1_720' title='bbox 2896 5259 2978 5315; x_wconf 92' lang='lat' dir='ltr'>uti</span> <span class='ocrx_word' id='word_1_721' title='bbox 3000 5276 3106 5317; x_wconf 90' lang='lat' dir='ltr'>nec</span> <span class='ocrx_word' id='word_1_722' title='bbox 3120 5259 3268 5315; x_wconf 89' lang='lat' dir='ltr'>liber</span> <span class='ocrx_word' id='word_1_723' title='bbox 3284 5259 3367 5314; x_wconf 87' lang='lat' dir='ltr'>De</span> <span class='ocrx_word' id='word_1_724' title='bbox 3386 5258 3529 5313; x_wconf 82' lang='lat' dir='ltr'>Rhe-</span> 
     </span>
    </p>
   </div>
   <div class='ocr_carea' id='block_1_98' title="bbox 1925 5349 3528 5428">
    <p class='ocr_par' dir='ltr' id='par_1_98' title="bbox 1925 5349 3528 5428">
     <span class='ocr_line' id='line_1_98' title="bbox 1925 5349 3528 5428; baseline -0.008 -14"><span class='ocrx_word' id='word_1_725' title='bbox 1925 5360 2119 5427; x_wconf 88' lang='lat' dir='ltr'>torica,</span> <span class='ocrx_word' id='word_1_726' title='bbox 2152 5360 2245 5412; x_wconf 74' lang='lat' dir='ltr'>aut</span> <span class='ocrx_word' id='word_1_727' title='bbox 2279 5371 2456 5428; x_wconf 90' lang='lat' dir='ltr'>quem</span> <span class='ocrx_word' id='word_1_728' title='bbox 2485 5355 2570 5409; x_wconf 84' lang='lat' dir='ltr'>De</span> <span class='ocrx_word' id='word_1_729' title='bbox 2593 5352 2967 5422; x_wconf 85' lang='lat' dir='ltr'>compositione</span> <span class='ocrx_word' id='word_1_730' title='bbox 2991 5349 3278 5406; x_wconf 84' lang='lat' dir='ltr'>astrolabii</span> <span class='ocrx_word' id='word_1_731' title='bbox 3298 5363 3528 5419; x_wconf 87' lang='lat' dir='ltr'>compo-</span> 
     </span>
    </p>
   </div>
   <div class='ocr_carea' id='block_1_99' title="bbox 1922 5435 3522 5516">
    <p class='ocr_par' dir='ltr' id='par_1_99' title="bbox 1922 5435 3522 5516">
     <span class='ocr_line' id='line_1_99' title="bbox 1922 5435 3522 5516; baseline -0.009 -13"><span class='ocrx_word' id='word_1_732' title='bbox 1922 5448 2054 5516; x_wconf 89' lang='lat' dir='ltr'>suit,</span> <span class='ocrx_word' id='word_1_733' title='bbox 2089 5450 2233 5502; x_wconf 89' lang='lat' dir='ltr'>teste</span> <span class='ocrx_word' id='word_1_734' title='bbox 2256 5442 2538 5500; x_wconf 90' lang='lat' dir='ltr'>Ludovico</span> <span class='ocrx_word' id='word_1_735' title='bbox 2559 5439 2793 5507; x_wconf 81' lang='lat' dir='ltr'>Jacobo,</span> <span class='ocrx_word' id='word_1_736' title='bbox 2813 5456 2870 5512; x_wconf 93' lang='lat' dir='ltr'>p.</span> <span class='ocrx_word' id='word_1_737' title='bbox 2901 5442 3005 5496; x_wconf 78' lang='grc'>214</span> <span class='ocrx_word' id='word_1_738' title='bbox 3034 5440 3174 5496; x_wconf 77' lang='lat' dir='ltr'>Bibl.</span> <span class='ocrx_word' id='word_1_739' title='bbox 3192 5435 3522 5512; x_wconf 65' lang='lat' dir='ltr'>pontiﬁcie.</span> 
     </span>
    </p>
   </div>
   <div class='ocr_carea' id='block_1_100' title="bbox 1922 5526 3527 5602">
    <p class='ocr_par' dir='ltr' id='par_1_100' title="bbox 1922 5526 3527 5602">
     <span class='ocr_line' id='line_1_100' title="bbox 1922 5526 3527 5602; baseline -0.009 -8"><span class='ocrx_word' id='word_1_740' title='bbox 1922 5540 2001 5594; x_wconf 92' lang='lat' dir='ltr'>De</span> <span class='ocrx_word' id='word_1_741' title='bbox 2028 5535 2216 5592; x_wconf 89' lang='lat' dir='ltr'>studio</span> <span class='ocrx_word' id='word_1_742' title='bbox 2267 5531 2638 5589; x_wconf 90' lang='lat' dir='ltr'>scientiarum</span> <span class='ocrx_word' id='word_1_743' title='bbox 2670 5530 3217 5587; x_wconf 88' lang='lat' dir='ltr'>mathematicarum</span> <span class='ocrx_word' id='word_1_744' title='bbox 3246 5545 3359 5602; x_wconf 91' lang='lat' dir='ltr'>quo</span> <span class='ocrx_word' id='word_1_745' title='bbox 3396 5526 3527 5580; x_wconf 88' lang='lat' dir='ltr'>Ger-</span> 
     </span>
    </p>
   </div>
   <div class='ocr_carea' id='block_1_101' title="bbox 271 5646 3523 5730">
    <p class='ocr_par' dir='ltr' id='par_1_101' title="bbox 271 5646 3523 5730">
     <span class='ocr_line' id='line_1_101' title="bbox 271 5646 3523 5730; baseline -0.005 -17"><span class='ocrx_word' id='word_1_746' title='bbox 271 5657 343 5729; x_wconf 84' lang='lat'>(1)</span> <span class='ocrx_word' id='word_1_747' title='bbox 385 5658 516 5730; x_wconf 67' lang='lat' dir='ltr'>Haec</span> <span class='ocrx_word' id='word_1_748' title='bbox 545 5652 814 5730; x_wconf 69' lang='lat' dir='ltr'>apologis.</span> <span class='ocrx_word' id='word_1_749' title='bbox 843 5671 946 5726; x_wconf 90' lang='lat' dir='ltr'>pro</span> <span class='ocrx_word' id='word_1_750' title='bbox 992 5655 1268 5730; x_wconf 83' lang='lat' dir='ltr'>Sylvestrs</span> <span class='ocrx_word' id='word_1_751' title='bbox 1298 5658 1344 5711; x_wconf 92' lang='lat' dir='ltr'><strong>Il</strong></span> <span class='ocrx_word' id='word_1_752' title='bbox 1392 5672 1592 5711; x_wconf 90' lang='lat' dir='ltr'>recusa</span> <span class='ocrx_word' id='word_1_753' title='bbox 1623 5656 1788 5713; x_wconf 79' lang='lat' dir='ltr'>Rom.</span> <span class='ocrx_word' id='word_1_754' title='bbox 1826 5657 1962 5714; x_wconf 88' lang='lat'><strong>1678</strong></span> <span class='ocrx_word' id='word_1_755' title='bbox 1991 5655 2092 5709; x_wconf 88' lang='lat' dir='ltr'>fol.</span> <span class='ocrx_word' id='word_1_756' title='bbox 2142 5652 2277 5708; x_wconf 85' lang='lat' dir='ltr'>Vide</span> <span class='ocrx_word' id='word_1_757' title='bbox 2311 5649 2727 5722; x_wconf 88' lang='lat' dir='ltr'>Ephemeridas</span> <span class='ocrx_word' id='word_1_758' title='bbox 2775 5648 3139 5706; x_wconf 82' lang='lat' dir='ltr'>eruditorum</span> <span class='ocrx_word' id='word_1_759' title='bbox 3176 5646 3523 5703; x_wconf 88' lang='lat' dir='ltr'>Parisienses</span> 
     </span>
    </p>
   </div>
   <div class='ocr_carea' id='block_1_102' title="bbox 194 5726 827 5800">
    <p class='ocr_par' dir='ltr' id='par_1_102' title="bbox 194 5726 827 5800">
     <span class='ocr_line' id='line_1_102' title="bbox 194 5726 827 5800; baseline -0.008 -17"><span class='ocrx_word' id='word_1_760' title='bbox 194 5726 344 5785; x_wconf 85' lang='lat' dir='ltr'>illius</span> <span class='ocrx_word' id='word_1_761' title='bbox 368 5729 509 5786; x_wconf 92' lang='lat' dir='ltr'>anni</span> <span class='ocrx_word' id='word_1_762' title='bbox 534 5742 672 5800; x_wconf 88' lang='lat' dir='ltr'>pag.</span> <span class='ocrx_word' id='word_1_763' title='bbox 706 5727 827 5781; x_wconf 87' lang='lat'><strong>331.</strong></span> 
     </span>
    </p>
   </div>
  </div>
