3882 6230
368 484 438 543 87

981 467 1354 532 SYLVESTRI
1395 469 1442 525 II
1479 465 1688 525 PAPIE
1727 463 1884 524 OPP.
1924 461 2102 520 PARS
2140 463 2183 519 Ι.
2207 491 2280 504 -
2316 461 2406 518 DE
2444 459 2733 518 DISCIPL.
2781 458 3083 518 MATHEM.
3624 461 3692 516 88

449 610 509 667 Si
551 611 657 666 dec
671 622 847 664 enum
880 617 986 677 per
1012 599 1339 662 millenum,
1372 593 1532 650 dabis
1575 592 1754 666 digito
1785 593 1986 648 decem
2015 581 3365 677 Ahabentdeceniﬂadcentenosetmillenos,et
3381 581 3696 638 centeniad

375 698 581 764 millia,
617 699 677 752 et
706 694 946 750 articulo
977 694 1210 747 centum
1251 687 1451 744 millia.

447 787 506 842 Si
553 787 837 841 decenum
863 799 967 854 per
980 782 1259 836 decenum
1289 773 1789 843 millenum,dabis
1807 773 1985 845 digito

376 878 616 932 centum
648 872 849 939 millia,
887 875 944 926 et
970 869 1209 924 articulo
1241 867 1398 921 mille
1429 864 1628 920 millia.

443 963 501 1020 Si
536 963 824 1020 decenum
855 977 960 1035 per
993 961 1301 1014 centenum
1332 955 1656 1020 millenum,
1701 951 1862 1007 dabis
1901 950 1985 1005 di-

375 1054 495 1126 gito
531 1053 697 1109 mille
738 1051 946 1118 millia,
982 1053 1038 1105 et
1070 1047 1245 1103 etiam
1285 1044 1591 1116 unicuique
1616 1043 1852 1098 articulo
1885 1041 1990 1094 de-

371 1143 489 1198 cies
520 1142 680 1198 mille
711 1140 914 1198 millia.

790 1248 950 1321 [ΟΑΡ.
983 1247 1074 1302 III.
1111 1244 1196 1301 De
1227 1242 1461 1300 Centeno
1486 1245 1574 1313 ⁴’].

447 1339 505 1395 Si
538 1342 859 1395 centenum
892 1352 996 1409 per
1027 1336 1360 1397 centenum,
1391 1331 1552 1386 dabis
1583 1329 1760 1401 digito
1790 1328 1990 1383 decem

375 1429 581 1496 millia,
629 1432 686 1484 et
715 1426 954 1482 articulo
987 1423 1203 1479 centies
1233 1421 1392 1477 mille
1415 1419 1597 1475 millia
1618 1427 1659 1470 ⁸.

465 1517 524 1573 Si
549 1520 862 1573 centenum
893 1530 997 1587 per
1015 1513 1336 1577 millenum,
1379 1507 1539 1563 dabis
1560 1506 1737 1577 digito
1759 1507 1991 1560 centum

377 1607 580 1674 millia,
622 1609 681 1661 et
715 1603 957 1659 articulo
987 1601 1176 1658 decies
1207 1601 1458 1654 centena
1489 1596 1691 1652 millia.

449 1696 506 1752 Si
536 1696 849 1750 centenum
877 1708 981 1764 per
1013 1691 1295 1745 decenum
1347 1687 1672 1751 millenum,
1715 1682 1878 1738 dabis
1909 1681 1995 1736 di-

379 1786 498 1860 gito
529 1784 690 1843 mille
720 1781 921 1850 millia,
954 1782 1013 1836 et
1046 1778 1283 1834 articulo
1312 1776 1499 1836 decies
1532 1775 1689 1830 mille
1719 1771 1919 1827 millia.

450 1873 509 1929 Si
536 1875 849 1928 centenum
873 1886 978 1941 per
1004 1871 1319 1924 centenum
1353 1866 1681 1930 millenum,
1717 1860 1876 1917 dabis
1909 1858 1990 1914 di-

384 1963 506 2036 gito
541 1961 730 2018 decies
768 1959 929 2016 mille
965 1957 1168 2026 millia,
1197 1959 1255 2010 et
1291 1955 1530 2011 articulo
1578 1950 1793 2007 centies
1835 1949 1994 2004 mille

381 2050 585 2108 millia.

851 2154 978 2210 CAP.
1005 2153 1092 2211 IV.
1124 2151 1208 2206 De
1234 2149 1463 2206 Milleno
1490 2158 1532 2203 ϐ.

455 2246 513 2302 Si
546 2244 852 2301 millenum
887 2260 992 2316 per
1017 2242 1346 2308 millenum,
1382 2238 1548 2294 dabis
1584 2236 1762 2308 digito
1811 2234 1998 2290 decies

383 2337 630 2391 centena
659 2332 863 2396 millia,
890 2334 948 2387 et
978 2329 1219 2385 articulo
1251 2327 1440 2382 decies
1465 2326 1623 2380 mille
1649 2322 1850 2378 millia.

457 2423 516 2480 Si
537 2422 845 2479 millenum
869 2437 973 2492 per
987 2419 1272 2474 decenum
1293 2415 1620 2480 millenum,
1644 2411 1804 2466 dabis
1817 2409 1994 2481 digito

391 2512 582 2569 decies
613 2510 771 2566 mille
799 2508 1002 2577 millia,
1019 2511 1077 2562 et
1102 2505 1342 2561 articulo
1368 2503 1584 2558 centies
1603 2501 1760 2556 mille
1791 2498 1991 2554 millia.

463 2600 524 2658 Si
552 2599 861 2657 millenum
904 2613 1007 2671 per
1035 2598 1347 2651 centenum
1375 2591 1698 2655 millenum,
1731 2588 1892 2644 dabis
1918 2588 1998 2644 di-

389 2691 512 2763 gito
546 2688 764 2744 centies
797 2683 1182 2763 mille‘millia,
1211 2685 1268 2737 et
1288 2681 1525 2736 articulo
1550 2678 1766 2734 centies
1792 2677 1997 2733 millies

393 2759 552 2834 mille
585 2776 784 2832 millia.
953 2759 967 2774 ‘

752 2883 878 2938 CAP.
911 2881 976 2935 V.
1011 2879 1095 2935 De
1125 2877 1332 2936 Deceno
1358 2874 1569 2930 milleno
1598 2883 1642 2929 τ.

471 2975 530 3032 Si
562 2975 850 3030 decenum
882 2968 1187 3024 millenum
1229 2982 1334 3039 per
1364 2965 1645 3019 decenum
1677 2963 2002 3031 millenum,

400 3064 565 3122 dabis
588 3062 767 3135 digito
797 3059 956 3116 mille
987 3057 1188 3123 millia,
1220 3036 1278 3112 et
1308 3054 1550 3110 articulo
1591 3053 1807 3108 centies
1845 3052 2004 3107 mille
2030 3036 2078 3098 C

469 3154 654 3207 ﬂﬁas.

401 3155 586 3210 millia
612 3162 654 3207 8.

475 3242 535 3298 Si
566 3243 850 3298 decenum
881 3237 1183 3293 millenum
1209 3251 1315 3306 per
1341 3236 1651 3288 centenum
1682 3231 2006 3297 millenum,

405 3330 569 3388 dabis
594 3328 774 3402 digito
802 3326 1011 3382 millies
1040 3325 1199 3380 mille
1225 3322 1432 3390 millia,
1463 3324 1523 3377 et
1555 3319 1794 3374 articulo
1823 3317 2010 3373 decies

405 3419 617 3476 millies
648 3416 806 3473 mille
832 3413 1034 3472 millia.

800 3531 930 3586 CAP.
959 3527 1052 3583 VI.
1085 3524 1322 3581 Centeno
1345 3522 1560 3578 milleno
1581 3530 1624 3576 ο.

482 3621 540 3677 Si
567 3623 880 3677 centenum
910 3615 1217 3672 millenum
1235 3629 1340 3688 per
1354 3614 1666 3667 centenum
1691 3608 2015 3676 millenum,

409 3711 574 3768 dabis
602 3709 785 3781 digito
815 3705 1006 3763 decies
1047 3702 1258 3758 millies
1286 3700 1447 3756 mille
1464 3698 1666 3766 millia,
1698 3699 1757 3751 et
1777 3697 2016 3751 articulo

409 3799 629 3857 centies
667 3795 882 3853 millies
910 3793 1071 3848 mille
1093 3791 1294 3846 millia.

413 3920 689 3994 Quomodo
703 3918 991 3975 dividatur
1005 3912 1403 3994 singularisﬂer
1419 3910 1766 3994 singularem,
1785 3907 1872 3964 vel
1900 3925 2022 3965 cen-

517 3999 669 4050 tenus
685 4008 786 4064 per
806 3981 1105 4052 centenum,
1135 3983 1219 4038 vel
1229 3981 1472 4036 millenus
1491 3998 1592 4052 per
1620 3981 1912 4039 millenum.

486 4103 552 4155 In
570 4096 882 4171 partitione
909 4106 1290 4150 numerorum
1316 4087 1475 4144 abaci
1495 4097 1559 4156 ιο,
1581 4087 1725 4143 sicut
1735 4105 1794 4142 se
1809 4088 2026 4144 habent

416 4187 737 4260 singulares
767 4183 850 4239 ad-
871 4181 1214 4252 singulares,
1240 4177 1318 4232 sic
1349 4177 1780 4249 quodammodo
1809 4177 2026 4232 habent

416 4293 478 4333 se
508 4265 712 4331 decem
746 4271 818 4326 ad
841 4270 1112 4336 decenos,
1136 4265 1368 4324 centeni
1392 4265 1464 4321 ad
1483 4269 1777 4334 centenos,
1803 4263 2023 4321 milleni

417 4365 492 4422 ad
524 4361 817 4428 millenos,
846 4359 958 4414 hoc
987 4357 1163 4412 modo
1195 4373 1209 4412 :

490 4451 549 4507 Si
573 4447 821 4505 volueris
837 4445 1092 4502 dividere
1106 4444 1425 4517 singulares
1437 4460 1544 4518 per
1567 4444 1906 4516 singulares,
1936 4441 2025 4496 vel

420 4543 704 4606 decenum
718 4553 822 4609 per
841 4534 1558 4603 decenum,velcentenum
1571 4549 1675 4606 per
1693 4535 2024 4597 centenum,

419 4632 510 4687 vel
538 4628 846 4688 millenum
867 4641 972 4700 per
993 4623 1321 4692 millenum,
1344 4624 1662 4680 secundum
1693 4619 2032 4678 denomina-

419 4719 645 4776 tionem
678 4731 882 4772 eorum
914 4712 1300 4786 singularibus
1331 4712 1651 4769 subtrabes.

1091 4829 1218 4886 Car.
1247 4829 1363 4884 VII.

423 4921 697 4993 Quomodo
728 4920 1022 4993 singulares
1037 4935 1134 4973 sua
1154 4918 1452 4993 quantitate
1481 4915 1774 4969 metiantur
1794 4911 2028 4976 decenas,

947 4987 1208 5057 centenos,
1248 4987 1505 5044 millenos.

495 5087 559 5144 In
591 5081 903 5156 partitione
942 5092 1324 5138 numerorum
1358 5091 1393 5129 a
1422 5074 1499 5128 sic
1548 5087 1607 5124 se
1651 5071 1868 5124 habent
1915 5067 2034 5122 sin-

424 5155 653 5250 gulares
680 5171 756 5227 ad
785 5170 1033 5226 decenos
1064 5170 1122 5223 et
1150 5167 1430 5222 centenos
1459 5162 1517 5214 et
1538 5157 1826 5224 millenos,
1867 5155 1944 5209 sic
1974 5170 2034 5209 se

501 5311 548 5350 ι·
583 5305 760 5372 Egit,
788 5303 855 5360 de
881 5310 1118 5365 centenO-

495 5389 518 5422 δ
552 5361 723 5446 Edita,
742 5361 806 5431 ἐἰ
835 5361 1065 5446 articulo
1088 5375 1303 5428 centum
1338 5361 1532 5418 millia.

497 5460 519 5494 θ
550 5444 723 5516 Edit.,
753 5447 818 5502 de
838 5444 1078 5500 milleno.

495 5508 1297 5586 τεόἱῐοζάεάεεεκοπὲίίίεηρε
1574 5580 1582 5586 ,
1676 5573 1710 5586 ,.
1785 5571 1796 5586 ,

497 5603 520 5638 8
549 5571 725 5654 ﬁdit;
763 5571 936 5656 digito
967 5583 1157 5638 centies
1181 5577 1324 5632 mille
1342 5573 1520 5632 millia
1534 5580 1582 5631 et
1601 5571 1827 5630 articulo
1839 5571 2031 5630 millies

425 5663 577 5722 mille
613 5659 817 5714 millia.

495 5718 728 5799 {Editw
752 5727 819 5782 de
843 5727 1056 5780 cum
1085 5718 1316 5776 milleno.

2093 675 2383 742 millenos,
2405 678 2464 730 et
2484 672 2705 728 milleni
2729 673 2802 727 ad
2830 674 2980 727 ultra
3001 689 3059 727 se
3081 672 3429 745 compositos
3448 673 3697 727 decenos

2089 765 2380 830 millenos,
2413 767 2472 818 et
2512 765 2786 817 centenos
2817 761 3102 827 millenos,
3133 762 3243 815 hoc
3269 761 3481 815 modo:
3507 759 3568 814 Si
3599 776 3697 815 vo-

2090 854 2265 908 lueris
2281 869 2385 924 per
2413 852 2764 923 singularem
2792 866 3101 905 numerum
3131 849 3381 904 dividere
3412 849 3698 904 decenum

2092 946 2191 999 aut
2217 946 2553 1008 centenum,
2588 948 2687 994 aut
2715 939 3039 1005 millenum,
3082 940 3167 992 vel
3199 937 3370 993 simul
3401 940 3487 992 vel
3517 938 3697 992 inter-

2094 1031 2283 1096 misse,
2313 1029 2568 1084 dividere
2600 1027 2988 1081 differentiam
3023 1043 3057 1080 a
3086 1025 3362 1097 singulari
3383 1035 3425 1068 12
3448 1026 3520 1080 ad
3538 1026 3700 1082 dece-

2093 1134 2370 1190 num,per
2386 1118 2678 1188 integram
2701 1114 3238 1170 denominationem
3253 1113 3540 1168 dividendi
3556 1114 3702 1167 mul-

2093 1206 2399 1277 tiplicabis,
2425 1207 2482 1259 et
2514 1204 2782 1260 articulos
2819 1203 3058 1274 quidem
3087 1202 3323 1275 propria
3355 1201 3700 1256 denomina-

2094 1296 2250 1350 tione
2285 1298 2342 1348 et
2368 1295 2552 1366 posita
2604 1291 2928 1346 differentia
2970 1289 3277 1357 diminues,
3329 1289 3540 1360 digitos
3565 1305 3698 1342 vero

2095 1383 2290 1454 digitis
2319 1380 2659 1454 aggregabis
2689 1396 2701 1434 :
2737 1382 2794 1432 et
2821 1379 2865 1433 si
2893 1378 3114 1434 articuli
3144 1378 3486 1451 provenient
3514 1381 3578 1430 ut
3607 1394 3699 1432 su-

2095 1488 2220 1544 pra,
2237 1471 2524 1525 diminues
2556 1485 2734 1540 usque
2758 1469 2829 1522 ad
2850 1470 3001 1523 solos
3032 1467 3264 1538 digitos,
3289 1469 3347 1521 et
3372 1466 3698 1520 millenus!8

2095 1561 2333 1632 quidem
2367 1559 2605 1614 habebit
2637 1558 2906 1612 articulos
2938 1557 2994 1611 in
3031 1556 3302 1622 millenis,
3337 1556 3547 1626 digitos
3574 1563 3616 1597 ιι
3643 1555 3697 1608 in

2095 1649 2377 1713 centenis,
2413 1648 2624 1718 digitos
2657 1647 2716 1701 in
2749 1646 3011 1713 decenis;
3047 1646 3296 1700 decenus
3343 1643 3614 1698 articulos
3643 1643 3700 1697 in

2020 1758 2073 1818 B
2097 1737 2349 1803 decenis,
2380 1735 2588 1808 digitos
2618 1735 2677 1789 in
2711 1734 3114 1804 singularibus.

2763 1822 2892 1877 CAP.
2916 1822 3050 1875 Vill.

2099 1895 2377 1962 Quomodo
2407 1895 2669 1950 metiatur
2700 1893 2922 1948 decentis
2951 1899 3235 1948 centenum
3279 1899 3371 1944 aut
3405 1891 3700 1953 millenum,

2170 1967 2254 2021 vel
2317 1974 2594 2023 centenum
2654 1965 2954 2030 millenum,
3013 1965 3093 2016 vel
3144 1963 3420 2018 millenum
3472 1969 3519 2016 et
3569 1963 3701 2016 ulte-

2168 2055 2348 2093 νῖογρε.

2169 2109 2228 2167 Si
2257 2108 2504 2164 volueris
2520 2125 2623 2180 per
2649 2108 2926 2162 decenum
2957 2121 3265 2159 numerum
3296 2103 3549 2159 dividere
3571 2119 3707 2158 cen-

2097 2201 2300 2253 tenum
2332 2199 2420 2252 vel
2447 2197 2772 2262 millenum,
2803 2198 2900 2250 aut
2932 2211 3034 2265 per
3065 2198 3373 2248 centenum
3403 2193 3706 2248 millenum

2101 2290 2187 2342 vel
2214 2287 2535 2352 ulteriores,
2556 2288 2654 2339 aut
2674 2302 2779 2356 per
2794 2285 3097 2338 millenum
3113 2282 3712 2355 sequentes,difl‘eren-

2099 2375 2242 2429 tiam
2273 2373 2533 2428 divisoris
2554 2373 2714 2446 quasi
2743 2372 3049 2443 singularis
3065 2371 3136 2425 ad
3169 2371 3471 2437 decenum,
3495 2387 3600 2442 per
3621 2370 3708 2424 in-

2099 2467 2324 2536 tegram
2351 2461 2888 2518 denominationem
2913 2461 3200 2516 dividendi
3220 2458 3713 2530 multiplicabis,id

2103 2556 2192 2608 est
2221 2570 2325 2626 per
2347 2553 2624 2607 vocabula
2662 2549 2987 2622 singularis,
3017 2565 3080 2604 ac
3109 2549 3310 2602 decem
3341 2548 3611 2602 articulos
3649 2562 3713 2601 ac

2107 2642 2318 2714 digitos
2348 2640 2638 2696 diminues
2670 2655 2851 2711 usque
2895 2638 2968 2693 ad
3011 2639 3334 2693 extremum
3381 2635 3712 2701 divisorem,

2099 2732 2243 2786 sicut
2261 2730 2506 2785 ﬁebatin
2526 2728 2908 2801 singularibus
2927 2726 3244 2799 quemlibet
3257 2741 3565 2780 numerum
3581 2723 3718 2778 divi-

2105 2819 2394 2876 dentibus.

2781 2887 2909 2942 CAP.
2953 2887 3034 2940 1X.

2109 2960 2385 3028 Quomodo
2411 2961 2703 3030 singulares
2739 2960 2918 3012 cuncti
2936 2959 3137 3030 decenis
3178 2958 3473 3030 metiantur
3497 2954 3716 3030 decenos

2181 3038 2441 3098 centenos,
2475 3026 2732 3097 millenos,
2769 3030 2850 3083 vel
2877 3029 3037 3084 simul
3071 3027 3375 3082 diuidendos
3407 3034 3474 3092 1⁸,
3519 3026 3602 3080 vel
3632 3028 3717 3080 in-

2185 3105 2433 3158 termisse.

2184 3175 2244 3228 Si
2269 3172 2513 3228 volueris
2533 3187 2637 3242 per
2659 3171 3042 3244 compositum
3072 3170 3354 3224 decenum
3373 3184 3504 3222 cum
3526 3167 3717 3239 singu-

2111 3263 2220 3318 lari
2261 3261 2534 3327 dividere,
2555 3262 2643 3315 vel
2674 3260 2992 3333 simplicem
3024 3259 3307 3315 decenum
3323 3258 3410 3312 vel
3437 3273 3569 3312 cum
3600 3257 3718 3313 sin-

2114 3351 2298 3424 gulari
2325 3349 2732 3422 compositum,
2765 3349 3067 3403 considera
3093 3350 3332 3419 quotam
3363 3348 3593 3417 partem
3627 3345 3714 3399 di-

2114 3439 2317 3495 visoris
2336 3441 2532 3494 teneat
2555 3436 2888 3509 singularis;
2923 3453 3056 3490 nam
3085 3435 3368 3490 secundus
3415 3433 3723 3504 singularis

2119 3529 2296 3583 habet
2325 3527 2610 3582 rationem
2652 3526 2726 3580 ad
2753 3524 3032 3580 secundas
3062 3522 3378 3590 dividendi,
3417 3522 3620 3577 tertius
3649 3521 3724 3576 ad

2119 3615 2340 3684 tertias,
2375 3610 2610 3688 quartus
2632 3615 2704 3668 ad
2733 3615 2986 3684 quartas,
3019 3612 3252 3684 quintus
3280 3611 3354 3666 ad
3386 3611 3635 3682 quintas,
3666 3613 3726 3665 et

2124 3705 2414 3777 deinceps,
2449 3705 2506 3758 id
2537 3706 2624 3758 est
2655 3701 2977 3757 differentia
3005 3718 3036 3755 a
3061 3699 3338 3773 singulari
3365 3699 3624 3754 divisoris
3649 3700 3724 3754 ad

2122 3795 2411 3849 decenum
2476 3787 2958 3862 multiplicabitur
3012 3804 3117 3861 per
3184 3786 3726 3843 denominationem

2121 3881 2531 3947 secundarum,
2580 3878 2906 3943 tertiarum,
2965 3880 3339 3949 quartarum;
3395 3876 3551 3948 quod
3591 3892 3729 3931 vero

2124 3972 2430 4043 exsuperat
2457 3967 2758 4030 secundas,
2793 3964 3012 4028 tertias,
3059 3968 3312 4037 quartas,
3363 3964 3590 4036 quintas
3628 3980 3732 4035 ag-

2125 4058 2390 4131 gregabis
2417 4076 2431 4124 ;
2474 4061 2532 4111 et
2559 4056 2605 4110 si
2627 4053 3062 4127 multipliciores
3090 4057 3224 4108 sunt
3252 4051 3730 4120 divisore,eadem

2124 4149 2328 4220 regula
2357 4145 2756 4201 diminuentur
2789 4161 2802 4198 :
2838 4143 3102 4198 similiter
3142 4157 3277 4196 vero
3313 4145 3372 4196 et
3411 4141 3732 4211 singulares

2123 4233 2430 4308 compositi
2461 4233 2535 4288 ad
2583 4232 2955 4288 dividendum
2998 4230 3491 4302 aggregabuntur.
3540 4230 3610 4282 Et
3668 4227 3729 4282 in

2044 4318 2099 4379 D
2125 4323 2384 4380 centenis
2405 4325 2463 4378 et
2491 4320 2740 4377 millenis
2769 4320 2928 4374 idem
2957 4319 3152 4383 facies,
3203 4317 3312 4370 nisi
3351 4318 3508 4388 quod
3546 4332 3731 4371 unum

2127 4417 2438 4469 centenum
2469 4411 2558 4465 vel
2582 4409 2882 4463 millenum
2902 4408 2960 4462 in
2987 4408 3226 4460 caeteros
3249 4404 3732 4476 dissipabis,quod

2127 4502 2188 4556 in
2218 4517 2334 4556 uno
2362 4515 2480 4554 non
2510 4496 2702 4553 evenit
2731 4497 2970 4558 deceno,
3003 4497 3061 4548 et
3119 4491 3342 4547 articuli
3376 4491 3614 4562 quidem
3659 4491 3732 4548 ab

2131 4608 2248 4647 uno
2282 4592 2530 4644 centeno
2561 4587 2651 4640 vel
2681 4584 2919 4638 milleno
2951 4580 3441 4645 secundabuntur,
3483 4596 3517 4633 a
3553 4580 3734 4650 pluri-

2129 4680 2235 4735 bus
2261 4675 2707 4732 dividendorum
2734 4670 3082 4726 obtinebunt
3111 4667 3294 4722 sedes.

2131 4837 2269 4893 Item
2296 4835 2407 4890 alia
2434 4833 2622 4890 divisio
2663 4757 3246 4899 cmtergAfje?milkni,
3290 4832 3340 4880 et
3382 4825 3620 4898 deinceps
3637 4843 3738 4899 per

2679 4899 2879 4954 eosdem
2904 4897 3184 4953 divisores.

2203 4977 2262 5032 Si
2287 4973 2536 5030 volueris
2566 4969 2821 5025 dividere
2861 4971 3171 5024 centenum
3203 4969 3289 5023 vel
3320 4967 3646 5034 millenum,
3681 4970 3739 5022 et

2134 5065 2428 5136 deinceps,
2446 5077 2549 5135 per
2571 5060 2854 5115 decenum
2879 5074 3009 5112 cum
3038 5056 3311 5128 singulari
3327 5059 3736 5130 compositum,

2134 5154 2390 5226 primum
2420 5153 2734 5206 centenum
2756 5147 2927 5203 veluti
2947 5164 3120 5220 supra
3139 5146 3376 5214 divides,
3391 5149 3622 5218 sumpta
3633 5144 3739 5200 dif-

2207 5277 2253 5322 .10
2283 5267 2459 5336 Edit.,
2483 5265 2706 5322 addunt
2729 5264 2926 5336 Abacig
2957 5265 3016 5317 et
3044 5264 3246 5336 legunt
3273 5261 3420 5317 dicat
3450 5275 3554 5333 pro
3573 5261 3668 5315 sic.

2205 5348 2249 5382 ιι
2279 5332 2453 5407 Edit.,
2480 5340 2552 5393 sic
2591 5337 2784 5391 habent
2811 5353 2864 5391 se
2891 5334 3065 5389 decem
3094 5332 3166 5387 (id
3194 5338 3453 5407 centenos.

2206 5419 2250 5540 ἴ
2281 5401 2453 5494 Edim
2495 5410 2812 5475 intermissa,
2844 5407 3208 5477 differentiam
3239 5403 3516 5460 divisionis
3569 5419 3602 5456 a
3630 5401 3738 5456 sin-

2227 5500 2335 5540 an.

2169 5499 2335 5540 utart.

2129 5499 2335 5553 gulari.

2205 5563 2248 5597 1³
2281 5552 2421 5610 Cod.
2457 5549 2630 5620 Scal.,
2663 5556 2713 5605 et
2742 5547 2979 5603 millenos
3006 5545 3238 5618 quidem.

2204 5635 2248 5679 16
2281 5624 2422 5686 Cod.
2459 5622 2633 5687 Scal.,
2662 5621 2838 5690 digiti.

2201 5705 2248 5740 ιε
2276 5695 2426 5752 Editi
2451 5710 2568 5752 om.
